4014 6354
602 394 707 454 545

1207 385 1561 444 IIAYMONIS
1603 386 2086 443 HALBERSTAT.
2127 384 2341 441 EPISC.
2383 386 2536 442 OPP.
2580 385 2762 442 PARS
2796 387 2860 441 ll.
2889 417 2957 427 —
3001 385 3233 442 HOMIL.
3745 393 3824 445 5M

601 509 838 562 datorum
868 507 921 561 in
972 502 1208 558 conclavi
1260 500 1640 566 residentibus,
1697 503 1911 571 quando
1937 519 2045 556 non
2071 510 2190 556 crat
2216 501 2270 564 Α
2294 511 2376 557 tes
2396 518 2489 558 eos
2517 503 2804 575 innomine
2831 502 3032 567 Patris,
3058 512 3111 558 et
3133 502 3273 566 Filii,
3290 510 3344 557 et
3364 501 3598 573 Spiritus
3625 509 3789 561 sancti.
3807 529 3823 560 ι
3857 492 3860 496 ’

601 615 723 654 cum
752 599 831 654 eis
852 598 1086 652 Thomas
1110 613 1124 661 ;
1158 603 1328 658 sexto,
1361 603 1482 664 post
1511 594 1625 649 dies
1643 603 1788 658 octo,
1823 597 2036 663 quando
2065 605 2184 651 erat

601 705 723 744 cum
750 689 828 743 eis
866 688 1128 750 Thomas;
1167 685 1415 754 septimo,
1445 685 1778 755 piscantibus
1806 685 2085 755 discipulis
2115 687 2182 740 ad

600 795 752 836 mare
782 775 1110 841 Tiberiadis;
1136 784 1352 841 octavo,
1412 776 1465 830 in
1511 774 1748 839 Galilwa,
1783 777 2021 845 quando,
2044 777 2185 831 sicut

600 871 677 925 ait
723 868 1004 922 Matthaeus
1037 866 1367 937 evangelista
1419 865 1559 936 (cap.
1600 865 1794 936 xxvm)
1819 907 1834 932 ,
1876 887 1893 917 ι
1933 869 2182 922 undecim

599 959 844 1030 discipuli
870 958 1118 1013 abierunt
1141 957 1198 1012 in
1224 957 1519 1022 Galilaeam,
1567 958 1622 1012 in
1655 946 1893 1013 montem
1927 959 2017 1013 ubi
2049 975 2182 1014 con-

597 1053 775 1109 stituit
800 1052 904 1107 illis
951 1049 1131 1115 Jesus,
1186 1058 1242 1105 et
1287 1049 1530 1104 videntes
1569 1049 2116 1116 adoraverunteum;
2155 1072 2174 1104 ι

598 1162 760 1211 ιιοηο,
801 1153 861 1200 ut
910 1159 1147 1215 praesens
1201 1143 1359 1199 lectio
1403 1151 1610 1208 narrat,
1670 1143 1886 1212 quando
1937 1145 2184 1213 apparuit

598 1239 702 1295 illis
746 1235 1202 1301 recumbentibus,
1251 1245 1307 1290 et
1349 1235 1697 1305 exprobravit
1747 1235 2180 1291 incredulitatem

598 1330 808 1387 illorum
835 1346 849 1394 ;
885 1328 1116 1392 decimo,
1144 1341 1250 1381 non
1271 1325 1384 1394 jam
1429 1327 1484 1380 in
1527 1327 1709 1392 terris,
1740 1327 1832 1381 sed
1865 1326 1918 1380 in
1948 1342 2073 1382 aera
2100 1327 2183 1384 lo-

597 1434 788 1492 quens,
841 1419 1076 1488 quando,
1122 1419 1259 1472 sicut
1307 1418 1382 1471 ait
1430 1417 1606 1472 Lucas
1653 1417 1981 1488 evangelista
2038 1416 2176 1488 (cap.

595 1512 770 1582 xxxv),
798 1529 816 1562 ι
849 1510 1035 1565 eduxit
1056 1525 1148 1564 eos
1173 1519 1328 1564 extra
1354 1509 1627 1564 civitatem
1659 1509 1715 1564 in
1739 1507 2081 1573 Bethaniam,
2129 1517 2183 1563 et

595 1619 718 1659 cum
757 1601 1103 1657 benediceret
1127 1601 1232 1666 eis,
1261 1600 1483 1655 elevatis
1513 1600 1783 1666 manibus,
1825 1600 2099 1656 ferebatur
2127 1600 2182 1655 in

597 1695 812 1750 malum.
856 1715 874 1746 ι
925 1694 994 1748 Et
1047 1694 1268 1764 pulchre
1311 1693 1419 1748 illis
1456 1693 1896 1749 recumbentibus
1925 1693 2181 1749 Dominus

597 1800 860 1857 apparere
887 1785 1076 1850 voluit,
1115 1785 1238 1854 quia
1266 1784 1408 1838 inter
1438 1783 1816 1838 recumbentes
1844 1798 1947 1852 pax
1975 1792 2030 1838 et
2053 1799 2181 1839 con-

2288 593 2622 663 Quapropter
2645 594 2927 648 erubescat
2956 593 3171 648 Judaeus
3191 592 3398 658 infelix,
3425 593 3518 663 qui
3545 593 3670 649 dicit
3697 595 3823 652 Chri-

2286 694 2428 739 stum
2471 693 2678 738 tantum
2733 685 2798 738 ad
2841 685 3067 740 salutem
3109 700 3261 740 suam
3300 700 3423 740 esse
3449 694 3752 750 venturum.
3785 701 3826 745 et

2287 788 2392 828 non
2431 774 2499 827 ad
2527 774 2774 838 aliorum,
2825 791 2946 830 cum
2999 776 3112 845 ipse
3150 776 3331 830 dicat:
3389 793 3408 826 ι
3443 775 3520 830 Ite
3543 817 3558 842 ,
3596 777 3825 847 baptizata

2284 882 2472 922 omnes
2506 877 2713 938 gentes.
2754 889 2770 918 ι
2805 869 3143 924 Erubescant
3169 878 3225 924 et
3250 869 3566 934 Donatistae,
3596 871 3703 938 qui,
3728 888 3822 926 eum

2285 959 2528 1014 localiter
2552 959 2824 1014 includere
2868 961 3130 1026 volentes,
3183 959 3438 1016 dixerunt
3462 975 3584 1014 eum
3608 961 3658 1014 in
3679 961 3823 1018 Africa

2285 1062 2490 1108 tantum
2520 1068 2660 1119 esse,
2705 1062 2760 1108 et
2803 1070 2908 1110 non
2940 1055 2992 1109 in
3024 1055 3142 1109 aliis
3188 1055 3376 1108 mundi
3425 1053 3686 1124 partibus,
3730 1071 3822 1110 cum

2283 1145 2422 1200 idem
2448 1145 2560 1215 ipse
2589 1146 2766 1200 dicat:
2806 1164 2825 1197 ι
2863 1147 3062 1201 Euntcs
3096 1147 3147 1200 in
3193 1147 3454 1200 mundum
3483 1146 3819 1201 universum.»

2285 1234 2389 1288 Sed
2421 1251 2487 1289 ne
2517 1235 2716 1291 frustra
2740 1247 2928 1307 gentes
2956 1238 3022 1290 ad
3051 1236 3430 1292 credulitatem
3461 1236 3556 1291 Dei
3603 1253 3658 1292 se
3683 1241 3822 1293 vocari

2283 1334 2555 1396 putarent,
2609 1327 2888 1397 praemium
2937 1326 3276 1382 credentibus
3321 1326 3688 1397 promittitur.
3731 1344 3820 1382 cum

2283 1417 2615 1472 subinfertur
2641 1433 2655 1472 :

2358 1527 2376 1557 ι
2413 1508 2514 1574 Qui
2541 1509 2833 1565 crediderit
2858 1519 2912 1563 ct
2935 1510 3238 1578 baptizatus
3268 1509 3454 1573 fuerit,
3486 1510 3661 1565 salvus
3689 1511 3818 1566 erit.»

2284 1599 2350 1652 Et
2397 1601 2522 1668 quia
2577 1617 2712 1671 quos
2757 1602 2892 1657 lenis
2935 1603 3221 1672 promissio
3270 1603 3336 1656 ad
3389 1602 3704 1673 credendum
3745 1621 3821 1658 non

2283 1692 2495 1756 suadet,
2555 1694 2745 1749 durius
2794 1694 3034 1748 terrendi
3068 1703 3234 1759 sunt,
3289 1701 3440 1748 recte
3493 1693 3818 1764 subjungitur:

2289 1801 2306 1833 ι
2347 1783 2447 1850 Qui
2476 1797 2603 1839 vero
2628 1800 2731 1838 non
2774 1785 3085 1851 crediderit,
3122 1785 3596 1840 condemnabitur.
3634 1805 3650 1836 ι
3675 1784 3724 1837 ln
3745 1800 3820 1853 quo

597 1879 778 1934 cordia
833 1877 969 1932 solet
998 1877 1224 1931 servari.
1275 1876 1410 1930 Cum
1444 1891 1572 1944 ergo
1603 1875 1707 1931 illis
1742 1877 2182 1932 recumbentibus
2212 1861 2259 1922 Β
2288 1874 2405 1928 loco
2433 1875 2565 1929 ordo
2599 1876 2906 1944 baptizandi
2958 1877 3405 1946 prtedicatoribus
3447 1876 3819 1937 demonstratur,

597 1969 862 2040 apparuit,
912 1968 1149 2023 ostendit
1178 1967 1298 2022 illos
1327 1982 1423 2022 sua
1458 1967 1667 2023 visione
1705 1981 1826 2022 esse
1850 1967 2060 2038 dignos,
2093 1967 2186 2037 qui

593 2078 778 2134 pacem
803 2063 1178 2117 inconcussam
1201 2063 1363 2117 etiam
1396 2062 1537 2116 inter
1565 2063 1791 2117 adversa
1817 2073 2060 2128 servant,
2093 2063 2186 2134 qui

595 2166 820 2227 possunt
859 2171 979 2210 cum
1024 2156 1303 2211 Psalmista
1335 2156 1551 2211 dicere:
1601 2175 1619 2208 σ
1657 2156 1789 2212 Cum
1816 2157 1900 2212 his
1931 2139 2183 2228 qui'ode-

595 2258 718 2304 rant
741 2265 950 2320 pacem,
985 2265 1132 2305 eram
1171 2248 1428 2320 pacificus
1452 2248 1628 2321 (Psal.
1654 2265 1728 2314 x1,
1763 2250 1840 2322 9).
1879 2270 1898 2302 ι
1921 2249 2180 2306 Undecim

593 2341 871 2412 discipulis
893 2342 1159 2412 apparuit,
1190 2342 1316 2411 quia
1349 2341 1516 2395 Judas
1555 2340 1816 2397 tradendo
1839 2343 2179 2412 magistrum,

594 2435 664 2489 ab
687 2449 873 2489 eorum
906 2433 1179 2488 consortio
1205 2441 1574 2502 sequestratus
1603 2431 1801 2497 fuerat,
1843 2443 1896 2487 ct
1928 2432 2180 2488 Matthias

595 2525 825 2578 necdum
854 2525 909 2579 in
937 2533 1082 2580 sorte
1111 2525 1389 2580 electionis
1429 2533 1650 2579 vocatus
1700 2525 2002 2579 exstiterat.
2050 2524 2180 2581 Post

594 2617 927 2686 increpatam
981 2625 1158 2671 autem
1192 2617 1445 2671 duritiam
1495 2615 1695 2679 cordis,
1749 2623 1804 2669 et
1826 2615 2179 2677 incredulita-

593 2715 720 2772 tem,
753 2725 875 2763 mox
909 2709 1141 2765 ofﬁcium
1171 2709 1498 2780 praedicandi
1525 2708 1767 2779 adjungit
1796 2725 1808 2761 :
2071 2709 2085 2720 '

571 2853 576 2858 .
669 2819 688 2853 ‹
725 2800 793 2855 Et
821 2800 956 2855 dixit
997 2801 1076 2855 eis
1105 2800 1292 2855 Jesus:
1327 2800 1528 2854 Euntes
1572 2799 1626 2853 in
1667 2799 1925 2853 mundum
1955 2800 2174 2856 univer-

596 2911 616 2946 ι
662 2907 799 2956 sum,
830 2893 1118 2962 pmdicate
1140 2893 1485 2962 Evangelium
1509 2891 1654 2946 omni
1680 2899 1968 2946 creaturae.
2010 2912 2029 2945 ι
2075 2891 2176 2948 Ρο-

589 2993 698 3039 test
718 2999 934 3038 movere
957 2984 1136 3038 minus
1166 2982 1521 3054 ibtelligentes
1547 2983 1802 3054 quoniam
1825 2983 2175 3055 Evangelium

590 3077 990 3147 praedicandum
1033 3076 1179 3130 omni
1223 3084 1487 3131 creaturze
1511 3075 1744 3131 dicatur.
1799 3076 2052 3146 Nunquid
2091 3078 2173 3133 irt-

593 3167 823 3222 sensatis
871 3175 926 3221 et
977 3166 1148 3222 brutis
1208 3166 1528 3223 animalibus
1573 3178 1690 3223 erat
1723 3167 2173 3240 praedicandum?

2289 1982 2409 2020 cum
2439 1967 2672 2021 dicitur:
2716 1988 2734 2019 ί
2775 1968 2876 2035 Qui
2903 1969 3193 2022 crediderit
3218 1977 3268 2022 et
3297 1967 3605 2037 baptizatus
3630 1967 3815 2021 fuerit.»

2286 2056 2444 2113 Prius
2473 2059 2615 2113 enim
2656 2060 2945 2115 credulitas
2985 2061 3219 2130 ponitur,
3268 2060 3688 2130 etpostmodum
3727 2058 3820 2126 bap-

2287 2149 2507 2204 tismum
2561 2150 2805 2220 sequitur
2837 2169 2847 2204 :
2889 2152 3016 2220 quia
3055 2151 3234 2206 nullus
3262 2151 3484 2221 ignarus
3515 2158 3712 2205 tantum
3737 2162 3818 2217 my-

2286 2242 2512 2294 sterium
2552 2242 2825 2311 suscipere
2870 2242 3050 2308 debet,
3103 2242 3208 2296 nisi
3243 2242 3395 2312 prius
3443 2255 3474 2294 a
3523 2238 3818 2294 doctore-in-

2284 2342 2525 2388 struatur
2583 2344 2638 2390 et
2692 2335 2982 2391 imbuatur.
3045 2336 3335 2404 Postquam
3392 2349 3522 2389 vero
3556 2332 3814 2392 crediderit,

2283 2425 2603 2494 haptizetur.
2657 2425 2760 2481 Ubi
2807 2427 3054 2482 curiosus
3106 2427 3277 2481 lector
3321 2440 3595 2497 opponere
3647 2432 3814 2495 potest:

2282 2516 2419 2582 Quid
2435 2531 2563 2586 ergo
2584 2516 2677 2571 ﬁet
2696 2517 2762 2571 de
2781 2515 3040 2586 parvulis,
3064 2517 3156 2586 qui
3172 2515 3575 2584 nesciuntloqui
3590 2516 3610 2567 ’ἔ
3628 2514 3701 2566 Ad
3713 2511 3817 2582 quod

2280 2623 2408 2662 vera
2447 2608 2586 2663 ratio
2612 2609 2936 2679 respondere
2968 2619 3166 2678 potest,
3210 2610 3334 2680 quia
3364 2608 3481 2663 sola
3522 2608 3650 2661 fides
3671 2621 3819 2675 paren-

2281 2708 2393 2751 tum
2417 2699 2656 2768 parvulis
2682 2699 2896 2768 prolicit
2917 2699 2970 2752 in
2984 2699 3269 2769 baptismo,
3298 2699 3371 2752 ita
3403 2707 3603 2762 tamen,
3628 2705 3699 2759 ut,
3725 2709 3819 2748 cum

2279 2791 2345 2844 ad
2381 2790 2671 2861 legitimam
2694 2800 2908 2845 aztatem
2932 2792 3297 2860 pervenerint,
3327 2793 3658 2846 instruantur
3681 2797 3728 2842 et
3749 2789 3825 2841 do-

2279 2890 2520 2937 ceantur.
2565 2899 2583 2932 ε
2611 2881 2679 2935 Et
2707 2882 2928 2951 pulchre
2953 2897 3140 2936 eorum
3173 2883 3306 2938 fides
3327 2883 3421 2952 qui
3447 2880 3684 2936 salvandi
3709 2886 3820 2940 sunt,

2277 2975 2328 3028 in
2385 2973 2733 3028 fundamento
2781 2975 2999 3044 ponitur
3043 2974 3273 3045 (Habac.
3325 2978 3405 3041 ll),
3447 2996 3466 3027 ι
3526 2976 3673 3046 quia,
3701 2981 3751 3027 ut
3771 2971 3823 3024 ait

2276 3064 2574 3136 Scriptura,
2610 3084 2630 3118 ι
2653 3066 2829 3136 justus
2858 3081 2926 3120 ex
2952 3066 3057 3121 ﬁde
3080 3067 3232 3131 vivit,
3259 3073 3313 3120 et
3332 3067 3454 3121 sine
3484 3066 3594 3121 fide
3624 3062 3823 3135 impossi-

2275 3157 2381 3212 bile
2410 3167 2494 3212 est
2518 3158 2734 3228 placere
2759 3158 2869 3212 Deo
2899 3156 3085 3230 (Hebr.
3124 3158 3246 3227 xu).
3285 3178 3302 3209 ι
3328 3158 3502 3234 βίαια.
3525 3167 3708 3212 autem
3733 3156 3820 3208 fides

591 3257 728 3312 Non.
767 3257 872 3312 Sed
893 3257 1070 3314 omnis
1091 3267 1352 3313 creatum;
1372 3258 1608 3326 nomine,
1637 3226 1797 3314 homo
1823 3260 2083 3330 signatur,
2115 3259 2172 3315 Si
2199 3226 2246 3291 Ο
2275 3250 2428 3322 origo
2457 3258 2542 3305 est
2572 3250 2810 3304 omnium
2842 3249 3123 3314 virtutum,
3179 3249 3258 3303 sic
3299 3247 3657 3302 incredulitas
3698 3253 3819 3299 mater

591 3350 732 3406 enim
780 3349 1012 3419 qualitas
1040 3351 1290 3404 humana:
1318 3360 1578 3407 creaturae
1617 3368 1738 3408 cum
1769 3355 1980 3409 creteris
2023 3370 2174 3411 crea-

592 3441 729 3496 turis
758 3441 1004 3495 subtilius
1030 3440 1362 3508 conferatur,
1395 3444 1832 3500 communionem
1877 3454 1933 3500 et
1954 3447 2176 3515 partici-

591 3533 863 3604 pationem
888 3532 1179 3602 quamdam
1205 3549 1326 3588 cum
1359 3535 1610 3590 omnibus
1640 3536 1841 3608 habere
1883 3537 2170 3592 invenitur.

593 3623 732 3678 Sunt
759 3623 901 3677 enim
949 3622 1171 3692 lapides,
1229 3624 1318 3694 qui
1359 3640 1457 3680 nec
1502 3625 1709 3691 vivunt,
1763 3642 1863 3681 nec
1916 3629 2169 3682 sentiunt.

594 3717 731 3772 Sunt
753 3717 932 3771 herbae
960 3725 1013 3770 et
1039 3717 1280 3781 arbusta,
1308 3733 1448 3787 quae,
1489 3717 1736 3786 quamvis
1764 3718 1947 3772 vivant
1971 3734 2067 3787 per
2090 3719 2174 3772 vi-

593 3808 883 3873 riditatem,
910 3817 1086 3862 tamen
1115 3823 1220 3862 non
1247 3809 1507 3872 sentiunt,
1535 3823 1636 3862 nec
1670 3809 2004 3862 discernunt.
2038 3809 2176 3864 Sunt

594 3900 750 3953 bruta
783 3899 1052 3965 animalia,
1080 3915 1199 3969 quae
1225 3900 1432 3964 vivunt,
1463 3899 1720 3962 sentiunt,
1741 3901 1832 3954 sed
1852 3915 1956 3954 non
1981 3901 2176 3955 discer-

594 3999 745 4045 nunt.
789 3991 924 4046 Snnt
951 3991 1122 4060 angeli
1146 3990 1234 4058 qui
1259 3991 1463 4054 vivunt,
1494 3990 1736 4044 sentiunt
1764 3991 2170 4047 etdiscernunt.

594 4084 764 4139 Habet
783 4099 911 4154 ergo
940 4083 1101 4138 homo
1117 4097 1236 4136 cum
1261 4081 1343 4135 his
1371 4081 1636 4135 creaturis
1656 4081 1955 4150 portionem
1989 4099 2176 4153 quam-

595 4175 740 4238 dam,
781 4173 872 4242 qui
905 4172 1066 4226 babet
1114 4185 1232 4224 esse
1257 4185 1378 4224 cum
1404 4169 1687 4240 lapidibus,
1724 4172 1907 4228 vivere
1930 4190 2053 4228 cum
2085 4190 2174 4229 ar-

595 4268 832 4330 boribus,
864 4262 1064 4318 sentire
1119 4276 1240 4316 cum
1268 4261 1591 4318 animalibus
1619 4263 1813 4330 brutis,
1869 4267 2177 4324 discernere

595 4376 716 4415 cum
762 4355 984 4426 angelis.
1036 4354 1194 4409 Omni
1239 4369 1366 4426 ergo
1391 4363 1652 4412 creaturae
1681 4358 1961 4428 prtedicari
1989 4362 2177 4430 praeci-

595 4449 739 4518 pitur
765 4444 1133 4514 Evangelium,
1162 4460 1284 4500 cum
1311 4446 1409 4501 soli
1440 4447 1644 4503 homini
1669 4450 2016 4520 prtedicatur,
2049 4454 2175 4523 quia

595 4540 685 4594 ille
707 4539 947 4602 docetur,
989 4546 1209 4609 propter
1237 4554 1396 4611 quem
1432 4541 1613 4594 omnia
1654 4541 1796 4598 facta
1834 4554 1980 4608 sunt,
2008 4557 2063 4600 et
2084 4546 2172 4601 cui

594 4632 775 4690 omnia
804 4646 902 4702 per
923 4632 1213 4702 quamdam
1234 4633 1639 4691 similitudinem
1684 4640 1989 4693 communia
2023 4649 2165 4696 sunt.

595 4725 720 4782 Sive
742 4733 888 4780 certe
906 4726 1083 4780 omnis
1106 4734 1367 4781 creaturae
1391 4729 1628 4795 nomine,
1658 4730 1834 4787 omnis
1869 4733 2016 4786 natio
2045 4748 2171 4803 gen-

596 4819 726 4870 tium
755 4815 1079 4886 designatur.
1131 4814 1190 4869 ln
1237 4816 1430 4886 quibus
1455 4815 1656 4885 verbis,
1710 4828 1967 4889 quantum
2016 4822 2172 4878 nobis

593 4908 771 4978 passio
828 4907 1035 4962 Domini
1079 4908 1376 4977 profuerit,
1415 4911 1508 4980 qui
1556 4927 1620 4967 ex
1651 4912 1898 4983 gentibus
1942 4914 2172 4969 credidi-

596 5000 794 5062 dimus,
827 4998 1217 5053 manifestatur.
1271 5000 1372 5066 Qui
1408 5002 1552 5055 enim
1593 5003 1744 5071 prius
1771 5003 1998 5065 dixerat,
2059 5024 2076 5054 ι
2114 5004 2170 5058 ln

597 5091 737 5144 viain
778 5091 1013 5158 gentium
1061 5106 1128 5144 ne
1165 5092 1424 5157 abieritis,
1458 5103 1509 5148 et
1559 5093 1612 5147 in
1641 5095 1886 5149 civitates
1937 5096 2176 5151 Samari-

601 5191 846 5236 tanorum
880 5196 946 5233 ne
968 5180 1321 5245 intraveritis,
1367 5184 1458 5236 sed
1488 5182 1666 5252 potius
1694 5183 1768 5237 ite
1791 5184 1860 5238 ad
1898 5199 2027 5239 oves
2057 5201 2175 5254 quae

599 5271 1088 5342 perieruntdomus
1125 5269 1286 5324 lsrael
1329 5270 1542 5342 (Matth.
1575 5271 1652 5342 x),
1692 5293 1712 5324 ι
1761 5289 1902 5329 nunc
1926 5285 2048 5345 post
2089 5293 2174 5332 re-

599 5360 989 5416 surrectionem
1036 5376 1358 5416 ascensurus
1396 5362 1450 5416 in
1501 5361 1716 5428 etelum,
1763 5367 2038 5435 praecepit,
2091 5366 2176 5421 di-

599 5470 771 5510 cens:
825 5472 843 5504 ‹
881 5454 1084 5509 Euntes
1130 5455 1183 5508 in
1214 5455 1468 5508 mundum
1513 5455 1842 5524 universum,
1887 5460 2178 5529 praedicate

601 5545 946 5616 Evangelium
967 5545 1113 5600 omni
1141 5553 1400 5600 creatura:
1431 5564 1442 5597 :
1474 5566 1492 5597 ι
1525 5547 1669 5616 quod
1699 5557 1780 5603 est
1806 5549 2007 5616 dicere,
2031 5552 2177 5606 omni

601 5643 805 5698 nationi
838 5641 1134 5698 hominum.
1183 5640 1335 5707 Quod
1381 5639 1664 5696 Matthaeus
1709 5644 2040 5716 evangelista
2070 5662 2179 5700 ma-

604 5737 850 5793 nifestius
878 5736 1136 5799 declarat,
1169 5735 1351 5790 dicens
1381 5735 1518 5805 (cap.
1554 5737 1743 5807 xxvm)
1777 5755 1788 5788 :
1825 5756 1843 5788 ‹
1885 5738 2087 5793 Euntes
2123 5741 2175 5793 in

605 5829 860 5884 mundum
889 5828 1220 5890 universum,
1245 5827 1430 5882 docete
1463 5842 1651 5882 omnes
1673 5839 1881 5899 gentes,
1904 5829 2178 5901 baptizan-

2278 3341 2615 3413 perditionis.
2657 3341 2810 3398 Unde
2837 3349 2892 3397 et
2935 3341 3221 3397 subditur:
3263 3359 3280 3392 ι
3319 3340 3422 3407 Qui
3449 3357 3586 3396 vero
3613 3356 3712 3396 non
3741 3353 3819 3392 cre-

2279 3438 2494 3504 diderit,
2531 3439 2994 3495 condemnabitur.
3028 3458 3048 3491 ι
3075 3437 3232 3504 Quia,
3265 3439 3410 3492 sicut
3448 3438 3704 3494 Dominus
3729 3435 3816 3489 alibi

2278 3531 2373 3595 ait,
2411 3550 2429 3581 ‹
2459 3532 2551 3600 qui
2571 3545 2676 3585 non
2715 3531 2908 3593 credit,
2938 3529 3051 3596 jam
3066 3530 3342 3599 judicatus
3376 3539 3463 3586 est
3491 3528 3665 3600 (Joan.
3696 3528 3813 3592 tu),t

2279 3631 2332 3674 et
2359 3623 2484 3675 item
2525 3639 2537 3673 τ
2577 3639 2596 3672 α
2626 3621 2741 3675 Nisi
2764 3620 2886 3689 quis
2916 3627 3134 3674 renatus
3182 3620 3346 3676 fuerit
3383 3637 3452 3678 ex
3477 3636 3614 3690 aqua
3643 3629 3692 3674 et
3732 3616 3816 3684 Spi-

2280 3712 2385 3765 ritu
2452 3718 2659 3773 sancto,
2712 3725 2818 3764 non
2876 3717 3054 3779 potest
3108 3710 3313 3766 intrare
3374 3712 3429 3766 in
3491 3724 3704 3782 regnum
3747 3704 3813 3760 Dei

2279 3801 2469 3873 (lbid.)
2501 3820 2518 3852 ι
2557 3800 2663 3856 Sed
2689 3799 2828 3856 forte
2863 3800 2994 3855 dicit
3024 3801 3219 3871 aliquis
3245 3820 3258 3856 :
3296 3803 3411 3874 Ego
3436 3803 3551 3873 jam
3581 3798 3758 3856 credidi
3778 3803 3816 3849 et

2277 3897 2457 3952 salvus
2484 3910 2597 3950 ero.
2630 3893 2832 3950 Verum
2872 3895 3022 3961 dicit,
3055 3897 3101 3950 si
3124 3896 3227 3951 hoc
3255 3898 3400 3966 quod
3431 3895 3700 3966 profitetur
3729 3905 3814 3944 ver—

2275 3989 2378 4052 bis,
2415 3987 2601 4057 implet
2645 3987 2917 4056 operibus.
2969 3986 3110 4041 Vera
3133 3988 3276 4041 enim
3308 3988 3444 4043 fides
3469 3996 3570 4051 est,
3612 3999 3718 4056 qua:
3741 3981 3814 4034 hoc

2277 4080 2490 4152 perficit
2509 4095 2690 4150 opere,
2741 4081 2886 4150 quod
2924 4081 3213 4135 confitetur
3251 4095 3366 4147 ore,
3395 4079 3678 4136 secundum
3705 4070 3812 4144 quod

2281 4173 2538 4230 Dominus
2563 4172 2636 4226 ait
2671 4172 2739 4226 ad
2771 4171 3098 4242 discipulos:
3137 4189 3156 4222 ε
3192 4170 3355 4228 Scitis
3387 4173 3525 4235 haec,
3572 4169 3700 4225 beati
3738 4163 3812 4217 eri-

2278 4267 2368 4329 tis,
2394 4265 2440 4320 si
2462 4263 2698 4320 feceritis
2724 4279 2789 4319 ea
2819 4263 2999 4334 (Joan.
3037 4263 3182 4336 xm).
3215 4285 3234 4319 ι
3290 4264 3430 4321 Hinc
3455 4273 3509 4321 et
3535 4257 3807 4333 Apostolus:

2284 4377 2301 4409 ι
2345 4355 2520 4412 Corde
2551 4356 2696 4411 enim
2718 4356 2956 4411 creditur
2982 4357 3050 4412 ad
3067 4357 3356 4426 justitiam,
3407 4373 3505 4415 ore
3533 4363 3695 4411 autem
3723 4361 3811 4403 con-

2278 4448 2442 4504 fessio
2472 4448 2532 4502 ﬁt
2555 4448 2622 4503 ad
2661 4447 2887 4503 salutem
2939 4446 3112 4520 (Rom.
3143 4449 3220 4520 x).
3263 4469 3281 4501 ι
3328 4448 3670 4506 Confessores
3700 4437 3806 4496 enim

2283 4540 2540 4595 Dominus
2579 4555 2705 4595 suos
2751 4548 3068 4609 operatores
3109 4540 3227 4594 vult
3269 4556 3410 4596 esse.
3446 4540 3693 4596 Caeterum
3731 4530 3808 4582 fru-

2284 4640 2395 4687 stra
2435 4633 2536 4686 sibi
2562 4633 2627 4686 de
2672 4631 2786 4688 sola
2829 4633 2932 4686 fide
2981 4631 3271 4699 blanditur,
3318 4635 3414 4704 qui
3462 4634 3595 4688 bona
3639 4617 3804 4695 operari

2285 4723 2525 4793 negligit,
2548 4713 2697 4792 quia,
2731 4724 2869 4778 sicut
2910 4724 2984 4778 ait
3011 4724 3284 4792 apostolus
3317 4725 3551 4782 Jaoobus
3595 4721 3716 4792 (cap-
3743 4711 3801 4778 "is

2291 4834 2308 4866 ‹
2342 4815 2503 4870 Fides
2547 4815 2665 4870 sine
2700 4816 2955 4884 operibus
2997 4824 3207 4870 mortua
3234 4823 3335 4871 est.
3377 4835 3399 4869 ι
3441 4835 3461 4868 ι
3495 4815 3624 4870 Sunt
3663 4814 3800 4862 autem

2282 4905 2497 4976 plurimi
2525 4904 2846 4973 hujusmodi,
2871 4905 3012 4977 quod
3038 4905 3190 4976 pejus
3213 4916 3314 4975 est,
3339 4926 3358 4960 ι
3385 4909 3524 4964 sicut
3541 4902 3800 4969 aitAposlo-

2282 4999 2365 5053 lus
2399 4997 2524 5070 (Tit.
2552 4997 2638 5068 ιι),
2672 5015 2690 5049 ι
2719 5000 2809 5068 qui
2851 5001 3176 5056 conﬁtentur
3195 5001 3376 5057 verbis
3397 5017 3455 5058 se
3474 5012 3624 5056 nosse
3649 4993 3795 5046 Βθυῐην

2279 5090 2436 5146 factis
2463 5099 2638 5146 autem
2668 5101 2892 5162 negant,
2929 5113 2946 5144 ι
2982 5093 3167 5163 quales
3188 5095 3446 5150 Dominus
3478 5095 3529 5148 in
3558 5079 3796 5151 Evangelio

2280 5183 2548 5252 reprobat,
2583 5183 2801 5238 dicens:
2838 5201 2855 5233 ‹
2885 5182 3022 5250 Quid
3051 5193 3228 5240 autem
3249 5187 3452 5242 vocatis
3473 5199 3576 5248 me,
3596 5173 3792 5236 Domine,

2281 5274 2522 5339 Domine,
2567 5283 2620 5328 et
2645 5290 2751 5330 non
2776 5274 2952 5330 facitis
2971 5291 3091 5345 quae
3114 5276 3276 5332 dico?
3306 5297 3323 5330 ι
3364 5277 3511 5350 (Luc.
3532 5274 3625 5341 vt.)
3650 5267 3706 5323 Et
3725 5273 3796 5334 per

2280 5365 2632 5437 prophetam:
2690 5381 2706 5413 ι
2737 5363 2970 5434 Populus
3011 5381 3098 5420 me
3135 5367 3224 5422 hic
3258 5367 3412 5424 labiis
3458 5363 3796 5448 honorae-tot

2282 5468 2461 5513 autem
2494 5473 2680 5513 eorum
2725 5457 2879 5528 longe
2927 5469 3010 5514 est
3048 5474 3079 5514 a
3127 5475 3212 5515 me
3255 5460 3388 5532 (Isa.
3427 5456 3592 5527 xxix).
3624 5471 3640 5502 ι
3680 5443 3792 5540 Missi

2281 5562 2458 5607 autem
2501 5551 2724 5621 apostoli
2773 5552 2840 5605 ad
2881 5553 3279 5622 praedicandum
3321 5549 3642 5623 Evangelium
3679 5545 3792 5593 omni

2281 5653 2578 5710 creaturae,
2613 5660 2679 5699 ne
2701 5653 3053 5701 causarentur
3090 5656 3294 5702 tantum
3323 5664 3455 5718 opus
3487 5660 3542 5700 se
3582 5633 3792 5726 Ρθτηθῗτθ

2280 5754 2386 5793 non
2415 5753 2592 5808 posse,
2635 5737 2919 5793 visibilium
2952 5739 3332 5796 miraculorum
3351 5742 3495 5812 signa
3519 5734 3591 5790 eis
3612 5731 3658 5785 in
3681 5719 3792 5785 adl'"

2281 5831 2476 5886 torium
2511 5831 2916 5901 promittuntur,
2948 5847 3071 5888 cum
3096 5833 3329 5890 dicitur:
