4014 6354
193 434 302 491 545

1399 435 1706 493 ΗΟΜΙΙᾸΑΞ
1747 435 1837 493 DE
1875 435 2228 495 TEMPORE.

3336 438 3439 493 5m

263 571 283 602 ι
329 547 515 622 Signa
543 559 721 606 autem
747 566 843 608 eos
865 551 957 622 qui
990 551 1354 618 crediderunt,
1385 553 1501 607 haec
1538 566 1765 621 sequen-
1790 556 1844 616 Α
1866 561 1923 609 et
1952 569 2072 608 cum
2097 554 2334 608 radicem
2358 550 2860 624 ﬁxerint,‘irrigatio
2887 557 3066 606 cessat
3095 566 3107 602 :
3132 549 3212 605 sic
3238 551 3447 606 novella

192 660 212 692 ι
263 650 368 696 tur.
407 638 463 694 ln
492 641 707 696 nomine
733 655 854 697 meo
879 640 1147 698 daemonia
1182 641 1439 723 ejiéient,‘
1466 642 1662 710 linguis
1689 641 1767 697 lo-

188 752 212 788 ο
257 744 492 806 quentur
534 737 710 804 novis,
759 726 1036 809 serpentes
1081 738 1302 806 tollent,
1343 746 1399 795 et
1442 739 1488 794 si
1526 736 1767 794 mortife-

191 848 210 880 ε
253 844 373 884 rum
416 829 544 900 quid
569 830 824 898 biberint,
855 846 961 887 non
999 831 1080 888 eis
1104 833 1337 889 nocebit.
1396 832 1569 903 Super
1597 846 1769 903 :egros

190 939 210 972 ε
256 937 449 977 manus
478 922 773 991 imponent,
818 930 874 978 et
895 923 1036 979 bene
1062 923 1359 980 habebunt.
1391 942 1413 977 ι
1439 922 1571 991 Quae
1589 922 1769 978 omnia

184 1029 284 1085 per
307 1014 581 1085 apostolos
608 1030 922 1087 eorumque,
950 1031 1291 1073 successores
1339 1017 1502 1073 etiam
1535 1016 1602 1072 ad
1629 1016 1772 1071 litte—

184 1123 304 1163 ram
332 1122 453 1164 esse
477 1108 764 1178 completa,
818 1108 995 1165 nullus
1024 1110 1259 1180 ignorat,
1289 1110 1382 1180 qui
1404 1123 1590 1165 eorum
1619 1117 1772 1164 actus

183 1199 264 1256 vel
304 1200 446 1256 vitas
491 1199 638 1271 legit.
695 1200 803 1256 Sed
831 1216 898 1256 ex
944 1200 1190 1270 pluribus
1232 1217 1404 1273 pauca
1445 1213 1773 1256 commemo-

180 1292 353 1348 randa
385 1301 531 1357 sunt,
597 1291 649 1345 in
683 1292 900 1346 nomine
936 1293 1080 1347 enim
1122 1290 1327 1348 Christi
1359 1291 1669 1362 frequenter
1705 1290 1772 1346 ab

176 1384 419 1440 obsessis
446 1383 766 1454 corporibus
813 1383 1042 1454 apostoli
1079 1382 1345 1440 daemonia
1368 1382 1665 1453 ejecerunt,
1692 1383 1771 1438 si-

178 1484 269 1532 cut
324 1473 550 1529 Paulum
608 1474 800 1531 fecisse
851 1476 1082 1548 legimus
1121 1477 1338 1546 quando
1378 1476 1551 1546 puella
1581 1517 1597 1543 ,
1653 1491 1774 1546 quae

179 1565 419 1622 habebat
471 1567 722 1637 spiritum
785 1567 1074 1637 pythonis,
1136 1564 1465 1639 sequebatur
1507 1582 1629 1622 eum
1676 1582 1775 1637 per

180 1657 383 1714 multos
421 1658 537 1713 dies
565 1650 867 1730 (Achxw).
928 1677 946 1710 ί
981 1658 1179 1714 Dolens
1216 1667 1394 1714 autem
1425 1658 1534 1725 ille,
1563 1665 1617 1713 et
1644 1674 1775 1714 con-

178 1765 375 1805 versus
433 1749 819 1821 spiritui-dixit
863 1749 966 1804 :lu
1012 1751 1230 1806 nomine
1276 1750 1475 1806 Christi
1521 1751 1775 1821 praecipio

184 1840 302 1906 tibi,
330 1848 390 1896 ut
411 1841 707 1913 egrediaris
740 1841 807 1897 ab
838 1857 920 1897 ea.
963 1860 980 1893 ι
1016 1841 1083 1896 Ει
1106 1842 1288 1897 statim
1312 1857 1443 1897 sana
1485 1841 1625 1898 facta
1668 1851 1769 1897 est.

1865 647 2126 720 plantatio
2159 645 2431 708 Ecclesiae.
2482 655 2543 700 ut
2570 646 2962 701 incrementum
2987 642 3112 698 ﬁdei
3138 640 3448 712 proﬁceret,

1869 737 2144 793 miraculis
2168 736 2537 808 corporalibus
2560 735 2849 807 irriganda.
2873 734 3167 805 Postquam
3190 722 3451 789 autemin

1870 830 1975 885 ﬁde
2005 830 2234 886 ﬁrmiter
2258 830 2500 886 radicata
2541 837 2646 895 est,
2676 830 2948 885 exteriora
2977 826 3238 884 miracula
3273 842 3451 884 cessa-

1869 930 2085 989 verunt,
2113 924 2262 994 quia,
2310 932 2371 979 ut
2407 923 2483 979 ait
2507 922 2815 994 Apostolus;
2865 940 2885 973 ι
2915 920 3135 992 Linguae
3165 922 3221 976 in
3241 922 3452 992 signum

1871 1021 2015 1079 sunt,
2049 1027 2155 1068 non
2185 1012 2452 1080 ﬁdelibus,
2509 1012 2602 1067 sed
2648 1010 2951 1067 inﬁdelibus
2988 1010 3067 1082 (1,,
3085 1008 3209 1068 Cor.
3254 1010 3389 1082 xxv).
3428 1031 3447 1065 ι

1872 1102 2121 1170 Quotidie
2166 1118 2400 1173 namque
2445 1101 2686 1158 Ecclesia
2711 1100 2984 1171 spiritales
3015 1101 3244 1157 virtutes
3264 1115 3457 1173 opera-

1874 1204 1982 1263 tur,
2023 1211 2158 1266 quas
2182 1212 2280 1266 per
2299 1194 2570 1265 apostolos
2609 1193 2883 1265 prioribus
2914 1194 3244 1265 temporibus
3267 1208 3458 1263 opera-

1871 1291 2051 1347 batur.
2104 1291 2161 1347 ln
2194 1292 2412 1347 nomine
2444 1290 2589 1345 enim
2638 1287 2841 1359 Christi
2873 1287 3137 1343 daemonia
3174 1287 3461 1356 ejiciuntur

1874 1383 2069 1455 (Marc.
2122 1383 2261 1455 xvi),
2310 1398 2434 1437 cum
2484 1396 2583 1451 per
2626 1379 2987 1435 ministerium
3036 1378 3369 1435 sacerdotale
3405 1385 3463 1435 et

1875 1475 2106 1548 gratiam
2135 1473 2424 1532 e'xoreismi
2452 1473 2520 1529 ab
2556 1472 2771 1528 illorum
2815 1471 3107 1537 mentibus,
3142 1470 3234 1542 qui
3263 1466 3316 1525 in
3355 1486 3458 1527 no-

1875 1568 2019 1624 mine
2040 1577 2240 1622 sanctae
2270 1565 2550 1621 Trinitatis
2578 1563 2941 1635 baptizantur,
2973 1562 3184 1618 illorum
3224 1571 3462 1633 potestas

1874 1660 2196 1716 excluditur.
2227 1658 2449 1731 Linguis
2473 1657 2763 1727 loquuntur
2787 1655 2941 1711 novis
2984 1652 3194 1726 (Ibid.),
3235 1668 3358 1709 cum
3404 1654 3463 1709 hi
3508 1716 3515 1723 μ

1875 1753 1968 1824 qui
1989 1760 2144 1806 erant
2194 1750 2439 1806 consueti
2463 1747 2776 1816 mendaciis,
2808 1745 3079 1818 periuriis,
3110 1745 3462 1803 detractioni-a

1875 1844 1998 1908 bus,
2051 1840 2542 1905 maledictionibus,
2610 1839 2678 1896 ad
2713 1839 2884 1895 Deum
2919 1837 3247 1894 laudandum
3288 1838 3464 1901 ethe-

178 1931 407 2004 Liuguis
452 1933 616 1989 locuti
642 1941 769 1989 sunt
815 1933 985 1999 novis,
1046 1950 1153 1989 non
1180 1934 1353 1989 solum
1407 1934 1638 2005 apostoli
1686 1935 1773 1989 die
1800 1919 2234 1991 Bnedicendum
2294 1940 2702 1990 convertuntur.
2782 1931 2851 1986 Et
2918 1946 3043 1986 cum
3105 1931 3462 1986 exhortantur

181 2034 377 2079 sancto
403 2024 768 2089 Pentecostes,
814 2040 935 2080 cum
979 2025 1036 2079 in
1064 2025 1264 2095 linguis
1311 2025 1484 2097 igneis
1511 2026 1770 2096 Spiritum

179 2122 434 2169 sanctum
464 2124 812 2184 acceperunt,
840 2115 935 2170 sed
962 2115 1148 2181 etiam,
1173 2115 1313 2171 sicut
1338 2116 1392 2169 in
1416 2115 1639 2171 Actibus
1653 2132 1776 2186 apo-

177 2207 448 2263 stolorum
498 2208 726 2279 legimus
755 2207 919 2277 (Ibid.
947 2209 1045 2278 ιι),
1087 2223 1208 2262 cum
1254 2222 1349 2278 per
1378 2208 1773 2278 impositionem

178 2315 449 2355 manuum
490 2314 679 2354 eorum
723 2298 985 2368 Spiritum
1025 2309 1271 2354 sanctum
1308 2299 1633 2371 acciperent,
1675 2299 1775 2354 lin-

174 2392 307 2461 guis
332 2390 689 2461 loquebantur
701 2396 755 2443 et
767 2390 1181 2460 prophetabant.
1208 2388 1500 2458 Serpentes
1514 2388 1775 2455 tulerunt,

177 2483 327 2538 sicut
350 2481 579 2536 Paulum
608 2480 909 2551 apostolum
929 2480 1158 2551 legimus
1181 2480 1373 2535 fecisse
1395 2479 1558 2551 (Ibid.
1598 2479 1774 2550 xvm),

179 2571 277 2641 qui
309 2586 437 2625 cum
475 2570 787 2640 navigasset
806 2570 874 2625 ad
902 2571 1190 2640 quamdam
1230 2569 1482 2635 insulam,
1530 2578 1585 2624 et
1610 2569 1778 2625 colle~

182 2670 269 2716 cta
350 2668 749 2715 sarmentorum
808 2658 1151 2714 multitudine
1211 2658 1557 2729 imposuisset
1619 2673 1781 2729 super

185 2752 390 2821 ignem,
429 2749 610 2818 vipera
633 2763 662 2802 a
686 2748 867 2802 calore
897 2748 1038 2817 ignis
1063 2761 1305 2818 egressa,
1336 2748 1535 2802 invasit
1559 2763 1777 2802 manum

186 2841 354 2896 illius.
402 2838 472 2893 Et
517 2853 638 2894 cum
691 2848 946 2909 putarent
992 2852 1117 2892 eum
1169 2838 1348 2893 subito
1402 2853 1673 2903 casurum,
1726 2847 1779 2894 et

187 2933 298 2988 cito
336 2929 680 2995 moriturum,
734 2929 846 2999 ipse
896 2928 1178 2984 excutiens
1224 2944 1387 2983 manu
1422 2913 1674 2994 bestiam,
1724 2928 1778 2983 in

190 3023 373 3093 ignem
399 3019 658 3091 proiecit,
682 3029 737 3075 et
762 3018 895 3074 nihil
921 3018 1048 3074 mali
1075 3018 1349 3074 sustinuit.
1410 3037 1429 3070 ε
1464 3018 1533 3073 Et
1561 3019 1606 3074 si
1639 3033 1781 3073 mor-

195 3113 415 3167 tiferum
453 3112 583 3182 quid
618 3112 886 3177 biberint,
936 3127 1043 3168 non
1091 3112 1170 3167 eis
1205 3112 1438 3168 nocebit.
1469 3132 1488 3164 ι
1527 3111 1780 3184 Legimus

194 3208 249 3262 in
301 3205 669 3262 ecclesiastica
697 3205 937 3261 Historia
966 3205 1187 3260 Eusebii
1220 3204 1597 3271 Caesariensis,
1623 3204 1781 3260 Joan-

198 3314 326 3353 nem
348 3297 661 3369 discipulum
688 3297 925 3363 Domini,
968 3305 1190 3367 propter
1218 3296 1636 3366 insuperabilem
1658 3279 1783 3351 con-
1808 3280 1854 3344 C

206 3390 458 3446 stantiam
481 3389 884 3461 evangelizandi
909 3403 1117 3444 veneno
1156 3396 1401 3459 putatum
1427 3402 1578 3452 esse,
1608 3395 1664 3443 et
1704 3387 1785 3441 ni-

202 3482 277 3535 hil
307 3480 430 3535 mali
456 3497 673 3552 passum
720 3479 904 3536 fuisse.
954 3478 1017 3533 In
1069 3478 1272 3535 eisdem
1314 3494 1528 3549 quoque
1564 3477 1784 3533 Patrum

199 3570 396 3627 litteris
417 3570 692 3628 Barnabas
719 3570 915 3642 legitur
939 3569 1186 3625 eumdem
1220 3568 1571 3625 mortiferum
1598 3578 1783 3640 potum

197 3662 419 3729 bibisse,
450 3662 544 3718 sed
577 3660 770 3717 mortis
798 3659 1093 3731 periculum
1147 3675 1254 3714 non
1283 3660 1538 3715 sensisse.
1572 3677 1592 3711 ι
1616 3660 1788 3730 Super

198 3768 373 3823 aegros
417 3768 610 3807 manus
636 3752 933 3821 imponent,
981 3758 1039 3806 et
1081 3750 1217 3806 bene
1270 3750 1563 3805 habebunt.
1599 3772 1618 3804 ι
1670 3750 1786 3807 Νοη

199 3846 373 3903 solum
401 3860 499 3916 per
525 3844 920 3915 impositionem
948 3858 1205 3898 manuum
1239 3844 1605 3914 apostolorum
1636 3844 1787 3899 inﬁr-

199 3939 303 3994 mis
333 3938 599 3993 redditam
625 3936 851 4008 legimus
879 3937 1188 4003 sanitatem,
1238 3938 1353 4003 sed,
1388 3944 1447 3992 ut
1472 3938 1524 3992 in
1563 3936 1790 3993 Actibus

201 4030 568 4103 apostolorum
610 4037 865 4084 narratur
908 4028 1047 4102 (cap.
1080 4027 1195 4101 χιχ)
1214 4070 1229 4095 ,
1258 4030 1326 4085 de
1358 4029 1679 4100 corporibus
1705 4044 1792 4086 eo—

200 4140 322 4180 rum
353 4122 676 4180 tollebantur
694 4122 907 4177 sudaria
942 4131 998 4177 et
1025 4123 1406 4191 succinctoria,
1435 4133 1490 4178 et
1514 4138 1678 4194 super
1709 4125 1792 4179 in-

202 4216 392 4270 ﬁrmos
419 4213 778 4284 ponebantur,
826 4228 923 4283 per
943 4213 1148 4283 plateas
1180 4229 1394 4285 quoque
1418 4216 1472 4270 in
1499 4216 1709 4271 lectulis
1738 4225 1794 4270 et

206 4308 448 4380 grabatis
475 4307 746 4378 ponebant
791 4306 1056 4373 inﬁrmos,
1087 4320 1166 4373 ut,
1205 4288 1457 4364 veniente
1477 4307 1661 4375 Petro,
1693 4309 1794 4363 sal-

208 4409 315 4456 tem
346 4399 535 4455 umbra
564 4399 707 4454 illius
727 4399 1075 4455 obumbraret
1102 4414 1429 4469 quemquam
1457 4400 1694 4466 illorum,
1740 4409 1796 4456 et

207 4488 540 4545 sanabantur
587 4504 618 4543 a
665 4503 985 4559 quacunque
1040 4488 1356 4544 inﬁrmitate
1411 4490 1794 4545 detinebantur

207 4579 373 4652 (Ibid.
407 4579 484 4651 v).
536 4579 603 4634 Et
634 4580 737 4635 hoc
763 4588 847 4636 est
881 4579 1023 4650 quod
1066 4579 1326 4635 Dominus
1370 4579 1495 4635 alibi
1526 4581 1795 4651 promittit

210 4643 398 4727 dicens
428 4643 453 4723 ε’
478 4690 496 4723 ι
530 4670 631 4737 Qui
661 4671 833 4726 credit
854 4643 914 4725 in
933 4685 1042 4734 me.
1071 4686 1236 4741 opera
1260 4686 1382 4742 quae
1425 4643 1711 4743 ego-facio,
1735 4683 1791 4729 et
1824 4643 1870 4706 ί)

209 4763 325 4833 ipse
350 4760 534 4832 faciet,
582 4772 637 4817 et
687 4763 893 4835 majora
937 4764 1127 4819 horum
1167 4763 1331 4821 faciet
1366 4766 1549 4838 (Joan.
1600 4768 1735 4839 xw).
1768 4788 1786 4820 ›

210 4854 374 4910 Forte
394 4856 554 4910 etiam
583 4854 780 4926 aliquis
815 4854 946 4911 dicit
970 4840 1109 4910 hanc
1127 4856 1371 4911 eamdem
1398 4859 1626 4928 gratiam
1653 4874 1795 4914 nunc

213 4948 264 5003 in
294 4947 544 5004 Ecclesia
586 4964 692 5003 non
727 4961 864 5012 esse,
909 4948 1034 5017 quia
1071 4947 1260 5003 iisdem
1300 4949 1576 5006 miraculis
1610 4965 1799 5021 corpo-

214 5046 420 5102 ralibus
457 5046 564 5100 n‘on
611 5053 881 5100 coruscat.
929 5042 1027 5099 Cui
1062 5044 1491 5115 respondendum
1519 5055 1603 5100 est
1651 5061 1797 5101 eam-

215 5136 341 5192 dem
369 5135 619 5189 virtutem
645 5149 766 5189 esse
805 5148 948 5189 nunc
994 5134 1049 5187 in
1075 5133 1339 5198 Ecclesia,
1382 5149 1501 5203 quae
1526 5136 1797 5205 prioribus

216 5226 552 5297 temporibus
574 5224 693 5279 fuit.
725 5223 879 5291 Quod
901 5239 1030 5280 vero
1051 5224 1245 5295 priscis
1277 5225 1608 5296 temporibus
1629 5226 1798 5297 signis

217 5316 593 5388 corporalibus
620 5315 846 5380 refulsit,
871 5315 1147 5370 sciendum
1173 5316 1408 5385 estquia
1432 5324 1491 5370 ut
1521 5315 1656 5372 ﬁdes
1683 5332 1799 5373 cre-

217 5418 401 5465 sceret
430 5409 485 5463 in
521 5407 743 5464 exordio
766 5407 1038 5462 nascentis
1074 5406 1347 5474 Ecclesiae,
1378 5407 1653 5463 miraculis
1681 5422 1801 5463 cor-

221 5496 498 5568 poralibus
526 5496 814 5551 nutrienda
858 5504 993 5551 erat.
1026 5496 1082 5549 In
1111 5497 1213 5552 hoc
1256 5499 1400 5552 enim
1451 5499 1601 5569 signa
1631 5499 1799 5553 mira-

223 5592 470 5648 culorum
497 5591 833 5647 manifestata
852 5598 1070 5655 sunt,ut
1084 5590 1248 5645 corda
1272 5591 1567 5648 videntium
1591 5592 1659 5649 ad
1676 5592 1804 5649 visi-

225 5686 357 5742 bilia
382 5686 649 5741 credenda
684 5694 1019 5756 raperentur.
1058 5684 1211 5740 Sicut
1247 5687 1408 5751 enim,
1436 5686 1584 5743 verbi
1605 5688 1802 5759 gratia,

229 5793 356 5833 cum
400 5779 618 5834 arbusta
672 5778 978 5848 plantamus
1005 5817 1020 5845 ,
1078 5779 1266 5833 tandiu
1312 5780 1393 5836 eis
1444 5780 1512 5836 ad
1564 5781 1802 5838 radicem

233 5884 430 5938 aquam
453 5867 750 5938 fundimus,
766 5883 1047 5943 quousque
1072 5884 1137 5926 ea
1148 5870 1487 5927 convaluisse
1503 5870 1803 5941 videamus,

1877 2027 2192 2097 proximos,
2253 2025 2601 2082 consolantur
2655 2023 2898 2080 dolentes
2924 2064 2940 2089 ,
3007 2020 3307 2092 corripiunt
3366 2035 3462 2075 ne—

1878 2120 2165 2191 gligentes,
2210 2125 2605 2174 commutantes
2633 2116 2773 2171 labia
2809 2132 2927 2182 sua,
2958 2124 3014 2171 et
3039 2115 3371 2172 abstinentes
3403 2127 3465 2170 se

1881 2227 1911 2266 a
1940 2212 2084 2267 malo
2117 2220 2174 2268 et
2203 2228 2235 2267 a
2270 2226 2437 2281 pravo
2462 2209 2694 2281 eloquio,
2722 2209 2962 2265 dicentes
2992 2222 3114 2262 cum
3135 2206 3463 2262 Psalmista:

1886 2322 1905 2354 ι
1934 2300 2073 2366 Dixi,
2123 2302 2424 2357 custodiam
2471 2301 2586 2355 vias
2620 2314 2793 2365 meas,
2838 2306 2899 2353 ut
2936 2313 3042 2353 non
3074 2296 3380 2367 delinquam
3408 2295 3462 2350 in

1880 2393 2061 2465 lingua
2087 2409 2204 2448 mea
2234 2392 2406 2465 (Psal.
2434 2390 2684 2464 xxxvm).
2717 2410 2736 2445 ι
2777 2390 2844 2445 Ει
2872 2391 3067 2446 iterum
3095 2407 3108 2442 :
3145 2406 3163 2439 ‹
3198 2387 3460 2455 Quoniam

1882 2484 2063 2539 omnia
2098 2482 2301 2552 judicia
2333 2482 2449 2552 ejus
2497 2481 2553 2536 in
2603 2487 2895 2550 conspectu
2941 2492 3079 2543 meo,
3127 2486 3181 2533 ct
3225 2475 3467 2545 justitias

1883 2573 2001 2643 ejus
2028 2590 2136 2628 non
2171 2572 2341 2643 repuli
2372 2588 2400 2626 a
2428 2586 2514 2626 me
2543 2568 2715 2642 (Psal.
2741 2572 2896 2641 xvu).
2928 2588 2947 2621 ι
2991 2568 3059 2623 Et
3085 2583 3180 2623 ero
3205 2568 3467 2622 immacu-

1885 2661 2024 2719 latus
2050 2679 2170 2718 cum
2200 2677 2265 2717 eo
2287 2703 2301 2728 ,
2331 2671 2387 2715 et
2415 2660 2713 2716 observabo
2754 2674 2841 2714 me
2884 2657 2954 2713 ab
2990 2657 3274 2727 iniquitate
3320 2669 3460 2711 mea.

1884 2751 2124 2822 Cumque
2149 2752 2204 2806 in
2234 2751 2345 2807 suis
2383 2758 2438 2805 et
2473 2749 2662 2804 alienis
2704 2748 2956 2804 cordibus
2989 2746 3341 2817 cogitationes
3367 2759 3462 2801 ve-

1883 2859 2114 2899 nenosas
2139 2850 2194 2899 et
2220 2842 2526 2897 immundas
2550 2840 2819 2896 dominari
2856 2855 2961 2896 non
2986 2839 3194 2905 sinunt,
3237 2853 3461 2909 serpen-

1885 2945 1967 2993 tes
2014 2935 2271 2991 nimirum
2319 2935 2526 3006 pariter
2560 2934 2772 2990 tollunt.
2824 2933 2959 2990 Cum
2986 2947 3117 2989 vero
3145 2948 3176 2987 a
3206 2932 3465 3004 proximis

1883 3028 2046 3084 verba
2089 3027 2437 3084 detractionis
2464 3035 2520 3082 et
2551 3041 2807 3097 perversa
2834 3025 3055 3083 consilia
3081 3025 3340 3091 audiunt,
3370 3023 3466 3081 sed

1886 3134 2055 3188 usque
2081 3119 2148 3174 ad
2172 3117 2420 3174 eﬁ‘ectum
2450 3118 2630 3188 operis
2674 3117 2754 3173 eis
2789 3133 2895 3173 non
2923 3117 3287 3182 consentiunt,
3323 3130 3467 3171 mor-

1886 3211 2105 3266 tiferum
2148 3210 2417 3281 quoddam
2454 3209 2669 3274 bibunt,
2699 3209 2793 3264 sed
2828 3223 2935 3263 non
2981 3209 3060 3263 eis
3108 3214 3285 3263 nocet.
3338 3204 3467 3274 Qui-

1885 3319 2097 3374 cunque
2123 3305 2269 3360 enim
2306 3312 2399 3358 aut
2435 3303 2490 3357 in
2518 3302 2624 3358 ﬁde
2658 3302 2856 3357 titubat
2882 3343 2896 3367 ,
2937 3310 3031 3356 aut
3057 3302 3110 3355 in
3135 3301 3278 3356 bono
3305 3313 3469 3370 Opere

1887 3394 2135 3465 trepidat,
2181 3392 2425 3465 profecto
2468 3408 2609 3465 aeger
2656 3401 2739 3447 est
2788 3392 2986 3447 animo.
3036 3390 3290 3460 Quisquis
3338 3402 3470 3460 ergo

1886 3485 2081 3541 talibus
2139 3485 2262 3541 ideo
2312 3484 2535 3540 verbum
2573 3483 2974 3555 praedicationis
3024 3481 3334 3552 impendit,
3382 3478 3468 3535 vel

1886 3575 2192 3645 exemplum
2213 3575 2339 3631 boni
2357 3575 2538 3645 operis
2558 3574 2815 3640 ostendit,
2848 3581 3030 3629 ut-eos
3053 3572 3109 3628 in
3137 3573 3279 3628 bono
3306 3585 3469 3642 opere

1886 3668 2155 3723 ﬁrmiores
2202 3667 2409 3733 reddat,
2453 3681 2618 3737 super
2660 3679 2834 3737 aegros
2883 3678 3075 3719 manus
3118 3661 3362 3733 imponit,
3412 3669 3472 3716 ut

1887 3758 2024 3815 bene
2050 3758 2301 3813 habeant.
2356 3756 2485 3813 Haec
2515 3765 2695 3813 autem
2724 3756 2877 3828 signa
2917 3763 3067 3812 tanto
3090 3754 3298 3825 majora
3322 3764 3470 3818 sunt,

1888 3858 2090 3920 quanto
2137 3849 2437 3920 spiritualia
2470 3867 2484 3905 :
2516 3856 2573 3906 et
2618 3856 2771 3904 tanto
2820 3847 3079 3914 meliora,
3129 3854 3333 3917 quanto
3378 3858 3474 3916 per

1888 3948 2006 4004 haec
2033 3962 2141 4003 non
2173 3962 2401 4018 corpora
2425 3955 2687 4002 sanantur
2711 3944 2821 4000 cito
2843 3943 3129 4010 moritura,
3158 3942 3254 3999 sed
3280 3942 3474 3997 animae

1891 4041 1945 4096 in
1987 4049 2247 4096 aeternum
2275 4040 2517 4095 victurae.
2560 4036 2695 4093 Nam
2732 4038 3003 4093 exteriora
3027 4035 3176 4108 signa
3207 4048 3272 4091 eo
3296 4035 3474 4090 mino-

1892 4146 2008 4187 rem
2057 4130 2364 4187 mercedem
2403 4131 2458 4186 in
2506 4128 2688 4185 futuro
2721 4136 3056 4200 exspectant,
3080 4142 3190 4198 quo
3216 4125 3472 4196 majorem

1893 4224 2116 4296 gloriam
2144 4225 2197 4279 in
2221 4223 2475 4294 praesenti
2508 4222 2806 4293 recipiunt:
2833 4221 3089 4278 interiora
3119 4227 3298 4277 autem
3328 4229 3475 4275 tanto

1893 4313 2155 4383 majorem
2206 4314 2430 4383 gloriam
2483 4313 2537 4369 in
2595 4313 2776 4368 futuro
2825 4312 3227 4384 praestolamur,
3274 4320 3475 4383 quanto

1894 4408 2072 4462 minus
2107 4406 2161 4460 in
2190 4405 2443 4476 przesenti
2471 4405 2539 4460 ab
2568 4405 2877 4461 hominibus
2904 4405 3176 4460 videntur.
3230 4404 3302 4459 Et
3328 4392 3476 4460 exteQ
3548 4470 3555 4475 θ

1895 4499 2035 4553 riora
2078 4497 2295 4567 quidem
2332 4497 2495 4551 etiam
2543 4494 2671 4551 mali
2727 4493 2928 4549 habere
2981 4501 3229 4563 possunt,
3287 4494 3474 4564 quales

1896 4588 2089 4643 dicturi
2120 4595 2243 4643 sunt
2275 4605 2289 4640 :
2328 4604 2349 4637 ι
2380 4585 2624 4649 Domine,
2667 4583 2910 4649 Domine,
2956 4597 3135 4638 nonne
3174 4582 3228 4637 in
3262 4584 3477 4639 nomine

1900 4689 1992 4736 tuo
2039 4677 2505 4750 prophetavimus,
2563 4675 2827 4729 daemonia
2894 4672 3188 4743 ejecimus,
3248 4674 3479 4731 virtutes

1899 4772 2098 4828 multas
2126 4769 2396 4827 fecimus?
2425 4788 2444 4821 ι
2474 4767 2687 4841 (Manli.
2719 4765 2842 4838 vn.)
2865 4766 3069 4834 Quibus
3093 4768 3475 4838 respondetur:

1906 4880 1925 4912 ‹
1953 4861 2144 4926 Amen,
2182 4876 2340 4915 amen
2368 4859 2488 4914 dico
2526 4858 2699 4925 vobis,
2744 4859 2928 4913 nescio
2971 4873 3086 4913 vos.
3137 4858 3405 4915 Discedite
3444 4878 3475 4916 a

1902 4969 2009 5021 me,
2035 4954 2271 5024 operarii
2314 4953 2613 5022 iniquitatis
2658 4972 2678 5004 ι
2720 4949 2929 5024 (Ibid.).
2975 4950 3092 5007 Non
3140 4954 3282 5008 enim
3325 4963 3482 5009 curat

1905 5048 2045 5103 Deus
2082 5062 2178 5119 per
2216 5062 2352 5118 quos
2389 5046 2553 5101 faciat
2598 5047 2843 5111 virtutes,
2902 5056 2962 5101 ut
3008 5047 3177 5103 salvet
3209 5063 3301 5104 eos
3346 5063 3480 5118 quos

1904 5140 1959 5195 in
1982 5150 2297 5211 perpetuum
2341 5140 2449 5195 vult
2470 5139 2693 5204 habere.
2748 5139 3064 5211 Spirituales
3092 5157 3222 5198 vero
3259 5142 3348 5215 qui
3378 5144 3477 5199 ha-

1903 5232 2055 5297 bent,
2085 5233 2211 5288 mali
2241 5248 2359 5288 esse
2388 5248 2494 5288 non
2521 5242 2765 5303 possunt.

1981 5346 1999 5378 ‹
2030 5326 2097 5380 Et
2122 5325 2381 5381 Dominus
2404 5326 2621 5396 quidem
2653 5325 2829 5393 Jesus,
2851 5336 3133 5400 postquam
3156 5330 3369 5386 locutus
3397 5340 3483 5388 est

1911 5437 1930 5468 ε
1961 5418 2058 5483 eis,
2110 5428 2416 5477 assumptus
2460 5427 2544 5474 est
2587 5418 2641 5473 iu
2695 5420 2908 5476 coelum.
2943 5442 2962 5474 ι
3004 5421 3171 5492 Igitur
3197 5432 3478 5493 postquam

1906 5508 2164 5564 Dominus
2222 5508 2288 5563 ad
2343 5509 2743 5579 praedicandum
2804 5511 3150 5583 Evangelium
3213 5513 3481 5583 apostolos

1904 5601 2051 5658 omni
2079 5610 2340 5657 creaturae
2368 5603 2421 5656 in
2458 5603 2714 5659 mundum
2744 5603 2910 5671 misit,
2941 5613 3222 5676 postquam
3246 5606 3399 5676 signa
3425 5616 3481 5661 et

1906 5692 2133 5748 virtutes
2181 5708 2275 5748 eos
2308 5695 2398 5765 qui
2436 5694 2692 5751 credituri
2723 5704 2880 5750 erant
2916 5695 2969 5750 in
3004 5696 3219 5751 nomine
3248 5696 3363 5766 ejus
3396 5711 3480 5753 se-

1906 5778 2125 5841 cuturas
2146 5787 2411 5856 promisit,
2449 5787 2691 5843 ascendit
2716 5788 2770 5842 in
2801 5787 3018 5863 coelum,
3045 5788 3335 5843 ostendens
3355 5786 3481 5845 illuc

1907 5893 2000 5935 eos
2036 5880 2357 5949 quandoque
2380 5897 2499 5937 esse
2527 5891 2803 5949 venturos,
2832 5896 2939 5951 quo
2963 5890 3122 5951 caput
3153 5896 3309 5939 suum
3337 5899 3477 5952 pra:-
