4014 6354
621 368 719 425 547

1228 324 1582 431 HAYhIONlS
1620 374 2102 432 HALBERSTAT.
2144 372 2357 433 EPISC.
2402 374 2551 431 OPP.
2594 374 2773 430 PARS
2816 375 2974 429 ll.—
3008 372 3242 431 HOMIL.
3776 378 3858 441 558

622 484 852 540 cessisse
900 472 1310 557 cognoscerent,
1353 488 1493 543 sicut
1532 489 1644 559 ipse
1687 488 1902 545 Patrem
1948 489 2204 561 postulat,
2236 495 2283 555 Λ
2316 497 2402 543 tur
2448 504 2641 558 sponsa
2692 489 2744 542 in
2790 487 3027 543 Canticis
3076 488 3433 552 canticorum,
3480 501 3603 541 cum
3640 487 3854 548 diceret:

623 594 746 633 cum
774 578 949 633 dicit:
988 597 1008 630 ε
1044 577 1200 646 Volo,
1228 579 1408 647 Pater,
1446 592 1504 636 ut
1550 582 1641 638 ubi
1682 598 1783 654 ego
1835 599 1976 651 sum,
2028 582 2099 638 ibi
2155 589 2209 637 et

623 669 869 723 minister
922 684 1074 725 meus
1119 670 1225 725 erit
1272 671 1459 745 (Joan.
1509 674 1628 745 xu).
1660 694 1677 726 ι
1731 673 1799 728 Et
1853 674 1979 729 item
2015 692 2027 728 :
2058 693 2075 724 ι
2105 672 2208 729 Ubi

622 757 785 813 fuerit
825 773 1043 830 corpus,
1083 760 1206 816 illuc
1241 764 1715 836 congregabuntur
1742 772 1798 819 et
1826 763 2019 836 aquilae
2052 762 2201 835 (Luc.

621 850 777 922 xvn).
811 869 828 901 ι
891 849 1197 909 Concordat
1241 865 1424 912 autem
1480 856 1656 913 Lucas
1702 856 2034 930 evangelista
2085 870 2205 911 cum

618 941 705 996 his
732 941 928 1008 verbis,
958 945 1047 1014 qui
1080 960 1202 1001 cum
1233 958 1482 1004 narraret
1509 949 1793 1021 Dominum
1825 950 2024 1005 dixisse
2050 949 2208 1005 disci-

617 1034 757 1104 pulis
778 1075 791 1098 ,
833 1053 852 1086 r
890 1045 944 1090 et
972 1052 1066 1091 vos
1095 1038 1310 1107 quidem
1342 1024 1497 1096 eritis
1530 1041 1659 1096 mihi
1693 1050 1857 1097 testes
1886 1042 1939 1097 in
1986 1040 2205 1099 Jerusa-

615 1125 718 1181 lem
745 1128 875 1183 etin
913 1132 1058 1185 omni
1086 1130 1267 1187 Iudaea
1295 1141 1349 1188 et
1387 1133 1651 1198 Samaria,
1685 1144 1741 1190 et
1781 1149 1953 1206 usque
1989 1136 2055 1191 ad
2084 1134 2205 1189 ulti-

614 1235 762 1276 mum
778 1228 934 1277 terrae
960 1223 1097 1294 (Act.
1124 1228 1190 1293 r),
1224 1243 1242 1276 ι
1265 1225 1518 1280 continuo
1548 1225 1812 1296 adjunxit,
1840 1226 2024 1282 dicens
2048 1243 2062 1280 :
2091 1244 2111 1277 ι
2141 1226 2209 1281 Et

617 1326 738 1365 cum
764 1312 869 1368 hoc
896 1313 1141 1380 dixisset,
1167 1316 1473 1371 videntibus
1495 1315 1600 1371 illis
1620 1317 1860 1374 elevatus
1895 1328 1997 1385 est,
2029 1327 2087 1375 et
2108 1335 2205 1389 nu-

611 1405 708 1461 bes
731 1409 967 1479 suscepit
995 1424 1115 1465 eum
1146 1410 1213 1465 ab
1237 1412 1407 1467 oculis
1431 1428 1617 1468 eorum
1650 1413 1860 1487 (Ibid.).
1886 1436 1903 1466 ι
1952 1417 2051 1472 Ubi
2068 1432 2201 1472 con-

615 1499 963 1557 siderandmn
986 1512 1089 1569 est,
1114 1505 1238 1575 quia
1268 1506 1524 1567 Dominus
1544 1508 1878 1569 ascensionis
1906 1525 2016 1565 suae
2038 1519 2204 1569 testes

612 1602 667 1649 et
696 1610 1060 1665 praecursores
1089 1597 1141 1653 in
1176 1596 1355 1653 Veteri
1397 1599 1750 1659 Testamento
1785 1602 1988 1658 habere
2013 1602 2199 1668 voluit,

612 1700 776 1742 unum
808 1696 935 1744 ante
963 1689 1156 1763 legem,
1188 1701 1241 1747 et
1268 1692 1499 1749 alterum
1529 1696 1629 1749 sub
1662 1694 1812 1764 lege,
1848 1694 2031 1751 Enoch
2060 1695 2201 1753 scili-

611 1788 697 1835 cet
722 1787 776 1835 et
802 1779 974 1841 Eliam
1010 1799 1022 1836 :
1056 1783 1182 1854 quia
1214 1784 1353 1840 sicut
1388 1785 1501 1856 ipse
1537 1784 1736 1857 Ioseph
1772 1786 2043 1853 venditus,
2091 1788 2196 1842 Do-

610 1871 741 1923 mini
790 1872 1156 1929 venditionem
1202 1892 1265 1930 ac
1323 1876 1627 1946 passionem
1680 1878 2061 1949 praeﬁguravit,
2120 1879 2199 1933 sic

611 1960 793 2017 anch
828 1965 1137 2032 translatus,
1174 1976 1229 2022 et
1266 1967 1408 2025 Elias
1434 1986 1598 2025 curru
1629 1972 1785 2044 igneo
1810 1981 2015 2041 raptus,
2049 1972 2197 2028 illum

605 2055 1104 2131 praaliguraverunt,
1132 2061 1222 2130 qui
1251 2077 1413 2135 super
1437 2079 1628 2120 omnes
1658 2065 1824 2131 caelos
1859 2075 1978 2121 erat
2007 2082 2198 2123 ascen-

607 2163 787 2205 surus.
833 2150 899 2205 Et
926 2150 1015 2217 ,illi
1053 2153 1267 2223 quidem
1309 2164 1367 2210 ut
1409 2157 1527 2227 puri
1556 2158 1800 2215 homines
1830 2160 2043 2214 sarcina
2070 2176 2196 2231 pec-

605 2251 853 2301 catorum
882 2242 1114 2315 gravati,
1162 2246 1362 2301 auxilio
1396 2248 1741 2321 indiguerunt
1770 2250 2107 2323 angelorum,
2128 2251 2198 2307 .in

606 2332 829 2402 regione
862 2332 1091 2403 quadam
1121 2338 1397 2397 secretiori
1426 2338 1840 2408 transferentur,
1881 2358 1987 2397 non
2019 2341 2198 2397 fundi-

607 2431 692 2479 tus
724 2435 968 2483 mortem
1020 2429 1275 2495 vitantes,
1324 2431 1418 2486 sed
1475 2431 1539 2485 ad
1596 2440 1810 2504 tempus
1864 2434 2194 2491 differentes.

606 2513 761 2571 Unde
790 2533 929 2573 unus
954 2519 1266 2586 translatus,
1303 2521 1435 2577 alter
1463 2538 1593 2579 vero
1626 2534 1812 2596 raptus
1841 2534 2193 2581 memoratur.

606 2607 865 2664 Dominus
891 2620 1074 2666 autem
1107 2610 1265 2668 Jesus
1294 2612 1753 2693 Christus,quem
1802 2615 1948 2670 nulla
1996 2625 2198 2670 morta’

604 2698 728 2767 litas
768 2704 1131 2775 corruptionis
1171 2706 1451 2778 gravabat,
1504 2722 1609 2777 non
1656 2708 1885 2779 indiguit
1926 2708 1979 2775 in
2008 2724 2198 2773 ascen-

604 2793 756 2849 sione
789 2796 987 2853 auxilio
1014 2798 1350 2870 angelorum,
1400 2800 1491 2871 qui
1532 2800 1750 2870 propria
1791 2800 1991 2856 virtute
2034 2816 2199 2872 pcne-

605 2887 770 2959 travit
814 2887 916 2943 alta
962 2890 1243 2958 malorum,
1294 2894 1434 2947 sicut
1476 2892 1589 2964 ipse
1638 2893 1690 2947 in
1737 2893 2027 2965 Evangelio
2075 2896 2193 2950 ait:

609 2996 628 3030 ι
660 2977 828 3045 Nemo
875 2983 1121 3039 ascendit
1164 2983 1216 3038 in
1270 2982 1487 3048 cazlum,
1536 2984 1643 3041 nisi
1689 2985 1780 3055 qui
1826 2985 2102 3042 descendit
2133 2987 2199 3045 de.

603 3072 743 3128 coelo
773 3073 943 3130 Filius
982 3075 1235 3143 hominis,
1269 3076 1357 3147 qui
1402 3085 1484 3133 est
1528 3076 1581 3131 in
1619 3076 1756 3132 caelo
1802 3077 1981 3149 (Joan.
2030 3076 2133 3147 ut).
2173 3098 2191 3131 ι

606 3163 671 3218 Εῑ
690 3181 785 3235 per
800 3165 1123 3243 Prophetam
1156 3183 1171 3222 :
1200 3188 1217 3220 ι
1249 3167 1403 3224 Nunc
1425 3184 1733 3242 exsurgam,
1760 3169 1891 3226 dicit
1912 3170 2192 3237 Dominus,

604 3270 751 3310 nunc
783 3257 1112 3324 exsultabor,
1163 3274 1305 3315 nunc
1353 3258 1687 3316 sublimabor
1735 3260 1871 3335 (Isa.
1925 3262 2139 3334 χχχιιι).
2174 3283 2191 3315 ι

608 3347 708 3404 Ubi
756 3350 1052 3405 notandum
1097 3358 1181 3405 est
1227 3351 1353 3428 quia
1423 3367 1521 3423 per
1561 3353 1896 3411 incrementa
1944 3357 2201 3428 temporis

605 3439 870 3494 munditia
914 3441 1157 3496 excrevit
1207 3426 1494 3509 castitatis,
1537 3443 1693 3513 juxta
1748 3446 1876 3501 illud
1922 3426 2069 3516 quod
2104 3462 2201 3518 per

605 3529 880 3587 Danielem
921 3533 1117 3587 dicitur
1153 3534 1289 3606 (cap.
1319 3536 1448 3601 xu):
1475 3556 1491 3588 ι
1518 3535 1934 3594 Pertransibunt
1960 3539 2194 3611 plurimi,

604 3632 658 3677 et
701 3623 981 3695 multiplex
1032 3625 1137 3678 erit
1182 3626 1427 3681 scicntia.
1461 3647 1478 3678 ι
1534 3626 1817 3685 Transitus
1860 3639 1942 3684 est
1995 3630 2193 3701 Enoclr,

605 3715 832 3801 quigper
873 3715 1073 3770 coitum
1121 3717 1356 3788 genitus,
1406 3728 1460 3777 et
1504 3735 1602 3791 per
1654 3721 1854 3776 coitum
1909 3736 2196 3793 genera:.s,

604 3822 831 3865 uxorem
866 3816 920 3864 et
963 3808 1102 3863 ﬁlios
1130 3809 1384 3866 habuisse
1422 3812 1636 3883 legitur.
1690 3812 1895 3885 Raptus
1924 3822 2009 3869 est
2032 3814 2196 3881 Elias,

603 3913 701 3971 per
730 3898 931 3953 coitum
963 3901 1193 3973 genitus,
1219 3918 1326 3957 non
1355 3912 1531 3981 tamen
1553 3918 1649 3976 per
1677 3904 1878 3959 coitum
1905 3920 2196 3976 generans,

607 3993 863 4067 quoniam
893 4010 1114 4050 uxorem
1139 4004 1192 4051 et
1222 3996 1357 4052 ﬁlios
1395 3997 1650 4054 habuisse
1676 4012 1781 4053 non
1813 3998 2029 4070 legitur.
2080 3997 2196 4053 Non

608 4093 788 4149 tamen
828 4085 881 4157 in
924 4086 1117 4157 C(elurn
1163 4090 1477 4147 aethereum.
1522 4091 1626 4159 sed
1671 4091 1849 4160 potius
1899 4090 1950 4145 in
1993 4106 2195 4147 aerem.

606 4178 931 4251 Assumptus
960 4191 1042 4237 est
1077 4190 1255 4238 autem
1298 4181 1557 4243 Dominus
1590 4182 1745 4239 Jesus
1788 4182 2057 4248 Christus,
2107 4184 2199 4256 qui

606 4272 800 4337 mortis
828 4274 1102 4345 superavit
1122 4282 1428 4341 auctorem,
1463 4290 1683 4355 neqper
1713 4276 1915 4331 coitum
1961 4276 2194 4347 genitus,

607 4378 710 4419 nec
737 4378 836 4435 per
864 4364 1067 4420 coitum
1109 4380 1398 4443 generans,
1444 4382 1548 4422 non
1595 4366 1647 4421 in
1703 4366 1899 4422 cmlum
1952 4382 2195 4434 aereum,

607 4458 700 4513 sed
732 4458 786 4512 in
814 4457 1009 4515 ctclum
1039 4459 1354 4521 aethereum.
1385 4457 1486 4528 Qui
1512 4459 1728 4531 genitus
1757 4468 1841 4515 cst
1866 4468 1993 4516 ante
2015 4461 2196 4516 omnia

608 4549 802 4604 saecula
841 4550 908 4605 de
948 4548 1108 4605 Patre
1143 4551 1265 4614 sine
1302 4558 1494 4615 matre,
1545 4559 1599 4605 et
1640 4559 1797 4606 natus
1825 4552 1996 4608 estde
2025 4562 2199 4609 matre
2223 4587 2277 4649 Β

606 4642 725 4696 sine
766 4649 944 4712 patre,
998 4642 1052 4696 in
1101 4641 1209 4696 line
1257 4639 1597 4697 saeculorum.
1658 4641 1775 4697 Non
1816 4642 1989 4701 solum
2024 4644 2197 4700 sancti

608 4733 799 4791 Patres
829 4735 1161 4791 Dominicam
1193 4734 1567 4791 ascensionem
1589 4736 1852 4807 exemplis
1880 4736 2197 4811 praeﬁgura-

607 4834 840 4892 verunt,
886 4826 981 4882 sed
1029 4827 1192 4882 etiam
1244 4826 1427 4881 verbis
1475 4828 1863 4899 pratdixerunt.
1917 4831 2008 4887 Ait
2053 4830 2197 4886 enim

611 4917 781 4974 David
816 4936 829 4972 :
864 4937 883 4970 ι
914 4918 1170 4973 Exaltare
1214 4932 1378 4990 super
1410 4919 1577 4977 caelos
1608 4919 1768 4988 Deus,
1799 4930 1854 4977 et
1888 4938 2052 4993 super
2079 4937 2198 4978 om—

611 5026 733 5066 nem
787 5020 986 5066 terram
1044 5009 1212 5081 gloria
1264 5019 1354 5067 tua
1412 5009 1585 5085 (Psal.
1634 5013 1765 5086 Lvt).
1819 5033 1836 5066 ι
1896 5013 1962 5071 Et
2013 5013 2195 5069 item:

616 5118 634 5151 ι
664 5101 918 5156 Ascendit
950 5099 1184 5175 Deusin
1221 5102 1543 5175 jubilatione
1567 5146 1581 5170 ,
1611 5114 1665 5159 et
1696 5104 1953 5175 Dominus
1980 5103 2035 5161 in
2067 5118 2201 5161 voce

613 5196 753 5249 tuba:
777 5194 949 5265 (Psal.
982 5194 1147 5268 XLVI).
1183 5215 1201 5247 ι
1248 5197 1313 5251 Et
1334 5196 1459 5254 alibi
1491 5217 1503 5228 ο
1542 5217 1561 5249 ι
1595 5179 1906 5253 Ἀερθιιάθιιε
1928 5197 1980 5251 in
2012 5196 2196 5264 altum,

612 5287 882 5361 captivam
920 5286 1075 5343 duxit
1114 5288 1507 5361 captivitatem,
1538 5289 1684 5343 dedit
1715 5287 1856 5344 dona
1892 5287 2201 5345 hominibus

614 5360 832 5459 (Ep/tes.
888 5381 982 5452 IV).
1016 5404 1032 5432 ι
1092 5378 1259 5434 Hodie
1294 5360 1453 5435 enim
1504 5380 1775 5451 patefacta
1824 5390 1905 5437 est
1949 5383 2199 5441 omnibus

607 5473 773 5545 janua
804 5472 950 5543 regni
982 5469 1416 5540 calorum,,quia
1446 5470 1608 5527 homo
1653 5487 1682 5526 a
1718 5471 1827 5527 Deo
1867 5482 2199 5545 assumptus,

614 5563 861 5637 ascendit
887 5576 1047 5631 super
1072 5574 1263 5629 omnes
1290 5560 1519 5615 virtutes
1552 5562 1885 5633 angelorum,
1916 5564 2198 5621 Psalmista

617 5662 870 5719 testante,
915 5653 1004 5724 qui
1044 5652 1115 5706 ait
1145 5667 1159 5705 :
1195 5669 1212 5702 ι
1248 5651 1313 5708 Et
1350 5652 1591 5708 ascendit
1621 5670 1781 5726 super
1816 5656 2108 5712 Cherubim
2146 5665 2200 5714 et

618 5748 838 5819 volavit,
860 5746 1059 5805 volavit
1081 5762 1241 5818 super
1261 5762 1467 5819 pennas
1489 5759 1769 5805 ventorum
1793 5748 1965 5822 (Psal.
1989 5751 2143 5822 xvu).
2172 5771 2189 5804 ι

618 5843 899 5915 llodierntc
947 5845 1277 5915 ascensionis
1318 5845 1640 5918 singularem
1677 5846 1912 5901 volatum
1957 5845 2193 5901 miraba-

2320 597 2338 630 r
2368 578 2506 634 Ecce
2547 580 2646 635 iste
2696 579 2842 634 venit
2885 578 3085 634 saliens
3130 579 3182 633 in
3233 579 3528 645 montibus,
3583 581 3856 640 transiliens

2312 672 2473 727 colles
2519 671 2693 743 (Cant.
2731 672 2791 744 ι).
2826 692 2843 722 ι
2906 670 3075 727 Hodie
3119 670 3257 726 facta
3296 678 3379 726 est
3419 686 3561 726 nova
3609 671 3778 729 laetitia
3814 679 3854 733 in

2310 764 2447 819 calo
2475 765 2808 836 angelorum,
2840 765 2965 835 quia
2995 765 3158 820 homo
3187 764 3427 834 perditus
3471 778 3571 835 per
3607 763 3853 825 Dominum

2310 869 2596 915 revocatus
2629 869 2711 916 est
2746 860 2812 913 ad
2847 874 3009 931 regna
3038 858 3313 914 malorum.
3372 858 3527 925 Quod
3558 867 3728 914 autem
3765 864 3852 941 ait,

2316 976 2334 1008 ‹
2366 955 2433 1011 Et
2463 957 2612 1013 sedet
2637 973 2668 1011 a
2694 957 2900 1013 dextris
2920 956 3037 1031 Dei,
3068 976 3086 1009 ι
3123 973 3227 1011 non
3256 956 3398 1011 Deus
3427 956 3591 1013 Pater
3618 958 3852 1015 dexteram

2309 1044 2510 1101 habere
2542 1046 2841 1102 credendus
2872 1055 2954 1102 est
2987 1047 3125 1101 sicut
3154 1061 3273 1111 nos,
3302 1045 3392 1116 qui
3427 1047 3764 1117 incorporeus
3794 1060 3853 1104 est

2292 1146 2361 1213 ,ει
2389 1137 2701 1203 immensus,
2736 1139 2828 1194 sed
2863 1147 3005 1193 totus
3042 1138 3251 1203 dexter,
3297 1140 3424 1210 quia
3460 1147 3613 1194 totus
3650 1149 3726 1197 est
3759 1158 3852 1196 san-

2306 1236 2445 1285 ctus.
2504 1230 2672 1301 Igitur
2720 1230 2773 1284 in
2828 1230 3048 1286 dextera
3098 1229 3229 1296 Dei,
3278 1230 3609 1300 :cqualitatis
3652 1234 3849 1307 potentia

2307 1318 2636 1392 designatur.
2669 1320 2748 1374 Ad
2773 1326 3047 1376 dexteram
3070 1336 3199 1393 ergo
3223 1322 3314 1377 Dei
3338 1321 3531 1378 sedere
3553 1322 3846 1387 describitur,

2306 1415 2429 1485 quia
2458 1414 2751 1479 hominem,
2780 1431 2937 1486 quem
2962 1430 3026 1470 ex
3056 1417 3210 1471 nobis
3243 1418 3558 1489 assumpsit,
3589 1434 3681 1489 per
3706 1435 3847 1475 ascen-

2306 1506 2512 1560 sionem
2543 1506 2822 1562 Divinitati
2865 1508 3113 1572 sociavit,
3156 1510 3222 1564 de
3266 1525 3375 1580 quo
3404 1525 3506 1580 per
3551 1509 3843 1583 Psalmistam

2306 1597 2502 1651 dicitur
2533 1616 2544 1651 :
2585 1618 2602 1648 ι
2634 1598 2777 1653 Dixit
2800 1599 3059 1655 Dominus
3087 1600 3315 1655 Domino
3346 1617 3502 1667 meo,
3541 1602 3665 1657 sede
3700 1618 3725 1655 a
3754 1605 3846 1657 dex-

2307 1690 2404 1745 tris
2444 1691 2594 1745 meis.
2653 1691 2833 1747 Donec
2881 1708 3074 1762 ponam
3131 1694 3378 1751 inimicos
3426 1705 3551 1750 tuos
3605 1694 3843 1751 scabellum

2303 1779 2497 1848 pedum
2529 1789 2740 1835 tuorum
2779 1778 2948 1850 (Psal.
2995 1782 3128 1853 crx).
3167 1803 3183 1833 ι
3218 1782 3370 1839 Sicut
3400 1784 3552 1839 enim
3583 1785 3634 1838 in
3674 1785 3843 1839 sinistra

2227 1857 2275 1918 Β
2303 1871 2515 1941 reprobi
2551 1872 2783 1943 ponendi
2827 1881 2970 1937 sunt,
3014 1873 3085 1927 ita
3130 1874 3196 1928 ad
3240 1874 3520 1929 dexteram
3557 1874 3727 1939 electi,
3762 1875 3843 1944 ipso

2297 1961 2477 2032 judice
2505 1970 2661 2028 teste,
2698 1964 2788 2034 qui
2813 1963 2887 2019 ait
2918 1982 2929 2017 :
2965 1982 2983 2015 ι
3013 1962 3229 2019 Statuet
3264 1966 3485 2035 quidem
3525 1981 3652 2021 oves
3686 1982 3712 2020 a
3749 1965 3842 2019 dex-

2303 2058 2425 2122 tris,
2469 2058 2652 2113 hredos
2700 2068 2877 2114 autem
2932 2074 2961 2112 a
3008 2059 3245 2114 sinistris
3298 2057 3519 2130 (Matth.
3575 2060 3757 2131 xxv)»
3812 2058 3841 2111 Α

2302 2149 2503 2205 dextris
2542 2150 2704 2222 igitur
2731 2150 2823 2205 Dei
2856 2150 3046 2206 sedere
3085 2150 3298 2215 dicitur,
3346 2159 3403 2205 ut
3450 2150 3522 2205 ibi
3568 2168 3624 2207 se
3666 2160 3838 2206 ventura

2302 2242 2526 2295 credant
2550 2255 2671 2296 esse
2701 2242 2962 2303 membra,
2996 2256 3103 2312 quo
3124 2243 3285 2314 eaput
3306 2258 3465 2297 suum
3499 2244 3716 2297 audiunt
3740 2256 3838 2311 prae-

2301 2334 2552 2398 cessisse,
2586 2334 2725 2388 sicut
2764 2349 2862 2404 per
2897 2332 3210 2404 Apostolum
3254 2335 3454 2390 dicitur
3484 2355 3494 2389 :
3528 2356 3544 2387 ‹
3580 2335 3635 2390 Si
3664 2349 3836 2390 consur-

2300 2424 2519 2480 rexistis
2557 2441 2680 2481 cum
2707 2424 2943 2487 Christo,
2978 2441 3097 2498 quae
3125 2442 3339 2482 sursum
3367 2436 3495 2481 sunt
3525 2426 3754 2499 quaerite,
3776 2424 3836 2476 ubi

2300 2516 2548 2574 Christus
2591 2528 2676 2574 est
2712 2519 2779 2581 ,in
2828 2518 3049 2574 dextera
3090 2518 3185 2573 Dei
3237 2520 3428 2574 sedens
3476 2516 3692 2593 (Colon.
3722 2518 3832 2585 ιιι).›

2300 2610 2573 2679 Quaeritur
2623 2622 2803 2666 autem
2855 2628 3024 2682 quare
3084 2612 3297 2668 Marcus
3350 2612 3533 2678 dicat,
3598 2630 3617 2663 r
3658 2610 3838 2666 Sedeta

2300 2702 2508 2767 dextris
2530 2701 2649 2766 Dei,
2683 2721 2702 2754 ι
2736 2718 2856 2758 cum
2885 2701 3194 2774 Stephanus
3222 2704 3422 2759 referat
3458 2723 3470 2757 :
3512 2722 3531 2755 ι
3559 2703 3687 2760 Ecce
3722 2700 3841 2757 video

2300 2793 2467 2850 etelos
2495 2802 2741 2864 apertos,
2774 2802 2829 2849 et
2851 2792 3034 2848 Jesum
3065 2802 3296 2853 stantem
3324 2810 3354 2849 a
3383 2795 3588 2851 dextris
3616 2792 3699 2848 Dei
3724 2791 3839 2862 (Act.

2302 2887 2417 2953 vn).
2451 2906 2469 2938 ι
2519 2885 2655 2953 Quid
2690 2893 2776 2941 est
2803 2886 2946 2956 quod
2975 2886 3079 2941 iste
3109 2888 3249 2942 hunc
3286 2888 3587 2954 sedentem,
3632 2884 3711 2955 ille
3746 2899 3841 2938 vero

2300 2988 2527 3037 stantem
2573 2990 2981 3045 commemorat,
3038 2980 3141 3035 nisi
3182 2982 3318 3051 .quia
3374 2984 3573 3039 seJere
3608 2976 3840 3049 regnantis

2298 3082 2401 3140 est,
2435 3081 2579 3129 stare
2617 3083 2796 3130 autem
2836 3074 3125 3145 pugnantis
3167 3075 3249 3130 vel
3289 3075 3604 3145 adjuvantis
3629 3075 3651 3129 ?
3678 3073 3839 3129 Marcus

2300 3183 2430 3223 vero
2472 3174 2594 3236 post
2648 3167 3020 3223 ascensionem
3088 3168 3232 3223 hunc
3281 3168 3561 3223 sedentem
3619 3164 3834 3225 describit,

2302 3258 2604 3329 quianunc
2647 3273 2769 3313 cum
2817 3257 2979 3314 Patre
3009 3257 3219 3328 judicat
3250 3259 3452 3323 omnia,
3486 3259 3557 3314 ad
3590 3267 3835 3323 extre-mutu

2295 3350 2460 3421 iudex
2504 3359 2588 3405 est
2631 3349 2872 3405 omnium
2916 3354 3195 3406 venturus.
3257 3349 3569 3422 Stephanus
3617 3359 3771 3407 autem
3802 3346 3833 3399 in

2302 3444 2599 3503 certamine
2632 3445 2861 3516 positus,
2891 3452 3123 3505 stantem
3152 3459 3276 3499 eum
3302 3444 3455 3510 vidit,
3487 3439 3828 3515 quemadjute

2302 3554 2419 3594 rem
2468 3536 2719 3609 sumpsit,
2761 3537 2886 3608 quia
2914 3536 3002 3591 ille
3037 3550 3135 3607 pro
3164 3534 3439 3606 Stephano
3469 3535 3744 3606 pugnabat,
3769 3526 3827 3599 qui

2303 3631 2350 3688 ei
2384 3638 2445 3684 ut
2468 3630 2709 3689 vinceret
2737 3628 3092 3684 retribuebat.

2380 3739 2398 3772 ι
2452 3718 2530 3774 llli
2581 3727 2761 3774 autem
2813 3717 3038 3788 profecti
3089 3718 3528 3788 praedicaverunt
3592 3716 3825 3785 ubique!

2301 3810 2739 3866 Praedicaverunt
2769 3824 3003 3878 namque
3039 3809 3257 3879 ubique,
3310 3817 3370 3864 ut
3413 3807 3714 3880 impleretur
3747 3817 3830 3873 pm-

2300 3900 2506 3972 phetia,
2548 3915 2669 3970 qua:
2709 3899 2838 3953 dicit
2872 3916 2884 3951 :
2921 3916 2939 3948 ι
2968 3898 3024 3952 Ιιι
3056 3914 3273 3955 omnem
3307 3908 3513 3957 terram
3537 3898 3693 3958 exivit
3711 3906 3828 3950 sonus

2301 4009 2512 4058 eorum,
2564 4001 2618 4047 et
2666 3992 2718 4046 in
2766 3990 2901 4046 lines
2931 3990 3079 4046 orbis
3109 3998 3265 4047 terrae
3300 3992 3469 4049 verba
3506 4005 3680 4051 eorum
3705 3981 3827 4058 (Psal.

2303 4083 2482 4153 xvut).
2517 4103 2534 4134 ι
2597 4082 2664 4138 Ει
2694 4083 2889 4138 iterum
2926 4101 2938 4136 :
2973 4102 2989 4133 ι
3020 4081 3141 4138 Non
3170 4094 3299 4140 sunt
3329 4084 3558 4155 loquela:
3587 4096 3736 4152 neque
3757 4088 3829 4130 scr-

2303 4189 2511 4238 mones,
2538 4189 2767 4244 quorum
2797 4188 2903 4229 non
2927 4174 3219 4231 audiantur
3240 4191 3401 4231 voces
3420 4190 3609 4233 eorum
3631 4167 3824 4245 (Ibid):

2301 4267 2413 4323 Nec
2449 4268 2745 4337 putandum
2776 4274 2881 4332 est,
2911 4268 3053 4339 quod
3082 4268 3262 4325 statim
3299 4278 3421 4339 post
3467 4265 3666 4326 Domini
3690 4273 3828 4316 ascen.

2302 4362 2507 4418 sionem
2531 4360 2727 4430 ubique
2752 4360 2818 4415 ad
2846 4360 3247 4431 prmdicandutn
3272 4362 3381 4425 sint
3414 4361 3590 4425 missi,
3616 4356 3699 4414 sed
3716 4353 3827 4423 ium

2304 4453 2517 4515 Domini
2550 4453 2847 4525 jussionem
2876 4436 3195 4517 manserunt
3239 4452 3291 4507 in
3336 4452 3577 4517 civitate,
3612 4450 3827 4520 quousqth

2302 4548 2502 4602 virtute
2530 4545 2883 4603 induerentur
2911 4558 2979 4598 ex
3005 4543 3133 4597 alto.
3186 4542 3484 4613 Postquam
3516 4540 3723 4611 Spiritus
3736 4546 3823 4624 sunt

2303 4640 2375 4696 cti
2406 4639 2543 4693 dona
2575 4644 2953 4708 perceperunt,
3000 4635 3235 4705 primum
3282 4634 3491 4691 Judwis
3528 4633 3723 4688 verbum
3760 4622 3822 4675 Dei

2304 4731 2782 4795 annuntiaverunt,
2814 4737 2873 4784 ut
2907 4728 3014 4784 illis
3040 4744 3146 4783 non
3176 4729 3541 4791 credentibus,
3566 4726 3692 4795 justo
3709 4714 3823 4810 [ιεξξὶε

2303 4827 2371 4882 ad
2405 4832 2594 4898 gentes
2623 4821 3048 4893 transmigratio,
3073 4821 3211 4878 sicut
3234 4821 3334 4891 ipsi
3364 4820 3646 4878 dixerunt:
3672 4831 3687 4862 ι
3708 4804 3821 4862 Vobis

2304 4917 2520 4990 quidem
2550 4923 2862 4987 oportuerat
2891 4914 3123 4984 primum
3155 4912 3299 4985 loqui
3331 4915 3554 4969 verbum
3600 4905 3683 4964 Dei
3720 4899 3816 4971 (Λίλσ

2304 5012 2450 5071 xm).
2482 5031 2499 5061 ι
2562 5008 2715 5066 Unde
2757 5008 2883 5066 olim
2922 5024 3046 5065 cum
3068 5008 3389 5079 praediceret
3417 5006 3660 5079 propheta
3682 4998 3817 5089 geates

2307 5103 2719 5174 concorporales
2744 5112 2798 5157 et
2826 5099 3133 5163 coltieredes
3160 5099 3277 5157 ﬁeri
3321 5100 3568 5161 Ecclesia:
3603 5090 3699 5151 Dei.

2312 5217 2330 5250 ι
2363 5196 2558 5255 Parum
2590 5204 2672 5251 est
2699 5202 2757 5249 ut
2785 5194 2860 5249 sis
2889 5192 3022 5257 mihi
3051 5206 3237 5253 servus
3260 5192 3327 5251 ad
3353 5186 3672 5248 suscitandas
3692 5175 3815 5232 uiuus

2304 5266 2488 5353 Jacob,
2549 5294 2606 5341 et
2660 5284 2802 5345 feces
2839 5281 3004 5339 Israel
3038 5283 3466 5349 conuertendas.
3513 5302 3530 5332 ι
3572 5276 3645 5335 .Et
3687 5269 3812 5323 item:

2312 5401 2329 5432 ι
2358 5380 2487 5435 Dedi
2522 5387 2572 5433 te
2613 5378 2665 5431 in
2705 5376 2877 5431 lucem
2908 5373 3177 5445 gentium.
3209 5394 3226 5425 ι
3270 5374 3354 5429 .Et
3404 5382 3644 5443 rursum:
3680 5355 3815 5445 (119":

2304 5487 2402 5544 gos
2432 5470 2518 5525 fac
2548 5466 2813 5523 funiculos
2846 5435 3075 5528 tuomet
3099 5466 3281 5523 clavos
3312 5475 3434 5522 tuos
3463 5435 3721 5522 consolida.
3756 5435 3812 5496 Αιί

2302 5565 2581 5633 dexteram
2606 5560 2748 5617 enim
2775 5567 2831 5615 et
2859 5559 3045 5614 laevam
3067 5560 3402 5629 penetrabis,
3431 5569 3483 5615 et
3512 5563 3675 5612 semen
3698 5545 3811 5633 tuuui

2300 5663 2489 5727 gentes
2526 5630 2870 5717 ,lttereditabit
2914 5648 3049 5722 (Isa.
3100 5666 3247 5716 χιιι,
3289 5667 3420 5716 χιιι,
3470 5648 3589 5715 Liv).
3620 5659 3660 5742 in
3682 5630 3731 5686 Et

2302 5761 2522 5823 putares
2561 5748 2832 5820 apostolos
2873 5748 2941 5802 ad
2974 5747 3369 5818 praedicandum
3414 5730 3811 5823 ubique-EWWT

2300 5818 2430 5899 lium
2459 5818 2679 5901 idoneos
2699 5857 2795 5897 sua
2819 5842 3012 5903 virtute
3032 5856 3151 5898 esse
3169 5882 3182 5905 ,
3210 5840 3528 5917 evangelista
3555 5840 3650 5885 rem
3669 5818 3809 5874 θεων
