4014 6354
153 412 268 469 540

1407 410 1712 468 ΗΟΜιιιίΕ
1751 410 1838 465 DE
1878 407 2226 465 TEMPORE.

3324 411 3430 466 550

155 535 365 588 sariam
412 532 673 601 adiunxit,
722 530 945 587 dicens:
984 550 1001 581 ι
1062 531 1289 587 Domino
1332 538 1654 601 cooperante
1700 540 1755 585 et
1781 532 1830 590 Α
1864 545 1882 576 ι
1924 525 2106 582 Jesum
2127 525 2400 587 Christum
2423 526 2705 582 Dominum
2729 534 2994 587 nostrum.
3031 545 3049 577 ι
3084 525 3162 580 Ex
3182 528 3433 585 omnibus

157 641 473 682 sermonem
518 625 873 681 confirmante
919 626 1269 696 sequentibus
1311 626 1501 695 signis.
1532 645 1550 676 ι
1614 624 1755 680 Con-

159 715 407 771 firmavit
432 715 692 771 Dominus
717 732 1021 772 sermonem
1070 715 1435 787 apostolorum
1485 713 1755 785 sequenti-

157 808 266 864 bus
298 808 492 879 signis,
532 810 747 878 quando
791 823 889 879 per
930 822 1024 865 eos
1061 808 1187 863 talia
1232 808 1484 878 signaet
1532 808 1757 863 virtutes

157 899 438 965 ostendit,
480 910 539 954 ut
575 899 752 954 nullus
787 899 1088 955 doctrinam
1134 914 1323 956 eorum
1369 913 1436 955 ex
1464 899 1587 954 Deo
1639 912 1758 953 esse

160 992 460 1059 dubitaret,
494 995 581 1064 qui
604 996 739 1049 mira
757 996 1139 1065 eonspiciebat.
1170 995 1323 1050 ’l‘alia
1346 1010 1476 1049 vero
1495 995 1651 1065 signa
1664 1008 1761 1063 per

162 1099 261 1139 eos
293 1084 444 1149 fecit,
470 1095 529 1140 ut
553 1086 714 1141 etiam
747 1088 965 1157 quidam
994 1096 1369 1157 persecutores
1401 1095 1454 1142 et
1485 1084 1761 1142 contradi-

167 1184 356 1232 ctores
399 1178 706 1247 compuneti
760 1179 1081 1233 crederent:
1108 1187 1167 1233 ut
1205 1179 1503 1233 dumunus
1532 1177 1760 1232 resusci-

166 1277 385 1322 tapetur
429 1269 797 1339 corporaliter,
843 1271 992 1325 multi
1021 1271 1477 1327 resuscitarentur
1502 1271 1760 1341 spiritali-

168 1369 255 1416 ter
298 1379 312 1416 :
346 1372 405 1418 et
425 1364 550 1419 dum
581 1381 720 1420 unus
744 1368 1112 1423 sanareturin
1141 1382 1385 1439 corpore,
1419 1368 1572 1423 multi
1601 1382 1764 1423 sana-

160 1456 367 1510 rentur
398 1456 452 1510 in
486 1458 684 1512 anima.
728 1458 852 1515 Sed
889 1460 988 1530 ipsi
1019 1462 1243 1531 apostoli
1276 1476 1578 1518 sermonem
1605 1477 1762 1517 suum

168 1547 660 1616 confirmaverunt,
707 1550 817 1606 Deo
877 1568 1057 1608 secum
1127 1564 1453 1625 cooperante
1483 1595 1495 1618 ,
1546 1555 1763 1625 quando

169 1642 320 1711 quod
352 1642 471 1699 aliis
510 1645 940 1713 praedicaverunt
978 1649 1173 1713 verbis,
1213 1649 1362 1719 prius
1409 1648 1766 1720 impleverunt

168 1732 452 1801 operibus.
509 1734 806 1791 Confirmat
831 1748 1010 1794 autem
1043 1738 1230 1797 doctor
1251 1756 1406 1795 suum
1437 1755 1760 1801 sermonem,

169 1826 398 1892 quando
433 1827 575 1896 quod
612 1827 745 1882 alios
775 1832 948 1895 docet,
977 1830 1089 1900 ipse
1122 1832 1270 1900 prius
1299 1846 1460 1901 opere
1495 1832 1759 1902 complet:

1854 618 2011 677 bonis
2037 634 2159 688 quae
2199 618 2337 675 Deus
2375 620 2623 676 humanae
2654 619 2840 677 tribuit
2866 619 3129 690 largitati,
3156 619 3255 689 ipsi
3290 634 3433 677 sem-

1854 727 1951 782 per
1978 715 2046 769 ab
2072 690 2377 771 homiu'iibus
2404 711 2535 766 laus
2564 722 2616 769 et
2642 714 2937 785 gratiarum
2969 712 3110 777 actio
3144 711 3432 777 referatur,

1855 815 1916 860 ut
1955 806 2151 862 exinde
2184 806 2353 865 vitam
2386 812 2643 860 aeternam
2673 805 2726 860 in
2765 821 2828 862 ea
2860 804 3078 867 laudum
3105 806 3432 877 gratiarum-

1857 912 1959 966 que
1989 897 2203 952 actione
2250 896 2411 967 digna
2456 905 2835 967 permanentes
2864 896 3280 961 observatione,
3326 912 3437 957 mc-

1861 988 2254 1044 reanturJdeo
2280 1000 2501 1044 necesse
2536 996 2639 1051 est,
2665 996 2723 1041 ut
2750 988 2947 1056 saepius
2975 988 3275 1057 cogitemus
3303 1002 3435 1059 qua-

1858 1076 1937 1133 les
1965 1076 2126 1132 futuri
2159 1092 2344 1132 sumus
2376 1076 2427 1131 in
2459 1074 3097 1145 diejndicii,.purissimis
3128 1077 3437 1149 angelorum

1859 1168 2236 1238 couspectibus
2260 1164 2518 1225 oll‘erendi
2534 1208 2548 1233 ,
2578 1175 2632 1225 et
2658 1176 2863 1225 reterno
2882 1166 3053 1236 judici
3082 1168 3348 1229 rationem
3373 1166 3439 1222 de

1860 1260 2385 1321 librisconscieutize
2413 1258 2692 1321 reddituri.
2722 1257 2967 1314 Remotis
2998 1260 3247 1323 omnibus
3293 1257 3436 1321 enim

1860 1351 2291 1423 probationibus,
2325 1362 2534 1415 certum
2565 1362 2648 1407 est
2677 1352 2729 1409 in
2768 1352 2856 1406 die
2885 1351 2972 1409 illa
3001 1350 3177 1422 ipsum
3214 1361 3341 1409 ante
3382 1366 3442 1407 se

1863 1445 2137 1501 hominem
2165 1444 2626 1510 constituendum,
2651 1454 2705 1501 et
2733 1444 2907 1516 ipsam
2922 1444 3029 1505 sibi
3048 1444 3287 1505 animam
3322 1459 3441 1500 cor-

1861 1534 1945 1591 dis
1977 1535 2193 1606 speculo
2226 1535 2724 1602 demonstrandam,
2752 1544 2826 1592 .et
2876 1543 3042 1595 testes
3088 1546 3275 1591 contra
3323 1550 3443 1590 eam

1864 1642 1970 1684 non
2014 1629 2079 1685 de
2126 1627 2257 1684 foris
2282 1628 2653 1695 aliunde,.sed
2684 1628 2827 1685 intus
2853 1629 2922 1689 de
2944 1630 3235 1699 semetipsa
3266 1627 3444 1698 perfe-

1865 1719 2079 1775 rendos.
2109 1718 2423 1790 Adjicienda
2450 1730 2611 1775 erunt
2640 1735 2747 1777 non
2776 1720 2962 1790 aliqua
3002 1720 3309 1791 peregrina,
3345 1720 3440 1776 sed

1864 1810 2044 1864 omnia
2080 1810 2383 1869 testimonia
2411 1822 2561 1877 nota,
2590 1812 2641 1867 id
2671 1823 2755 1867 cst
2778 1827 2943 1883 opera
2978 1827 3097 1869 sua.
3156 1810 3445 1867 Vincamus

173 1915 331 1971 illum
384 1918 583 1972 bonum
634 1920 910 1975 doctorem
957 1922 1193 1991 imitans,
1240 1924 1307 1978 de
1352 1938 1459 1993 quo
1505 1924 1763 1992 scriptum

1882 1916 1995 1974 :rgo
2020 1903 2320 1974 voluptates
2362 1914 2418 1959 et
2448 1905 2788 1960 intentiones
2833 1917 3072 1970 nostras,
3121 1904 3247 1961 dum
3293 1902 3449 1959 nobis

171 2019 259 2062 est
291 2022 310 2063 :
346 2028 362 2061 ι
392 2009 565 2081 Coepit
601 2011 966 2069 .lesus’facere
993 2022 1047 2070 et
1078 2015 1276 2070 docere
1307 2015 1442 2085 (Act.
1474 2016 1536 2085 ι).
1568 2035 1585 2066 ι

692 2163 990 2227 .HOMILIA
1042 2164 1245 2222 XCVII.

454 2309 707 2351 DOMINICA
746 2312 877 2352 POS’I‘
914 2312 1266 2353 ASCENSIONEM
1306 2312 1512 2353 DOIINI.

256 2430 325 2500 (.l
353 2428 521 2489 Pera.
570 2430 665 2501 Iv.)
696 2450 713 2479 ι
742 2430 1057 2486 Charissimi
1088 2450 1099 2485 :
1130 2416 1313 2486 Estote
1361 2430 1671 2500 prudentes,
1719 2439 1774 2483 et

182 2539 203 2572 ι
235 2520 465 2591 vigilate
490 2521 542 2574 in
572 2521 927 2579 orationibus.
952 2540 968 2570 ι
1005 2521 1066 2575 Et
1096 2522 1320 2592 reliqua.
1345 2521 1649 2591 Apostolica
1676 2535 1774 2575 uos

181 2612 379 2675 verba,
399 2610 594 2671 fratres
608 2612 935 2676 eharissimi,
953 2612 1294 2668 considerare
1321 2622 1552 2683 oportet,
1578 2628 1697 2682 quae
1720 2612 1773 2665 in

184 2704 442 2775 przesenti
489 2702 719 2758 lectione
753 2703 1214 2763 beatnmi’etrum
1258 2721 1352 2760 nos
1398 2708 1772 2761 admonentem

188 2804 356 2866 atque
378 2794 658 2855 docentem
690 2794 1012 2851 audivimus.
1073 2815 1090 2845 ι
1127 2795 1306 2849 Estole
1333 2797 1515 2866 itaque
1542 2797 1775 2866 pruden-

192 2897 381 2955 tes,-et
410 2887 625 2959 vigilate
666 2888 719 2943 in
757 2888 1110 2944 orationibus.
1151 2907 1169 2939 ι
1225 2888 1569 2959 Complenles
1612 2902 1774 2958 opere

195 2996 257 3039 ea
294 2988 585 3053 “desunt
619 2979 672 3037 in
696 2980 1001 3051 .Evangelio
1038 2980 1259 3049 scripta.

272 3090 290 3123 ‹
324 3072 462 3137 Ante
506 3070 685 3126 omnia
741 3080 917 3127 autem
978 3080 1216 3129 mutuam
1270 3071 1322 3127 in
1376 3070 1776 3142 vobismetipsis

208 3179 227 3213 ι
256 3160 575 3218 cbaritatem
606 3161 914 3217 continuam
943 3162 1217 3217 habentes.
1256 3182 1272 3214 ι
1320 3161 1444 3219 Haec
1483 3163 1625 3218 enim
1668 3179 1779 3218 ma-

1868 2003 2078 2063 tempus
2108 1992 2237 2049 illud
2265 1994 2791 2065 exspectatissimum
2822 2009 2888 2049 ac
2907 1994 3279 2051 beatissimum
3304 1992 3447 2050 felici

1867 2084 2162 2140 mutatione
2187 2092 2403 2141 mternze
2430 2084 2554 2139 vitae
2580 2084 2843 2149 succedit,
2884 2086 3098 2154 quando
3137 2083 3447 2155 implebitur

1866 2173 1997 2228 illud
2021 2175 2164 2244 quod
2191 2174 2451 2231 Dominus
2497 2175 2629 2230 dicit
2670 2193 2683 2229 :
2736 2175 2908 2233 Erunt
2952 2177 3201 2237 homines
3245 2175 3449 2231 similes

1869 2263 2075 2333 angelis
2106 2264 2307 2320 sanctis
2335 2264 2529 2337 (Marc.
2556 2265 2678 2338 xu).
2701 2265 2760 2322 In
2782 2267 3018 2324 assiduis
3043 2270 3185 2324 enim
3211 2267 3446 2335 ﬂetibus,

1871 2356 1924 2411 in
1983 2357 2301 2425 quotidiana
2348 2359 2518 2415 simus
2569 2369 2753 2415 nostra
2806 2361 3144 2431 ptenitentia,
3191 2361 3450 2423 habemus

1872 2448 2208 2503 sacerdotem
2253 2448 2307 2503 in
2349 2449 2522 2515 cmlis,
2545 2452 2638 2521 qui
2673 2451 2978 2522 interpellat
3004 2468 3119 2523 .pro
3168 2453 3343 2518 nobis,
3385 2452 3451 2508 de

1872 2555 1980 2609 quo
2007 2541 2167 2597 etiam
2203 2556 2301 2611 per
2335 2540 2599 2597 Joannem
2647 2543 2888 2599 dicitur:
2936 2562 2955 2594 ‹
2995 2541 3053 2599 Si
3096 2544 3219 2614 quis
3262 2558 3426 2613 pecca

1874 2632 2033 2696 verit,
2050 2631 2375 2687 advocatum
2403 2633 2663 2689 habemus
2692 2633 2832 2703 apud
2858 2632 3073 2691 Patrem
3093 2633 3278 2690 Iesum
3305 2635 3456 2692 Chri-

1875 2732 2018 2779 stum
2060 2723 2294 2793 justum,
2329 2734 2384 2780 et
2433 2725 2547 2795 ipse
2582 2736 2667 2782 est
2717 2727 3030 2798 propitiatio
3075 2744 3173 2798 pro
3218 2730 3457 2800 peccatis

1874 2814 2077 2869 nostris
2128 2813 2178 2884 (1
2206 2814 2477 2887 Ιοιιη.ιι).
2537 2837 2556 2868 ι
2599 2817 2736 2873 Ecce
2787 2817 3023 2873 exsultat
3072 2818 3285 2875 animus
3331 2834 3454 2874 cum

1875 2908 2121 2964 advocati
2169 2909 2338 2965 nostri
2385 2910 2680 2979 potentiam
2710 2910 3100 2978 audimus,.sed
3131 2910 3453 2968 exsultatio-

1876 3015 2006 3057 nem
2043 3011 2284 3057 nostram
2314 3000 2509 3057 iterum
2538 3001 2810 3059 remordet
2839 3003 3172 3072 timor,.quia
3202 3003 3316 3073 ipse
3366 3002 3458 3073 qui

1878 3094 2035 3151 nobis
2067 3096 2363 3151 advocatus
2387 3100 2492 3162 est,
2517 3095 2717 3153 dicitur
2733 3095 2934 3167 justus.
2968 3097 3079 3157 Nos
3092 3098 3241 3155 enim
3267 3112 3460 3154 causas

1883 3184 2166 3254 iniustitiae
2213 3185 2473 3240 habemus
2495 3226 2510 3253 ,
2534 3186 2714 3256 justus
2745 3202 2873 3243 vero
2909 3188 3206 3255 advocatus
3235 3189 3462 3260 injustas

200 3253 287 3350 jor
315 3268 431 3308 esse
461 3254 714 3350 omnibus
745 3254 1049 3350 virtutibus
1103 3255 1361 3311 creditur.
1419 3276 1437 3307 ‹
1474 3256 1608 3324 Quia
1648 3258 1782 3313 cha-
1810 3258 1856 3322 C
1889 3291 2082 3333 causas
2120 3274 2266 3331 ηυιιο
2307 3277 2466 3333 ιηοὼ
2492 3253 2739 3348 uiscum,
2767 3293 2870 3335 nec
2893 3253 3056 3339 νεὼς,
3082 3280 3215 3335 dare
3242 3253 3341 3350 ριῖο
3379 3281 3463 3336 in-

210 3342 345 3398 ritas
390 3345 560 3412 operit
606 3345 1003 3407 multitudinem
1052 3358 1416 3417 peccatorum.
1470 3370 1486 3402 ι
1548 3348 1781 3405 Suorum

212 3435 457 3492 videlicet
481 3447 534 3493 et
559 3438 724 3502 illius,
753 3455 910 3509 quem
942 3454 1036 3509 per
1066 3456 1219 3496 suam
1249 3444 1551 3499 doctrinam
1576 3444 1645 3499 ad
1668 3459 1782 3500 mc-

210 3524 394 3587 liorem
422 3530 751 3587 converterit
786 3531 972 3586 vitam.

282 3638 300 3670 ς
337 3620 637 3692 Hospitales
674 3624 899 3681 invicem
940 3627 1057 3682 sine
1106 3628 1552 3684 murmuratione.
1585 3650 1603 3682 ι
1649 3630 1788 3684 Mur-

209 3714 439 3767 muratio
475 3716 616 3771 enim
667 3717 825 3771 noxia
875 3727 960 3773 est
1011 3720 1265 3789 operibus
1321 3721 1497 3796 bonis.
1551 3722 1619 3777 Et
1668 3724 1788 3779 ideo

210 3806 487 3966 («Illiilcarem
525 3809 781 3968 )datorem
837 3811 965 3867 dicit
1006 3812 1293 3882 Apostolus
1334 3814 1563 3887 diligere
1617 3816 1785 3872 Deum

360 3914 437 3951 or.
468 3914 521 3952 Ix
552 3936 564 3950 .
598 3917 616 3950 ι

360 3914 437 3951 or.
468 3914 564 3952 IXI.
598 3917 616 3950 1

283 4007 300 4038 ι
330 3987 707 4059 Unusquisque
754 3992 890 4047 sicut
930 3993 1139 4064 accepit
1178 3996 1429 4067 gratiam,
1487 3998 1537 4049 in
1592 3996 1789 4051 alteru-

216 4100 232 4131 α
258 4089 402 4135 trum
425 4081 570 4139 illam
593 4084 1053 4153 administrantes,
1079 4089 1219 4143 sicut
1240 4089 1362 4144 boni
1393 4089 1789 4158 dispensatores

218 4188 235 4221 ι
264 4171 610 4229 multiformis
651 4176 836 4245 gratiae
885 4176 999 4232 Dei.
1037 4197 1057 4229 ι
1116 4180 1314 4235 Dantes
1360 4189 1578 4249 propter
1624 4180 1788 4235 Deum

214 4263 429 4332 propria
473 4263 756 4336 diligenter
781 4267 1185 4338 iindigentibus.

286 4373 302 4404 ι
337 4351 395 4409 Si
444 4355 567 4425 quis
594 4355 852 4426 loquitur,
892 4359 1045 4427 quasi
1089 4375 1367 4421 sermones
1398 4361 1510 4421 Dei.
1548 4381 1567 4414 ›
1613 4362 1665 4417 Id
1712 4370 1794 4417 est

216 4454 400 4502 utnon
430 4446 759 4518 negligenter
781 4450 869 4519 qui
900 4450 1160 4519 praedicat
1182 4453 1657 4523 praeceptumDei,
1683 4456 1791 4511 Deo

1881 3365 2093 3437 iustitia
2139 3366 2429 3425 consentit.
2449 3366 2586 3433 Quid
2613 3384 2743 3439 ergo
2767 3370 3223 3439 agimus,.l'ratres
3249 3372 3459 3428 charis-

1886 3456 2188 3514 simi?-Sed
2214 3471 2344 3515 ecce
2370 3460 2609 3517 occurrit
2632 3459 2815 3516 animo
2854 3461 2998 3530 quod
3038 3477 3281 3535 agamus.
3326 3463 3465 3520 Mala

1887 3566 2007 3621 qua:
2038 3550 2285 3615 fecimus,
2316 3560 2373 3608 et
2393 3552 2711 3608 deseramus
2738 3561 2794 3609 et
2821 3554 3462 3627 accusemus..Scriptum

1887 3650 2010 3697 est:
2047 3662 2064 3695 ‹
2096 3641 2284 3699 Justus
2312 3643 2662 3715 in.principio
2682 3654 2971 3702 accusator
3014 3655 3099 3703 est
3148 3649 3232 3705 sui
3279 3645 3462 3719 (Prov.

1888 3737 2068 3809 xvm).
2118 3759 2136 3789 ι
2181 3736 2418 3804 Quilibet
2458 3738 2658 3794 etenim
2696 3747 2946 3808 peccator
2969 3756 3265 3799 conversus
3292 3741 3348 3797 in
3375 3741 3471 3798 ile-

1892 3830 2054 3894 tibus,
2075 3830 2188 3900 jam
2220 3830 2400 3900 justus
2427 3845 2548 3887 esse
2590 3831 2834 3897 inchoat,
2869 3847 2991 3888 cum
3020 3833 3268 3903 ,ueperit
3310 3847 3443 3892 accu

1892 3938 2015 3978 sare
2044 3923 2189 3993 quod
2220 3923 2370 3981 fecit.
2404 3923 2513 3979 (iur
2542 3924 2684 3981 enim
2722 3924 2835 3993 iam
2875 3925 3051 3995 justus
3096 3940 3203 3982 non
3245 3926 3350 3993 sit,
3377 3926 3471 3998 qui

1891 4026 2082 4075 contra
2106 4033 2260 4075 suam
2318 4017 2637 4089 iniustitiam
2670 4018 2783 4090 jam
2832 4033 2929 4088 per
2956 4018 3244 4091 .Iacrymas
3285 4020 3472 4075 saevit?

1892 4111 2079 4167 Jusms
2108 4110 2274 4181 igitur
2297 4111 2595 4167 advocatus
2627 4108 3027 4179 noster,justos
3072 4126 3180 4167 non
3222 4109 3475 4167 defendet

1894 4204 1949 4258 in
1970 4201 2192 4272 judicio,
2220 4204 2348 4273 quia
2376 4203 2736 4273 nosmetipsos
2763 4212 2820 4259 et
2858 4202 3237 4274 cognoscimus
3280 4210 3335 4257 et
3383 4217 3475 4258 ac-

1893 4310 2147 4351 cusamus
2176 4294 2426 4364 iniustos.
2455 4294 2573 4351 Non
2600 4310 2731 4367 ergo
2767 4295 2820 4349 in
2844 4294 3079 4361 ﬂetibus,
3100 4310 3207 4353 non
3239 4295 3292 4350 in
3340 4294 3475 4350 acti-

1894 4389 1997 4444 bus
2055 4388 2253 4443 nostris
2282 4427 2297 4454 ,
2356 4388 2452 4444 sed
2499 4388 2552 4442 in
2615 4388 2859 4444 advocati
2922 4388 3093 4443 nostri
3156 4385 3477 4441 allevatione

1896 4478 2256 4545 confidamus,
2286 4478 2379 4549 qui
2408 4478 2556 4535 .vivit
2599 4486 2880 4550 etregnat
2920 4478 2975 4533 in
3024 4477 3215 4535 saecla
3248 4475 3476 4533 saeculo-

217 4545 446 4608 reputet,
470 4553 574 4593 non
598 4539 942 4611 sibimetipsi,
978 4542 1069 4596 sed
1103 4544 1254 4612 quasi
1288 4560 1567 4601 sermones
1598 4546 1691 4601 Dei
1717 4545 1795 4602 lo-
1898 4587 2040 4635 mm,
2071 4539 2251 4628 amen;

216 4638 433 4699 quatur,
462 4641 522 4687 ut
546 4647 650 4689 non
679 4633 914 4690 humano
940 4650 1097 4693 sensu
1118 4653 1180 4690 ea
1212 4653 1330 4708 qua:
1356 4639 1572 4695 studeat
1596 4640 1795 4696 intelli-
1824 4635 1873 4695 D

218 4734 343 4789 gere
393 4722 688 4783 secundum
738 4724 1011 4782 carnalem
1057 4727 1260 4783 scilicet
1304 4730 1656 4800 sapientiam,
1703 4733 1797 4788 sed

220 4813 510 4881 secundum
551 4816 694 4886 quod
736 4815 969 4887 Spiritus
1011 4827 1228 4874 sanctus
1269 4821 1511 4888 dictavit,
1544 4838 1607 4878 eo
1640 4823 1798 4878 modo

222 4904 662 4974 spiritualiter.ea
689 4908 987 4982 intelligere
1008 4913 1222 4975 studeat
1257 4922 1312 4968 et
1342 4915 1596 4984 operibus
1627 4916 1801 4971 adim-

222 4995 390 5066 plere.

295 5110 314 5143 α
361 5090 422 5147 Si
441 5093 566 5162 quis
594 5093 882 5160 ministrat,
911 5105 1163 5169 tanquam
1184 5113 1251 5155 ex
1281 5100 1499 5166 virtute,
1522 5103 1799 5172 quemad-

233 5199 251 5232 ι
290 5184 567 5243 ministrat
595 5188 757 5243 Deus.
794 5207 811 5240 ι
841 5188 910 5245 Ut
929 5193 1108 5246 omnia
1140 5194 1234 5249 Dei
1259 5195 1401 5250 dona
1420 5195 1618 5251 divina:
1641 5213 1797 5269 repu-

231 5282 300 5330 tet
330 5276 553 5349 gratiae,
568 5278 808 5361 nihilque
838 5284 948 5341 suis
975 5285 1097 5354 quis
1144 5286 1353 5343 meritis
1395 5288 1592 5345 audeat
1639 5289 1804 5361 depu-

232 5376 344 5425 tare
375 5388 387 5423 :
431 5372 557 5442 quia
607 5353 805 5429 bonum
844 5353 1107 5447 quidquid
1138 5388 1224 5434 est
1260 5380 1313 5434 in
1347 5379 1679 5446 bomine,ex
1708 5353 1802 5437 Dei

234 5470 439 5525 tantum
461 5475 549 5523 est
568 5468 901 5538 operatione,
930 5486 1037 5527 non
1078 5489 1144 5527 ex
1174 5473 1698 5544 humana-sapientia
1722 5476 1805 5533 vel

234 5554 430 5613 virtute
455 5576 468 5611 :
503 5559 777 5616 humiliter
803 5571 982 5616 tamen
1007 5566 1316 5633 impendere
1343 5566 1603 5623 debemus
1624 5570 1806 5639 proxi-

234 5648 335 5703 mis
363 5650 565 5715 bonum
585 5655 726 5725 Quod
752 5656 1034 5723 habemus,
1051 5659 1174 5727 quia
1200 5661 1401 5717 scimus
1424 5678 1530 5718 non
1554 5679 1622 5719 ex
1651 5666 1805 5721 nobis

238 5755 352 5797 esse
385 5759 506 5813 quae
533 5747 835 5809 suntbona,
872 5750 963 5803 sed
1015 5766 1079 5805 ex
1132 5752 1222 5807 Dei
1270 5762 1476 5810 tantum
1525 5759 1805 5827 pervenire

242 5833 425 5897 gratia.
481 5854 498 5886 ι
553 5836 619 5893 Ut
673 5839 725 5892 in
772 5841 1022 5897 omnibus
1080 5844 1466 5902 honorificctur
1515 5849 1675 5915 Deus,
1711 5866 1806 5921 per

2414 4701 2691 4760 HOMILIA
2734 4701 2962 4758 XCVIII.

2147 4832 2400 4873 DOIINICA
2439 4832 2570 4874 9081‘
2619 4833 2975 4874 ASCENSIONEI
3024 4832 3228 4875 DOIINI.

1972 4923 2147 4999 (Iesu.
2175 4941 2266 4991 xv,
2320 4925 2456 4997 xvr.)
2520 4947 2537 4978 ι
2595 4926 2656 4982 In
2707 4927 2797 4983 illo
2843 4936 3103 4998 tempore,
3145 4927 3279 4985 dixit
3311 4926 3511 4999 .Jesus,

1906 5037 1925 5071 (
1969 5016 2246 5087 discipulis
2269 5016 2380 5073 suis
2411 5035 2424 5071 :
2455 5016 2589 5073 Cum
2615 5018 2825 5074 venerit
2850 5017 3163 5075 Paracletus
3192 5034 3351 5090 quem
3381 5036 3482 5093 ego

1911 5129 1929 5161 ‹
1973 5109 2185 5165 mittam
2207 5108 2362 5165 vobis
2381 5124 2413 5162 a
2440 5108 2601 5165 Patre
2630 5107 2891 5179 Spiritum
2910 5109 3185 5179 veritatis.
3226 5130 3243 5162 ι
3277 5110 3344 5167 Et
3393 5127 3479 5168 rc-

1904 5202 2074 5275 liqua.
2106 5202 2162 5258 In
2189 5202 2374 5259 multis
2394 5202 2528 5257 locis
2546 5201 2824 5273 Evangelii
2852 5202 3264 5272 legimqs,.qnod
3282 5218 3345 5259 ea
3364 5218 3483 5272 quae

1907 5296 2087 5351 minus
2108 5296 2336 5366 apostoli
2367 5296 2432 5350 de
2461 5293 2794 5365 perfectione
2840 5295 3133 5362 habebant,
3177 5309 3274 5365 per
3314 5294 3484 5366 Spiri-

1909 5396 1996 5442 tus
2036 5388 2208 5443 sancti
2239 5387 2530 5442 adventum
2560 5386 2819 5441 Dominus
2845 5401 2906 5441 se
2934 5388 3185 5443 daturum
3216 5387 3482 5455 promise-

1911 5480 1983 5536 rit
2011 5498 2025 5535 :
2052 5478 2398 5537 manifestius
2439 5488 2619 5535 tamen
2667 5479 2722 5535 in
2768 5480 2991 5539 exordio
3021 5478 3266 5535 lectionis
3292 5475 3483 5545 huius,

1910 5590 2017 5631 non
2042 5573 2216 5629 solum
2245 5574 2495 5635 eundem
2528 5571 2791 5644 Spiritum
2814 5573 3172 5644 repromittit,
3198 5569 3292 5629 sed
3323 5570 3487 5626 etiam

1909 5668 2053 5737 quod
2081 5666 2250 5736 ipsius
2272 5668 2420 5725 dono
2446 5666 2513 5721 ad
2542 5667 2943 5737 praedicandum
2985 5662 3329 5734 Evangelium
3374 5662 3485 5717 ido

1911 5757 1995 5811 nei
2043 5757 2300 5815 reddendi
2359 5766 2563 5823 essent,
2616 5757 3028 5821 declarat,eum
3083 5755 3249 5810 dicit:
3292 5773 3308 5805 ε
3356 5752 3488 5817 ϐωιι

1916 5871 1932 5899 ι
1979 5851 2187 5907 venerit
2214 5830 2544 5917 Paracletus,
2561 5865 2719 5920 quem
2743 5865 2841 5921 ego
2870 5849 3081 5904 mittam
3102 5848 3250 5904 vobis
3273 5865 3303 5904 a
3327 5848 3489 5907 Patre
