4014 6354
606 436 702 490 551

1220 432 1573 490 HAYMONIS
1610 432 2089 490 HALBERSTAT.
2133 428 2346 486 EPISC.
2390 431 2539 487 OPP.
2580 418 2860 484 PARS'II.
2895 459 2967 470 —
2998 426 3233 483 HOMIL.
3743 427 3828 481 552

612 564 630 597 ι
677 544 938 615 Spiritum
962 542 1227 605 veritatis,
1255 543 1346 613 qui
1377 558 1406 597 a
1436 542 1598 599 Patre
1621 545 1881 614 procedit,
1907 546 1996 601 ille
2024 547 2175 602 testi-
2206 549 2255 606 Α
2282 558 2387 598 vox
2411 543 2681 607 dicentis:
2721 561 2738 593 ι
2770 541 2869 596 llic
2899 549 2982 596 est
3017 518 3185 594 Filius
3208 552 3363 593 meus
3389 536 3635 602 dilectus,
3665 537 3715 591 in
3738 553 3827 609 quo

611 657 629 689 ι
678 637 918 693 monium
946 634 1252 705 perhibebit
1281 635 1481 690 deme.
1517 656 1536 687 ι
1573 634 1916 720 Manifestum
1963 646 2049 693 est
2087 654 2184 693 au-

608 741 741 796 tem,
770 745 871 785 nec
897 728 1166 784 laboriosa
1192 729 1528 798 expositione
1565 729 1789 801 indiget,
1821 745 1988 800 quare
2026 746 2182 786 eum-

607 823 726 877 dem
744 821 1003 891 Spiritum
1028 819 1366 876 Paracletum
1388 822 1658 887 nominet;
1689 824 2013 899 παράκλητος
2038 825 2183 879 enim

605 912 809 977 Graece,
826 910 1018 967 Latine
1032 909 1340 966 consolator
1359 911 1475 967 sive
1495 912 1786 968 advocatus
1805 913 2022 968 dicitur.
2039 913 2185 970 Bene

605 1010 784 1059 autem
831 1000 1180 1066 consolator,
1237 1000 1362 1070 quia
1418 1016 1524 1056 non
1582 1002 1756 1057 solum
1813 1004 2181 1072 apostolorum

603 1094 767 1149 corda
800 1077 1090 1149 maerentia
1125 1093 1193 1148 de
1224 1092 1435 1148 Domini
1486 1094 1747 1155 absentia,
1782 1094 1875 1149 vel
1913 1096 1981 1150 ad
2024 1097 2186 1152 sutl'e-

604 1189 799 1245 rcndas
827 1187 1206 1243 tribulationes
1230 1198 1285 1243 et
1311 1189 1597 1258 passiones
1623 1190 1936 1247 consolatus
1961 1201 2065 1259 est,
2088 1194 2185 1250 sed

602 1279 766 1333 etiam
790 1278 1031 1348 quotidie
1052 1293 1152 1349 pro
1173 1280 1381 1350 peccati
1404 1281 1808 1351 perpetratione
1853 1282 2182 1354 lugentibus,

605 1369 729 1423 dum
748 1385 898 1440 spem
921 1369 1094 1425 venia:
1117 1371 1465 1441 repromittit,
1487 1387 1737 1443 magnam
1759 1374 2182 1430 consolationem

606 1458 889 1530 impendit.
915 1459 962 1514 Α
995 1475 1104 1530 quo
1132 1476 1191 1517 se
1224 1461 1492 1518 consolari
1523 1464 1847 1532 precabatur
1890 1464 2183 1536 Propheta,

603 1566 726 1604 cum
741 1551 951 1606 dicebat
974 1568 988 1604 :
1013 1569 1032 1602 ι
1051 1549 1460 1608 Consolationes
1474 1562 1599 1619 tuae,
1619 1554 1865 1620 Domine,
1879 1534 2184 1611 laetificave-

604 1650 731 1695 runt
749 1640 987 1697 animam
1015 1657 1192 1698 meam
1206 1642 1379 1713 (Paul.
1407 1643 1585 1715 xcln).
1611 1664 1630 1696 ι
1651 1644 1757 1700 Pro
1782 1660 1889 1714 quo
1915 1646 1970 1701 in
1996 1645 2183 1703 Graeco

604 1732 799 1804 legitur
822 1750 836 1788 :
861 1734 920 1791 Ai
948 1735 1297 1811 παρακλήσεις
1312 1742 1432 1801 σοῦ,
1460 1734 1708 1812 εὔφραναν
1736 1744 1826 1798 τὴν
1853 1737 2034 1810 ψυχήν
2058 1760 2177 1810 μου.

606 1825 672 1879 Et
700 1826 827 1879 item
857 1844 871 1879 :
919 1845 938 1877 ι
976 1825 1182 1882 Mamor
1209 1827 1287 1882 fui
1312 1826 1639 1897 iudiciorum
1667 1838 1903 1896 tuorum,
1936 1831 2178 1897 Domine,

2287 635 2419 690 mihi
2454 635 2753 705 complacui
2788 634 3005 705 (Matth.
3037 631 3140 705 ιιι).
3179 651 3197 683 ι
3231 629 3385 687 Unde
3405 636 3462 684 et
3479 627 3707 683 Joannes
3730 630 3824 685 ait:

2292 744 2312 776 (
2357 725 2425 780 Et
2447 741 2547 796 ego
2573 724 2703 790 vidi,
2735 734 2792 781 et
2828 724 3195 780 testimonium
3223 720 3472 792 perhibui
3498 719 3624 789 quia
3658 719 3738 775 hic
3759 733 3825 776 est

2286 814 2453 870 Filius
2492 815 2585 869 Dei
2623 814 2803 886 (Joan.
2827 813 2890 886 ι).
2930 833 2949 865 ›
2986 813 3131 878 Sive,
3161 819 3325 877 certe
3364 807 3601 879 Spiritus
3641 818 3826 865 sanctus

2286 906 2425 962 Filio
2451 908 2820 963 testimonium
2857 906 3150 978 perhibuit,
3205 902 3420 974 quando
3474 901 3734 973 apostolos
3775 905 3825 958 ad

2286 999 2656 1055 testimonium
2683 998 3072 1070 perhibendum
3097 996 3265 1052 fortes
3306 993 3562 1051 reddidit.
3617 993 3754 1051 Unde
3782 1007 3825 1052 et

2290 1089 2540 1145 subditur
2571 1107 2585 1143 :

2322 1194 2345 1213 ο
2364 1197 2383 1228 ι
2429 1179 2498 1233 Ει
2525 1193 2621 1234 vos
2648 1178 3018 1235 testimonium
3042 1174 3417 1248 perbibebitis,
3449 1172 3579 1243 quia
3608 1172 3674 1227 ab
3703 1172 3824 1228 initio

2293 1287 2311 1319 ι
2349 1283 2559 1323 mecum
2595 1269 2748 1323 estis.
2784 1288 2805 1320 ι
2839 1266 2957 1323 Νοιι
2992 1266 3126 1322 dicit
3166 1267 3233 1320 ah
3274 1264 3430 1319 initio
3460 1262 3660 1327 saaculi,
3686 1277 3822 1331 neque

2287 1359 2354 1414 ab
2383 1358 2536 1414 initio
2563 1358 2880 1422 nativitatis,
2906 1358 3004 1414 sed
3023 1358 3093 1413 ab
3112 1356 3269 1412 initio
3291 1371 3405 1410 suae
3434 1354 3813 1425 praedicationis.

2287 1450 2421 1506 Nam
2450 1452 2506 1507 in
2526 1452 2683 1509 initio
2705 1467 2816 1509 suae
2841 1451 3239 1523 praedicationis
3267 1448 3536 1506 Dominus
3573 1447 3822 1517 discipulos

2286 1541 2465 1615 elegit,
2492 1543 2633 1599 sicut
2656 1544 2798 1599 idem
2819 1542 3054 1599 Joannes
3084 1542 3212 1599 alibi
3239 1541 3352 1597 ait:
3387 1559 3407 1592 ι
3438 1539 3556 1595 Hoc
3589 1538 3708 1594 fecit
3745 1537 3823 1592 ini-

2288 1636 2419 1691 tium
2452 1637 2728 1707 signorum
2755 1651 2980 1691 suorum
3011 1634 3170 1691 Jesus
3217 1636 3270 1689 in
3322 1632 3475 1689 Cana
3514 1630 3750 1693 Galilaeaz,
3786 1641 3821 1683 et

2286 1727 2630 1805 crediderunt
2656 1729 2710 1783 in
2733 1743 2855 1785 eum
2886 1727 3135 1799 discipuli
3163 1727 3281 1798 ejus
3313 1725 3499 1797 (Joan.
3524 1725 3607 1795 ιι).
3647 1742 3665 1776 ι
3689 1724 3821 1779 Tanto

2286 1822 2429 1876 enim
2454 1822 2638 1876 verius
2668 1827 2784 1893 ejus
2812 1821 3183 1877 testimonium
3206 1828 3329 1891 post
3359 1818 3535 1889 ipsius
3582 1817 3815 1889 gloriosis-

604 1932 633 1969 a
665 1916 885 1982 szeculo,
917 1926 974 1973 et
1005 1919 1316 1975 consolatus
1349 1936 1471 1974 sum
1526 1918 1699 1991 (Psal.
1744 1922 1953 1993 cxvrn).
1988 1941 2008 1974 ι
2038 1921 2181 1977 Bene
2210 1900 2256 1959 Β
2282 1913 2475 1966 Simam
2525 1912 2903 1968 ascensionem
2952 1912 3238 1983 perhibere
3286 1918 3621 1982 potuerunt,
3659 1917 3817 1978 quanto

605 2016 786 2062 autem
810 2007 1107 2065 advocatus
1132 2010 1347 2074 dicitur,
1377 2012 1502 2080 quia
1542 2026 1663 2066 cum
1692 2012 1762 2066 sit
1785 2011 2007 2081 :equalis
2032 2011 2181 2067 Patri

607 2105 663 2151 et
695 2096 852 2165 Filio,
882 2113 983 2167 pro
1010 2099 1220 2155 delictis
1249 2100 1448 2155 nostris
1492 2100 1706 2157 Patrem
1742 2102 1979 2173 quotidie
2023 2102 2185 2156 inter-

602 2186 804 2257 pellare
817 2203 925 2243 non
950 2198 1146 2256 cessat,
1165 2190 1291 2260 quia
1322 2199 1380 2245 ut
1403 2190 1479 2245 ait
1499 2190 1789 2261 Apostolus
1817 2206 1872 2245 τι
1901 2193 2040 2259 Quid
2063 2208 2182 2247 orc-

605 2296 742 2346 mus,
799 2281 941 2337 sicut
994 2290 1226 2352 oportet,
1275 2284 1545 2339 nescimus
1596 2283 1772 2355 (Rom.
1804 2284 1946 2357 vnn),
2001 2304 2019 2336 ι
2075 2295 2179 2341 etc.

602 2369 745 2427 Bene
791 2379 971 2427 autem
1021 2372 1194 2442 ipsum
1233 2372 1494 2443 Spiritum
1534 2390 1565 2429 a
1592 2389 1653 2431 se
1677 2374 1842 2440 mitti,
1871 2384 1927 2429 et
1954 2389 1985 2428 a
2024 2373 2183 2429 Patre

602 2463 893 2535 procedere
913 2464 1163 2534 perhibet
1187 2481 1199 2517 :
1233 2479 1340 2520 non
1366 2466 1458 2535 qui
1483 2464 1642 2520 aliter
1654 2465 1913 2536 procedat
1941 2482 1972 2519 a
1997 2464 2179 2530 Patre,

602 2563 658 2609 et
682 2555 842 2613 aliter
885 2571 917 2612 a
947 2556 1104 2620 Filio,
1138 2556 1223 2612 vel
1251 2556 1412 2612 aliter
1438 2557 1685 2613 mittatur
1708 2572 1740 2613 a
1763 2556 1921 2623 Filio,
1948 2566 2002 2613 et
2026 2557 2185 2613 aliter

602 2660 634 2699 a
666 2644 829 2702 Patre
861 2663 875 2700 :
909 2647 1003 2702 sed
1029 2647 1157 2717 quia
1189 2647 1304 2718 ipsa
1331 2648 1520 2704 missio
1549 2650 1827 2720 processio
1855 2657 1959 2716 est,
1989 2658 2043 2704 et
2068 2649 2182 2719 ipsa

601 2738 878 2807 processio
922 2738 1132 2795 missio.
1175 2738 1360 2809 Neque
1395 2740 1541 2795 enim
1565 2741 1856 2797 diversitas
1881 2749 1964 2797 est
1989 2756 2180 2811 proce-

602 2828 783 2885 dentis
810 2830 898 2885 vel
942 2831 1229 2897 mittentis,
1285 2832 1480 2901 quibus
1518 2848 1624 2888 una
1660 2842 1745 2889 est
1775 2834 2033 2899 essentia,
2060 2849 2184 2903 par-

600 2936 707 2990 que
754 2922 946 2978 deitas.
996 2922 1111 2978 Non
1159 2925 1304 2980 enim
1344 2926 1524 2980 minor
1552 2934 1639 2981 est
1668 2925 1757 2981 ille
1784 2926 1875 2996 qui
1913 2926 2179 2996 procedit,

602 3011 694 3067 illo
746 3029 777 3067 a
805 3029 912 3082 quo
937 3015 1217 3084 procedit:
1248 3031 1421 3086 neque
1450 3018 1629 3072 minor
1657 3027 1743 3073 est
1793 3016 1882 3073 ille
1923 3018 2015 3087 qui
2057 3018 2182 3072 mit-

602 3103 733 3159 titur
761 3104 852 3159 illo
880 3120 912 3159 a
940 3119 1048 3176 quo
1096 3105 1332 3161 mittitur
1361 3121 1374 3160 :
1407 3107 1532 3177 quia
1567 3108 1709 3178 quod
1735 3116 1819 3164 est
1844 3107 2027 3175 Pater,
2078 3109 2183 3165 hoc

602 3207 685 3251 est
709 3196 899 3262 Filius,
928 3197 1034 3253 hoc
1057 3206 1144 3253 est
1177 3207 1233 3253 et
1278 3197 1515 3268 Spiritus
1571 3206 1808 3254 sanctus.
1853 3199 1987 3267 Quia
2036 3200 2180 3254 enim

603 3260 893 3342 amborum
913 3285 1148 3358 Spiritus
1177 3298 1260 3343 est
1282 3260 1584 3345 coaeternus
1605 3297 1660 3345 et
1683 3260 2179 3354 consubstantialis,
2208 3260 2255 3324 δ

602 3379 742 3435 sicut
762 3379 1007 3450 procedit
1031 3396 1062 3435 a
1095 3380 1280 3447 Patre,
1312 3382 1387 3437 ita
1414 3390 1471 3438 et
1490 3397 1522 3437 a
1551 3382 1689 3439 Filio
1718 3402 1730 3436 :
1763 3391 1819 3438 et
1845 3383 1987 3438 sicut
2018 3383 2183 3439 mitti-

603 3479 689 3525 tur
715 3486 747 3525 a
785 3469 946 3535 Filio,
974 3470 1210 3526 mittitur
1237 3487 1265 3526 a
1292 3470 1473 3529 Patre.
1521 3472 1674 3540 Quod
1721 3488 1852 3529 vero
1885 3472 2064 3529 Patris
2112 3474 2185 3528 sit

608 3564 751 3619 idem
776 3562 1031 3633 Spiritus,
1063 3563 1321 3621 Dominus
1360 3565 1415 3620 in
1444 3566 1735 3637 Evangelio
1764 3564 2076 3622 manifestat
2097 3566 2181 3621 di-

602 3668 734 3709 cens
758 3653 1035 3723 discipulis
1061 3655 1208 3712 suis:
1245 3674 1263 3707 ι
1299 3656 1415 3713 Non
1445 3657 1590 3713 enim
1619 3673 1715 3713 vos
1740 3658 1871 3714 estis
1898 3658 1989 3728 qui
2017 3657 2185 3727 loqui-

602 3747 755 3812 mini,
777 3746 872 3802 sed
896 3743 1336 3829 SpiritusPatris
1355 3752 1545 3817 vestri,
1563 3752 1656 3821 qui
1677 3751 1916 3821 loquitur
1946 3751 2000 3805 in
2031 3751 2184 3806 vobis

604 3837 820 3908 (Matth.
853 3838 932 3910 ι).
973 3858 993 3893 ι
1027 3840 1181 3908 Quod
1208 3852 1388 3899 autem
1412 3844 1534 3899 Filii
1565 3843 1655 3910 sit,
1679 3842 1880 3899 Paulus
1908 3844 2185 3914 apostolus

603 3929 837 3986 ostendit
894 3946 1017 3986 cum
1065 3932 1180 3988 ait:
1211 3953 1230 3986 ‹
1265 3934 1322 3989 Si
1377 3934 1499 4003 quis
1547 3934 1809 4003 Spiritum
1841 3934 2041 3990 Christi
2077 3950 2181 3989 non

604 4021 784 4089 habet,
815 4022 904 4079 hic
928 4038 1036 4079 non
1057 4033 1144 4081 est
1165 4023 1281 4095 ejus
1303 4024 1476 4098 (Rom.
1508 4025 1649 4096 vni).
1684 4046 1703 4078 ι
1742 4024 1906 4082 Venit
1952 4027 2118 4082 etiam
2153 4041 2184 4081 a

604 4113 781 4184 seipso
819 4112 962 4169 idem
1009 4112 1263 4184 Spiritus,
1310 4114 1435 4184 quia
1494 4130 1656 4171 verus
1702 4127 1788 4171 est
1828 4117 2005 4183 Deus,
2043 4116 2184 4172 sicut

604 4203 862 4261 Dominus
885 4206 964 4262 ait
990 4221 1006 4261 :
1040 4225 1059 4259 ι
1095 4206 1330 4277 Spiritus
1356 4207 1448 4261 ubi
1468 4207 1584 4260 vult
1613 4208 1783 4277 spirat
1808 4207 1990 4276 (Joan.
2021 4209 2125 4281 ιιι).
2157 4227 2175 4262 ι

602 4295 671 4351 Ει
696 4296 916 4363 Paulus,
943 4297 1272 4352 enumeratis
1312 4294 1557 4366 ejusdem
1594 4295 1830 4368 Spiritus
1858 4300 2036 4354 sancti
2066 4301 2181 4355 vir-

605 4389 827 4454 tutibus,
845 4388 1091 4459 adjunxit
1117 4403 1133 4441 :
1172 4405 1191 4438 ‹
1220 4387 1342 4442 Haec
1365 4389 1547 4443 omnia
1574 4399 1830 4461 operatur
1858 4408 1998 4449 unus
2020 4402 2182 4464 atque

603 4479 745 4535 idem
777 4478 1035 4550 Spiritus,
1059 4477 1304 4534 dividens
1326 4479 1550 4551 singulis
1596 4490 1759 4553 prout
1803 4484 1915 4540 vult
1961 4483 2017 4557 (I
2056 4484 2179 4542 Cor.

603 4570 724 4641 xn).
765 4588 786 4621 ι
819 4567 1055 4638 Spiritus
1087 4583 1321 4640 namque
1339 4570 1586 4629 veritatis
1603 4573 1823 4641 dicitur,
1844 4576 1936 4647 qui
1965 4593 1994 4631 a
2020 4576 2179 4633 Patre

602 4631 1125 4728 veritatispmcedit.
1149 4631 1287 4716 Nam
1319 4661 1482 4719 Pater
1505 4665 1619 4734 ipse
1640 4631 1981 4741 ests'eri-tas,
2208 4631 2257 4691 Β

602 4752 851 4809 similiter
870 4761 927 4809 et
948 4750 1179 4826 Spiritus
1193 4766 1414 4814 sanctus
1442 4758 1709 4815 similiter.
1733 4760 1803 4816 Et
1832 4762 1974 4832 quod
2008 4762 2177 4820 Filius

603 4846 669 4901 de
717 4847 894 4919 seipso
944 4849 1020 4905 ait
1077 4868 1088 4905 :
1150 4869 1168 4903 ι
1234 4851 1346 4923 Ego
1395 4867 1514 4933 sum
1560 4854 1666 4919 via,
1720 4856 1925 4912 veritas
1963 4865 2019 4913 et
2067 4857 2176 4913 vita

605 4937 786 5010 (Joan.
813 4941 951 5013 xxv),
987 4963 1006 4994 ι
1043 4944 1145 4999 hoc
1169 4946 1233 5000 de
1268 4944 1428 5001 Patre
1452 4954 1508 5001 et
1545 4946 1751 5018 Spiritu
1795 4958 1983 5005 sancto
2014 4950 2176 5005 intel-

604 5031 872 5103 ligendum
902 5042 1005 5098 est,
1027 5034 1153 5103 quia
1177 5034 1353 5104 qualis
1377 5043 1462 5091 est
1482 5035 1662 5103 Pater,
1692 5037 1815 5093 talis
1864 5048 1947 5094 est
1984 5038 2173 5106 Filius,

604 5122 727 5178 talis
751 5132 910 5180 estet
944 5122 1179 5195 Spiritus
1203 5136 1441 5183 sanctus.
1473 5126 1626 5195 Quod
1658 5139 1834 5185 autem
1867 5131 1943 5184 ait
1976 5148 1990 5184 :
2028 5150 2047 5177 ι
2084 5130 2175 5185 ltle

604 5211 970 5269 testimonium
996 5214 1300 5286 perhibebit
1326 5217 1394 5272 de
1436 5233 1546 5284 me,
1602 5239 1620 5271 ι
1678 5218 2023 5274 manifestum
2070 5228 2171 5283 est,

602 5304 729 5374 quia
765 5304 998 5376 Spiritus
1043 5317 1262 5363 sanctus
1313 5308 1449 5365 Filio
1498 5310 1863 5365 testimonium
1906 5312 2178 5381 perhibuit

604 5397 745 5468 quod
771 5397 911 5453 Deus
938 5406 1101 5464 esset,
1129 5400 1345 5469 quando
1375 5401 1460 5454 die
1498 5408 1684 5453 sancto
1707 5399 2078 5466 Pentecostes,
2111 5402 2178 5457 ab
2216 5458 2225 5466 ,

603 5502 672 5545 eo
697 5488 915 5554 missus,
938 5490 1077 5545 sicut
1101 5488 1276 5543 fuerat
1303 5489 1619 5559 promissus,
1637 5490 1917 5544 scientiam
1940 5491 2177 5545 omnium

604 5579 910 5653 linguarum
943 5578 1199 5650 apostolis
1222 5579 1411 5634 tribuit
1432 5580 1570 5649 (Act.
1589 5581 1669 5649 ιι).
1699 5579 1811 5638 Nec
1833 5582 2005 5637 solum
2032 5592 2181 5647 tunc,

607 5672 959 5727 verumetiam
984 5679 1275 5741 antequam
1289 5678 1584 5740 pateretur.
1604 5673 1969 5728 testimonium
1992 5673 2040 5728 ei
2064 5689 2182 5745 per-

608 5759 784 5819 hibuit
810 5763 1027 5834 quando
1074 5763 1129 5817 in
1174 5761 1413 5818 Jordane
1455 5777 1484 5817 a
1530 5761 1735 5819 Joanne
1779 5765 2082 5835 baptizatus
2128 5765 2180 5820 in

610 5856 791 5926 specie
840 5855 1097 5912 columbae
1137 5870 1302 5928 super
1344 5871 1467 5912 eum
1498 5856 1776 5928 apparuit,
1807 5867 1861 5913 ct
1891 5858 2071 5915 audita
2098 5865 2184 5914 est

2285 2003 2627 2060 manifestius
2658 2005 2802 2060 illius
2845 2019 3012 2075 opera
3059 2014 3115 2059 et
3160 2003 3389 2059 virtutes
3437 2002 3509 2058 ab
3556 2000 3704 2058 initio
3738 2015 3817 2055 sua:

2283 2097 2683 2166 praedicationis
2707 2104 3127 2168 conspexerunt.
3150 2095 3305 2152 Unde
3324 2103 3379 2150 et
3402 2093 3685 2149 dixerunt:
3707 2109 3723 2141 ι
3740 2090 3816 2145 Nos

2285 2196 2453 2243 testes
2474 2203 2664 2245 sumus
2692 2189 2884 2244 horum
2926 2188 3170 2243 omnium
3199 2200 3319 2257 qua:
3364 2182 3500 2240 fecit
3541 2184 3597 2239 in
3646 2182 3818 2253 regione

2282 2276 2591 2334 Judueorum
2631 2288 2686 2335 et
2736 2278 3058 2344 Jerusalem,
3106 2292 3267 2348 quem
3297 2274 3616 2332 occiderunt
3641 2286 3817 2343 suspen-

2284 2368 2475 2425 dentes
2509 2370 2563 2424 in
2595 2370 2758 2442 ligno.
2792 2368 2947 2426 Hunc
2972 2369 3113 2425 Deus
3137 2367 3420 2425 suscitavit
3463 2366 3620 2423 tertia
3660 2365 3758 2430 die,
3780 2372 3819 2416 et

2283 2460 2434 2516 dedit
2461 2463 2810 2518 manifestum
2845 2462 2986 2528 fieri,
3009 2479 3116 2518 non
3147 2462 3295 2518 omni
3324 2460 3546 2533 populo,
3577 2458 3667 2516 sed
3706 2457 3817 2513 testi-

2283 2552 2384 2609 bus
2409 2554 2785 2624 praeordinatis
2814 2572 2844 2610 a
2874 2556 3007 2622 Deo,
3034 2556 3191 2613 nobis
3211 2556 3302 2627 qui
3334 2554 3762 2611 manducavimus
3780 2558 3815 2604 et

2283 2644 2517 2700 bibimus
2544 2662 2664 2701 cum
2693 2646 2804 2713 illo,
2832 2656 3113 2718 postquam
3139 2646 3441 2703 resurrexit
3462 2661 3496 2702 a
3523 2644 3750 2702 mortuis.
3770 2640 3816 2694 Et

2282 2738 2539 2808 przecepit
2566 2740 2722 2793 nobis
2741 2740 3038 2808 praedicare
3071 2738 3289 2811 populo,
3312 2748 3367 2794 et
3407 2735 3675 2795 testificari
3718 2733 3818 2802 quia

2282 2829 2398 2898 ipse
2423 2837 2523 2893 est,
2557 2830 2647 2898 qui
2678 2830 3003 2884 constitutus
3032 2838 3118 2885 est
3148 2845 3179 2884 a
3213 2832 3323 2885 Deo
3345 2828 3515 2898 judex
3540 2827 3757 2882 vivorum
3779 2829 3822 2875 et

2282 2929 2639 2975 mortuorum.
2673 2918 2810 2975 Huic
2835 2935 3023 2975 omnes
3049 2922 3327 2990 propheta:
3348 2918 3711 2975 testimonium
3726 2927 3820 2985 per.

2283 3013 2490 3077 hibent,
2508 3011 2880 3067 remissionem
2904 3020 3249 3081 peccatorum
3271 3012 3521 3082 accipere
3546 3024 3643 3081 per
3663 3020 3816 3063 nomen

2281 3101 2398 3172 ejus
2423 3115 2610 3157 omnes
2635 3102 2729 3172 qui
2756 3101 2984 3157 credunt
3021 3101 3073 3156 in
3116 3118 3239 3158 eum
3274 3101 3414 3173 (Act.
3439 3101 3522 3172 χ).
3554 3120 3577 3155 ι
3614 3095 3816 3166 Sedquia

2282 3209 2379 3264 per
2443 3196 2684 3249 eamdem
2740 3195 3174 3264 praedicationem
3223 3194 3534 3267 persecutio
3592 3192 3814 3249 nascitur:

2284 3295 2424 3355 erat,
2457 3296 2605 3343 recte
2640 3288 3021 3360 subiungitur:

2361 3398 2380 3430 ‹
2420 3379 2547 3435 Hzec
2575 3378 2783 3435 locutus
2810 3394 2929 3435 sum
2955 3378 3128 3444 vobis,
3143 3386 3203 3433 ut
3224 3393 3331 3434 non
3353 3373 3812 3434 scandalizemini.»

2286 3474 2345 3531 Si
2376 3476 2542 3539 enim,
2579 3483 2641 3530 ut
2693 3474 2773 3529 ait
2823 3472 3131 3544 Apostolus,
3189 3487 3377 3527 omnes
3422 3471 3515 3541 qui
3574 3469 3743 3525 volunt
3779 3465 3813 3518 in

2284 3567 2503 3622 Christo
2525 3566 2613 3637 pie
2633 3566 2837 3633 vivere,
2850 3565 3280 3636 persecutionem
3313 3564 3593 3635 patiuntur
3620 3558 3699 3633 (II
3717 3557 3813 3613 Tia.

2285 3658 2415 3728 in),
2470 3678 2489 3709 ι
2535 3666 2685 3714 tanto
2742 3658 2992 3713 duriores
3036 3643 3442 3728 persecutiones
3494 3652 3707 3725 apostoli
3748 3660 3816 3719 pro

2285 3753 2513 3807 veritate
2542 3753 2934 3819 sustinuerunt,
2949 3762 3151 3823 quanto
3179 3753 3387 3823 priores
3414 3752 3472 3807 in
3504 3749 3704 3809 Domini
3721 3762 3815 3817 pra?-

2285 3842 2556 3899 dicatione
2584 3838 2968 3913 apparuerunt.
2997 3844 3323 3901 Consolatur
3368 3852 3552 3900 autem
3595 3842 3707 3912 pius
3730 3851 3811 3891 ma-

2287 3936 2456 4007 gister
2512 3945 2724 3991 mentes
2776 3936 3181 4007 discipulorum,
3231 3943 3289 3991 ut
3339 3951 3404 3991 eo
3445 3935 3622 3990 minus
3658 3928 3813 3985 rabiem

2283 4026 2727 4097 persequentium
2757 4027 3027 4091 timerent,
3047 4042 3154 4097 quo
3181 4027 3298 4082 haec
3324 4026 3425 4083 sibi
3448 4042 3481 4083 a
3499 4027 3587 4099 pio
3606 4022 3814 4094 magistro

2284 4116 2543 4187 praedicta
2566 4116 2827 4172 colerent.
2863 4116 3017 4173 Unde
3050 4133 3171 4173 cum
3200 4118 3279 4173 eis
3306 4117 3434 4174 alibi
3467 4113 3812 4190 persecutiones

2283 4217 2543 4264 venturas
2576 4222 2675 4278 pro
2715 4208 3100 4279 praedicatione
3138 4210 3479 4279 praediceret,
3520 4205 3809 4273 semetipsum

2285 4302 2339 4356 in
2389 4302 2659 4373 exemplo‘
2685 4300 2985 4357 tolerantiae
3024 4302 3324 4372 proposuit,
3375 4302 3596 4367 dicens;
3631 4317 3649 4349 ι
3681 4294 3727 4351 Si
3751 4304 3810 4346 me

2284 4393 2553 4463 persecuti
2600 4400 2744 4459 sunt,
2776 4400 2833 4449 et
2856 4408 2956 4449 vos
2982 4401 3417 4464 persequentur;
3475 4394 3520 4449 si
3565 4396 3810 4447 sermonem

2285 4499 2463 4539 meum
2481 4492 2854 4551 servaverunt,
2869 4493 2925 4540 et
2938 4494 3179 4541 vestrum
3199 4484 3498 4540 servabunt
3511 4483 3677 4556 (Joan.
3690 4476 3805 4543 xv)!

2287 4578 2351 4631 Et
2380 4576 2506 4630 item
2540 4593 2553 4630 :
2588 4593 2608 4627 ι
2642 4575 2821 4632 Nolite
2857 4576 3050 4633 timere
3078 4591 3172 4632 eos
3203 4577 3296 4646 qui
3348 4577 3602 4632 occidunt
3640 4578 3806 4636 corpus,

2282 4666 2520 4722 animam
2556 4676 2737 4724 autem
2790 4683 2900 4725 non
2939 4676 3166 4740 possunt
3212 4667 3497 4735 occidere;
3544 4663 3631 4721 sed
3670 4656 3805 4732 polius

2280 4774 2403 4815 eum
2432 4759 2615 4815 timete
2645 4760 2737 4831 qui
2763 4769 2945 4830 potest
2973 4768 3029 4815 et
3070 4760 3306 4815 animam
3336 4767 3392 4815 et
3418 4773 3613 4829 corpus
3633 4748 3805 4825 perdere

2280 4851 2333 4906 in
2362 4852 2662 4923 gehennam
2692 4851 2909 4923 (Matth.
2938 4849 3019 4923 ι).
3056 4871 3075 4905 ι
3107 4851 3174 4906 Ει
3203 4851 3330 4907 alibi
3367 4869 3380 4906 :
3419 4870 3439 4902 ι
3473 4850 3529 4907 Si
3559 4848 3619 4903 de
3655 4837 3803 4900 mundo

2280 4941 2475 4997 essetis
2502 4981 2515 5005 ,
2575 4941 2808 4996 mundus
2846 4941 2993 5011 quod
3041 4957 3201 4997 suum
3249 4950 3369 4998 erat
3413 4941 3663 5012 diligeret.
3704 4927 3800 4997 Qui:

2280 5048 2409 5089 vero
2438 5048 2545 5088 non
2566 5033 2699 5088 estis
2719 5031 2786 5088 de
2808 5035 3029 5098 mundo,
3047 5033 3139 5088 sed
3164 5048 3262 5104 ego
3278 5033 3416 5106 elegi
3435 5048 3531 5089 vos
3551 5033 3611 5087 de
3630 5020 3799 5083 mundo.

2282 5123 2404 5179 ideo
2445 5122 2561 5178 odit
2606 5138 2703 5179 vos
2750 5125 2983 5179 mundus
3040 5122 3222 5195 (Joan.
3263 5125 3375 5197 xv).
3424 5145 3445 5178 ι
3492 5109 3797 5179 Scandalizari

2283 5225 2461 5272 autem
2489 5225 2571 5270 est
2599 5215 2832 5285 aliquem
2888 5217 2942 5269 in
2992 5217 3365 5286 persecutione
3408 5233 3440 5273 a
3489 5215 3585 5271 fide
3619 5207 3799 5266 deﬁcere

2283 5308 2368 5365 vel
2398 5324 2426 5362 a
2452 5308 2835 5379 praedicatione
2865 5322 3103 5364 cessare.
3132 5307 3205 5365 Ut
3246 5317 3425 5364 autem
3475 5306 3699 5364 fortiores
3732 5305 3799 5347 60$

2287 5400 2552 5463 redderet,
2579 5416 2684 5453 non
2716 5398 2889 5455 solum
2915 5401 3320 5469 persecutiones
3345 5401 3425 5457 eis
3468 5394 3704 5472 praedixit,
3731 5382 3797 5439 Sed

2285 5491 2449 5546 etiam
2495 5488 2733 5558 ejusdem
2793 5504 2962 5561 genus
3018 5491 3413 5560 persecutionis
3453 5484 3683 5547 ostendit,
3707 5484 3795 5531 cum

2285 5578 2530 5648 adjunxit
2566 5599 2580 5633 :
3743 5654 3752 5662 _

2362 5691 2380 5723 ι
2427 5673 2647 5743 Absque
2667 5673 2957 5746 synagogis
2986 5673 3188 5731 facient
3211 5690 3337 5732 vos.
3363 5693 3383 5728 ι
3417 5669 3666 5744 Συναγωγή
3688 5664 3795 5713 80"“

2282 5762 2492 5822 Graece.
2523 5763 2715 5819 Latine
2740 5775 3041 5821 conventus
3088 5767 3203 5823 sive
3242 5764 3581 5840 congregatio
3623 5751 3791 5812 dicitur.

2283 5858 2469 5930 Neque
2511 5858 2656 5915 enim
2704 5876 2870 5931 parva
2901 5872 3029 5917 tunc
3058 5862 3314 5933 temporis
3334 5856 3638 5934 vituperatio
3659 5852 3753 5903 erat
3771 5848 3793 5889 ι

2395 6004 2399 6008 .
2462 5996 2495 6008 πμ
