4014 6354
146 339 252 391 535

148 543 348 599 leribus
367 541 599 610 aliquem
623 547 777 594 extra
800 537 1093 592 Ecclesiam
1125 536 1328 606 repelli,
1354 537 1431 590 sic
1452 543 1569 589 erat
1595 543 1722 588 tunc

145 630 500 702 vituperabile
527 638 841 684 extraneum
868 643 1194 698 quemquam
1215 644 1245 682 a
1271 627 1552 699 Synagoga
1578 626 1717 679 ﬁeri.

146 722 302 790 Quod
331 727 511 775 autem
535 734 565 773 a
593 717 875 789 Synagoga
900 717 1209 786 frequenter
1235 716 1391 785 ejecti
1421 725 1568 780 sunt,
1587 715 1722 769 liber

145 811 376 866 Actuum
413 808 777 879 apostolorum
819 808 1050 878 pleniter
1076 807 1338 873 declarat,
1363 807 1416 860 in
1447 821 1555 876 quo
1583 806 1720 876 legi-

149 909 234 954 tur
265 917 276 953 :
323 917 341 950 ι
369 898 502 965 Quia
549 906 846 953 statuentes
879 913 975 952 eos
1001 897 1324 962 in‘concilio,
1370 897 1722 952 denuntiave-

146 999 273 1044 runt
319 990 419 1053 eis,
468 1005 535 1044 ne
580 989 830 1057 cuiquam
886 988 1089 1042 homini
1146 987 1516 1056 loquerentur,
1551 1001 1724 1056 neque

146 1080 406 1132 docerent
433 1078 484 1132 in
517 1079 731 1132 nomine
759 1077 907 1143 Jesn,
935 1077 1150 1147 quando
1179 1077 1250 1132 illi
1287 1077 1438 1131 ibant
1482 1077 1722 1144 gauden-

147 1179 227 1223 tes
269 1186 299 1222 a
329 1178 614 1238 conspectu
638 1168 872 1232 concilii,
901 1166 1157 1236 quoniam
1207 1168 1353 1237 digni
1397 1166 1568 1221 habili
1598 1175 1736 1221 sunt.

146 1275 243 1329 pro
272 1259 491 1312 nomine
529 1256 654 1311 Jesu
700 1256 1080 1312 contumeliam
1117 1258 1226 1326 pati
1257 1255 1399 1328 (Act.
1428 1258 1504 1327 v).
1545 1275 1564 1308 ι
1618 1255 1724 1310 Sed

145 1349 270 1417 quia
321 1348 502 1418 plures
547 1347 854 1402 Iudaeorum
896 1348 1013 1401 zelo
1058 1347 1293 1403 carnalis
1340 1347 1474 1418 legis
1535 1346 1722 1402 defen-

147 1440 336 1494 denda:
359 1439 762 1507 persecutiones
800 1439 1057 1508 apostolis
1104 1447 1534 1504 commoverunt,
1581 1449 1727 1493 recte

146 1529 439 1582 subditur:
483 1547 500 1580 ι
545 1527 652 1582 Sed
681 1529 829 1582 venit
857 1530 990 1583 liora
1030 1539 1090 1582 ut
1113 1529 1290 1583 omnis
1327 1529 1417 1598 qui
1471 1528 1728 1583 interlicit

151 1641 170 1671 ι
219 1637 320 1675 vos
374 1620 668 1675 arbitretur
714 1620 1030 1690 obsequium
1088 1635 1148 1675 se
1195 1629 1460 1689 praestare
1514 1621 1642 1675 Deo.
1700 1640 1719 1673 ι

147 1709 291 1764 Hora
331 1711 382 1764 in
415 1710 516 1764 hoc
539 1710 656 1764 loco
685 1717 898 1780 tempus
941 1710 1332 1778 persecutionis
1373 1709 1594 1780 intelligi
1634 1726 1730 1780 po-

148 1809 273 1865 test,
300 1816 409 1869 quo
459 1803 686 1871 apostoli
741 1819 773 1857 a
816 1803 1066 1873 pessimis
1117 1812 1272 1858 erant
1324 1804 1729 1875 persecutiones
1761 1797 1805 1856 Β

145 1894 384 1962 passuri.
443 1893 694 1965 Magnum
742 1896 941 1966 quippe
990 1896 1308 1966 obsequium
1357 1910 1417 1952 se
1468 1905 1730 1966 prastarc

147 1987 258 2042 Deo
285 1988 710 2052 arbitrabantur,
726 2004 846 2043 cum
873 1989 1254 2058 praedicatores
1279 1989 1551 2058 Evangelii
1574 1989 1729 2059 quasi

146 2076 515 2132 destructores
573 2077 705 2147 legis
744 2078 1231 2148 persequebantur.
1287 2079 1364 2132 De
1412 2079 1608 2148 quibus
1655 2079 1732 2132 ait

148 2167 480 2238 Apostolus:
519 2187 536 2218 ι
574 2167 871 2231 Conﬁteor,
901 2167 1074 2223 zelum
1122 2168 1216 2222 Dei
1255 2168 1476 2234 habent,
1499 2170 1594 2224 sed
1623 2185 1728 2225 non

142 2259 448 2313 secundum
495 2258 776 2312 scientiam
823 2258 995 2329 (Rom.
1046 2259 1166 2330 xu).
1212 2279 1231 2312 ι
1275 2260 1500 2314 Frustra
1550 2269 1730 2315 autem

143 2343 451 2404 defendunt
479 2348 648 2419 legem
673 2365 770 2420 per
816 2365 1034 2404 servum
1084 2351 1289 2416 datam,
1336 2351 1429 2420 qui
1479 2352 1733 2406 amittunt

141 2439 384 2510 gratiam
414 2454 512 2509 per
540 2438 734 2493 Filium
757 2440 976 2494 factam.
995 2439 1130 2507 Quia
1154 2441 1294 2496 sicut
1319 2442 1580 2512 scriptum
1603 2452 1688 2498 est
1718 2461 1730 2495 :

148 2548 167 2580 ι
215 2527 338 2582 Lex
375 2543 473 2597 per
503 2527 718 2599 Moysen
766 2529 890 2584 data
940 2540 1044 2595 est,
1077 2531 1248 2601 gratia
1294 2541 1350 2587 et
1390 2534 1592 2588 veritas
1641 2549 1736 2603 per

143 2617 332 2673 Jesum
359 2617 638 2674 Christum
665 2617 808 2673 facta
835 2629 919 2675 est
953 2618 1135 2690 (Joan.
1161 2622 1223 2691 1).
1269 2633 1292 2675 ι’
1328 2622 1479 2680 Unde
1519 2631 1574 2678 et
1602 2606 1733 2679 sub;

149 2707 380 2764 infertur
411 2725 424 2762 :

223 2839 242 2873 ‹
281 2821 352 2875 Et
380 2821 496 2876 hinc
517 2819 715 2876 facient
744 2822 916 2886 vobis,
947 2823 1072 2892 quia
1094 2837 1200 2878 non
1229 2832 1497 2879 noverunt
1517 2823 1732 2880 Patrem

158 2930 177 2966 ι
204 2928 383 2982 neque
411 2927 516 2968 me.
557 2932 576 2965 ι
609 2911 666 2966 In
698 2913 802 2968 hoc
833 2926 892 2968 se
935 2912 1104 2968 Judaei
1149 2913 1363 2969 Patrem
1393 2930 1496 2969 non
1529 2931 1730 2985 cogno-

155 3018 308 3058 scere
337 3004 649 3067 ostendunt,
677 3019 799 3058 cum
827 3005 1212 3074 praedicatores
1242 3004 1363 3060 Filii
1411 3015 1560 3061 tanto
1607 3008 1733 3062 odio

156 3105 568 3166 persequuntur,
600 3098 678 3152 sic
710 3097 850 3152 idem
885 3097 1050 3152 Filius
1077 3099 1202 3154 alibi
1245 3099 1522 3170 discipulis
1561 3099 1727 3169 dicit:

163 3160 180 3237 ὲ
209 3187 312 3254 Qui
331 3160 446 3242 vos
469 3189 680 3257 recipit,
708 3203 794 3243 me
824 3189 1037 3260 recipit.
1062 3189 1128 3244 Et
1156 3191 1245 3259 qui
1273 3206 1367 3246 vos
1383 3160 1616 3262 spernit,
1651 3161 1737 3248 me
1764 3160 1808 3224 (ί

159 3281 370 3349 spernit
396 3281 608 3352 (Matth.
639 3282 717 3352 χ).
750 3302 768 3334 ι

243 3408 262 3440 ι
299 3388 403 3444 Sed
455 3393 569 3447 haec
609 3392 818 3448 locutus
868 3408 985 3447 sum
1039 3393 1212 3458 vobis,
1259 3403 1319 3449 ut
1371 3411 1490 3449 cum
1536 3399 1745 3453 venerit

173 3498 194 3530 ι
229 3479 385 3545 hora,
417 3497 602 3537 eorum
630 3483 1079 3549 reminiscamini,
1105 3486 1233 3553 quia
1255 3499 1355 3554 ego
1384 3487 1491 3540 dixi
1514 3487 1685 3541 vobis.
1717 3507 1735 3540 ι

162 3572 415 3629 Praedicit
443 3575 564 3644 pius
596 3575 856 3645 magister
881 3572 1286 3644 persecutiones
1305 3575 1583 3647 discipulis
1609 3595 1741 3634 ven-

162 3673 343 3729 turas,
398 3673 458 3718 ut
508 3675 657 3719 tanto
708 3664 918 3720 facilius
964 3679 1058 3719 eas
1106 3665 1383 3723 venientes
1412 3668 1741 3735 tolerarent,

161 3763 364 3824 quanto
411 3756 480 3812 ab
523 3756 614 3810 illo
660 3757 944 3826 praedictas
988 3759 1306 3815 recolereut.
1336 3798 1348 3810 .
1375 3761 1551 3818 Minus
1599 3766 1742 3819 enim

153 3845 333 3913 jacula
363 3845 567 3900 feriunt
591 3861 710 3915 quae
732 3849 1015 3918 prtevideri
1042 3860 1299 3920 possunt,
1327 3851 1590 3922 i'epentini
1616 3870 1744 3910 vero

157 3947 211 3991 et
231 3937 504 3992 subitanei
533 3952 691 3992 casus
716 3938 879 3992 etiam
910 3938 1236 3996 fortissimos
1284 3943 1483 3998 milites
1512 3943 1565 3998 in
1606 3946 1745 4000 bello

159 4029 488 4082 conturbare
521 4021 715 4083 selcnt.
746 4029 814 4083 Et
836 4029 957 4085 ideo
978 4047 1082 4085 non
1107 4031 1279 4086 solum
1314 4034 1402 4090 hic
1431 4035 1571 4104 quod
1602 4034 1743 4091 futu-

159 4135 274 4174 rum
299 4127 421 4175 erat
451 4119 748 4188 prmdicere
777 4119 965 4186 voluit,
999 4123 1094 4178 sed
1120 4123 1284 4178 etiam
1320 4124 1564 4195 plurimis
1588 4127 1640 4180 in
1664 4127 1744 4182 lo-

160 4212 257 4276 cis,
280 4219 346 4266 ut
375 4220 526 4266 tanto
548 4211 720 4267 levius
748 4213 1127 4270 tribulationes
1154 4225 1208 4272 et
1239 4219 1517 4288 angustias
1554 4220 1746 4274 suﬁ‘er-

162 4310 298 4368 rent,
327 4309 532 4369 quanto
555 4317 654 4371 per
673 4304 1031 4372 prmscientiae
1056 4306 1303 4378 clypeum
1326 4310 1519 4363 muniti
1541 4320 1741 4366 essent.

69 4468 75 4474 _
161 4391 292 4447 Cum
342 4392 488 4446 enim
514 4393 757 4449 mitteret
788 4411 884 4450 eos
929 4397 996 4450 ad
1039 4399 1476 4466 praedicandum,
1519 4401 1742 4456 dicens:

1382 326 1686 385 HUMILIAS
1729 327 1816 380 DE
1856 325 2130 383 TEMPOR
2143 327 2198 380 Ε.

147 452 427 522 Synagoga
453 447 596 518 ejici,
617 446 710 502 sed
739 446 876 501 sicut
898 459 1040 499 nunc
1067 453 1219 514 turpe
1247 452 1330 498 est
1357 459 1454 514 pro
1475 443 1586 497 suis
1603 456 1718 495 sce-
1746 449 1798 507 Α

3289 323 3320 375 5

3326 322 3365 373 ii

3368 321 3392 376 ι

2350 436 2623 491 llOMlLIA
2677 435 2859 489 XCIX.

2243 566 2294 604 IN
2335 565 2550 603 \‘lGlLllS
2590 561 2977 602 PENTECOSTES.

1895 661 2070 731 (JOAN.
2106 663 2241 729 xiv.)
2277 679 2294 709 ‹
2331 659 2384 713 In
2414 658 2504 712 illo
2533 667 2772 727 tempore
2811 656 2946 710 dixit
2967 653 3123 708 Jesus
3163 653 3400 721 discipu«
3455 645 3458 648 ’

1829 769 1847 801 ‹
1876 752 1942 806 lis
1969 752 2118 805 suis:
2170 750 2229 804 Si
2259 749 2481 818 diligitis
2526 763 2629 811 me,
2663 748 2916 800 mandata
2954 742 3072 799 mea
3099 743 3333 800 servate.
3379 763 3400 794 ι

1823 842 1892 896 Et
1921 843 2147 910 reliqua.
2173 840 2325 907 Quid
2364 845 2450 892 est
2495 837 2637 906 quod
2665 836 2819 896 dicit,
2865 836 3007 903 quod
3052 833 3401 904 diligentibus

1824 931 1993 988 Deum
2020 940 2074 986 et
2101 931 2443 986 servantibus
2467 927 2716 982 mandata
2744 925 2880 993 ejus,
2907 926 3131 995 spiritus
3153 923 3404 994 paraclc-

1826 1029 1913 1075 tus
1936 1021 2172 1082 daretur,
2198 1020 2326 1073 dum
2352 1017 2494 1073 Deus
2517 1031 2623 1070 non
2644 1016 2901 1085 diligitur,
2925 1024 2977 1069 et
3008 1016 3256 1075 mandata
3287 1013 3404 1082 ejus

1827 1115 2032 1169 servari
2063 1129 2170 1168 non
2218 1119 2464 1182 possunt,
2513 1111 2613 1165 nisi
2663 1125 2760 1178 per
2805 1109 3065 1178 Spiritum
3114 1109 3406 1163 sanctum?

1827 1205 1964 1271 Quid
1992 1205 2158 1267 aliud,
2189 1203 2293 1257 nisi
2325 1202 2491 1271 utqui
2519 1216 2615 1270 per
2639 1199 2901 1270 Spiritum
2944 1207 3188 1252 sanctum
3231 1196 3407 1269 diligit
3455 1225 3460 1230 ~
3516 1190 3518 1192 ’

1827 1295 2018 1358 Deum,
2044 1302 2284 1348 meretur
2313 1291 2583 1362 diligendo
2610 1300 2660 1344 ut
2695 1289 2814 1358 plus
2843 1287 3055 1353 habeat,
3083 1296 3138 1342 et
3162 1287 3282 1357 plus
3309 1289 3408 1342 lia-

1826 1386 2003 1440 bendo
2047 1385 2166 1455 plus
2209 1384 2444 1455 diligat?
2487 1382 2802 1436 Paracletus
2861 1380 3060 1450 quippe
3109 1379 3409 1433 consolator

1829 1477 2238 1548 interpretatur.
2292 1476 2360 1530 Et
2411 1474 2646 1545 Spiritus
2693 1481 2913 1528 sanctus
2965 1479 3112 1526 recte
3159 1470 3408 1540 paracle-

1831 1579 1917 1625 tus
1966 1578 2222 1636 vocatur,
2267 1571 2393 1640 quia
2435 1569 2598 1622 corda
2642 1565 2899 1630 ﬁdelium,
2950 1580 3018 1619 ne
3063 1565 3206 1618 inter
3249 1562 3409 1631 hujus

1829 1662 2013 1717 saeculi
2067 1662 2292 1717 adversa
2341 1659 2626 1724 deﬁciant,
2673 1657 2910 1712 caelestis
2957 1655 3082 1710 vitae
3129 1651 3411 1709 desideriis

1831 1753 2076 1810 sublevat
2109 1769 2174 1808 ac
2215 1751 2404 1807 reﬁcit.

1908 1862 1928 1896 ι
1960 1845 2027 1898 Et
2051 1859 2150 1915 ego
2174 1843 2374 1914 rogabo
2402 1841 2636 1904 Patrem,
2666 1849 2722 1896 et
2744 1839 2909 1894 alium
2951 1836 3282 1910 paracletum
3323 1834 3414 1888 da-

1839 1953 1857 1986 ι
1892 1936 1972 1989 bit
1992 1934 2166 1990 vobis.
2205 1953 2224 1986 ι
2266 1931 2516 1988 Ostendit
2542 1931 2596 1985 in
2627 1932 2730 1985 hoc
2750 1938 2804 1984 et
2842 1929 3078 1999 seipsum
3107 1940 3237 1980 .esse
3259 1937 3416 1994 paras

1834 2025 2053 2080 cletum.
2080 2024 2364 2080 Habebam
2387 2023 2530 2078 enim
2578 2031 2632 2076 et
2664 2020 2814 2091 prius
2839 2018 3192 2089 paracletum,
3238 2016 3417 2085 ipsum

1833 2115 2086 2171 videlicet
2113 2114 2400 2169 Dominum
2443 2126 2626 2168 secum
2675 2112 2728 2165 in
2767 2124 2932 2165 carne
2961 2116 3413 2166 commorantem,

1832 2213 2029 2260 etcum
2059 2203 2442 2258 miraculorum
2479 2200 2759 2256 dulcedine
2786 2209 2841 2254 et
2879 2211 3043 2268 opere
3077 2193 3418 2266 priedicatio~

1834 2299 1942 2360 nis,
1967 2312 2035 2352 ne
2051 2305 2272 2368 propter
2293 2293 2584 2350 inﬁdelium
2605 2292 3038 2362 persecutionem
3062 2285 3418 2344 scandalizari

1833 2395 2074 2457 possent,
2114 2386 2246 2455 erigi
2272 2397 2327 2441 et
2371 2383 2663 2441 confortari
2705 2383 2969 2440 solebant.
3007 2382 3229 2454 Rogabo
3257 2379 3418 2440 dixit.

1834 2493 1934 2547 per
1965 2477 2378 2541 humanitatem,
2409 2478 2500 2546 qui
2527 2485 2722 2542 cuncta
2759 2475 2850 2530 dat
2873 2489 2998 2530 cum
3020 2472 3180 2527 Patre
3210 2485 3308 2542 per
3337 2469 3419 2524 di-

1834 2570 2136 2624 vinitatem.
2171 2588 2190 2622 ι
2230 2568 2302 2628 Ut
2325 2576 2542 2623 maneat
2564 2567 2840 2623 vobiscum
2874 2567 2926 2620 in
2969 2575 3254 2634 aeternum.
3292 2582 3312 2614 ι
3359 2560 3425 2634 ln_

1833 2672 2090 2716 aeternum
2105 2676 2335 2732 namque
2349 2668 2530 2715 manet
2541 2674 2662 2714 cum
2677 2659 2894 2723 sanctis,
2910 2672 3044 2728 quos
3055 2664 3110 2710 et
3125 2656 3176 2709 in
3195 2655 3297 2709 hoc
3308 2652 3421 2706 vita

1834 2767 2048 2822 semper
2068 2752 2412 2808 invisibiliter
2453 2753 2596 2806 intus
2641 2752 2894 2815 illustrat,
2923 2758 2978 2805 et
3027 2751 3080 2804 in
3123 2748 3306 2803 futuro
3352 2746 3422 2801 ad

1833 2842 2309 2912 contemplandam
2342 2850 2603 2912 perpetuo
2631 2841 2864 2911 speciem
2911 2839 3214 2910 majestatis
3248 2839 3422 2892 intro-

1833 2932 2000 2988 ducit.
2036 2952 2054 2983 ‹
2098 2931 2359 3002 Spiritum
2385 2931 2653 2996 veritatis,
2695 2946 2856 3001 quem
2896 2930 3131 2985 mundus
3170 2946 3277 2985 non
3315 2944 3422 3001 po—

1840 3043 1857 3075 (
1889 3032 1994 3078 test.
2029 3024 2298 3094 accipere,
2331 3023 2457 3094 quia
2488 3038 2593 3077 non
2618 3023 2762 3078 videt
2782 3037 2926 3088 eum,
2951 3039 3052 3078 nec
3081 3023 3180 3078 scit
3220 3039 3363 3080 eum.
3397 3046 3418 3077 ι

1838 3115 2091 3170 Mundum
2116 3125 2296 3170 autem
2327 3116 2561 3185 appellat
2590 3117 2838 3170 homines
2859 3116 3045 3171 mundi
3070 3115 3230 3186 hujus
3250 3121 3424 3175 amori

1845 3207 2018 3260 datos.
2049 3205 2278 3261 Mundus
2298 3221 2427 3275 ergo
2449 3222 2572 3261 eum
2602 3207 2847 3276 accipere
2872 3223 2978 3261 non
3004 3218 3204 3276 potest,
3239 3209 3290 3262 id
3319 3219 3424 3274 est,

1845 3296 2149 3352 mundiales
2209 3296 2486 3358 homines,
2545 3297 2670 3365 quia
2716 3311 2822 3350 non
2879 3297 3082 3351 habent
3127 3298 3442 3356 invisibiles

1845 3386 2128 3441 charitatis
2155 3385 2364 3450 oculos,
2411 3385 2608 3456 quibus
2641 3386 2978 3441 solummodo
3029 3386 3264 3456 Spiritus
3303 3405 3426 3443 san-

1845 3487 1964 3534 ctus
1989 3478 2160 3534 videri
2197 3489 2394 3548 potest,
2426 3470 2488 3532 et
2509 3479 2660 3544 sciri,
2688 3489 2744 3533 et
2774 3479 2992 3534 sciendo
3036 3480 3278 3550 intelligi.

1924 3587 1942 3619 σ
1974 3567 2082 3624 Vos
2108 3577 2290 3624 autem
2321 3570 2660 3640 cognoscetis
2681 3585 2824 3635 eum,
2852 3570 2976 3642 quia
3005 3572 3145 3644 apud
3175 3587 3272 3626 vos
3311 3588 3427 3627 ma.

1851 3679 1869 3710 ι
1899 3659 2068 3724 nebit,
2098 3667 2154 3714 et
2183 3659 2237 3713 in
2273 3660 2427 3714 vobis
2447 3660 2569 3714 erit.
2607 3680 2626 3713 ι
2659 3661 2796 3725 Erit,
2826 3670 2885 3715 ut
2913 3671 3130 3718 maneat
3175 3664 3226 3718 in
3270 3671 3427 3721 aeter~

1846 3765 1995 3804 num.
2026 3751 2310 3805 Dominum
2345 3765 2580 3823 namque
2607 3750 2930 3807 salvatorem
2953 3761 3006 3807 et
3033 3752 3272 3809 inﬁdeles
3300 3741 3427 3810 ante

1845 3841 2149 3910 passionem
2199 3841 2253 3895 in
2297 3857 2462 3897 carne
2508 3843 2783 3909 viderunt,
2827 3845 2920 3899 sed
2951 3846 3078 3918 quia
3122 3846 3289 3904 Filius
3328 3848 3425 3904 Dei

1845 3940 2007 3996 esset,
2025 3933 2148 4001 quia
2173 3934 2479 4002 paraclctus
2501 3950 2532 3990 a
2562 3935 2669 3990 Deo
2694 3937 2890 3992 missus
2916 3938 2970 3992 in
2997 3940 3274 4006 mundum,
3293 3955 3428 3996 non-

1846 4023 1948 4077 nisi
1981 4022 2162 4077 ﬁdeles
2187 4025 2327 4080 scire
2347 4030 2658 4096 potuerunt.
2689 4027 2946 4100 Spiritum
2971 4041 3149 4088 autem
3178 4042 3427 4090 sanctum

1847 4129 2019 4184 neque
2047 4115 2218 4170 oculis
2251 4116 2436 4172 videre
2465 4118 2728 4185 inﬁdeles,
2760 4137 2933 4192 neque
2968 4123 3149 4180 animo
3175 4125 3429 4182 volebant

1846 4219 2196 4274 cognoscere,
2221 4207 2348 4276 quia
2378 4222 2484 4262 non
2527 4206 2747 4264 indutus
2773 4211 3106 4268 humanitate
3149 4206 3439 4285 discipulis

1846 4295 2112 4364 apparuit,
2143 4296 2235 4350 sed
2266 4297 2339 4350 ita
2369 4297 2434 4350 ad
2459 4311 2553 4352 eos
2581 4299 2795 4365 venire,
2830 4301 2901 4354 ita
2932 4305 3070 4373 apud
3101 4319 3195 4358 eos
3237 4306 3429 4361 maluit

1847 4400 2088 4452 manere,
2115 4394 2172 4439 ut
2206 4385 2258 4440 in
2290 4387 2418 4456 ipsis
2447 4401 2634 4443 eorum
2661 4391 2912 4446 cordibus
2938 4393 3298 4463 gratissimam
3324 4396 3428 4449 sibi

167 4500 184 4532 ι
211 4481 357 4536 Ecce
383 4497 484 4552 ego
512 4482 670 4538 mitto
694 4499 789 4539 vos
817 4485 958 4541 sicut
976 4501 1104 4542 oves
1125 4487 1180 4541 in
1211 4488 1388 4543 medio
1423 4489 1692 4558 luporum,
1721 4511 1738 4541 ι

1851 4477 2030 4530 sedem
2058 4487 2421 4534 consecraret.
2451 4479 2564 4535 Hoc
2612 4489 2697 4536 est
2740 4484 2884 4536 enim
2916 4485 3058 4553 quod
3102 4485 3179 4538 ait
3205 4503 3218 4539 :
3249 4506 3266 4536 ι
3317 4485 3428 4542 Vos

161 4573 287 4642 quid
326 4587 423 4641 pro
457 4573 645 4627 eadem
674 4575 1060 4644 praedicatione
1092 4579 1307 4648 passuri
1331 4588 1531 4645 essent,
1565 4581 1743 4636 centi-

163 4675 267 4713 nuo
307 4660 657 4715 manifestare
697 4663 928 4728 curavit,
977 4663 1266 4732 subjiciens
1301 4683 1316 4719 :
1370 4685 1388 4718 ι
1426 4665 1623 4724 Cavete
1677 4670 1743 4724 ab

164 4752 507 4818 hominibus;
536 4755 753 4810 tradent
773 4756 915 4810 enim
940 4771 1036 4811 vos
1059 4757 1113 4811 in
1143 4758 1406 4825 conciliis,
1428 4769 1484 4815 et
1503 4760 1556 4814 in
1579 4775 1741 4832 syna-

165 4843 314 4912 gogis
343 4843 454 4898 suis
477 4843 819 4915 ﬂagellabant
843 4862 954 4912 vos,
987 4856 1042 4902 et
1079 4856 1204 4903 ante
1231 4865 1384 4921 reges
1412 4861 1468 4907 et
1488 4853 1746 4923 priesides

164 4935 455 4999 ducemini,
483 4946 703 5007 propter
733 4955 841 5004 me,
874 4939 926 4994 in
956 4941 1319 4997 testimonium
1347 4943 1451 5000 illis
1493 4955 1549 5001 et
1573 4947 1746 5017 genti-

165 5024 264 5079 bus
286 5023 505 5094 (Matth.
536 5028 612 5098 χ).
651 5047 669 5080 i
726 5029 794 5084 Et
828 5030 997 5086 item:
1045 5051 1063 5083 ι
1100 5032 1248 5088 Beati
1290 5034 1442 5090 eritis
1485 5051 1607 5090 cum
1651 5052 1748 5092 vos

167 5115 382 5169 oderint
411 5116 683 5182 homines,
707 5128 762 5173 et
791 5135 911 5174 cum
942 5124 1314 5192 separaverint
1337 5139 1432 5180 vos
1462 5136 1517 5179 et
1551 5142 1747 5198 expro-

166 5202 445 5260 braverint
475 5214 531 5261 et
559 5208 819 5278 ejecerint
848 5226 1043 5266 nomen
1070 5221 1305 5268 vestrum
1340 5223 1596 5284 tanquam
1627 5233 1746 5271 ma-

168 5294 278 5350 lum
299 5336 316 5363 ,
343 5307 565 5368 propter
587 5301 753 5354 ﬁlium
785 5301 1036 5357 hominis.
1082 5303 1320 5360 Gaudete
1351 5308 1401 5360 in
1441 5307 1527 5361 illa
1567 5309 1653 5364 die
1695 5316 1751 5362 ct

167 5379 454 5454 exsultate,
506 5405 633 5447 ecce
667 5393 810 5447 enim
855 5410 1066 5451 merces
1093 5408 1275 5452 vestra
1321 5399 1537 5470 copiosa
1570 5410 1652 5455 est
1696 5401 1746 5454 in

168 5477 321 5534 cmlis
349 5478 500 5550 (Luc.
531 5483 623 5553 vi).
658 5503 674 5535 i

840 5711 1078 5727 __

411 5834 678 5896 Ριτιιοι..
729 5839 1010 5900 CXVIII.

1850 4577 2030 4621 autem
2056 4570 2392 4638 cognoscetis
2434 4587 2582 4635 cum,
2611 4573 2734 4642 quia
2763 4573 2900 4640 apud
2946 4590 3042 4629 vos
3074 4578 3346 4642 manebit,
3373 4588 3428 4638 et

1848 4657 1901 4711 in
1942 4659 2093 4712 vobis
2120 4660 2226 4713 erit
2260 4681 2276 4712 ι
2314 4661 2415 4729 Qui
2448 4672 2629 4719 autem
2681 4663 3026 4718 invisibiliter
3071 4666 3125 4719 in
3179 4667 3280 4721 hac
3313 4651 3440 4728 vita.

1849 4757 2030 4802 manet
2077 4764 2200 4803 cum
2245 4749 2452 4816 electis,
2497 4751 2781 4807 visibiliter
2830 4754 3014 4825 utique
3063 4757 3142 4811 eis
3193 4760 3424 4828 gratiam

1849 4855 1959 4895 suae
1985 4841 2325 4911 cogitationis
2360 4844 2594 4900 exhibet.
3003 4890 3011 4897 .
3137 4912 3139 4914 η

1925 4950 1944 4983 ‹
1980 4931 2097 4986 Νοιι
2122 4933 2419 5004 relinquam
2449 4951 2544 4991 vos
2584 4937 2876 5007 orphanos,
2918 4940 3129 5000 veniam
3158 4942 3224 4996 ad
3255 4959 3370 5000 vos.
3402 4964 3421 4997 ι

1851 5021 2146 5078 Videbatur
2173 5025 2482 5082 inﬁdelibus
2509 5028 2635 5098 quia
2676 5031 2913 5086 moriens
2956 5032 3010 5088 in
3055 5049 3218 5091 cruce
3247 5035 3428 5092 Domi-

1849 5127 1974 5176 nus,
2007 5113 2299 5184 discipulos
2329 5117 2658 5187 relinqueret
2688 5120 3000 5190 orphanos;
3053 5125 3148 5179 sed
3191 5141 3298 5181 non
3342 5143 3427 5183 re-

1849 5201 2005 5271 liquit
2032 5205 2324 5274 orplianos,
2356 5208 2551 5276 quibus
2593 5217 2646 5263 et
2691 5211 2921 5281 praebuit
2967 5213 3200 5284 seipsum
3242 5217 3425 5272 vivum

1851 5302 1972 5362 post
2001 5296 2304 5364 passionem
2330 5313 2481 5352 suam
2510 5299 2562 5354 in
2591 5301 2775 5357 multis
2819 5306 3149 5373 argumentis
3192 5322 3288 5378 per
3314 5309 3429 5364 dies

1853 5387 2226 5458 quadraginta,
2255 5398 2310 5444 et
2347 5400 2468 5461 post
2511 5391 2626 5446 dies
2675 5395 2857 5453 decem
2895 5399 3278 5468 assumptionis
3316 5416 3428 5455 sua:

1853 5478 2088 5549 Spiritus
2113 5483 2284 5536 sancti
2315 5483 2419 5538 illis
2454 5484 2519 5539 de
2550 5486 2687 5540 callo
2717 5488 3043 5544 charismata
3085 5491 3336 5555 donavit,
3367 5502 3429 5548 ut

1850 5571 2024 5642 ipsum
2054 5571 2328 5629 Christum
2354 5576 2419 5629 ad
2442 5592 2536 5632 eos
2583 5578 2793 5634 venisse
2837 5580 3018 5636 nullus
3046 5581 3286 5652 ambigit,
3335 5582 3428 5652 qui

1850 5663 2260 5733 inseparabilem
2290 5678 2490 5723 sancta:
2519 5669 2798 5728 Trinitatis
2829 5680 3072 5727 naturam
3092 5712 3107 5737 ,
3144 5672 3425 5728 veritatem

1849 5763 1905 5808 et
1949 5755 2317 5824 operationem
2360 5775 2476 5816 esse
2505 5762 2798 5830 cognoscit.
3099 5743 3102 5748 ‘

2883 5858 2954 5916 18
