4014 6354
555 356 673 414 ’855
1168 357 1256 412 ΗΑ
1269 354 1518 412 γλιοέςιε
1559 349 2034 411 HALBERSTAT.
2076 350 2116 406 Ε

2224 354 2288 407 ια.
2330 352 2480 410 OPP.
2521 356 2702 416 PARS
2737 359 2800 416 il.
2836 392 2903 401 —
2945 359 3178 419 HOMll..
3734 364 3859 423 556

641 489 660 521 ι
694 469 882 525 Adhuc
904 468 1192 534 modicum,
1216 476 1269 521 et
1298 468 1526 522 mundus
1551 482 1636 523 me
1654 464 1768 536 jam
1793 481 1897 521 non
1927 465 2092 519 videt.
2123 483 2140 515 ι
2177 469 2223 526 Α
2251 474 2333 518 est
2358 465 2503 522 Patri
2534 477 2587 523 et
2616 468 2838 538 Spiritui
2883 480 3072 526 sancto
3091 513 3105 539 ,
3144 473 3211 528 ad
3239 480 3499 531 aeternam
3525 476 3856 534 beatitudi-

565 558 832 615 Ilodicum
880 564 998 612 erat
1041 571 1210 626 usque
1243 557 1309 612 ad
1352 564 1563 624 tempus
1605 556 1832 624 expleta:
1855 552 2144 624 passionis,
2248 570 2370 609 nem
2399 558 2841 616 manifestaturus
2866 563 2991 616 erit.

564 667 647 752 ex.
671 663 779 757 quia
814 644 1433 757 illumreprebimvidere
1473 658 1578 757 non
1620 643 1890 757 valebam.
1925 642 2142 757 Soﬁel-
2766 658 2776 665 '
2831 691 3112 757 HOMILIA
3163 693 3203 751 α

562 739 705 795 enim
721 735 874 808 justi,
891 734 981 804 qui
998 742 1172 790 morte
1194 734 1333 789 illius
1345 741 1501 788 erant
1518 732 1869 797 constristati,
1890 732 2143 802 gaudium
2831 732 3112 757 """""“’
3164 732 3222 751 ν’

562 823 983 883 resurrectionis
1029 820 1149 890 ejus
1195 820 1379 876 videre
1417 828 1751 875 meruerunt.
1783 838 1802 870 ‹
1833 819 1943 875 Vos
1963 828 2141 875 autem

564 935 584 967 ι
623 914 819 971 videtis
851 927 960 979 me,
987 912 1114 982 quia
1147 926 1248 981 ego
1278 912 1423 975 vivo,
1458 918 1513 965 et
1550 925 1645 966 vos
1686 911 1899 967 vivetis.
1936 929 1956 964 ι
2003 910 2141 979 Quid

556 1005 804 1075 estquod
835 1016 936 1075 ego
962 1001 1108 1066 vivo,
1154 1009 1211 1056 et
1256 1015 1353 1056 vos
1383 999 1614 1057 vivetisi
1660 1000 1769 1057 Cur
1795 1002 1861 1057 de
1886 1002 2138 1073 praesenti

508 1093 511 1096 ’
555 1112 617 1154 se
644 1096 781 1152 dixit
807 1095 1009 1161 vivere,
1037 1093 1158 1150 illos
1186 1100 1365 1150 autem
1410 1093 1476 1148 de
1503 1093 1686 1150 futuro
1724 1108 1846 1150 esse
1876 1094 2138 1162 victuros,

555 1186 660 1243 nisi
687 1186 853 1243 etiam
887 1186 1057 1241 vitam
1086 1185 1298 1249 carnis,
1345 1184 1532 1254 utique
1568 1185 1920 1257 resurgentis,
1962 1187 2138 1255 qualis

532 1276 612 1329 {in
630 1273 757 1343 ipso
784 1272 1145 1344 praecedebat,
1173 1280 1228 1327 et
1250 1271 1356 1327 illis
1384 1280 1468 1327 est
1489 1272 1767 1342 pollicitus
1794 1276 2137 1331 secuturam?

525 1365 626 1423 LEt
651 1363 776 1434 quia
807 1363 976 1435 ignitis
1002 1378 1126 1441 mox
1156 1362 1337 1418 futura
1381 1361 1561 1418 fuerat
1607 1364 1954 1430 resurrectio,
1997 1379 2137 1435 pne.

521 1454 944 1525 ~~sentisposuit
972 1454 1236 1525 temporis
1278 1452 1526 1519 verbum,
1569 1460 1792 1523 propter
1819 1453 2133 1526 significan-

518 1584 521 1591 λ
554 1545 678 1602 dam
726 1542 1060 1599 celeritatem
1100 1560 1116 1595 :
1154 1542 1367 1597 illorum
1401 1551 1617 1609 autem,
1666 1543 1810 1614 quod
1849 1543 1903 1598 in
1951 1542 2133 1599 smculi

515 1680 519 1684 .
554 1636 795 1697 differtur
837 1635 1028 1701 linem,
1073 1648 1179 1689 non
1225 1634 1301 1688 ait
1339 1632 1551 1698 vivitis,
1598 1632 1694 1689 sed
1729 1633 1941 1689 vivetis.
1987 1634 2132 1689 Duas
2230 1632 2423 1688 hibitio
2450 1641 2534 1689 est
2562 1635 2689 1690 boni
2717 1636 2918 1706 operis.
2953 1636 3011 1691 Si
3059 1637 3204 1692 enim
3230 1638 3322 1708 qui
3362 1653 3471 1693 non
3500 1639 3675 1711 diligit
3707 1640 3831 1697 Do-

509 1761 515 1773 -
542 1718 693 1782 enim
722 1726 1167 1792 resurrectiones,
1204 1739 1354 1779 suam
1382 1723 1587 1779 scilicet
1615 1739 1737 1779 mox
1768 1722 2000 1780 futuram
2019 1763 2036 1791 ,
2074 1732 2129 1779 et
2230 1724 2457 1789 minum,
2491 1726 2742 1781 mandata
2767 1725 2883 1796 ejus
2910 1742 3018 1782 non
3041 1729 3298 1796 custodit,
3346 1730 3464 1787 sine
3493 1746 3654 1787 causa
3686 1747 3828 1787 eum

510 1826 792 1874 :..iiostratn
821 1817 874 1871 in
896 1815 1001 1872 fine
1021 1814 1198 1880 saeculi
1216 1822 1546 1880 secuturam,
1563 1815 1770 1870 duobus
1792 1814 1971 1871 verbis
1995 1828 2125 1885 prae
2151 1808 2201 1871 Β
2228 1828 2286 1868 se
2320 1812 2542 1887 dilig'ere
2561 1817 2849 1871 confitetur
2872 1815 3072 1882 verbis,
3106 1818 3198 1887 qui
3227 1818 3346 1888 ejus
3384 1827 3651 1889 praecepta
3707 1834 3828 1874 non

2603 817 2656 857 IN
2694 818 2779 859 ωε
2816 820 3019 861 ΒΑΜ)Το
3056 822 3447 866 Ρεατεεοετιε.

2319 906 2492 977 (1οη.
2522 912 2661 981 xiv.)
2697 928 2716 962 ι
2753 911 2929 967 ln'illo
2977 921 3215 984 tempore
3239 915 3376 970 dixit
3400 914 3554 973 Jesus
3576 918 3851 990 discipu—
3924 902 3935 909 λ

2245 1013 2263 1047 ι
2300 995 2365 1050 lis
2390 997 2504 1053 suis
2531 1015 2545 1051 :
2579 998 2636 1053 Si
2666 1001 2786 1069 quis
2807 1001 2980 1072 diligit
3002 1017 3111 1068 me,
3141 1018 3449 1061 sermonem
3489 1021 3676 1062 meum
3713 1022 3850 1063 ser—

2245 1103 2262 1136 I
2298 1085 2463 1140 vabit.
2496 1107 2514 1139 ι
2552 1087 2621 1143 Et
2662 1089 2887 1160 reliqua.
2921 1091 3294 1150 Promissurus
3339 1094 3594 1151 Dominus
3635 1096 3843 1167 Spiri-

2239 1183 2349 1231 tum
2381 1185 2626 1233 sanctum
2655 1178 2948 1250 discipulis,
2979 1182 3167 1253 quales
3193 1197 3252 1239 se
3270 1184 3527 1241 exhibere
3555 1187 3838 1253 debeant,

2235 1265 2325 1335 qui
2371 1266 2488 1335 ejus
2534 1269 2900 1326 habitaculum
2948 1271 3071 1327 ﬁeri
3118 1274 3460 1341 desiderant,
3490 1276 3543 1331 in
3584 1278 3842 1334 exordio

2234 1353 2393 1426 hujus
2439 1356 2687 1415 lectionis
2732 1359 3081 1427 manifestat,
3139 1376 3262 1417 cum
3313 1364 3486 1419 dicit:
3530 1384 3549 1418 ι
3579 1365 3637 1421 Si
3695 1367 3838 1436 quin

2232 1450 2406 1520 diligit
2433 1465 2549 1518 me,
2588 1460 2891 1508 sermonem
2931 1469 3108 1509 meum
3143 1457 3399 1512 servabit.
3434 1476 3454 1511 ι
3505 1458 3566 1513 1η
3605 1458 3833 1529 quibus

2231 1541 2415 1597 verbis
2438 1544 2666 1598 ostendit
2698 1545 2821 1617 qpia
2875 1546 3119 1614 probatio
3171 1562 3314 1604 vene
3359 1549 3667 1605 dilectionis
3724 1566 3832 1607 ex-

504 1948 507 1951 -
549 1906 1000 1978 sentistemporis
1026 1915 1079 1962 et
1107 1903 1292 1974 futuri,
1324 1904 1599 1977 eleganter
1624 1906 1969 1978 breviterque
1993 1921 2122 1977 pro—

506 1999 712 2054 ..niisit.
910 2002 917 2009 '

603 2150 640 2181 -ς
673 2128 729 2184 in
771 2127 862 2184 illo
909 2127 995 2184 die
1057 2141 1154 2182 vos
1200 2125 1536 2195 cognoscetis
1578 2126 1703 2197 quia
1748 2141 1848 2198 ego
1894 2142 2014 2183 sum
2068 2127 2122 2182 in

506 2240 572 2273 .υ‹
607 2219 768 2276 Patre
795 2235 937 2287 meo,
971 2228 1025 2276 ct
1045 2235 1142 2275 vos
1172 2220 1224 2274 in
1252 2234 1358 2285 me,
1383 2227 1440 2276 et
1466 2234 1568 2291 ego
1591 2219 1646 2275 in
1670 2220 1840 2276 vobis.
1876 2239 1895 2273 ι
1930 2220 1987 2275 ln
2017 2235 2122 2291 quo

547 2313 662 2378 die,
695 2312 797 2367 nisi
839 2312 906 2368 de
946 2327 1053 2383 quo
1090 2312 1203 2367 ait:
1242 2330 1260 2362 ι
1286 2310 1357 2365 Et
1382 2325 1479 2367 vos
1526 2311 1750 2367 vivetis?
1799 2331 1817 2365 ι
1852 2311 2124 2368 Noveram

504 2432 505 2435 η
547 2404 776 2476 apostoli
815 2411 941 2460 tunc
962 2419 1084 2460 esse
1115 2403 1390 2475 Christum
1420 2405 1485 2473 in
1524 2404 1685 2460 Patre
1721 2420 1819 2476 per
1861 2406 2117 2462 unitatem

502 2521 511 2533 ν
546 2495 835 2552 individua:
859 2495 1184 2551 divinitatis:
1213 2503 1549 2552 noverantse
1567 2497 1756 2552 essein
1771 2495 2122 2567 Christo,per

544 2587 941 2657 susceptionem
966 2584 1088 2641 fidei
1113 2594 1167 2642 et
1193 2594 1655 2642 sacramentorum
1683 2584 1821 2655 ejus,
1844 2586 1933 2655 qui
1958 2600 2121 2641 nove-

503 2707 512 2719 ε
545 2689 671 2734 rant
692 2678 959 2734 veraciter
980 2677 1161 2733 vivere
1186 2686 1313 2733 tunc
1337 2686 1393 2733 et
1415 2692 1534 2734 esse
1554 2677 1825 2733 Christum
1856 2677 1910 2732 in
1936 2676 2117 2740 Patre,

506 2808 513 2815 κ
540 2769 600 2825 in
632 2783 690 2823 se
711 2782 831 2823 esse
853 2768 1128 2823 Christum
1152 2783 1248 2839 per
1269 2768 1610 2825 dilectionem
1635 2777 1690 2824 et
1716 2767 2117 2824 observantiam

510 2858 917 2914 .mandatorum
960 2855 1114 2928 ejus:
1150 2867 1377 2914 noverat
1418 2866 1475 2914 et
1515 2859 1624 2913 hoc
1664 2867 1849 2913 sanc'a
1889 2856 1981 2912 Dei
2013 2856 2117 2912 Ec-

510 2950 732 3016 .ciesia,
760 2949 855 3005 sed
881 2949 1038 3021 longe
1080 2948 1273 3005 melius
1316 2957 1372 3005 et
1414 2949 1626 3020 plenius
1671 2949 1725 3004 in
1761 2949 1847 3004 illa
1896 2949 2001 3014 die,
2052 2949 2117 3005 de

512 3054 651 3111 --_qua
701 3038 971 3095 dixin-Et
1013 3054 1109 3094 vos
1146 3038 1360 3105 vivetis,
1409 3039 1463 3094 in
1503 3054 1609 3110 qua
1637 3039 1902 3095 veraciter
1933 3039 2119 3095 vivere

2230 1912 2414 1959 servat
2467 1906 2753 1976 operibus,
2805 1904 3012 1963 Joanne
3064 1908 3308 1978 apostolo
3361 1917 3496 1965 teste
3539 1911 3630 1981 qui
3691 1911 3825 1966 ait:

2234 2013 2253 2046 α
2283 1993 2340 2049 Si
2365 1995 2489 2065 quis
2528 1995 2728 2052 dixerit
2757 1997 3010 2066 quoniam
3052 1998 3216 2070 diligo
3254 1998 3441 2065 Deum,
3478 2009 3531 2055 et
3579 2000 3823 2056 fratrem

2222 2099 2379 2140 suum
2412 2085 2611 2151 oderit,
2671 2087 2903 2142 mendax
2937 2098 3017 2144 est
3058 2087 3112 2161 (Ι
3149 2089 3312 2145 Joan.
3365 2092 3457 2162 iv).
3490 2112 3509 2145 ι
3561 2091 3628 2147 Et
3661 2093 3827 2148 sicut

2221 2174 2290 2229 de
2338 2172 2492 2230 falsis
2530 2173 2657 2231 fidei
2699 2175 3096 2246 professoribus
3141 2179 3430 2249 Apostolus
3450 2181 3562 2235 ait:
3594 2198 3611 2233 ι
3656 2180 3826 2237 Con-

2223 2262 2444 2319 fitentur
2475 2278 2534 2320 se
2563 2279 2723 2320 nosse
2773 2266 2963 2331 Deum,
3016 2266 3175 2323 factis
3204 2276 3384 2325 autem
3431 2278 3627 2349 negant
3669 2271 3819 2343 (Tit.

2221 2351 2282 2423 ι).
2324 2371 2343 2405 ι
2392 2352 2550 2410 Tales
2595 2354 2856 2410 Dominus
2900 2355 2953 2410 in
2996 2356 3284 2428 Evangelio
3334 2360 3628 2429 reprobat,
3678 2374 3819 2415 cum

2220 2440 2390 2496 dicit:
2427 2459 2444 2493 ι
2474 2441 2614 2508 Quid
2639 2450 2819 2498 autem
2855 2444 3061 2500 vocatis
3099 2459 3218 2511 me,
3262 2445 3505 2511 Domine,
3548 2447 3822 2513 Domine,

2219 2539 2274 2585 et
2322 2545 2435 2587 non
2481 2530 2663 2588 facitis
2697 2549 2817 2603 qua:
2846 2534 2966 2590 dico
2988 2534 3141 2607 (Luc.
3184 2535 3303 2606 vi)?
3330 2556 3350 2589 ι
3395 2536 3463 2593 Et
3490 2537 3819 2607 Propheta:

2225 2637 2242 2671 ι
2276 2619 2512 2691 Populus
2547 2621 2636 2679 hic
2676 2622 2831 2679 labiis
2869 2639 2957 2679 me
2981 2624 3231 2692 honorat,
3261 2641 3356 2682 cor
3396 2635 3573 2682 autem
3607 2642 3823 2683 eorum

2219 2711 2379 2785 longe
2420 2722 2505 2769 est
2548 2728 2580 2768 a
2622 2729 2711 2769 me
2752 2713 2887 2787 (lsa.
2939 2714 3118 2787 xxix).
3171 2735 3190 2769 ι
3243 2716 3398 2772 Sicut
3439 2717 3581 2772 enim
3614 2716 3827 2786 justus

2154 2830 2167 2842 -
2218 2817 2289 2856 ex
2332 2803 2434 2858 (ide
2482 2804 2630 2870 vivit,
2679 2804 2757 2860 sic
2790 2803 2926 2861 fides
2966 2805 3085 2861 sine
3134 2807 3386 2876 operibus
3434 2816 3644 2864 mortua
3684 2817 3822 2875 est,

2218 2892 2445 2949 Domino
2492 2894 2704 2950 dicente
2735 2913 2747 2949 :
2801 2913 2822 2948 ς
2849 2894 2963 2950 Νοη
2993 2896 3169 2951 omnis
3198 2897 3291 2966 qui
3330 2898 3462 2957 dicit
3499 2898 3656 2963 mihi,
3700 2899 3825 2957 Do-

2217 2984 2379 3048 mine,
2415 2985 2655 3051 Domine,
2682 2985 2905 3041 intrabit
2933 2986 2987 3042 in
3014 3002 3238 3057 regnum
3277 2990 3542 3046 caelorum
3581 2989 3820 3062 (Nam.

2219 3074 2357 3145 vn),
2422 3093 2441 3127 ι
2509 3084 2613 3130 etc.
2674 3074 2825 3131 Unde
2881 3074 3115 3131 Joannes
3174 3077 3229 3133 in
3291 3078 3622 3151 Apocalypsi
3676 3096 3818 3136 cum

519 3130 961 3240 to;
986 3130 1165 3195 εειτςίιι
1192 3130 1279 3231 die
1760 3130 1973 3240 «ιειαηαο
1996 3146 2114 3240 ρος·
2146 3149 2191 3211 c
2224 3129 2447 3221 ags...
2486 3164 2680 3237 (Αροε.
2728 3129 2818 3236 ης
2851 3129 3229 3239 «περιυέριλῑ
3246 3129 3401 3240 ait
3416 3129 3622 3240 1.11;};
3652 3129 3818 3227 ait;

535 3220 741 3278 tectius
780 3227 975 3276 cuncta
1029 3234 1149 3291 qua:
1194 3219 1413 3274 scienda
1469 3226 1596 3275 sunt
1644 3219 1852 3285 scient,
1903 3220 2119 3290 quando

543 3313 717 3384 ipsum
733 3310 971 3368 scientiae
984 3310 1183 3366 fontem
1196 3309 1424 3366 vicinius
1436 3309 1551 3365 sine
1564 3309 1670 3366 line
1687 3309 2036 3380 conspicient.
2056 3310 2124 3364 Et

542 3402 670 3474 quia
695 3401 947 3457 omnibus
984 3400 1142 3471 hujus
1172 3399 1583 3469 promissionem
1617 3399 1969 3454 beatitudinis
1996 3413 2120 3468 pro-

543 3493 804 3560 mitteret,
835 3506 941 3547 non
968 3490 1302 3547 solummodo
1327 3488 1606 3561 apostolis,
1649 3504 1774 3547 mox
1804 3489 2114 3562 subjungit:

619 3644 639 3676 ι
675 3624 779 3692 Qui
803 3624 963 3680 habet
989 3622 1241 3678 mandata
1269 3636 1386 3675 mea
1409 3628 1464 3676 et
1489 3629 1668 3676 servat
1693 3636 1778 3689 ea,
1810 3620 1897 3676 ille
1917 3628 2001 3677 est
2026 3620 2116 3691 qui

549 3735 568 3769 ι
606 3716 779 3788 diligit
809 3730 914 3770 me.
946 3712 1045 3781 Qui
1073 3720 1251 3767 autem
1274 3710 1446 3782 diligit
1474 3725 1581 3776 mc,
1623 3710 1874 3779 diligetur
1900 3726 1932 3765 a
1956 3709 2117 3765 Patre

549 3828 568 3860 ι
605 3821 744 3872 meo,
775 3814 830 3862 et
853 3818 952 3873 ego
979 3803 1194 3874 diligam
1222 3816 1368 3866 eum,
1390 3808 1445 3854 et
1473 3799 1827 3855 manifestabo
1858 3800 1906 3855 ei
1949 3800 2116 3871 meipc

538 3917 569 3949 α
607 3912 745 3952 sum.
780 3914 799 3947 ι
848 3892 949 3948 Ubi
993 3893 1136 3946 omni
1191 3890 1489 3945 intentione
1540 3889 1984 3946 considerandum
2031 3899 2116 3945 est

526 3987 669 4060 quia
694 3985 965 4041 Christum
992 3996 1117 4036 vere
1138 3980 1357 4051 diligere
1402 3987 1481 4034 est
1505 3995 1609 4035 non
1639 3978 1811 4034 solum
1837 3979 2007 4050 ipsam
2036 3978 2116 4034 di-

526 4075 828 4132 lectionem
859 4068 1128 4132 conﬁteri,
1173 4068 1266 4124 sed
1312 4066 1564 4121 mandata
1602 4067 1832 4144 .Christi,
1882 4084 2001 4138 qua:
2028 4068 2112 4122 di-

528 4165 743 4222 scendo
792 4163 1071 4225 habemus,
1118 4158 1391 4231 operando
1432 4174 1670 4214 servare.
1706 4177 1725 4211 ι
1781 4160 1883 4228 Qui
1929 4160 2111 4228 habet,

526 4256 738 4326 .inquit,
768 4268 889 4310 mea
917 4252 1169 4308 mandata
1199 4260 1253 4306 et
1287 4260 1466 4306 servat
1488 4266 1570 4317 ea,
1597 4252 1683 4307 ille
1706 4262 1791 4309 est
1827 4255 1918 4323 qni
1945 4254 2115 4327 diligit

534 4363 649 4404 .me.
687 4365 707 4399 ι
739 4346 840 4415 Qui
890 4343 1053 4401 habet
1098 4344 1150 4399 in
1198 4344 1455 4399 memoria
1494 4352 1550 4401 et
1578 4353 1757 4400 servat
1785 4347 1837 4401 in
1867 4348 1993 4415 vita,
2020 4349 2112 4419 qui

533 4438 705 4495 habet
727 4438 785 4494 in
818 4435 1159 4493 sermonibus
1185 4443 1242 4490 et
1270 4443 1450 4490 servat
1500 4435 1553 4490 in
1579 4436 1840 4506 moribus,
1888 4438 1979 4509 qui
2016 4440 2112 4494 hac

2222 3257 2383 3309 verba
2413 3257 2706 3328 prophetiae
2745 3256 2868 3312 libri
2912 3257 3099 3328 hujus,
3134 3277 3152 3310 ι
3199 3260 3455 3316 continuo
3476 3260 3811 3331 subjunxit:

2227 3365 2246 3400 ι
2296 3347 2365 3403 Ει
2409 3356 2591 3402 servat
2633 3362 2698 3402 ea
2744 3363 2865 3418 qua:
2908 3349 2964 3404 in
3009 3365 3074 3405 ea
3122 3349 3320 3420 scripta
3363 3357 3508 3404 sunt.
3560 3369 3584 3402 ι
3632 3350 3814 3407 Amor

2219 3439 2418 3493 etenim
2481 3438 2573 3494 Dei
2627 3438 2835 3495 otiosus
2881 3454 3000 3496 esse
3048 3454 3153 3494 non
3200 3447 3419 3510 potest,
3470 3442 3695 3510 quando
3751 3448 3813 3497 ut

2219 3527 2478 3583 Dominus
2525 3527 2602 3582 ait
2644 3542 2660 3581 :
2703 3546 2722 3579 ‹
2750 3528 2829 3582 Ex
2877 3528 3203 3584 abundantia
3250 3528 3428 3584 cordis
3458 3544 3518 3583 os
3557 3528 3813 3597 loquitur

2221 3615 2437 3687 (Manli.
2464 3616 2583 3688 xu).
2620 3636 2638 3670 ι
2669 3618 2776 3673 Aut
2815 3618 2960 3674 enim
3004 3633 3195 3689 magna
3235 3626 3507 3688 operatur,
3550 3618 3597 3673 si
3639 3634 3811 3674 verus

2218 3721 2374 3761 amor
2402 3717 2521 3762 est:
2551 3716 2643 3762 aut
2673 3708 2716 3763 si
2758 3708 2967 3780 operari
3004 3708 3216 3772 renuit,
3254 3707 3398 3763 haud
3426 3722 3581 3763 amor
3615 3708 3809 3763 dicen-

2217 3798 2317 3853 dus
2351 3807 2452 3854 est.
2481 3797 2638 3869 Sicut
2654 3800 2796 3853 enim
2827 3799 3122 3869 imperator
3145 3798 3197 3852 in
3229 3799 3331 3854 hoc
3357 3797 3608 3869 intelligit
3653 3800 3809 3868 quod

2216 3890 2299 3945 sui
2342 3890 2541 3945 milites
2576 3905 2698 3945 eum
2730 3890 2979 3959 diligunt,
3009 3905 3132 3946 cum
3164 3889 3451 3961 provincia:
3488 3887 3639 3960 leges
3676 3889 3806 3960 ejus

2214 3980 2509 4036 observant
2558 3999 2571 4035 :
2626 3981 2707 4036 sic
2753 3980 3003 4036 affectum
3055 3990 3256 4037 nostra:
3315 3979 3619 4036 dilectionis
3667 3994 3805 4053 erga

2217 4071 2384 4127 Deum
2426 4071 2800 4137 ostendimus,
2850 4085 2975 4125 cum
3015 4077 3285 4141 prmcepta
3329 4070 3447 4142 ejus
3491 4084 3799 4126 servamus.

2220 4160 2370 4216 Unde
2389 4160 2515 4216 huic
2538 4159 2754 4215 lectioni
2783 4158 2942 4230 paulo
2976 4159 3224 4230 superius
3251 4159 3532 4230 praemisit,
3557 4159 3749 4214 dicens
3784 4176 3799 4213 :

2221 4270 2240 4304 ι
2270 4252 2371 4320 Qui
2407 4252 2570 4308 habet
2598 4252 2849 4307 mandata
2885 4265 3029 4317 mea,
3059 4259 3114 4307 et
3139 4259 3319 4306 servat
3345 4266 3432 4318 ea,
3462 4249 3553 4307 ille
3588 4259 3673 4307 est
3700 4250 3800 4321 qui

2215 4346 2388 4418 diligit
2413 4360 2518 4402 me.
2550 4364 2568 4398 ι
2604 4344 2671 4399 Et
2700 4345 2896 4400 iterum
2930 4361 2944 4398 :
2980 4362 2998 4396 ε
3032 4342 3089 4399 Si
3130 4343 3354 4417 diligitis
3381 4358 3496 4409 me,
3538 4343 3801 4399 mandata

2217 4455 2338 4495 mea
2373 4447 2605 4495 servate.
2638 4456 2657 4490 ι
2694 4437 2751 4492 In
2791 4437 3076 4494 dilectione
3108 4453 3236 4493 vero
3285 4437 3380 4493 Dei
3429 4453 3535 4493 non
3583 4446 3798 4494 tantum

538 4530 634 4586 bet
678 4528 944 4584 audiendo
987 4534 1042 4583 et
1071 4535 1251 4583 servat
1279 4524 1555 4594 faciendo;
1584 4536 1676 4583 aut
1712 4529 1803 4600 qui
1826 4500 2008 4585 Vlia-hct
2033 4529 2113 4585 fa-
2141 4500 2193 4561 D
2219 4531 2422 4601 lingua,
2450 4529 2545 4586 sed
2570 4536 2627 4584 et
2662 4543 2853 4583 manus
2878 4535 2961 4583 est
2989 4527 3264 4593 intuenda,
3295 4527 3437 4583 sicut
3455 4527 3583 4583 alibi
3615 4527 3801 4582 Domi-

536 4623 729 4679 ciendo
755 4629 811 4676 et
837 4626 1017 4678 servat
1064 4634 1128 4675 ea
1160 4619 1575 4689 perseverando,
1612 4621 1724 4691 ipse
1753 4630 1858 4689 est,
1903 4623 2106 4694 inquit,

536 4710 629 4782 qui
653 4710 826 4782 diligit
851 4723 957 4765 me.
987 4708 1293 4764 Notandum
1337 4710 1462 4779 quia
1509 4725 1633 4765 cum
1661 4712 1943 4782 prtesentis
1976 4721 2114 4769 tem-

534 4803 686 4876 poris
712 4802 876 4858 verbo
902 4802 1137 4857 diceret:
1170 4821 1188 4853 σ
1216 4801 1305 4872 qui
1334 4810 1513 4859 autem
1541 4802 1715 4874 diligit
1736 4820 1838 4872 me,
1875 4825 1894 4859 ι
1928 4804 2113 4876 adjicit

532 4894 605 4948 de
630 4891 848 4947 futuro:
881 4909 899 4943 ι
936 4892 1187 4964 diligetur
1215 4906 1245 4946 a
1291 4891 1450 4949 Patre
1476 4908 1616 4960 meo,
1668 4901 1720 4948 et
1757 4908 1856 4966 ego
1896 4895 2111 4966 diligam

530 4996 685 5047 eum,
721 4989 775 5037 et
813 4980 1171 5036 manifestabo
1195 4982 1243 5036 ei
1290 4983 1574 5053 mcipsum.
1606 5002 1624 5035 ι
1673 4982 1852 5055 Diligit
1880 4999 2113 5054 namque

528 5074 703 5130 etiam
749 5088 893 5127 nunc
942 5072 1226 5128 dilectores
1268 5088 1394 5128 suos
1437 5088 1557 5127 cum
1588 5072 1748 5126 Patre
1784 5073 1973 5137 Filius,
2018 5073 2110 5128 sed

533 5178 683 5222 stunc
736 5161 907 5233 diligit
936 5162 1003 5217 ad
1052 5163 1152 5217 hoc
1198 5172 1257 5217 ut
1288 5171 1433 5217 recte
1472 5163 1652 5217 vivant
1702 5178 1767 5217 ex
1819 5162 1942 5228 title,
1993 5179 2110 5235 qua:

536 5270 637 5328 per
691 5252 1031 5309 dilectionem
1070 5262 1367 5323 operatur:
1404 5262 1529 5307 tunc
1579 5253 1646 5307 ad
1693 5253 1795 5309 hoc
1842 5244 2026 5325 diliget
2056 5262 2113 5310 ut

535 5344 854 5418 perveniant
906 5343 972 5399 ad
1014 5344 1271 5398 visionem
1306 5344 1569 5408 veritatis,
1615 5359 1775 5413 quam
1808 5359 1905 5414 per
1951 5345 2109 5399 tidem

537 5443 904 5509 gestaverant.
936 5433 1051 5491 Non
1083 5444 1261 5490 autem
1292 5435 1488 5489 frustra
1513 5437 1752 5493 addidit:
1793 5457 1811 5489 ε
1848 5446 1902 5493 et
1943 5440 2112 5492 mani-

538 5532 750 5587 festaho
781 5532 828 5586 ci
854 5530 1135 5601 mcipsum.
1174 5551 1192 5583 ι
1236 5531 1292 5586 Si
1321 5544 1447 5585 vero
1475 5531 1765 5586 secundum
1809 5532 2113 5586 hutnanita-

538 5632 649 5678 tem
673 5637 730 5677 se
759 5623 965 5679 cunctis
986 5623 1039 5677 in
1062 5620 1265 5690 judicio
1296 5619 1662 5676 manifestabit
1681 5662 1695 5685 ,
1726 5621 1852 5677 solis
1882 5637 2007 5676 vero
2030 5622 2113 5692 jn-

540 5714 638 5770 Itis
684 5724 736 5768 et
780 5714 977 5771 sanctis
1024 5713 1317 5769 divinitatis
1351 5712 1597 5785 gloriam,
1644 5712 1695 5768 in
1744 5730 1845 5784 qua
1894 5716 2115 5786 :rqualis

2221 4638 2323 4678 nus
2353 4621 2628 4692 discipulis
2658 4620 2735 4675 ait
2764 4637 2777 4675 :
2814 4640 2833 4672 ι
2864 4618 3026 4675 Scitis
3046 4617 3161 4675 haec
3187 4636 3199 4672 :
3223 4618 3366 4675 beati
3396 4619 3552 4674 eritis
3581 4618 3627 4673 si
3655 4617 3801 4673 fece-

2222 4712 2342 4768 ritis
2375 4726 2439 4767 ea
2486 4710 2669 4783 (Joan.
2696 4709 2839 4783 xm).
2871 4729 2890 4763 ι
2921 4708 3279 4765 Custodienda
3326 4725 3457 4780 ergo
3496 4717 3625 4765 sunt
3659 4723 3800 4779 pne.

2216 4815 2371 4877 cepta
2396 4805 2523 4871 Dei,
2555 4803 2680 4874 quia
2715 4802 2768 4858 in
2797 4801 3162 4858 custodiendis
3184 4810 3485 4873 pmparata
3518 4809 3604 4857 cst
3631 4800 3795 4856 retri-

2216 4898 2368 4953 butio
2414 4896 2582 4951 multa
2639 4896 2817 4950 nimis.
2868 4897 2944 4951 De
2990 4910 3095 4965 qua
3144 4896 3500 4953 retributione
3546 4895 3798 4967 protinus

2218 4987 2549 5044 subinfertur
2592 5004 2604 5040 :
2648 5004 2666 5037 ι
2695 4986 2762 5040 Ει
2793 4985 2954 5041 Pater
2996 5000 3150 5041 meus
3194 4986 3379 5058 diliget
3423 5002 3569 5042 eum.
3602 5007 3622 5038 ι
3656 4985 3795 5053 Quid

2218 5079 2361 5133 enim
2391 5076 2634 5133 dilectori
2665 5091 2761 5132 suo
2784 5075 2953 5130 Filius
2978 5075 3206 5146 amplius
3246 5078 3564 5146 promittere
3594 5087 3792 5145 potest,

2218 5184 2380 5238 quam
2409 5179 2468 5223 ut
2497 5185 2524 5223 a
2555 5167 2713 5222 Patre
2758 5166 3043 5237 diligatur?
3072 5165 3172 5233 Qui
3213 5181 3343 5238 ergo
3383 5166 3558 5237 diligit
3593 5164 3793 5220 Filium

2218 5259 2459 5329 diligitur
2486 5266 2542 5313 et
2583 5273 2613 5311 a
2645 5256 2823 5321 Patre,
2851 5255 2974 5325 quia
3005 5256 3143 5311 idem
3171 5256 3339 5312 Filius
3364 5273 3529 5311 unum
3554 5265 3640 5312 est
3669 5272 3790 5310 cum

2218 5349 2398 5412 Patre,
2429 5349 2569 5404 sicut
2596 5347 2709 5417 ipse
2738 5345 2862 5400 alibi
2895 5344 3240 5401 dilectoribus
3273 5347 3387 5401 suis
3413 5346 3543 5400 dicit
3572 5363 3583 5399 :
3626 5365 3646 5396 ι
3677 5345 3793 5415 lpse

2218 5442 2359 5497 enim
2396 5441 2560 5496 Pater
2587 5445 2735 5493 amat
2760 5452 2877 5502 vos,
2904 5437 3027 5507 quia
3053 5451 3149 5492 vos
3188 5453 3274 5492 me
3314 5438 3557 5502 amastis,
3585 5445 3641 5491 et
3675 5451 3793 5490 cre-

2215 5534 2426 5590 didistis
2471 5532 2597 5602 quia
2638 5546 2665 5584 a
2701 5528 2808 5585 Deo
2846 5528 2986 5585 exivi
3034 5527 3213 5600 (Joan.
3249 5528 3381 5599 xvi).
3418 5548 3435 5581 ι
3485 5528 3790 5583 Notandum

2215 5633 2393 5676 autem
2444 5620 2584 5689 querl
2624 5619 2735 5673 ait:
2771 5637 2789 5668 ι
2827 5625 2875 5671 et
2904 5617 3102 5673 adcum
3134 5619 3424 5673 veniemus.
3454 5638 3474 5673 ι
3510 5617 3617 5671 Nisi
3651 5616 3794 5670 Deus

2218 5714 2427 5767 trinitas
2462 5719 2980 5780 essetmcquaquam
3017 5708 3294 5779 pluraliter
3314 5710 3535 5764 diceret.
3573 5727 3589 5758 ι
3626 5707 3688 5761 Et
3722 5708 3789 5760 ει]
