4014 6354
225 349 338 405 551

1464 341 1766 399 IIOMlLl/E
1794 342 1895 399 ’ΒΕ
1934 340 2278 410 ΤΕΜΡΟΙὶΕ.

3375 344 3479 399 558

232 476 258 511 r
306 473 429 515 eum
477 459 772 516 veniemus.
809 477 828 511 ι
875 457 1191 530 Ubicunque
1234 460 1377 515 enim
1423 460 1570 513 venit
1616 457 1795 523 Pater,
1825 460 1873 518 Α
1907 475 1925 507 ‹
1954 458 2065 530 Ege
2093 473 2123 512 a
2152 460 2489 531 meipseuen
2517 462 2671 526 veni.
2708 465 2803 518 sed
2847 462 3008 518 Pater
3045 478 3196 520 meus
3221 466 3368 522 misit
3391 484 3483 528 me

222 548 377 605 venit
411 546 603 614 Filius,
632 550 782 605 venit
829 548 1063 620 Spiritus
1108 558 1347 606 sanctus.
1398 550 1466 605 Et
1494 550 1798 620 ubicunque

222 645 413 693 manet
440 638 633 705 Pater,
676 646 856 694 manet
896 639 1083 705 Filius,
1115 650 1296 697 manet
1323 652 1379 697 et
1408 641 1639 714 Spiritus
1677 658 1799 697 san-

220 738 366 785 ctus.
400 729 534 798 Quia
558 732 699 787 sicut
721 732 798 786 ait
816 732 1130 802 Apostolus:
1161 754 1179 786 ε
1204 733 1454 791 Charitas
1482 736 1577 792 Dei
1605 738 1795 795 diffusa

217 827 309 873 est
356 818 409 873 in
452 820 706 876 cordibus
748 822 949 878 nostris
993 838 1091 893 per
1119 823 1378 895 Spiritum
1408 836 1678 896 sanctum,
1704 832 1796 901 qui

215 906 384 963 datus
404 919 487 964 est
514 911 857 984 nobis(Rom.
879 915 954 984 v).
987 934 1005 967 ι
1026 915 1091 969 Ει
1117 916 1240 971 item
1272 938 1283 972 :
1308 938 1327 970 ‹
1362 918 1616 976 Habitare
1644 921 1798 977 Chri-

218 1006 370 1051 stum
396 1014 494 1069 per
521 999 679 1055 fidem
708 1003 758 1056 in
773 1003 1024 1060 cordibus
1040 1009 1239 1063 uestris
1267 1008 1479 1080 (Ep/tes.
1504 1012 1607 1084 ιιι).
1640 1034 1659 1067 ι
1691 1016 1797 1071 Sed

214 1086 349 1143 laeto
395 1092 555 1146 corde
600 1092 971 1163 accipiendum
1019 1105 1103 1151 est
1146 1100 1290 1167 quod
1338 1101 1567 1158 infertur
1607 1122 1620 1159 :
1675 1124 1693 1157 σ
1732 1107 1798 1160 Et

218 1196 240 1229 ι
292 1178 627 1235 mansionem
657 1182 795 1253 apud
818 1198 939 1239 eum
968 1184 1245 1243 faciemus.
1278 1208 1298 1241 ι
1331 1187 1411 1245 Ad
1441 1194 1795 1260 quorumdam

210 1258 353 1319 vero
380 1267 541 1323 corde
572 1269 711 1325 Deus
740 1273 923 1339 venit,
968 1274 1062 1328 sed
1105 1278 1438 1334 mansionem
1488 1296 1593 1336 non
1642 1282 1795 1351 facit,

209 1357 346 1426 quia
373 1373 467 1412 eos
487 1374 587 1429 per
607 1365 1034 1432 compunctionis
1054 1368 1280 1435 gratiam
1300 1371 1483 1427 visitat
1511 1388 1525 1426 :
1557 1374 1648 1429 sed
1673 1391 1796 1431 cum

210 1446 353 1501 hora
384 1452 815 1519 compunctionis
846 1455 1140 1523 transierit,
1164 1468 1216 1514 et
1245 1461 1311 1514 ad
1343 1460 1679 1535 iniquitatem
1713 1481 1797 1521 re—

207 1539 408 1606 deuut,
440 1542 604 1598 Deum
631 1560 659 1598 a
694 1546 857 1601 corde
881 1562 979 1602 suo
1007 1537 1309 1620 repellunt,
1352 1553 1421 1609 de
1456 1555 1650 1624 quibus
1691 1558 1796 1613 Do-

207 1632 397 1688 minus
425 1634 550 1690 alibi
579 1636 711 1691 dicit
741 1655 754 1691 :
790 1655 808 1689 ‹
843 1637 982 1706 Quia
1011 1642 1078 1696 ad
1120 1650 1329 1714 tempus
1368 1647 1614 1715 credunt,
1645 1657 1701 1704 et
1739 1649 1792 1705 in

209 1728 461 1792 tempore
488 1728 799 1784 tentationis
848 1716 1105 1786 recedunt
1137 1733 1285 1805 (Luc.
1310 1737 1447 1810 vm).
1486 1758 1506 1792 ι
1550 1739 1621 1794 At
1664 1755 1791 1797 vero

1903 546 2084 617 (Joan.
2106 546 2225 618 vu).
2248 567 2268 601 ι
2293 548 2361 605 Et
2390 548 2530 607 sicut
2550 550 2720 607 Filius
2747 568 2854 607 non
2882 562 2964 608 est
2990 570 3023 609 ει
3051 556 3251 625 seipse,
3279 559 3360 613 sic
3383 562 3479 619 do.-

1900 638 2128 695 ctrinam
2168 656 2320 696 suam
2362 656 2473 697 non
2498 643 2629 703 dicit
2666 660 2819 701 suam
2850 662 3001 713 esse,
3033 648 3171 705 sicut
3212 650 3327 721 ipse
3351 656 3428 712 ait
3459 675 3475 712 :

1903 747 1923 779 ι
1954 727 2070 785 Mea
2100 729 2343 785 doctrina
2373 746 2478 786 non
2509 740 2593 791 est
2618 748 2768 799 mea,
2798 734 2889 792 sed
2910 735 3048 807 ejus,
3074 739 3164 808 qui
3191 741 3340 796 misnt
3368 759 3482 814 me,

1875 818 2072 877 Patris
2099 820 2311 893 (Ibid).
2343 842 2361 873 ι
2385 822 2455 877 Et
2475 823 2671 891 iterum
2697 844 2711 880 :
2745 846 2764 878 ‹
2796 827 2956 882 Pater
2978 830 3033 884 in
3056 845 3143 886 me
3182 843 3386 898 manet.
3419 846 3480 892 et

1897 927 1998 983 ego
2026 913 2080 967 in
2104 929 2171 971 eo
2195 914 2376 985 (Joan.
2404 914 2502 985 γι).
2534 936 2553 967 ι
2583 916 2653 972 Et
2679 918 2803 977 alibi
2831 938 2843 973 :
2876 941 2895 972 ε
2914 921 3026 991 Ego
3051 939 3081 978 a
3107 925 3314 995 mcipso
3337 929 3477 984 nihil

1897 1001 2037 1057 facio
2062 1002 2242 1074 (Joan.
2270 1004 2410 1076 vm).
2442 1025 2462 1058 ι
2489 1004 2589 1072 Qui
2619 1008 2763 1063 enim
2787 1008 2853 1065 de
2894 1013 3044 1066 nullo
3078 1014 3137 1069 lit
3159 1055 3174 1078 ,
3217 1017 3283 1072 de
3325 1020 3478 1074 nullo

1896 1094 2175 1163 procedit,
2223 1095 2371 1152 solus
2413 1106 2496 1153 est
2541 1097 2722 1153 Pater.
2774 1100 2943 1159 Filius
2992 1114 3173 1162 autem
3207 1109 3282 1164 de
3311 1110 3475 1168 Patre

1897 1191 2101 1251 natus,
2130 1182 2363 1255 Spiritus
2401 1195 2618 1244 sanctus
2646 1206 2674 1241 a
2706 1189 2869 1246 Patre
2905 1201 2962 1253 et
3004 1194 3142 1253 Filio
3181 1201 3474 1267 procedere

1897 1276 2155 1331 creditur.

1973 1384 1991 1414 ι
2019 1364 2376 1424 Haeclocutus
2396 1385 2514 1427 sum
2537 1370 2708 1438 vobis,
2732 1374 2872 1441 apud
2895 1389 2990 1431 vos
3014 1392 3255 1436 manens.
3280 1399 3301 1434 ι
3326 1382 3474 1443 Nun-

1896 1452 2027 1521 quid
2053 1470 2159 1509 non
2187 1466 2306 1511 erat
2334 1473 2619 1514 mansurus
2646 1476 2767 1515 cum
2799 1462 3093 1531 discipulis,
3125 1467 3322 1535 quibus
3343 1471 3475 1528 alibi

1895 1540 2181 1608 promisit,
2210 1543 2395 1599 dicens
2426 1562 2438 1597 :
2477 1565 2496 1597 ί
2528 1546 2668 1603 Ecce
2693 1562 2796 1619 ego
2818 1552 3098 1607 vobiscum
3144 1569 3261 1610 sum
3293 1562 3471 1615 omni-

1894 1628 1996 1684 bus
2055 1631 2246 1688 diebus
2304 1649 2475 1705 usque
2536 1637 2603 1692 ad
2666 1643 3184 1703 consummationem
3248 1649 3473 1705 saeculi?

1896 1719 2113 1785 (Matth.
2144 1726 2358 1796 xxvm).
2390 1746 2409 1779 ι
2442 1727 2575 1783 Erat
2601 1731 2804 1799 utique,
2833 1735 2925 1789 sed
2955 1735 3070 1789 ait:
3103 1756 3125 1801 ς
3159 1737 3283 1795 Haec
3317 1741 3468 1798 locu-

204 1807 283 1862 ad
302 1810 597 1867 electorum
623 1829 719 1868 cor
739 1831 845 1871 non
872 1816 1045 1873 solum
1070 1822 1236 1887 venit,
1259 1823 1351 1877 sed
1374 1807 1430 1878 et
1454 1826 1782 1883 mansionem

1892 1818 1977 1864 tus
2013 1826 2130 1867 sum
2176 1815 2364 1882 vobis,
2411 1818 2550 1887 apud
2598 1835 2695 1875 vos
2738 1838 2980 1887 manens,
3016 1845 3034 1878 ι
3082 1827 3155 1901 de.)
3180 1833 3471 1898 praesentia

204 1897 349 1955 facit
379 1919 397 1954 :
424 1904 551 1972 quia
574 1918 763 1961 eorum
809 1918 1019 1963 mentes
1060 1910 1140 1965 sic
1178 1911 1298 1968 ﬁxae
1333 1923 1459 1969 sunt
1506 1916 1561 1971 in
1607 1933 1791 1974 amore

206 1987 549 2057 Divinitatis,
579 2001 639 2046 ut
668 1994 739 2049 ab
763 1992 883 2062 ejus
907 1995 1190 2055 dilectione
1213 2009 1452 2072 tempore
1480 2007 1790 2063 tentatienis

202 2093 321 2133 non
364 2081 649 2149 recedant,
677 2085 771 2139 sed
803 2086 877 2140 ita
918 2087 1147 2144 Dommo
1169 2090 1463 2159 cohaerent,
1492 2105 1552 2149 ut
1586 2098 1696 2154 sive
1734 2099 1788 2154 in

198 2169 504 2240 prosperis,
529 2171 643 2225 sive
668 2172 720 2226 in
750 2172 1010 2241 adversis,
1035 2190 1247 2253 semper
1269 2183 1449 2251 ipsum
1470 2185 1790 2243 benedicere

196 2260 485 2325 studeant,
511 2261 753 2317 dicentes
777 2277 898 2317 cum
927 2263 1211 2324 Psalmista
1241 2288 1256 2324 :
1293 2288 1311 2321 ι
1340 2272 1658 2329 Benedicam
1687 2276 1791 2332 Do-

196 2347 420 2402 minum
462 2349 516 2404 in
559 2352 705 2407 omni
740 2361 981 2423 tempore
1011 2353 1183 2426 (Psal.
1213 2375 1385 2415 xxxlu
1406 2361 1445 2428 ).
1479 2382 1497 2415 ι
1531 2363 1789 2421 Conside-

197 2437 442 2492 randum
469 2454 609 2512 ergo
624 2457 965 2514 summopere
1018 2455 1102 2502 est
1130 2458 1331 2517 quanto
1360 2453 1534 2507 studio
1559 2456 1790 2511 mansio-

197 2539 335 2579 nem
364 2541 476 2582 sure
508 2531 705 2585 mentis
743 2548 1050 2602 prmparare
1097 2536 1294 2605 debet,
1337 2541 1428 2611 qui
1477 2551 1682 2598 tantum
1724 2562 1789 2601 ac

202 2618 373 2674 talem
424 2620 691 2692 hospitem
736 2627 1010 2696 suscipere
1056 2629 1345 2685 desiderat.
1402 2632 1459 2688 Si
1505 2636 1645 2690 enim
1693 2653 1782 2692 rex

201 2700 315 2763 aut‘
344 2719 647 2780 prmpetens
699 2715 905 2770 amicus
948 2718 1016 2771 ad
1069 2718 1288 2774 domum
1337 2731 1481 2776 tuam
1528 2735 1786 2781 venturus

200 2805 390 2862 esset,
435 2813 558 2853 cum
586 2801 732 2856 omni
772 2804 949 2859 studio
983 2821 1099 2860 eam
1128 2822 1481 2877 pneparares,
1516 2814 1782 2882 superﬂua

204 2883 529 2954 abjiciendo,
560 2892 864 2945 necessaria
890 2892 1210 2960 adhibendo,
1239 2912 1346 2951 non
1377 2897 1547 2953 solum
1571 2916 1689 2969 quae
1714 2905 1781 2959 ad

206 2974 514 3041 utilitatem,
547 2978 640 3032 sed
668 2981 829 3033 etiam
865 2996 984 3052 qua:
1012 2984 1079 3037 ad
1106 2993 1356 3041 ornatum
1391 2989 1660 3057 pertinent
1697 2994 1781 3047 in-

208 3063 542 3134 vestigando.
575 3067 651 3121 lla
680 3068 963 3125 Dominum
1004 3073 1173 3128 Deum
1205 3084 1354 3131 tuum
1383 3078 1435 3133 in
1477 3079 1782 3138 habitacule

1890 1901 2156 1970 corporali
2192 1903 2322 1958 dicit
2347 1944 2361 1964 .
2402 1923 2500 1976 per
2524 1923 2685 1978 quam
2730 1921 2852 1981 post
2877 1916 3145 1971 medicum
3177 1921 3245 1987 ab
3270 1922 3351 1976 eis
3382 1937 3470 1977 re-

1891 2004 2146 2047 cessurus
2173 2003 2311 2048 erat.
2340 1994 2434 2051 Cui
2465 1998 2641 2055 simile
2664 2010 2747 2056 est
2793 2005 2934 2074 quod
2973 2007 3100 2063 alibi
3140 2010 3256 2093 ait:
3293 2029 3312 2062 ι
3344 2011 3469 2068 Haec

1888 2087 2013 2132 sunt
2055 2083 2220 2137 verba
2261 2099 2381 2153 qua:
2418 2085 2629 2144 locutus
2675 2105 2792 2145 sum
2839 2094 2906 2148 ad
2950 2110 3075 2163 vos,
3121 2083 3243 2171 cum
3290 2102 3467 2157 adhuc

1888 2176 2061 2221 essem
2094 2171 2369 2227 vobiscum
2413 2173 2561 2244 (Luc.
2596 2178 2763 2249 μιν).
2797 2198 2817 2232 ι
2851 2180 2950 2248 Qui
2980 2199 3109 2254 ergo
3152 2185 3204 2239 in
3236 2174 3467 2263 articulo

1886 2257 2153 2326 passionis
2187 2260 2301 2315 haec
2323 2260 2663 2333 loquebatur,
2691 2283 2979 2327 mansurus
3001 2288 3123 2328 cum
3148 2275 3226 2330 eis
3250 2257 3467 2349 semper

1888 2358 1989 2412 per
2024 2344 2381 2414 divinitatem,
2412 2368 2723 2412 recessurus
2752 2357 2989 2429 loquitur
3031 2379 3128 2432 per
3161 2344 3463 2435 hunlanitao

1888 2439 2018 2487 tem.
2057 2435 2164 2493 Sed
2192 2441 2336 2508 quod
2383 2443 2561 2519 minus
2589 2443 2655 2500 de
2681 2445 2961 2505 divinitate
2988 2451 3287 2525 intelligere
3313 2467 3465 2529 pote-

1889 2536 2029 2591 rant,
2053 2543 2152 2604 per
2173 2529 2407 2600 Spiritus
2431 2537 2603 2593 sancti
2637 2539 2924 2595 adventum
2954 2558 3011 2597 se
3033 2545 3315 2601 docturum
3335 2563 3463 2621 pro.

1887 2619 2072 2682 mittit,
2106 2636 2226 2676 cum
2252 2624 2526 2698 subjungit
2560 2646 2572 2682 :

1962 2731 1979 2760 ι
2015 2709 2323 2769 Paraclctus
2351 2726 2529 2772 autem
2558 2718 2791 2792 Spiritus
2818 2734 3055 2792 sanctus,
3087 2742 3248 2797 quem
3285 2732 3463 2795 mittet

1890 2817 1909 2849 ‹
1935 2797 2099 2853 Pater
2132 2801 2184 2855 in
2235 2805 2452 2861 nomine
2488 2824 2642 2874 meo,
2691 2811 2782 2866 ille
2822 2829 2917 2869 vos
2948 2815 3162 2873 docebit
3202 2806 3403 2893 omnia“,
3426 2845 3457 2893 ,ι

1883 2888 1979 2943 Cui
2003 2889 2179 2946 simile
2197 2901 2280 2947 est
2304 2895 2444 2964 quod
2474 2896 2597 2952 alibi
2622 2899 2753 2956 dicit
2781 2921 2793 2956 :
2828 2922 2846 2955 ι
2876 2903 3066 2962 Adhuc
3093 2908 3257 2964 niulta
3289 2888 3462 2985 habeo
3553 2916 3563 2925 ’

1882 2977 2036 3035 vobis
2066 2980 2276 3048 dicere,
2309 2987 2402 3040 sed
2447 3002 2552 3043 non
2580 2993 2805 3059 potestis
2846 3005 3064 3064 portare
3109 3002 3287 3056 modo.
3326 2978 3483 3067 Cum.

1884 3079 2060 3126 autem
2105 3076 2316 3131 venerit
2367 3077 2456 3134 ille
2486 3078 2721 3151 Spiritus
2767 3088 3055 3158 veritatis,
3103 3095 3319 3153 docebit
3366 3116 3462 3157 vos

208 3154 388 3208 cordis
430 3155 505 3209 tui
549 3167 928 3228 suscepturus,
957 3165 1187 3218 emunda
1216 3169 1600 3224 conscientiam
1632 3181 1778 3228 tuam

1883 3174 2095 3216 omnem
2125 3165 2407 3220 veritatem
2433 3167 2614 3237 (Joan.
2638 3173 2771 3244 xvr).
2805 3194 2823 3226 ι
2851 3176 2985 3245 Quia
3020 3154 3088 3236 ad
3115 3183 3458 3257 intelligenda

213 3241 285 3295 ab
315 3245 565 3313 eperibus
594 3249 839 3316 mortuis,
881 3261 939 3305 et
981 3268 1011 3306 a
1054 3254 1469 3324 cogitationibus
1498 3261 1779 3330 superﬂuis

215 3338 273 3383 et
302 3331 584 3391 immundis
609 3355 621 3390 :
647 3339 772 3408 quia
795 3342 1027 3397 mundus
1058 3343 1329 3401 habitator
1353 3350 1609 3404 mundam
1637 3368 1783 3422 qua:-

217 3420 286 3474 rit
312 3423 555 3491 domum,
579 3428 646 3482 ad
674 3444 833 3499 quam
878 3447 985 3487 non
1014 3434 1186 3490 solum
1217 3437 1431 3504 venire,
1458 3442 1551 3496 sed
1588 3420 1777 3514 in—qua

211 3523 428 3566 manere
458 3513 707 3586 dignetur
730 3518 820 3572 ille
848 3520 941 3589 qui
994 3521 1071 3576 ait
1098 3540 1114 3577 :
1152 3542 1171 3575 ι
1200 3522 1338 3581 Ecce
1357 3535 1446 3583 ste
1467 3530 1535 3584 ad
1558 3513 1778 3599 ostium,

207 3610 262 3656 et
293 3602 447 3673 pulso
474 3619 489 3659 :
520 3607 565 3661 si
595 3609 717 3677 quis
747 3612 1019 3678 aperuerit
1057 3613 1221 3679 mihi,
1253 3617 1468 3673 intrabo
1507 3621 1574 3676 ad
1604 3621 1778 3689 illum,

205 3699 261 3746 et
287 3696 517 3750 ctenabo
541 3712 662 3751 cum
691 3697 803 3766 illo,
831 3709 886 3755 et
912 3701 999 3757 ille
1027 3719 1234 3761 mecum
1262 3706 1443 3779 (Apoc.
1495 3710 1598 3783 ιιι).
1630 3731 1648 3764 ι
1683 3713 1782 3785 lgi-

207 3789 295 3836 tur
338 3785 558 3840 domum
602 3789 801 3845 mentis
836 3800 1035 3848 nostra:
1064 3795 1133 3850 ab
1162 3797 1502 3866 squaleribus
1538 3804 1778 3859 omnium

202 3872 460 3929 vitiorum
495 3878 755 3934 mundare
779 3881 1037 3962 debemus
1054 3925 1070 3950 ,
1098 3887 1405 3959 etdiversis
1432 3889 1780 3950 ﬂeribus.vir—

204 3971 380 4020 totum
409 3967 698 4033 adornare,
723 3978 783 4026 ut
806 3972 1110 4032 humilitate
1135 3977 1375 4050 fulgeat,
1405 3984 1655 4041 castitate
1682 4002 1776 4042 ru-

204 4054 352 4121 tilet,
383 4058 650 4115 charitate
693 4062 1064 4133 resplendeat,
1095 4076 1155 4122 ut
1188 4070 1240 4123 in
1271 4072 1435 4127 corda
1463 4083 1646 4130 nostra
1686 4093 1778 4133 ve-

204 4148 359 4203 niens
384 4148 617 4219 Spiritus
644 4162 887 4221 sanctus,
911 4159 1243 4215 mansionem
1272 4160 1454 4218 faciat.
1482 4163 1588 4221 Sed
1616 4166 1700 4223 his
1724 4178 1777 4224 et

201 4237 267 4293 de
314 4239 504 4296 electis
532 4242 834 4313 explicitis,
880 4240 971 4317 qui
1007 4250 1175 4306 Deum
1212 4268 1317 4308 non
1361 4255 1532 4311 solum
1574 4260 1774 4325 verbis,

202 4328 296 4384 sed
326 4332 488 4386 etiam
528 4333 781 4404 operibus
814 4336 1084 4410 diligunt,
1128 4344 1375 4413 protinus
1419 4346 1488 4401 de
1532 4350 1776 4419 reprobis

202 4417 401 4476 dicitur
424 4438 439 4474 :

1882 3248 2145 3316 spiritalia
2171 3263 2379 3310 mentes
2399 3267 2612 3314 nostras
2643 3267 2992 3332 promovebit,
3017 3279 3167 3339 patet
3192 3248 3457 3345 profecto,

1882 3354 1981 3393 nec
2017 3339 2283 3398 laboriosa
2331 3348 2662 3418 expositione
2712 3351 2950 3423 indiget,
2994 3374 3163 3428 quare
3192 3339 3457 3423 ‘cumdem

1882 3431 2129 3499 spiritum
2177 3436 2508 3505 paracletum
2554 3442 2835 3511 nominet,
2888 3453 3213 3524 παράκλητος
3267 3457 3456 3517 Grzeca

1881 3518 2171 3590 locutione,
2198 3524 2388 3582 Latine
2424 3531 2720 3588 consolator
2751 3536 2864 3593 sive
2909 3518 3193 3600 advocatus
3236 3549 3455 3610 dicitur.

1878 3610 2024 3669 Bene
2066 3618 2372 3675 consolator
2398 3622 2618 3692 dicitur,
2657 3628 2782 3698 quia
2825 3644 3033 3689 mentes
3076 3635 3343 3706 fidelium,
3388 3661 3458 3700 ne

1881 3700 2023 3757 inter
2048 3704 2273 3763 adversa
2298 3708 2460 3779 hujus
2486 3714 2667 3770 sazculi
2697 3717 2982 3787 deficiant,
3019 3738 3114 3794 spe
3154 3700 3454 3788 cmlestium

1879 3791 2191 3848 consolatur
2216 3798 2580 3865 praemiorum.
2631 3802 2775 3861 Bene
2819 3791 3145 3877 advocatus,
3188 3817 3314 3887 quia
3354 3836 3453 3891 pro

1879 3897 2066 3939 errore
2093 3885 2517 3958 delinquentium
2555 3896 2694 3965 apud
2733 3896 2948 3956 Patrem
2982 3885 3288 3975 intervenit,
3319 3885 3437 3982 A-po

1878 3970 2017 4027 stole
2046 3981 2203 4041 teste,
2233 3978 2326 4048 qui
2357 3981 2471 4036 ait:
2509 4002 2528 4034 α
2558 3983 2692 4040 Nam
2731 3989 2859 4058 quid
2887 4006 3104 4051 oremus
3132 3970 3455 4071 sicut‘opor-

1878 4070 1974 4127 tet,
1998 4066 2267 4124 nescimus
2301 4068 2472 4141 (Rom.
2501 4075 2640 4148 vm),
2669 4095 2687 4128 ι
2715 4088 2817 4134 etc.
2846 4081 2912 4137 Et
2952 4086 3173 4154 pulchre
3205 4066 3454 4149 eumdem

1879 4148 2137 4221 Spiritum
2163 4156 2218 4211 in
2248 4161 2464 4216 nomine
2490 4178 2588 4220 suo
2613 4181 2644 4220 a
2679 4166 2840 4227 Patre
2870 4148 3009 4229 mitti
3038 4178 3300 4247 perhibet,
3327 4185 3483 4252 quia:

1878 4257 2017 4297 unus
2046 4254 2280 4312 natura},
2312 4251 2658 4326 ejusdemque
2702 4271 2783 4314 est
2820 4277 2943 4317 cum
2975 4265 3136 4321 Patre
3174 4251 3476 4339 potentia»:

1877 4332 2016 4387 sicut
2043 4335 2157 4404 ipse
2189 4338 2315 4394 alibi
2339 4341 2418 4397 ait
2443 4360 2456 4397 :
2493 4362 2511 4394 ι
2540 4345 2673 4401 Cum
2699 4353 2907 4407 venerit
2930 4332 3264 4424 paracletns,
3290 4332 3449 4429 quem

1877 4436 1979 4492 ego
2004 4425 2217 4481 mittam
2247 4429 2399 4485 vobis
2425 4447 2455 4485 a
2484 4433 2645 4491 Patre
2671 4437 2931 4507 Spiritum
2970 4446 3245 4512 veritatis,
3289 4425 3379 4518 qui
3416 4469 3448 4505 a

274 4529 297 4562 ε
328 4511 428 4579 Qui
459 4529 565 4569 ηοη
594 4515 765 4588 diligit
792 4531 898 4583 me,
924 4534 1204 4576 sel-mones
1230 4538 1377 4579 meos
1405 4541 1510 4581 ηοη
1535 4538 1765 4583 servam
1803 4498 1852 4558 Ῑ)
1876 4513 2038 4573 Patre
2081 4522 2355 4588 procedit,
2388 4525 2476 4580 ille
2508 4524 2893 4587 testimonium'
2914 4537 3214 4603 perhibebit
3252 4542 3317 4597 de
3363 4562 3450 4601 me

203 4597 356 4657 Sicut
381 4603 524 4658 enim
553 4605 644 4675 qui
669 4617 933 4677 przccepta
960 4609 1054 4665 Dei
1079 4611 1349 4679 observat,
1373 4615 1534 4670 etiam
1564 4626 1774 4675 tacente

202 4687 383 4762 lingua
412 4708 470 4748 se
503 4708 625 4748 eum
670 4695 891 4766 diligere
934 4701 1250 4768 comprobat
1287 4720 1300 4756 :
1340 4704 1418 4758 sic
1444 4705 1532 4773 qui
1563 4721 1770 4762 sermo-

200 4796 322 4837 nem
353 4783 469 4853 ejus
507 4799 612 4840 non
643 4787 876 4841 custodit
903 4802 1027 4843 eum
1055 4804 1116 4845 se
1164 4806 1269 4846 non
1300 4792 1523 4864 diligere
1548 4796 1769 4851 demen-

201 4879 357 4928 strat.
395 4891 414 4924 ι
442 4873 510 4928 Et
550 4890 853 4931 sermonem
883 4893 1043 4948 quem
1085 4876 1309 4937 audistis
1342 4899 1448 4938 non
1478 4894 1562 4940 est
1597 4903 1769 4951 meus,

206 4965 339 5020 «sed
366 4964 503 5034 ejus,
531 4967 622 5036 qui
650 4968 797 5023 misit
823 4985 929 5035 me,
958 4970 1153 5027 Patris.
1190 4991 1208 5024 ι
1237 4972 1370 5029 Cum
1399 4978 1642 5047 superius
1657 4995 1769 5033 ser—

200 5068 387 5111 mones
411 5057 686 5127 pluraliter
710 5060 920 5129 posuit,
948 5063 1249 5119 doctrinam
1284 5068 1454 5121 sancti
1498 5067 1768 5139 Evangelii

201 5145 497 5219 intelligere
520 5144 709 5205 voluit.
741 5150 874 5206 Cum
900 5162 1079 5208 autem
1108 5153 1453 5225 singulariter
1476 5157 1722 5226 adjunxit
1753 5174 1767 5213 :

207 5253 226 5286 α
252 5237 320 5293 Et
341 5254 646 5296 sermonem
672 5256 831 5311 quem
860 5244 1103 5310 audistis,
1133 5266 1152 5297 ι
1196 5248 1429 5318 seipsum
1474 5249 1769 5319 intelligere

201 5326 390 5392 voluit,
412 5330 501 5399 qui
525 5339 609 5385 est
629 5332 847 5386 verbum
872 5342 928 5387 et
958 5335 1219 5405 sapientia
1246 5338 1359 5403 Dei,
1382 5340 1446 5394 de
1475 5355 1583 5409 quo
1601 5339 1768 5395 Joan-

203 5429 297 5472 nes
317 5417 439 5473 alibi
456 5420 559 5474 ait:
580 5421 664 5475 rln
687 5423 949 5493 principio
971 5425 1332 5483 eratVerbum
1350 5430 1530 5500 (Joan.
1547 5430 1607 5501 ι),
1622 5449 1639 5483 ι
1660 5445 1764 5487 etc.

204 5505 367 5565 Recte
393 5525 523 5582 ergo
547 5514 678 5569 dicit
706 5534 719 5568 :
755 5534 774 5566 ε
805 5516 870 5570 Et
897 5532 1197 5573 sermonem
1222 5536 1379 5589 quem
1408 5522 1633 5578 audistis
1663 5540 1765 5579 nou

203 5609 465 5665 estmeus,
492 5604 583 5658 sed
597 5603 732 5671 ejus,
751 5607 840 5675 qui
872 5607 1019 5661 misit
1041 5624 1143 5670 me.
1170 5609 1365 5675 Patris,
1398 5635 1416 5664 ι
1447 5615 1572 5683 quia
1601 5615 1767 5671 Filius

206 5704 306 5745 uou
338 5708 368 5745 a
411 5693 585 5763 seipse
617 5697 759 5749 venit
782 5736 797 5761 ,
840 5697 932 5752 sed
968 5714 997 5752 a
1028 5698 1214 5764 Patre,
1247 5702 1385 5757 sicut
1428 5705 1540 5773 ipse
1585 5706 1709 5761 dicit
1750 5726 1762 5760 :

1875 4607 2057 4677 (Joan.
2107 4611 2217 4683 xv).
2248 4632 2266 4663 ι
2308 4614 2459 4681 Quod
2507 4629 2685 4674 autem
2734 4624 2856 4677 ait:
2903 4645 2921 4676 ι
2950 4626 3041 4683 Ille
3093 4645 3187 4684 vos
3237 4633 3450 4690 docebit

1874 4700 2081 4762 omnia,
2114 4719 2132 4752 ι
2174 4703 2598 4762 subaudiendum
2637 4719 2721 4765 est
2747 4748 2775 4777 ,η
2799 4729 2918 4782 quae
2960 4723 3268 4778 necessaria
3300 4736 3443 4793 sunt,

1874 4787 1987 4842 sive
2016 4791 2084 4844 ad
2115 4791 2538 4865 intelligendum,
2572 4801 2686 4856 sive
2721 4803 2786 4856 ad
2826 4805 3147 4866 docendum.
3191 4812 3258 4868 Et
3298 4787 3448 4874 recte

1875 4874 2109 4945 Spiritus
2151 4896 2368 4941 sanctus
2409 4890 2589 4945 omnia
2618 4892 2812 4950 docere
2846 4895 3063 4963 dicitur,
3097 4905 3220 4971 quia
3252 4906 3305 4961 in
3345 4922 3444 4964 va~

1873 4984 2032 5023 cuum
2061 4970 2271 5029 laborat
2301 4991 2478 5034 sermo
2504 4982 2740 5039 doctoris
2772 4989 3012 5044 exterius
3034 5031 3049 5055 ,
3079 4993 3181 5048 nisi
3217 4996 3447 5057 interius

1872 5058 1943 5113 sit
1971 5057 2205 5131 Spiritus
2235 5076 2474 5133 sanctus,
2501 5072 2592 5141 qui
2623 5073 2851 5131 illustret
2885 5093 2981 5133 cor
3013 5082 3292 5143 auditoris.
3331 5088 3449 5145 Ca:-

1872 5159 2044 5208 terum
2066 5168 2223 5211 nemo
2246 5167 2453 5215 tantum
2479 5164 2748 5232 perfectus
2767 5183 2885 5225 esse
2910 5181 3087 5240 potest
3114 5173 3167 5230 in
3195 5183 3446 5246 praesenti

1874 5241 2017 5307 vita,
2057 5253 2116 5297 ut
2148 5248 2326 5302 omnia
2359 5252 2425 5305 de
2471 5252 2579 5308 Deo
2622 5256 2763 5313 scire
2806 5261 3012 5329 possit,
3042 5265 3277 5322 maxime
3321 5283 3444 5325 cum

1876 5331 2178 5401 Apostolus,
2207 5338 2296 5404 qui
2321 5354 2486 5409 usque
2511 5342 2578 5397 ad
2610 5348 2825 5403 tertium
2853 5349 3046 5405 caelum
3070 5365 3255 5424 raptus
3283 5356 3445 5413 fuisse

1874 5430 2224 5496 perhibetur,
2266 5432 2412 5489 dicat
2455 5453 2466 5487 :
2506 5453 2524 5486 ι
2564 5436 2637 5490 Ex
2668 5452 2820 5507 parte
2855 5446 3246 5512 cognoscimus,
3286 5457 3342 5502 et
3377 5465 3442 5506 ex

1874 5530 2027 5588 parte
2069 5526 2450 5595 prophetamus
2489 5527 2540 5599 (Ι
2569 5529 2691 5584 Cor.
2722 5532 2863 5604 xm).
2895 5554 2913 5585 ι
2954 5534 3104 5601 Quod
3146 5552 3276 5591 vero
3312 5540 3442 5594 sub-

1867 5611 2046 5685 jungit
2075 5632 2091 5671 :
2121 5636 2138 5669 α
2169 5618 2234 5673 Et
2262 5632 2510 5691 suggeret
2533 5623 2684 5679 vobis
2706 5629 2884 5680 omnia
2910 5641 3238 5697 qumcunque
3259 5632 3444 5686 dixero

1880 5726 1896 5756 ι
1941 5706 2111 5761 vobis.
2146 5728 2164 5760 ι
2214 5708 2448 5781 Spiritus
2495 5725 2715 5769 sanctus
2764 5732 3049 5787 suggerere
3101 5718 3331 5788 dicitur,
3369 5737 3444 5778 eo
