4014 6354
514 387 618 444 559
1123 378 1473 435 HAYMONIS
1504 371 1982 435 llALBERSTAT.
2022 373 2236 431 EPISC.
2273 375 2433 432 OPP.
2478 376 2667 433 PARS
2707 377 2766 433 ll.
2805 409 2872 419 —
2913 378 3145 436 IIOMIL.
3688 382 3824 436 560

500 502 655 573 quod
702 515 800 557 nos
842 504 1209 569 suggerentes,
1257 494 1306 549 id
1354 503 1439 550 est
1479 492 1861 563 supplicantes,
1905 488 2087 545 faciat.

2196 506 2361 563 distat
2391 507 2532 564 inter
2566 524 2755 580 pacem
2779 510 2962 565 mundi
3002 519 3058 565 et
3105 525 3291 581 pacem
3316 510 3431 566 Dei.
3456 509 3562 567 Dat
3593 521 3819 569 autem

509 592 784 665 Quaeritur
826 599 1007 647 autem
1044 587 1313 658 quomodo
1339 593 1619 658 suggerat,
1650 600 1772 641 cum
1799 594 2087 653 suggerere

2192 596 2419 652 mundus
2446 598 2562 653 suis
2594 598 2921 654 amatoribus
2952 612 3171 669 pacem,
3194 601 3410 693 quando
3443 603 3821 659 concerdanl

510 684 739 740 minoris
782 682 879 743 εῖιν
911 688 967 736 et
1006 679 1241 751 simulIs
1277 689 1499 735 Sancms
1533 676 1757 748 καυθιίε
1784 675 2089 764 Ρῧίτίλθεεθ
2191 688 2421 743 adulteri
2450 705 2572 745 eum
2596 690 2880 755 adulteris,
2904 690 3103 745 ebriosi
3127 675 3250 746 cum
3277 693 3525 759 ebriosis,
3549 708 3819 764 rapaces

509 770 799 828 credatur?
837 768 918 824 Αά
959 768 1103 838 timid
1140 767 1428 824 dicendum
1460 767 1585 838 (ιυῑει
1634 779 1766 822 υευε
1805 763 1908 819 is“?
1941 761 2113 829 locu‘,
2190 793 2313 834 cum
2352 780 2668 849 rapacibus,
2709 780 2992 835 homicidae
3021 796 3141 837 cum
3172 781 3475 838 homicidis.
3511 761 3630 838 Sed
3671 783 3814 838 hac

509 861 673 919 tionis
705 860 759 915 in
794 857 1087 929 Scripturis
1134 859 1307 914 sacris
1344 857 1656 928 frequenter
1694 853 1987 946 invenitur,
2027 859 2089 906 ut
2190 886 2294 941 pax
2329 872 2395 926 ad
2424 880 2738 942 perpetuam
2766 871 3091 929 discordiam
3133 873 3315 938 dum,
3341 883 3397 929 ει
3437 875 3488 930 in
3517 876 3815 946 praesen“

508 954 613 1008 hoc
637 952 779 1007 Deus
799 964 960 1022 agere
981 950 1212 1016 dicam":
1236 949 1379 1022 (100d
1401 956 1460 1003 υι
1485 963 1584 1003 “05
1607 961 1831 1019 agamus
1853 945 1944 1001 me
1966 959 2081 1014 De"
2191 958 2501 1029 frequenter
2541 959 2739 1031 jurgiis
2779 962 3121 1027 immutatur,
3169 973 3227 1019 et
3266 945 3556 1033 aliquando
3597 976 3813 1020 morte

499 1043 685 1110 ﬁciat;
716 1051 771 1098 et
793 1056 976 1108 orare,
1005 1049 1067 1097 ut
1107 1056 1207 1097 nos
1229 1048 1449 1096 orantes
1486 1038 1706 1095 eiliciat.
1755 1037 1909 1093 Sicut
1944 1035 2088 1091 enim

2192 1051 2579 1108 interveniente
2609 1053 2813 1107 ﬁnitur.
2840 1052 2953 1111 Pax
2975 1063 3155 1108 autem
3181 1069 3342 1124 quam
3375 1055 3635 1112 Dominus
3671 1057 3810 1122 dat,

498 1132 733 1205 Spiritui
763 1141 950 1188 sancto
978 1145 1194 1203 gemere
1218 1138 1321 1196 est,
1348 1145 1414 1186 eo
1455 1128 1597 1200 quod
1625 1143 1723 1184 nos
1761 1129 1830 1183 ad
1873 1139 2089 1197 gemen-

2192 1149 2246 1195 et
2271 1142 2322 1195 in
2343 1142 2599 1211 praisenti
2622 1157 2809 1198 amore
2839 1144 3197 1200 fraternitatis
3224 1146 3570 1218 tranquillum
3599 1148 3810 1203 reddit

506 1228 635 1283 dum
676 1225 893 1293 incitet,
927 1225 1006 1281 sic
1034 1239 1322 1296 suggerere
1347 1223 1566 1290 dicitur,
1602 1237 1668 1278 eo
1697 1222 1842 1293 quod
1882 1236 1981 1276 nos
2021 1220 2089 1275 ad

2192 1233 2431 1288 animum
2472 1233 2843 1290 Christianum
2872 1275 2887 1302 ,
2936 1245 2993 1292 et
3028 1235 3089 1291 in
3137 1236 3318 1293 futuro
3352 1237 3414 1293 ad
3458 1239 3804 1295 societatem

505 1316 902 1388 suggerendum
929 1316 1183 1383 instruat,
1211 1314 1263 1371 id
1290 1324 1374 1370 est
1400 1329 1463 1370 ea
1487 1329 1608 1385 qua:
1629 1313 1826 1369 desunt
1848 1309 2004 1367 nobis
2034 1310 2088 1365 in

504 1411 796 1466 virtutibus
824 1409 1173 1481 supplicando
1197 1408 1471 1479 postulare
1496 1407 1681 1463 faciat.
1712 1406 1780 1461 Et
1804 1406 1929 1476 quia
1957 1420 2085 1476 sug-

505 1514 695 1571 gerere
712 1500 1000 1571 aliquando
1028 1499 1443 1555 subministrare
1467 1505 1571 1565 est,
1585 1496 1735 1552 Patri
1749 1495 1953 1552 etFilio
1968 1493 2090 1565 Spi-

503 1591 644 1649 ritus
669 1599 887 1648 sanctus
909 1598 1206 1646 coaeternus
1227 1597 1282 1645 et
1302 1588 1778 1645 eonsubstantialis
1801 1600 2090 1658 suggerere

502 1683 737 1748 dicitur,
780 1696 846 1738 eo
889 1681 1032 1752 quod
1074 1681 1231 1736 nobis
1277 1680 1514 1736 divinam
1558 1679 1842 1735 scientiam
1879 1676 2089 1734 occulta

475 1773 857 1846 iinspiratione
882 1771 1175 1837 ministret,
1214 1785 1319 1826 non
1352 1770 1419 1826 de
1448 1770 1720 1835 deorsum,
1746 1769 1840 1824 sed
1865 1768 1932 1824 de
1964 1783 2088 1823 sur-

470 1836 643 1920 sum.
664 1861 827 1919 Unde
872 1876 971 1933 per
1010 1836 1325 1931 Apostolum
1370 1859 1608 1915 dicitur:
1644 1878 1661 1910 ο
1694 1858 1944 1915 Charitas
1989 1857 2085 1912 Dei
2118 1836 2164 1896 Β

460 1980 471 1991 ι
503 1952 693 2009 diﬂ'usa
723 1962 806 2009 est
833 1953 887 2008 in
913 1952 1167 2008 cordibus
1195 1950 1390 2006 vestris
1411 1965 1506 2022 per
1528 1949 1791 2021 Spiritum
1814 1958 2085 2015 sanctum,

455 2044 596 2113 «κφιί
628 2043 786 2100 datus
811 2050 896 2099 est
914 2041 1073 2097 vobis
1114 2040 1289 2113 (Rom.
1318 2041 1397 2111 v).
1451 2060 1469 2095 ι
1510 2039 1800 2110 Postquam
1832 2039 2087 2094 Dominus

454 2135 763 2206 “Spiritum
792 2132 1121 2205 paracietum
1150 2147 1208 2188 se
1233 2130 1512 2203 discipulis
1537 2130 1789 2201 promisit
1810 2130 2083 2196 daturum,

458 2256 465 2289 ;
501 2230 752 2300 protinus
779 2226 1423 2298 meem'commendavit,
1449 2226 1637 2282 dicens
1666 2242 1681 2280 :

579 2339 597 2371 ι
624 2319 820 2376 Pacem
854 2319 1097 2390 relinquo
1125 2319 1310 2395 vobis,
1352 2333 1539 2391 pacem
1570 2334 1746 2375 meam
1777 2319 1844 2375 do
1871 2318 2041 2374 vobis.
2064 2338 2080 2369 ι

480 2410 807 2466 ·ιοεῑθηάεηε
823 2409 949 2481 quia
976 2409 1048 2464 illi
1066 2407 1183 2480 ejus
1205 2408 1724 2481 Spiritumaccipere
1745 2417 2021 2464 merentur
2034 2418 2091 2463 et

503 2502 760 2573 templum
786 2501 1022 2574 Spiritus
1035 2502 1209 2558 sancti
1227 2502 1367 2569 ﬁeri,
1390 2502 1480 2572 qui
1496 2515 1685 2572 pacem
1702 2500 2014 2556 inviolatam
2036 2507 2090 2554 et

468 2614 477 2621 ο
501 2584 855 2649 concordiam
868 2609 988 2648 cum
1007 2591 1266 2648 fratribus
1287 2600 1528 2657 servant,
1544 2590 1697 2660 juxta
1715 2591 1842 2646 illud
1860 2580 2090 2660 prophe-

476 2722 485 2731 ι
501 2686 669 2741 ticum
688 2704 701 2739 :
724 2703 742 2737 ι
765 2684 941 2756 Super
956 2700 1114 2755 quem
1132 2684 1431 2753 requiescet
1446 2681 1682 2753 Spiritus
1698 2697 1869 2747 meus,
1886 2681 1990 2736 nisi
2006 2696 2091 2735 su-

481 2792 599 2847 .per
620 2776 877 2832 humilem
890 2784 954 2830 et
972 2776 1212 2844 quietum
1227 2783 1282 2829 et
1304 2781 1624 2829 trementem
1639 2787 1917 2828 sermones
1942 2786 2091 2827 meos

504 2867 642 2936 (Ira.
665 2868 832 2936 r.xvr).
867 2885 886 2917 ι
913 2864 1066 2921 Unde
1086 2864 1389 2919 Joannesin
1411 2879 1507 2919 sua
1529 2863 1847 2934 Apocalypsi
1870 2861 1988 2934 (sic)
2017 2860 2092 2917 di-

506 2957 611 3013 cit:
639 2976 658 3008 ι
679 2955 992 3010 luhabitabo
1015 2954 1068 3009 in
1093 2954 1197 3009 illis
1217 2964 1272 3010 et
1292 2953 1637 3010 inambulabo
1662 2952 1745 3026 (11
1780 2951 1901 3007 Cor.
1926 2950 2025 3023 vr).
2058 2970 2083 3003 θ

504 3046 615 3102 Pax
645 3054 825 3101 autem
856 3060 983 3100 vera
1018 3053 1134 3110 est,
1174 3059 1293 3115 qua:
1336 3043 1482 3099 nullo
1529 3042 1714 3099 furore
1758 3041 2088 3105 accenditur,

490 3137 650 3193 nulla
695 3136 1073 3208 persecutione
1116 3135 1497 3206 perturbatur,
1542 3134 1637 3190 sed
1680 3134 1821 3187 inter
1865 3132 2089 3187 adversa

489 3226 667 3297 ‘hzjus
707 3226 891 3283 saeculi
922 3227 1277 3282 inconcussus
1317 3234 1425 3281 stat
1463 3225 1676 3280 animus
1702 3221 2042 3279 Christianus
2073 3240 2086 3276 :

506 3318 762 3388 quoniam
789 3315 930 3372 sicut
969 3330 1068 3386 per
1107 3314 1433 3386 Prophetam
1468 3312 1686 3369 dicitur.
1725 3330 1744 3362 ι
1776 3311 1886 3366 Pax
1924 3310 2092 3366 multa

505 3411 854 3485 diligentibus
894 3411 1066 3482 legem
1095 3419 1239 3464 tuam
1261 3452 1275 3475 ,
1302 3417 1359 3464 et
1396 3424 1504 3463 non
1534 3415 1618 3463 est
1645 3406 1753 3462 illis
1779 3405 2091 3462 scandalum

505 3502 679 3575 (Psal.
717 3502 928 3574 cxvm).
961 3521 979 3555 ι
1011 3502 1161 3556 Hanc
1206 3516 1395 3572 pacem
1430 3499 1584 3570 quasi
1628 3497 1860 3569 speciale
1897 3512 2094 3552 munus

494 3597 765 3653 Dominus
792 3593 1071 3666 discipulis
1098 3592 1549 3657 commendabat,
1579 3592 1796 3663 quando
1828 3591 2042 3647 dicebat
2074 3607 2088 3645 :

506 3708 528 3741 ί
554 3686 773 3742 Ἰιθὺθιθ
806 3684 884 3741 sal
921 3685 973 3740 in
1012 3684 1198 3750 vobis,
1242 3692 1298 3739 et
1345 3698 1534 3754 pacem
1580 3682 1775 3738 habete
1818 3682 1959 3737 inter
1996 3696 2093 3738 vos

504 3777 560 3847 (ι
600 3777 769 3832 Marc.
809 3778 908 3846 ix).
940 3795 958 3829 ι
996 3775 1063 3830 Et
1104 3774 1232 3830 item
1264 3791 1277 3828 :
1317 3791 1335 3825 ε
1374 3773 1525 3829 Beati
1562 3772 1805 3843 paciﬁci,
1836 3774 2092 3843 quoniam

500 3848 603 3924 .tllii
632 3868 725 3923 Dei
754 3867 1089 3922 vocabuntur
1126 3862 1340 3937 (Matth.
1378 3865 1453 3935 v).
1489 3883 1507 3917 ι
1554 3864 1727 3931 Quam
1770 3879 1829 3920 se
1870 3871 2094 3918 noverat

500 3958 707 4014 habere
732 3957 824 4028 qui
853 3956 1064 4012 dicebat
1093 3974 1105 4009 :
1144 3973 1162 4006 ι
1192 3953 1325 4009 Cum
1364 3955 1449 4010 his
1488 3954 1580 4024 qui
1615 3955 1847 4010 oderunt
1877 3969 2091 4026 pacem,

507 4063 658 4105 erant
682 4046 944 4120 paciﬁcus
965 4045 1135 4114 (Paul.
1158 4046 1295 4117 xix).
1320 4064 1338 4096 ι
1368 4044 1533 4115 Cujus
1557 4046 1814 4101 virtutem
1837 4054 1894 4101 et
1920 4046 2095 4117 digni-

507 4149 674 4196 tatern
716 4139 934 4210 quidam
981 4137 1197 4209 sapiens
1238 4137 1479 4195 breviter
1523 4138 1961 4211 comprehendit,
2008 4138 2092 4193 di-

509 4246 641 4288 cens
681 4246 695 4285 2

577 4365 690 4421 Pax
726 4364 963 4420 animam
1001 4364 1200 4436 nutrit,
1240 4364 1438 4436 retinet
1471 4362 1757 4436 concordia
1797 4378 2006 4436 pacem.

576 4436 691 4491 Pax
727 4436 976 4507 reprimit
1012 4435 1131 4507 lites
1164 4435 1461 4507 concordes
1474 4435 1662 4507 (nectit
1694 4445 1749 4491 et
1786 4435 1934 4490 item.

577 4507 670 4562 Lis
709 4505 897 4577 pacem
937 4506 1157 4577 metuit,
1199 4505 1399 4576 refugit
1434 4505 1701 4577 discordia
1733 4521 1943 4575 pacem.

577 4575 724 4634 Odia
747 4592 850 4648 pax
890 4576 1083 4648 pellit,
1121 4575 1343 4633 castum
1368 4590 1471 4646 pax
1511 4575 1679 4631 nutrit
1716 4590 1978 4630 amorem.

577 4688 748 4759 Hujus
776 4690 990 4745 virtutis
1031 4690 1351 4745 suavitatem
1390 4705 1492 4746 nec
1530 4704 1675 4744 nunc
1715 4688 1864 4759 impii
1910 4688 2089 4758 possi-

504 4783 637 4838 dere
656 4790 902 4853 possunt,
918 4797 1039 4837 cum
1063 4782 1204 4837 inter
1224 4797 1283 4837 se
1305 4782 1637 4838 concordare
1657 4781 1926 4846 videntur,
1949 4781 2089 4837 sicut

510 4873 792 4943 Scriptura
828 4872 958 4928 dicit
987 4892 999 4927 :
1039 4892 1058 4925 ί
1090 4872 1206 4928 Non
1232 4882 1317 4929 est
1352 4889 1454 4944 pax
1489 4874 1670 4945 impiis
1696 4873 1832 4945 (ha.
1865 4874 2032 4946 λινε),
2066 4894 2084 4926 ι

509 4964 641 5019 dicit
675 4963 934 5019 Dominus
970 4965 1127 5020 Deus.
1165 4963 1395 5020 Pulchre
1423 4979 1550 5036 ergo
1576 4965 1651 5019 ait
1679 4983 1692 5018 :
1727 4983 1747 5016 ι
1779 4964 1973 5021 Pacem
2003 4981 2090 5021 re-

510 5055 695 5126 linquo
723 5056 892 5121 vobis,
915 5070 1103 5126 pacem
1132 5070 1305 5110 meam
1335 5055 1403 5111 do
1426 5056 1595 5111 vobis.
1629 5076 1648 5109 ο
1671 5055 1748 5111 Ac
1771 5057 1815 5110 si
1846 5056 2046 5111 diceret
2075 5072 2090 5111 :

510 5147 589 5202 Do
618 5140 1001 5217 przesentibus.
1033 5144 1274 5215 relinquo
1303 5144 1520 5201 futuris.
1558 5144 1682 5201 Sive
1718 5145 2093 5202 inchoantibus

514 5240 778 5309 relinquo,
810 5235 1279 5309 perseverantibus
1302 5236 1391 5291 do.
1426 5237 1490 5290 Et
1513 5237 1639 5306 quia
1668 5236 1961 5305 perfectior
1987 5240 2094 5293 erit

511 5346 615 5400 pax
658 5331 713 5384 in
743 5327 925 5384 futuro
957 5341 1119 5398 quam
1156 5326 1209 5382 in
1233 5324 1520 5396 praesenti,
1547 5325 1685 5380 bene
1722 5341 1845 5381 eum
1885 5327 2092 5383 addita-

510 5430 694 5477 mento
722 5420 855 5475 dixit
895 5436 909 5473 :
957 5438 975 5469 ι
1003 5417 1197 5473 Pacem
1237 5430 1413 5472 meam
1457 5415 1527 5472 do
1571 5415 1744 5472 vobis.
1770 5436 1787 5468 ι
1823 5417 1898 5472 lbi
1941 5418 2086 5473 enim

511 5529 619 5569 non
644 5512 818 5569 solum
843 5511 1101 5574 exterius,
1124 5509 1218 5565 sed
1243 5522 1342 5564 nec
1366 5507 1593 5563 interius
1623 5506 1932 5565 conﬂictum
1961 5526 2083 5565 cum

510 5606 661 5662 vitiis
687 5603 1026 5669 habebimus,
1048 5601 1138 5659 ubi
1169 5616 1378 5658 summa
1404 5609 1487 5657 est
1513 5617 1617 5673 pax
1644 5602 1710 5659 de
1737 5603 1943 5659 visione
1967 5618 2089 5659 con-

508 5694 723 5751 diteris.
1200 5732 1215 5741 κ

583 5803 604 5836 ι
626 5783 739 5840 Non
763 5784 1030 5854 quomodo
1055 5784 1280 5841 mundus
1301 5785 1414 5853 dat,
1435 5800 1534 5858 ego
1552 5786 1618 5843 do
1638 5787 1809 5844 vobis.
1825 5808 1840 5839 υ
1861 5787 2081 5843 Multum

2115 3181 2163 3243 Ο

2188 1334 2461 1395 perpetuae
2484 1325 2638 1396 pacis
2666 1327 2935 1397 perducit.
2965 1326 3135 1399 Igitur
3168 1328 3222 1382 in
3244 1342 3378 1398 pace
3400 1327 3493 1383 Dei
3521 1344 3630 1385 non
3655 1344 3807 1399 pro-

2189 1423 2311 1487 pter
2344 1426 2584 1471 amorem
2617 1424 2891 1473 terrenum
2916 1458 2931 1481 ,
2972 1418 3068 1474 sed
3105 1426 3317 1489 propter
3356 1435 3551 1491 pacem
3589 1421 3801 1477 chari-

2190 1507 2316 1563 tatis
2357 1508 2586 1563 invicem
2615 1523 2856 1564 amorem
2894 1508 3129 1576 habent,
3160 1519 3220 1565 ut
3250 1510 3340 1581 qui
3371 1527 3534 1566 unum
3559 1521 3799 1582 patrem

2190 1596 2392 1652 habent
2436 1597 2490 1652 in
2514 1597 2673 1654 cadis
2699 1639 2714 1664 ,
2762 1599 2873 1655 sint
2914 1599 2969 1655 in
3011 1616 3117 1655 una
3152 1616 3447 1672 compage,
3493 1602 3798 1659 charitatis

2190 1690 2468 1761 conjuncti
2493 1691 2547 1745 in
2574 1690 2761 1755 terris,
2795 1691 2936 1747 sicut
2960 1691 3026 1747 de
3054 1692 3329 1761 primitiva
3368 1691 3606 1747 Ecclesia
3635 1691 3797 1749 dici-

2193 1787 2319 1834 tur:
2364 1800 2385 1833 r
2423 1778 2780 1836 Multitudinis
2829 1781 3161 1836 credentium
3207 1790 3327 1836 erat
3370 1796 3464 1837 cor
3509 1797 3685 1836 unum
3736 1791 3797 1837 et

2191 1868 2371 1923 anima
2409 1883 2517 1923 una
2547 1867 2686 1939 (Act.
2725 1869 2825 1940 ιν).
2859 1885 2883 1923 ι
2924 1867 3129 1923 Horum
3160 1884 3290 1940 ergo
3320 1884 3425 1939 pax
3455 1884 3556 1925 nec
3578 1867 3793 1941 jurgiis

2192 1962 2532 2027 immutatur,
2562 1977 2662 2018 nec
2696 1962 2981 2019 discordiis
3018 1963 3310 2033 rumpitur,
3348 1978 3449 2018 nec
3481 1973 3657 2019 morte
3695 1965 3791 2018 in-

2193 2053 2528 2108 terveniente
2556 2052 2764 2118 ﬁnitur,
2801 2053 2894 2109 sed
2922 2053 3101 2125 potius
3128 2054 3485 2109 conlirmatur
3510 2072 3524 2107 :
3567 2063 3628 2108 ut
3655 2055 3793 2124 qui-

2190 2142 2292 2197 bus
2334 2156 2501 2197 unum
2542 2149 2629 2197 est
2653 2141 2980 2197 desiderium
3018 2142 3071 2196 in
3104 2141 3299 2207 terris,
3329 2140 3400 2197 sit
3425 2156 3593 2196 unum
3630 2156 3791 2211 pra:-

2191 2232 2359 2287 mium
2395 2232 2449 2287 in
2488 2232 2670 2298 caelis,
2720 2242 2775 2289 et
2818 2233 2945 2303 quia
2978 2233 3256 2303 discipulis
3294 2233 3551 2289 Dominus
3586 2247 3789 2304 pacem

2190 2322 2692 2388 commendaverat,
2716 2322 2895 2377 sciens
2916 2322 2996 2378 eis
3025 2322 3401 2378 tribulationes
3422 2331 3478 2378 et
3496 2325 3788 2394 angustias

2190 2427 2311 2469 esse
2333 2421 2613 2481 venturas,
2641 2427 2708 2468 ne
2731 2414 2872 2468 inter
2891 2428 3177 2484 pressuras
3200 2416 3381 2470 saeculi
3403 2430 3591 2486 pacem
3618 2417 3788 2473 amit-

2194 2510 2370 2558 terent
2395 2543 2409 2566 ,
2442 2502 2663 2558 verbum
2692 2503 3089 2560 exhortationis
3117 2505 3318 2574 posuit,
3346 2505 3566 2561 dicens:
3606 2524 3626 2558 r
3658 2505 3782 2563 Non

2197 2612 2214 2644 ι
2254 2592 2502 2647 turbetur
2546 2607 2642 2648 cor
2688 2601 2962 2658 vestrum,
2993 2608 3169 2665 neque
3209 2593 3485 2651 formidet.
3527 2596 3781 2654 Audistis

2196 2701 2213 2734 ι
2252 2682 2378 2753 quia
2405 2696 2505 2752 ego
2529 2682 2640 2737 dixi
2666 2683 2819 2738 vobis
2846 2700 2858 2737 :
2883 2684 3020 2738 vado
3048 2694 3104 2738 et
3135 2683 3297 2739 venio
3319 2685 3387 2739 ad
3416 2700 3534 2741 vos.
3566 2703 3585 2737 ι
3620 2685 3779 2741 Unde

2191 2788 2313 2827 cum
2344 2772 2469 2827 alibi
2493 2787 2587 2828 eos
2608 2772 2674 2827 ad
2706 2773 3009 2842 passionem
3038 2772 3373 2840 hortaretur,
3402 2775 3519 2829 ait:
3550 2794 3568 2826 r
3600 2774 3782 2831 Nolite

2194 2861 2385 2916 timere
2414 2877 2510 2917 eos
2543 2863 2636 2933 qui
2661 2864 2917 2917 occidunt
2938 2878 3153 2933 corpus,
3190 2865 3427 2919 animam
3456 2874 3637 2920 autem
3668 2880 3779 2920 non

2191 2959 2418 3020 possunt
2449 2951 2698 3007 occidere
2730 2951 2945 3023 (Matth.
2972 2952 3049 3021 x).
3082 2972 3102 3004 ι
3139 2951 3207 3007 Ει
3247 2954 3376 3008 item
3404 2973 3417 3008 :
3455 2974 3474 3007 ι
3505 2953 3681 3010 Nolite
3711 2957 3779 3010 tio

2192 3058 2358 3108 mere,
2376 3044 2601 3113 pusillus
2617 3061 2768 3116 grex,
2791 3045 2915 3115 quia
2940 3045 3268 3115 complacuit
3277 3046 3420 3116 patri
3441 3055 3626 3104 vestro
3645 3047 3774 3102 dare

2193 3134 2349 3189 vobis
2372 3150 2596 3205 regnum
2617 3134 2767 3207 (Luc.
2797 3134 2916 3207 xu),
2944 3155 2961 3187 ι
2981 3136 3185 3191 sciebat
3209 3137 3352 3191 enim
3370 3137 3497 3207 quia
3522 3153 3634 3208 quo
3656 3153 3775 3192 am-

2195 3226 2335 3297 plius
2355 3242 2452 3296 pro
2478 3226 2594 3295 ejus
2614 3228 2832 3283 nomine
2855 3224 3227 3284 tribulationes
3241 3237 3295 3284 et
3313 3230 3594 3300 angustias
3615 3232 3776 3285 susti-

2194 3328 2406 3384 nerent,
2435 3334 2499 3375 eo
2529 3320 2700 3389 magis
2726 3320 2892 3391 gloria
2913 3308 3099 3377 eorum
3125 3331 3412 3376 cresceret.
3439 3321 3574 3388 Quia
3603 3322 3771 3376 sicut:

2201 3428 2219 3461 ε
2256 3410 2396 3465 Vasa
2427 3408 2574 3481 ﬁguli
2603 3410 2797 3479 probat
2821 3409 3035 3475 fornax,
3064 3410 3139 3464 ita
3171 3411 3417 3466 homines
3443 3410 3624 3481 justos
3657 3422 3775 3467 tcu-

2199 3504 2329 3559 tatio
2375 3504 2736 3560 tribulationis
2781 3505 2969 3576 (Eccli.
3024 3504 3217 3575 xxvii).
3250 3523 3269 3556 ο
3321 3505 3381 3560 In
3424 3507 3614 3562 multis
3642 3506 3778 3563 locis

2192 3593 2464 3665 Evangelii
2494 3593 2741 3666 legimus,
2764 3596 2909 3665 quod
2930 3611 3054 3649 cum
3081 3594 3341 3651 Dominus
3367 3611 3426 3651 se
3446 3610 3477 3649 a
3496 3594 3776 3667 discipulis

2193 3688 2544 3757 corporaliter
2576 3702 2918 3743 recessurum
2945 3688 3152 3743 diceret
3171 3728 3186 3752 ,
3213 3702 3320 3743 non
3349 3689 3469 3744 sine
3494 3690 3651 3760 gravi
3676 3691 3774 3744 do—

2191 3773 2305 3831 lore
2333 3777 2516 3831 audire
2544 3786 2813 3846 poterant.
2840 3776 2993 3832 Unde
3015 3792 3136 3830 cum
3159 3776 3285 3833 alibi
3309 3777 3534 3834 dixisset
3560 3796 3573 3831 :
3598 3779 3704 3833 «Va
3728 3779 3775 3830 ὀ

2192 3868 2259 3923 ad
2286 3884 2408 3923 eum
2435 3870 2525 3938 qui
2544 3884 2628 3947 me
2642 3868 2788 3923 misit
2810 3868 2992 3941 (Joan.
3019 3869 3138 3938 vu),
3161 3887 3179 3920 ι
3204 3869 3460 3924 continuo
3485 3869 3734 3940 adjunxit
3759 3887 3774 3923 :

2198 3979 2216 4010 ε
2254 3958 2359 4016 Sed
2388 3961 2513 4031 quia
2546 3960 2659 4014 haec
2686 3960 2896 4015 locutus
2926 3975 3044 4014 sum
3072 3958 3250 4023 Vobis.
3280 3959 3501 4013 tristitia
3533 3958 3778 4028 implevit

2192 4065 2288 4106 cor
2318 4061 2555 4106 vestrum
2596 4050 2778 4121 (Joan.
2802 4052 2902 4119 vi).
2944 4071 2962 4102 ι
2997 4049 3125 4104 Inde
3155 4049 3357 4126 turbari
3397 4058 3455 4104 et
3496 4050 3778 4125 formidari

2191 4152 2460 4213 poterant,
2486 4145 2630 4212 quod
2657 4158 2817 4212 quem
2854 4141 2984 4196 totis
3011 4141 3311 4196 visceribus
3338 4140 3637 4211 diligebant
3657 4156 3690 4195 a
3719 4154 3779 4195 se

2194 4250 2533 4292 recessurum
2586 4234 2895 4289 audiebant.
2958 4231 3066 4287 Sed
3115 4231 3260 4286 hunc
3304 4246 3493 4286 eorum
3535 4230 3775 4286 dolorem

2192 4325 2422 4396 benigne
2445 4324 2571 4395 pius
2603 4324 2859 4395 magister
2884 4321 3219 4385 consolatur,
3249 4337 3373 4377 cum
3414 4321 3585 4376 dicit:
3615 4340 3634 4371 ι
3661 4320 3775 4377 Non

2194 4418 2440 4471 turbetur
2466 4431 2563 4470 cor
2603 4426 2841 4469 vestrum
2869 4427 3045 4484 neque
3068 4412 3322 4467 formidet
3354 4430 3373 4463 ι
3402 4426 3502 4481 pro
3531 4427 3597 4467 eo
3632 4412 3773 4482 quod

2113 4531 2167 4590 Β
2193 4508 2303 4562 dixi
2336 4524 2350 4561 :
2384 4525 2402 4558 ι
2441 4507 2577 4561 vado
2607 4514 2662 4560 et
2686 4505 2845 4560 venio
2870 4504 2939 4559 ad
2974 4519 3087 4559 vos.
3121 4524 3141 4557 ι
3171 4502 3228 4559 Si
3250 4503 3394 4558 enim
3418 4503 3777 4559 contristatur

2195 4597 2316 4665 quis
2337 4596 2462 4665 quia
2491 4610 2589 4666 ego
2620 4596 2773 4659 va.lo,
2801 4593 3056 4648 laetiﬁcari
3085 4593 3242 4648 debet
3263 4592 3388 4661 quia
3418 4591 3600 4656 venio,
3618 4591 3775 4659 juxta

2197 4687 2325 4741 illud
2357 4687 2500 4756 quod
2528 4686 2654 4741 alibi
2687 4687 2821 4741 dicit
2852 4703 2864 4739 :
2903 4706 2920 4737 ι
2953 4685 3068 4739 Non
3099 4686 3347 4739 turbetur
3372 4699 3468 4739 cor
3490 4693 3729 4739 vestrum
3756 4701 3771 4737 :

2195 4775 2427 4831 Creditis
2454 4775 2506 4830 in
2530 4775 2717 4840 Deum,
2745 4774 2873 4831 etin
2899 4789 2986 4829 me
3010 4775 3215 4830 credite
3237 4774 3420 4846 (Joan.
3445 4773 3611 4847 ιιν).›
3641 4774 3775 4843 Quia

2202 4882 2220 4916 r
2243 4865 2287 4920 si
2305 4865 2489 4920 abiero
2503 4875 2559 4921 ct
2578 4879 2950 4935 prmparavero
2962 4865 3113 4921 vobis
3132 4864 3330 4931 locum,
3350 4865 3548 4939 iterum
3566 4867 3779 4920 veniant

2194 4968 2250 5014 et
2270 4958 2531 5029 accipiam
2560 4972 2654 5013 vos
2682 4960 2746 5013 ad
2777 4959 3061 5029 meipsum,
3092 4966 3153 5012 ut
3184 4958 3274 5012 ubi
3304 4972 3425 5035 sum
3446 4972 3569 5030 ego,
3601 4965 3659 5013 et
3684 4972 3775 5012 vos

2196 5050 2315 5104 sitis
2348 5049 2557 5121 (lbid.).
2596 5072 2614 5101 ι
2658 5050 2722 5104 Et
2747 5050 2874 5107 alibi
2901 5067 2913 5102 :
2947 5068 2964 5100 ι
2987 5048 3102 5104 Non
3126 5049 3425 5119 relinquam
3456 5065 3555 5104 vos
3580 5050 3774 5120 orpha-

2197 5157 2318 5208 nos,
2343 5142 2552 5197 veniam
2580 5142 2649 5196 ad
2676 5157 2771 5198 vos
2800 5140 3010 5213 (lbid.).
3045 5161 3063 5194 ι
3102 5140 3251 5197 Unde
3278 5152 3333 5197 et
3349 5141 3650 5196 subditur:

2220 5286 2225 5291 .
2272 5255 2289 5286 ι
2328 5234 2383 5291 Si
2426 5236 2721 5308 diligeretis
2764 5251 2886 5303 me,
2935 5236 3244 5308 gauderetis
3273 5238 3495 5307 utique,
3540 5237 3668 5307 quia
3706 5236 3774 5292 ad

2201 5345 2219 5378 ς
2252 5327 2466 5383 Patrem
2491 5329 2649 5392 vado,
2677 5328 2801 5397 quia
2830 5328 2991 5385 Pater
3014 5330 3188 5398 major
3209 5344 3296 5385 me
3323 5337 3431 5386 est.
3464 5348 3484 5382 ι
3520 5328 3773 5399 Nunquid

2198 5436 2304 5475 non
2350 5420 2647 5491 diligebant
2684 5420 2908 5490 apostoli
2954 5420 3239 5476 Dominum
3267 5460 3283 5486 ,
3327 5435 3426 5490 pro
3466 5435 3577 5489 quo
3609 5419 3773 5474 etiam

2197 5510 2332 5564 mori
2358 5510 2531 5580 parati
2554 5518 2733 5575 erant,
2755 5510 3036 5565 dicentes:
3066 5529 3085 5563 ε
3120 5512 3317 5566 Eamus
3344 5519 3400 5566 et
3424 5526 3542 5575 nos,
3572 5519 3629 5565 ct
3655 5525 3770 5566 mo-

2198 5602 2403 5656 riamur
2429 5616 2549 5656 cum
2582 5601 2674 5656 illo
2706 5601 2887 5672 (Joan.
2919 5602 3076 5673 xvr)?
3109 5604 3126 5655 ὁ
3166 5602 3305 5670 Quid
3334 5612 3419 5659 est
3454 5618 3588 5673 ergo
3627 5599 3771 5672 quod

2197 5694 2312 5747 ait:
2364 5711 2382 5744 ι
2417 5692 2474 5748 Si
2526 5693 2821 5764 diligeretis
2862 5709 2983 5761 me,
3026 5696 3336 5766 gauderctis
3375 5695 3596 5766 utique?
3624 5712 3643 5748 ι
3691 5692 3773 5749 Ad

2196 5785 2336 5853 quod
2365 5784 2643 5837 dicendum
2669 5784 2792 5853 quia
2828 5799 2933 5839 non
2967 5796 3123 5855 negat
3154 5801 3211 5840 se
3241 5805 3269 5842 a
3292 5786 3568 5856 discipulis
3602 5784 3771 5851 diligi,
