4014 6354
243 412 348 469 561

1481 402 1789 463 HOMILIE
1831 402 1919 459 DE
1959 401 2302 459 TEMPGRE.

3389 397 3492 452 562

246 527 346 583 sed
376 539 564 581 eorum
594 520 866 593 fragditati
892 492 1350 587 condescendens,
1369 518 1581 574 illorum
1609 527 1819 574 mentes
1847 520 1893 580 Α
1920 516 2189 571 hominem
2219 512 2355 569 mori
2386 513 2747 585 conSpiciens,
2797 512 2917 583 ejus
2942 508 3178 565 animam
3207 508 3347 564 sicut
3385 525 3520 569 Cat--

245 617 517 673 humanas
557 613 625 669 ad
668 627 906 669 amorem
946 612 1184 667 divinum
1214 618 1500 682 praeparat.
1555 607 1818 664 Nimirum

247 706 398 761 aliud
442 712 561 763 erat
598 703 742 773 quod
784 704 835 757 in
868 717 935 758 eo
977 702 1346 772 principaliter
1388 701 1721 770 diligebant,
1766 708 1823 755 et

247 800 397 855 aliud
426 798 569 868 quod
618 797 795 851 minus
838 795 1095 866 perfecte.
1146 795 1449 866 Diligebant
1485 795 1631 850 enim
1674 795 1727 848 in
1756 808 1822 849 eo

248 896 485 949 formam
533 892 883 948 humanitatis
923 892 1313 963 principaliter,
1343 905 1504 960 quam
1534 889 1819 952 videbant,

224 981 350 1043 .sed
380 983 557 1037 minus
595 981 833 1052 perfecte
871 980 1097 1037 formam
1135 981 1468 1045 divini-tatis,
1512 995 1675 1051 quam
1715 995 1822 1034 non

249 1073 532 1128 videbant.
572 1073 653 1129 Ac
673 1074 717 1129 si
745 1074 947 1129 diceret
988 1074 1247 1130 Dominus
1275 1092 1288 1126 :
1321 1072 1378 1127 Si
1407 1073 1460 1127 in
1488 1088 1574 1128 me
1596 1071 1825 1128 formam

249 1164 556 1219 divinitatis
585 1165 955 1236 principaliter
973 1181 1092 1236 qum
1116 1166 1346 1221 amanda
1372 1174 1479 1231 est,
1509 1164 1825 1235 diligeretis,

258 1271 283 1303 ε
313 1253 620 1324 gauderetis
640 1255 823 1324 utique
849 1255 972 1324 quia
998 1255 1132 1310 vado
1159 1255 1226 1310 ad
1252 1255 1486 1318 Patrem,
1516 1254 1642 1324 quia
1665 1253 1827 1309 Pater

252 1341 430 1411 major
459 1359 544 1399 me
577 1354 680 1400 est.
700 1363 734 1406 ιι
765 1343 934 1411 Quam
959 1346 1281 1402 sententiain
1311 1344 1449 1400 male
1478 1346 1639 1400 Arius
1667 1345 1829 1400 inter-

251 1439 522 1502 pretatur,
554 1432 643 1502 qui
675 1447 838 1489 ausus
863 1443 947 1489 est
980 1435 1161 1490 dicere
1190 1435 1382 1489 Filium
1415 1434 1508 1488 Dei
1538 1435 1591 1489 in
1627 1433 1826 1488 divini-

253 1531 368 1578 tate
388 1523 651 1579 minorem
671 1539 790 1580 esse
807 1524 984 1589 Patre,
1005 1541 1112 1581 non
1131 1526 1453 1597 intelligens,
1471 1524 1678 1590 infelix,
1700 1524 1825 1594 quia

222 1666 227 1671 .
252 1614 312 1669 in
335 1631 442 1670 uno
470 1616 763 1672 mediatore
793 1617 885 1673 Dei
909 1628 964 1673 et
990 1619 1291 1683 hominum,
1324 1618 1495 1673 altera
1524 1626 1607 1672 est
1635 1626 1826 1672 natura

254 1704 578 1771 divinitatis,
611 1714 668 1762 et
699 1706 869 1762 altera
904 1707 1276 1764 humanitatis.
1305 1698 1364 1763 in
1396 1716 1590 1762 natura
1615 1722 1828 1778 quoque

252 1793 556 1850 divinitatis
582 1811 688 1851 non
737 1811 769 1850 a
814 1797 925 1853 Deo
969 1796 1173 1864 factus,
1217 1798 1311 1854 sed
1340 1813 1404 1853 ex
1447 1796 1557 1874 Deo
1586 1798 1830 1854 creditur
1861 1812 1921 1874 _‘

1919 615 2085 669 teras,
2116 616 2249 676 quas
2269 620 2364 675 per
2384 604 2645 677 originale
2666 611 2946 675 peccatum
2969 601 3204 668 tenebat,
3225 615 3283 657 se
3302 616 3519 672 rapere

1918 710 2077 767 posse
2105 694 2412 750 :estimavit.
2458 692 2565 749 Sed
2607 694 2660 748 in
2698 707 2763 748 eo
2791 707 2896 747 non
2926 692 3137 763 reperit:
3164 690 3511 762 quidquam...
3578 711 3593 727 -

1920 787 2046 857 quia
2070 826 2086 853 ,
2134 787 2275 842 sicut
2313 786 2388 840 ait
2421 784 2613 840 Petrus
2640 770 2965 853 Apostolus:
3000 802 3018 835 ι
3052 781 3342 838 Peccatum
3390 796 3499 837 non

1922 875 2069 943 fecit,
2098 892 2198 932 nec
2223 876 2471 931 inventus
2496 884 2580 931 cst
2599 874 2753 931 dolus
2781 874 2834 929 in
2859 889 2955 930 ore
2981 872 3097 943 ejus
3120 872 3171 944 (I
3188 870 3337 929 Petr.
3363 874 3449 944 ιι).
3477 892 3496 927 ι

1922 944 2050 1023 “Ide
2085 982 2214 1039 ergo
2260 976 2613 1037 potestatem,
2660 980 2821 1036 quam
2848 965 2901 1020 in
2940 966 3151 1021 caeteris
3193 964 3498 1027 retinebat,

1924 1060 2137 1124 amisit,
2183 1074 2291 1130 quo
2326 1058 2560 1132 gladium
2608 1056 2718 1112 sure
2746 1056 3111 1127 percussionis
3143 1065 3334 1112 contra
3375 1070 3499 1112 eum

1925 1152 1981 1207 in
2012 1167 2119 1223 quo
2148 1151 2279 1206 nihil
2307 1151 2541 1216 invenit,
2573 1150 2823 1215 exacuit,
2846 1149 2972 1220 quia
3002 1150 3142 1205 sicut
3164 1150 3243 1205 ait
3269 1150 3503 1220 Aposto-

1926 1242 2051 1298 lus:
2084 1261 2103 1294 ‹
2137 1241 2195 1297 Si
2238 1241 2643 1314 cognovissent,
2693 1253 2964 1308 nunquam
3006 1238 3289 1295 Dominum
3320 1239 3516 1310 gloriae

1927 1331 2323 1389 crucnlixissent
2352 1330 2403 1403 (1
2431 1330 2555 1386 Cor.
2584 1329 2668 1403 ιι).
2711 1349 2730 1382 ι
2782 1330 2858 1385 De
2898 1344 3005 1399 quo
3043 1329 3241 1391 alibia
3279 1329 3504 1387 Domino

1927 1424 2124 1478 dicitur
2147 1437 2162 1477 :
2195 1443 2212 1474 ι
2246 1422 2397 1477 Nunc
2425 1422 2557 1478 hora
2585 1431 2671 1477 est
2694 1431 2751 1475 ut
2774 1419 3027 1491 princeps
3053 1420 3235 1475 mundi
3259 1419 3521 1490 ejiciatur

1927 1512 2075 1569 foras
2117 1512 2308 1585 (Joan.
2354 1511 2485 1582 xu).
2520 1531 2540 1564 ι
2582 1511 2651 1567 Et
2690 1512 2863 1567 item:
2907 1530 2924 1562 ι
2959 1498 3221 1566 Videbam
3257 1520 3509 1568 satanam

1928 1607 2069 1664 sicut
2109 1606 2288 1678 fulgur
2326 1606 2608 1663 cadentem
2654 1605 2719 1660 de
2747 1602 2884 1659 coelo
2922 1602 3071 1674 (Luc.
3099 1602 3179 1674 ι).
3211 1622 3229 1654 ι
3273 1602 3425 1660 Unde
3455 1611 3511 1659 et

1931 1696 2178 1767 sequitur
2203 1713 2218 1749 :
2602 1760 2607 1767 ί
3346 1742 3347 1745 η
3476 1738 3481 1743 .

2007 1807 2029 1839 ι
2066 1788 2171 1844 Sed
2202 1796 2258 1843 ut
2288 1796 2577 1859 cognoscat
2616 1786 2845 1842 mundus
2883 1786 3008 1857 quia
3054 1785 3217 1857 diligo
3256 1785 3499 1850 Patrem,

252 1890 437 1949 natus,
468 1884 609 1940 Deus
630 1885 696 1940 de
725 1887 854 1952 Deo,
885 1887 1068 1943 lumen
1099 1888 1164 1943 de
1196 1888 1416 1955 lumine,
1455 1869 1754 1945 coaeternus
1775 1899 1830 1943 et

1939 1898 1957 1932 ι
1994 1888 2045 1934 et
2094 1878 2234 1935 sicut
2277 1878 2587 1934 mandatum
2626 1877 2772 1933 dedit
2820 1877 2950 1932 mihi
2979 1877 3160 1942 Pater,
3204 1877 3283 1934 sic
3326 1877 3501 1933 facio:

252 1974 730 2049 consubslantialis
755 1976 921 2044 Patri,
944 1979 1082 2034 sicut
1107 1979 1220 2049 ipse
1241 1978 1402 2034 dicit:
1424 1997 1441 2031 ι
1467 1979 1575 2050 Ego
1595 1988 1650 2034 et
1673 1979 1834 2034 Pater

253 2077 425 2117 nutum
454 2080 639 2121 sumus
669 2066 849 2138 (Joan.
875 2068 952 2141 ιι).
988 2088 1007 2120 ι
1037 2068 1093 2123 In
1121 2078 1310 2124 natura
1329 2070 1702 2135 humanitatis,
1727 2085 1833 2140 qua

253 2154 565 2211 minoratus
592 2167 676 2212 cst
723 2160 881 2227 paulo
926 2161 1103 2216 minus
1133 2162 1199 2217 ab
1225 2162 1459 2233 angelis,
1499 2163 1675 2217 minor
1715 2178 1835 2218 esse

218 2287 226 2293 ,
254 2244 500 2299 creditur
522 2246 706 2312 Patre,
749 2264 853 2319 per
876 2265 1037 2320 quam
1064 2252 1300 2322 loquitur
1329 2271 1341 2308 :
1380 2272 1404 2306 ι
1437 2253 1571 2322 Quia
1602 2254 1738 2311 vado
1767 2254 1834 2310 ad

220 2358 231 2365 ι
260 2333 514 2403 Patrem,
529 2336 658 2405 quia
684 2338 847 2394 Pater
873 2342 1050 2413 major
1074 2358 1162 2399 me
1186 2353 1289 2399 est.
1321 2364 1340 2397 ι

336 2439 358 2472 ι
386 2422 453 2476 Et
478 2440 620 2480 nunc
640 2424 753 2481 dixi
772 2428 926 2484 vobis
953 2430 1266 2502 priusquam
1295 2433 1486 2499 θαι,οι
1503 2449 1622 2489 cum
1639 2433 1833 2490 factum

222 2552 229 2558 .
262 2528 284 2562 ι
318 2509 484 2567 fuerit
507 2517 761 2572 credatis.
790 2537 811 2571 ι
842 2517 959 2574 Non
983 2521 1156 2576 solum
1181 2523 1247 2579 ad
1272 2524 1375 2579 hoc
1392 2538 1455 2578 ea
1476 2539 1594 2594 quae
1610 2533 1834 2579 ventura

218 2646 225 2649 τ
256 2602 362 2658 sibi
408 2612 567 2660 erant
615 2607 874 2665 Dominus
929 2612 1222 2680 praedicere
1258 2613 1455 2681 voluit,
1493 2624 1552 2670 ut
1582 2630 1640 2671 se
1669 2614 1837 2693 Dcukm

234 2696 595 2764 ostenderet,
625 2700 715 2769 qui
744 2709 968 2756 ventura
998 2718 1156 2759 nosse
1180 2713 1382 2775 posset,
1417 2706 1513 2763 scd
1538 2715 1598 2762 ut
1624 2709 1727 2763 hoc
1755 2709 1839 2763 in-

258 2785 405 2841 dicio
424 2788 635 2843 animos
657 2789 1040 2860 discipulorum
1069 2793 1134 2848 ad
1151 2796 1476 2851 credendum
1497 2806 1834 2866 provocaret,

255 2874 466 2932 scilicet
514 2885 571 2931 ut
612 2885 760 2934 tanto
800 2878 1010 2937 firmius
1048 2897 1110 2937 ea
1138 2884 1454 2950 crederent,
1502 2895 1703 2954 quanto
1729 2902 1835 2942 non

260 2966 440 3033 aliter,
467 2983 627 3039 quam
656 2970 725 3025 ab
762 2986 827 3025 co
855 2972 1110 3040 praedicta
1140 2983 1435 3040 noverant,
1477 2975 1683 3044 impleri
1715 2991 1837 3032 cer-

259 3067 473 3124 tierent,
502 3049 642 3114 sicut
668 3060 794 3116 alibi
827 3062 939 3116 ait:
976 3062 1153 3118 (llaec
1179 3064 1390 3120 locutus
1414 3080 1531 3120 suzn
1566 3066 1746 3129 vobis,
1779 3077 1838 3121 ut

234 3165 386 3205 .cum
420 3151 628 3205 venerit
671 3153 834 3215 hora,
872 3169 1061 3212 eorum
1096 3155 1513 3212 reminiscamini
1534 3197 1549 3222 ,
1581 3158 1706 3227 quia
1737 3175 1837 3229 ego

1941 1990 1960 2023 ι
1995 1972 2220 2042 surgite,
2262 1985 2451 2024 eamus
2492 1969 2639 2024 hinc.
2675 1989 2692 2023 ι
2727 1969 2783 2024 ln
2806 1970 2999 2040 quibus
3024 1968 3204 2025 verbis
3230 1968 3468 2024 ostendit
3489 2009 3503 2029 ,

1934 2077 2040 2116 non
2065 2060 2389 2116 necessitate
2406 2100 2421 2125 ,
2449 2062 2544 2115 sed
2568 2058 2841 2113 voluntate
2869 2073 2927 2114 se
2953 2073 3073 2113 esse
3111 2072 3351 2129 passum.
3391 2057 3507 2114 Non

1934 2153 2078 2208 enim
2109 2151 2476 2220 cujuscunque
2500 2150 2708 2219 peccati
2737 2149 2951 2205 vinculo
2987 2149 3316 2205 constrictus
3356 2158 3511 2210 erat.
3606 2204 3612 2210 ,

1935 2254 1994 2300 ιιι
2023 2244 2346 2299 necessitate
2367 2252 2662 2313 pateretur,
2680 2243 2772 2298 sed
2793 2242 2904 2298 sola
2926 2242 3212 2298 dilectione
3232 2258 3332 2312 pro
3359 2244 3513 2297 nobis

1935 2344 2228 2405 spontanee
2253 2334 2554 2405 passionem
2586 2334 2859 2399 sustinuit,
2887 2343 2945 2388 ut
2964 2343 3019 2390 et
3047 2333 3225 2389 Patris
3252 2334 3510 2390 obedien-

1939 2424 2068 2478 tiam
2099 2422 2380 2493 impleret,
2421 2431 2476 2479 et
2516 2438 2618 2479 nos
2658 2437 2690 2478 a
2735 2422 2926 2479 mortis
2970 2423 3191 2478 interitu
3236 2422 3509 2478 liberaret.

1937 2512 2092 2583 Quod
2114 2529 2244 2585 ergo
2266 2513 2379 2569 ait:
2418 2532 2437 2565 ι
2471 2512 2578 2569 Sed
2605 2521 2664 2568 ut
2688 2524 2977 2585 cognoscat
3010 2516 3240 2569 mundus
3269 2515 3396 2584 quia
3431 2514 3513 2569 di-

1938 2608 2045 2681 ligo
2078 2608 2318 2671 Patrem,
2356 2625 2379 2659 »
2410 2605 2513 2661 tale
2540 2614 2625 2662 est
2644 2620 2707 2662 ac
2730 2607 2775 2661 si
2802 2605 3007 2673 diceret
3033 2621 3046 2660 :
3077 2604 3135 2659 ln
3162 2606 3264 2661 hoc
3288 2606 3517 2660 ostendo

1937 2716 2025 2756 me
2052 2700 2268 2755 Patrem
2295 2699 2517 2769 diligere
2536 2732 2573 2765 ,ι
2593 2699 2720 2769 quia
2737 2712 2854 2769 'pro
2887 2697 3005 2768 ejus
3032 2697 3250 2752 nomine
3289 2697 3514 2753 tribula-

1941 2792 2114 2848 tioues
2134 2800 2191 2846 et
2224 2791 2503 2862 angustias
2529 2790 2797 2845 sustinere
2823 2805 2928 2845 non
2959 2788 3170 2845 differo.
3215 2787 3341 2844 Sive
3370 2801 3519 2845 certe

1937 2881 1993 2936 in
2022 2880 2123 2936 hoc
2146 2895 2232 2936 me
2262 2879 2489 2937 ostendo
2518 2880 2737 2935 Patrem
2756 2879 2979 2950 diligere
2998 2920 3014 2947 ,
3046 2882 3138 2950 qui
3167 2896 3289 2936 cum
3315 2881 3515 2952 possim

1936 2978 2166 3026 mortem
2191 2971 2397 3036 vitare,
2441 2986 2539 3042 pro
2570 2970 2689 3042 ejus
2717 2986 2901 3026 amore
2935 2982 3164 3027 mortem
3194 2973 3379 3029 subire
3408 2989 3516 3030 nou

1939 3059 2148 3127 differo,
2178 3060 2428 3131 quoniam
2462 3077 2566 3117 non
2593 3061 2711 3118 veni
2745 3062 3077 3120 voluntatem
3107 3078 3284 3120 meam
3313 3064 3535 3122 facere-

1938 3151 2216 3207 Imitemur
2238 3159 2295 3207 et
2330 3166 2437 3207 nos.
2453 3168 2549 3222 pro
2580 3152 2793 3208 modulo
2822 3163 3012 3209 nostro
3040 3163 3203 3226 caput
3237 3167 3518 3220 nostrum,

240 3240 377 3297 .dixi
402 3241 549 3296 vobis
572 3240 752 3309 (Joan.
788 3245 920 3314 xw).
953 3263 970 3295 ι
1005 3244 1153 3299 Unde
1194 3244 1457 3299 Lazarum
1492 3226 1841 3301 resuscitatu-
1864 3226 1909 3287 (λ
1941 3250 2001 3297 ut
2040 3243 2133 3312 qui
2161 3243 2277 3298 sine
2304 3252 2528 3314 peccato
2556 3257 2676 3299 esse
2698 3260 2805 3301 non
2834 3260 3153 3315 possumus,
3193 3261 3292 3316 pro
3311 3245 3522 3316 justitia

270 3346 398 3396 rus,
422 3348 538 3389 cum
563 3349 684 3388 eum
724 3344 993 3390 mortuum
1022 3335 1358 3405 pnedixisset
1376 3376 1391 3401 ,
1418 3336 1493 3390 ait
1518 3353 1531 3390 :
1564 3355 1582 3388 ι
1619 3336 1840 3393 Gaudeo

268 3430 485 3491 pr0pter
505 3439 620 3488 vos,
647 3432 705 3479 ut
720 3425 955 3482 credatis
980 3427 1106 3496 quia
1121 3442 1226 3483 non
1240 3442 1390 3484 eram
1412 3428 1486 3484 ibi
1503 3427 1686 3501 (Joan.
1701 3432 1798 3503 ιιι).
1814 3452 1832 3485 ι

230 3552 235 3557 .
264 3510 419 3577 Quod
443 3523 619 3570 autem
645 3515 959 3587 subjunxit:

341 3623 360 3653 ι
393 3601 513 3657 Jam
540 3620 644 3661 non
676 3606 841 3660 multa
869 3606 1059 3676 loquar
1083 3608 1385 3675 vobiscum,
1420 3629 1440 3663 ι
1476 3610 1542 3666 de
1570 3613 1839 3683 corporali

262 3692 535 3749 locutione
580 3695 729 3750 dicit.
763 3694 897 3751 Nam
925 3697 977 3751 in
1013 3698 1540 3769 articulopassionis
1565 3701 1842 3775 discipulis

230 3826 236 3839 .
261 3782 630 3853 hzecloquens
649 3825 664 3848 ,
705 3801 875 3864 pauca
910 3788 1262 3858 corporaliter
1286 3797 1404 3843 erat
1431 3790 1512 3846 eis
1539 3790 1839 3848 locuturus.

228 3922 231 3925 η
263 3876 359 3945 Spi
370 3875 593 3931 vitaliter
612 3886 792 3933 autem
818 3879 1056 3948 quotidie
1079 3879 1574 3952 loquitur,.quoties
1594 3892 1841 3940 sanctum

263 3969 615 4040 Evangelium
642 3970 854 4042 legitur,
882 3972 969 4027 vel
994 3974 1289 4029 auctoritas
1323 3984 1522 4030 sanctae
1547 3974 1843 4047 Scriptura:

264 4061 336 4115 ad
387 4061 704 4116 memoriam
754 4073 1040 4121 revocatur
1076 4082 1089 4118 :
1145 4084 1163 4116 ι
1205 4063 1366 4120 Venit
1408 4066 1552 4121 enim
1594 4068 1845 4139 princeps

232 4198 239 4205 .
268 4171 289 4203 ι
326 4153 511 4207 mundi
541 4153 697 4223 hujus
718 4196 732 4218 ,
771 4166 826 4210 et
856 4156 910 4210 in
942 4172 1027 4213 me
1049 4172 1155 4213 non
1185 4157 1351 4212 habet
1386 4159 1697 4229 quidquam.
1730 4180 1749 4212 ι
1786 4160 1843 4215 Si

234 4245 561 4315 principem
591 4247 783 4302 mundi
799 4248 902 4303 hoc
923 4248 1043 4304 loco
1062 4248 1293 4304 Pilatum
1324 4252 1637 4321 accipimus,
1667 4254 1843 4307 mani-

262 4334 464 4389 festum
508 4337 740 4406 estquia
783 4337 836 4392 in
868 4351 934 4394 eo
962 4354 1069 4395 non
1113 4339 1317 4395 invenit
1343 4341 1673 4410 quidquam,
1707 4343 1847 4399 sicut
1922 4374 1929 4391 ι

232 4466 237 4469 -
266 4439 387 4496 Ipse
398 4427 622 4483 summis
638 4427 967 4499 principibus
986 4430 1326 4485 sacerdotum
1344 4432 1617 4501 respondit
1634 4450 1647 4486 :
1668 4450 1687 4483 ι
1707 4433 1846 4500 Quid

232 4558 237 4561 .
267 4518 417 4591 enim
444 4518 569 4573 mali
606 4517 731 4574 fecit
770 4518 874 4574 iste
903 4518 1118 4588 (Matth.
1150 4519 1367 4593 xxvn)?
1399 4539 1418 4573 ι
1450 4520 1562 4590 Ego
1596 4541 1613 4573 ι
1643 4521 1842 4577 nullam

232 4619 486 4679 .causam
536 4606 749 4661 invenio
797 4606 850 4661 in
908 4607 1125 4661 homine
1168 4607 1272 4662 isto
1312 4622 1380 4662 ex
1422 4607 1508 4662 his
1554 4608 1605 4662 in
1645 4609 1840 4679 quibus

260 4711 389 4753 eum
405 4698 700 4763 accusatis;
726 4696 1025 4767 sedneque
1048 4696 1316 4763 Herodes,
1334 4713 1459 4752 nam
1487 4699 1665 4754 remisi
1692 4700 1838 4756 illum

259 4788 334 4843 ad
373 4802 468 4842 vos
484 4828 511 4855 ,.
544 4796 601 4842 et
643 4787 789 4842 nihil.
804 4787 1023 4859 dignum
1066 4798 1240 4843 morte
1280 4798 1458 4844 actum
1492 4800 1577 4846 est
1605 4792 1653 4847 ei
1686 4791 1836 4863 (Luc.

261 4881 446 4948 nm).
484 4898 501 4930 ι
535 4877 643 4935 Sed
672 4893 769 4933 nos
797 4879 991 4945 melius
1012 4879 1312 4950 principem
1343 4882 1525 4937 mundi
1568 4882 1838 4937 diabolum

260 4967 737 5038 iutelligimus,qui
759 4964 1027 5038 quondam
1050 4969 1408 5039 principatum
1429 4978 1482 5024 et
1505 4972 1840 5041 tyrannidem

237 5058 321 5112 .iu
353 5072 539 5111 eorum
567 5057 961 5114 mentibussibi
985 5059 1235 5122 vindicat,
1263 5061 1352 5129 qui
1384 5061 1562 5131 potius
1584 5062 1839 5117 nmndnm

262 5163 428 5217 quam
460 5147 627 5203 Deum
656 5148 905 5225 diligunt.
950 5147 1149 5205 Contra
1189 5150 1332 5206 hunc
1359 5152 1656 5223 principem
1686 5154 1841 5209 miles

260 5246 583 5293 castrorum.
598 5238 693 5293 Dei
715 5249 1003 5295 certamen
1023 5242 1357 5313 inierat,qui
1387 5244 1636 5300 dicebat:
1671 5262 1691 5296 ι
1728 5244 1841 5300 Non

264 5338 350 5383 cst
380 5329 535 5385 nobis
563 5329 868 5387 colluctatio
902 5332 1166 5389 adversus
1197 5349 1414 5390 carnem
1439 5342 1496 5391 et
1529 5336 1842 5406 sanguinem

264 5420 486 5491 (Ephes.
509 5422 606 5493 vt).
630 5440 649 5475 ι
674 5422 743 5478 Ει
770 5423 896 5478 item
922 5440 936 5476 :
972 5442 991 5476 ι
1020 5423 1132 5494 Ego
1154 5424 1332 5481 autem
1357 5442 1463 5481 non
1490 5442 1668 5498 pugno
1690 5429 1842 5498 quasi

266 5525 452 5565 aerem
505 5513 817 5579 verberans,
865 5516 959 5570 sed
1000 5515 1206 5587 castigo
1244 5532 1439 5586 corpus
1478 5533 1657 5573 meum
1696 5527 1752 5574 et
1791 5519 1842 5574 in

242 5601 586 5655 -S€l'Villlit:lll
618 5602 823 5674 redigo,
863 5618 928 5658 ne
951 5603 1090 5659 forte
1117 5620 1238 5660 cum
1265 5607 1386 5662 aliis
1414 5608 1843 5678 prmdicaverim,

268 5691 385 5759 ipse
430 5694 690 5761 reprobus
730 5694 932 5749 elliciar
963 5695 1014 5766 (Ι
1044 5693 1169 5750 Cor.
1208 5698 1305 5767 Ix).
1345 5719 1363 5751 ι
1408 5700 1512 5755 Iste
1541 5717 1671 5773 ergo
1700 5703 1844 5772 prin-

241 5800 399 5853 τρυε
430 5785 611 5839 mundi
643 5788 707 5839 ad
745 5787 1027 5842 Dominum
1072 5788 1246 5856 venit,
1293 5791 1506 5859 quando
1538 5806 1657 5846 cum
1690 5794 1840 5862 quasi

1870 4574 1921 4634 D

1938 3331 2344 3403 persecutiones
2371 3331 2482 3400 pati
2506 3347 2612 3387 non
2641 3331 3122 3404 timeamus,.quia,
3157 3344 3298 3390 sicut
3319 3335 3393 3390 ait
3421 3334 3518 3390 Pe-

1940 3430 2059 3477 trus
2085 3420 2360 3491 apostolus
2387 3437 2410 3476 ι
2436 3440 2457 3473 ι
2487 3422 2737 3479 Christus
2760 3437 2953 3493 passus
2981 3432 3067 3479 est
3094 3439 3193 3494 pro
3220 3425 3397 3491 nobis,
3427 3441 3543 3487 vox

1938 3511 2022 3566 bis
2058 3510 2366 3580 relinquens
2418 3511 2725 3583 exemplum
2752 3552 2768 3578 ,
2819 3522 2882 3568 ut
2936 3513 3238 3583 sequamini
3293 3515 3519 3585 vestigia

1940 3599 2075 3671 ejus,
2109 3599 2507 3671 quLpeccatum
2536 3615 2641 3657 non
2668 3599 2818 3666 fecit,
2850 3616 2949 3657 nec
2987 3601 3236 3659 inventus
3256 3611 3340 3659 est
3367 3603 3543 3659 dolus.

1940 3691 1997 3746 in
2023 3705 2118 3746 ore
2144 3691 2262 3762 ejus
2290 3690 2343 3762 (I
2373 3690 2516 3771 Patr.
2547 3691 2643 3762 ιι);
2676 3711 2694 3743 ι
2724 3700 2779 3748 et
2802 3692 3093 3763 impleatur
3117 3693 3171 3748 in
3197 3694 3354 3750 nobis
3378 3695 3523 3765 quod
3542 3744 3555 3757 ._

1941 3780 2200 3837 Dominus
2227 3780 2304 3836 ait
2331 3780 2385 3835 in
2409 3781 2700 3853 Evangelio
2728 3800 2741 3837 :
2771 3800 2790 3834 ι
2811 3782 2960 3837 Beati
2979 3784 3070 3853 qui
3092 3784 3547 3855 persecutionem.

1942 3871 2221 3942 patiuntur
2244 3880 2467 3943 propter
2487 3872 2755 3943 justitiam
2780 3872 2993 3942 (Matth.
3011 3878 3087 3945 v).
3114 3892 3133 3924 ι
3164 3873 3298 3930 Hinc
3319 3883 3374 3929 ct
3397 3890 3525 3945 apo-

1944 3962 2116 4020 stolus
2160 3961 2353 4019 Petrus
2399 3979 2499 4020 nos
2542 3963 2798 4020 admonet
2843 3964 3002 4031 alibi,
3049 3966 3271 4022 dicens:
3303 3985 3320 4017 ι
3355 3966 3527 4023 Nemo

1943 4063 2183 4110 vestrum
2209 4054 2448 4125 patiatur
2477 4055 2632 4125 quasi
2658 4056 2930 4112 homicida
2951 4096 2965 4123 ,
2995 4067 3089 4113 aut
3115 4058 3225 4125 fur,
3250 4067 3347 4114 aut
3366 4058 3523 4114 adul-

1946 4157 2044 4201 ter.
2073 4145 2129 4200 Si
2146 4154 2323 4201 autem
2348 4146 2778 4215 utChristianus,
2809 4165 2917 4205 non
2943 4153 3249 4218 erubescat,
3274 4153 3369 4209 sed
3398 4154 3516 4222 glo-

1947 4237 2121 4294 riﬁcet
2148 4236 2314 4292 Deum
2343 4239 2394 4293 in
2430 4239 2534 4294 isto
2564 4240 2781 4296 nomine
2808 4239 2859 4312 (l
2889 4240 3034 4297 Petr.
3065 4243 3164 4314 tv).
3197 4265 3215 4295 ι

2530 4371 2812 4428 HOMILIA
2850 4372 2935 4428 Cl‘.

2320 4500 2436 4539 FER!
2446 4500 2473 4537 Δ
2508 4499 2741 4539 SECUNDA
2781 4499 3170 4540 PENTECOSTES.

2020 4597 2204 4670 (low.
2248 4599 2354 4672 ιιι.)
2386 4618 2403 4649 σ
2436 4600 2491 4655 ln
2516 4599 2607 4656 illo
2638 4608 2879 4670 tempore
2903 4599 3037 4657 dixit
3060 4598 3217 4656 Jesus
3246 4602 3524 4673 discipulis

1957 4691 2120 4746 «suis
2146 4708 2160 4747 ς
2194 4688 2286 4745 Sic
2316 4690 2458 4745 Deus
2481 4689 2671 4745 dilexit
2704 4688 2959 4745 mundum
2983 4729 3000 4755 ,
3043 4700 3103 4746 ut
3147 4690 3342 4748 Filium
3369 4708 3522 4748 suum

1957 4804 1988 4834 ι.
2013 4783 2347 4855 unigenitum
2371 4784 2541 4847 daret,
2571 4791 2628 4838 ut
2654 4783 2832 4838 omnis
2862 4783 2954 4854 qui
2983 4784 3157 4840 credit
3182 4785 3236 4841 in
3272 4785 3391 4857 ipso
3416 4803 3543 4843 non

1956 4893 1974 4925 ι
2006 4880 2213 4944 pereat,
2251 4873 2345 4929 sed
2371 4872 2565 4928 habeat
2584 4872 2771 4927 vitam.
2810 4891 2831 4929 ι
2879 4872 2946 4929 Et
2972 4872 3198 4945 reliqua.
3248 4875 3396 4934 Unde
3421 4895 3516 4935 no-

1951 4965 2169 5020 tandum
2203 4965 2561 5035 quodcadem
2588 4965 2655 5021 de
2679 4965 2819 5021 Filio
2845 4966 2939 5021 Dei
2968 4966 3241 5039 unigenito
3268 4968 3521 5040 replicat,

1949 5072 2069 5128 qua:
2088 5057 2156 5113 de
2182 5056 2289 5112 lilio
2315 5056 2549 5112 hominis
2574 5056 2806 5111 incruce
2828 5055 3061 5113 exaltato
3080 5058 3421 5138 promiserat,
3444 5062 3523 5116 di-

1949 5161 2079 5202 cens
2107 5163 2122 5204 :
2160 5165 2179 5198 ι
2216 5146 2285 5203 Ut
2304 5146 2482 5202 omnis
2506 5147 2597 5217 qui
2628 5146 2800 5202 credit
2825 5146 2883 5202 in
2906 5147 3057 5218 ipso,.
3070 5164 3176 5204 non
3203 5161 3406 5223 pereat,
3428 5153 3521 5208 sed

1949 5238 2146 5294 habeat
2170 5238 2335 5294 vitam
2356 5247 2635 5294 aeternam.
2663 5258 2693 5290 ι
2713 5237 2848 5307 Quia
2871 5239 3115 5310 profecto
3143 5242 3283 5299 idem
3313 5246 3522 5299 redeun-

1949 5341 2136 5402 ptoret
2148 5333 2392 5389 conditor
2405 5342 2604 5398 noster,
2622 5332 2789 5390 Filius
2808 5333 2901 5390 Dei
2914 5343 3041 5405 ante
3055 5336 3247 5392 saecula
3260 5337 3535 5399 existens,

1952 5422 2093 5480 filius
2133 5423 2366 5479 hominis
2398 5422 2571 5482 factus
2604 5435 2687 5482 est
2711 5426 2765 5481 in
2794 5424 2898 5482 line
2937 5426 3291 5493 saeculorum,
3341 5437 3400 5483 ut
3428 5430 3552 5497 qui.

1946 5528 2045 5568 nos
2068 5528 2165 5583 per
2190 5513 2487 5570 divinitatis
2512 5530 2621 5570 sine
2655 5517 2946 5585 potentiam
2976 5522 3254 5571 ereaverat
3272 5556 3287 5583 ,
3309 5517 3376 5573 ad
3402 5532 3519 5587 ρει·-
3542 5556 3556 5559 μ

1946 5606 2257 5661 struendam
2289 5606 2412 5661 vitae
2434 5607 2817 5665 beatitudinem
2848 5607 3120 5680 perennis,
3144 5606 3259 5677 ipse
3288 5622 3383 5677 per
3405 5608 3541 5663 fra-r

1947 5698 2208 5768 gilitalem
2240 5691 2591 5756 humanitatis
2620 5712 2816 5758 nostrae
2844 5717 2941 5757 nos
2970 5706 3315 5764 restauraret.
3346 5704 3420 5760 ad
3438 5719 3515 5760 rev

1949 5794 2246 5863 cipicudam
2275 5811 2435 5864 quam
2471 5812 2504 5865 p
2541 5789 3012 5851 rdidimus'vitum.
3049 5794 3340 5866 Sequitur:
