4014 6354
553 415 660 471 5ϋὸ
1172 420 1525 476 HAYMONIS
1563 421 2036 478 IIALBERSTAT.
2078 422 2102 475 Ε

2208 422 2292 474 5C.
2322 422 2474 476 ΟΡΡ.
2515 422 2694 478 PARS
2733 423 2794 478 ll.
2828 453 2898 464 -—
2934 422 3166 481 Ηοιιιι.
3719 427 3858 484 564

633 541 652 574 ι
687 520 804 578 Non
830 525 972 578 enim
1003 527 1147 580 misit
1175 527 1315 583 Deus
1337 528 1532 584 Filium
1571 546 1725 584 suum
1781 531 1836 584 in
1874 531 2130 584 mundum
2161 536 2206 591 Α
2237 530 2352 598 ejus
2389 533 2591 586 veritas
2621 533 2716 586 tibi
2743 534 3068 588 ostenderet.
3101 533 3208 589 Sed
3246 535 3338 604 qui
3365 535 3532 590 etiam
3560 538 3855 593 admoni-

557 632 577 664 ι
610 621 670 668 ιιι
710 613 915 684 judicet
939 615 1196 670 mundum
1216 657 1230 681 ,
1275 617 1368 673 sed
1403 628 1464 673 ut
1493 619 1732 674 salvetur
1764 620 1996 675 mundus
2029 636 2125 690 per
2232 632 2314 676 tus
2362 624 2532 693 diligit
2563 633 2780 693 peccata
2811 643 2926 689 sua,
2959 628 3072 682 odit
3113 631 3492 684 admonentem
3523 630 3752 696 lucem,
3784 641 3854 685 et

557 723 576 754 α
613 703 805 773 ipsum.
837 723 856 756 ι
889 703 1030 773 Ergo
1052 716 1310 774 quantum
1333 707 1387 761 in
1407 709 1613 763 medico
1638 717 1743 772 est,
1765 724 1960 764 sanare
1982 709 2126 763 venit
2228 714 2362 785 fugit
2385 731 2525 780 eam,
2559 725 2615 770 ut
2645 732 2749 771 non
2793 729 3092 787 arguantur
3118 735 3282 789 opera
3327 719 3443 788 ejus
3487 723 3655 788 mala,
3697 737 3850 792 qua

548 801 828 863 aegrotum,
861 793 957 848 sed
982 795 1330 862 interimitur,
1366 799 1457 868 qui
1484 807 1752 869 praecepta
1781 799 1976 854 medici
2006 802 2136 854 ser?
2227 807 2418 878 diligit.
2447 807 2546 874 Qui
2578 817 2755 863 autem
2780 807 2911 863 facit
2932 811 3235 875 veritatem,
3267 823 3487 868 accusat
3511 816 3562 870 in
3583 833 3651 872 se
3671 818 3848 872 mala

545 896 676 935 Vare
708 897 813 936 non
837 881 970 937 νυΙι-
1003 881 1168 940 venit
1191 887 1400 942 salvam
1433 889 1712 942 mundum-
1741 887 1921 954 Quare
1947 887 2126 977 εθινῆ-
2227 914 2345 963 sua,
2380 913 2484 953 non
2513 899 2612 955 sibi
2639 902 2831 968 parcit,
2860 916 2963 955 non
2990 902 3088 957 sibi
3119 903 3370 972 ignoscit,
3403 915 3461 960 ut
3487 906 3626 963 Deus
3659 910 3848 979 igno-

547 981 632 1024 tor
657 971 834 1027 dictus
860 981 943 1027 est
971 975 1178 1041 mundi,
1210 977 1314 1031 nisi
1342 986 1400 1031 ut
1421 977 1592 1033 salvet
1625 978 1902 1042 mundum,
1931 994 2036 1032 non
2068 971 2126 1032 ut

538 1059 745 1126 jndicet
767 1065 1073 1119 mundum?
1097 1065 1305 1122 Salvari
1335 1084 1443 1123 non
1469 1069 1552 1124 vis
1577 1069 1644 1123 ab
1673 1069 1824 1139 ipso?
1857 1085 1924 1125 ex
1950 1070 2123 1139 teipse

540 1151 967 1220 judicaberis.Et
979 1155 1106 1225 quid
1120 1157 1294 1212 dicam
1304 1157 1855 1226 judicaberis?Videte
1866 1159 1996 1228 quid
2007 1161 2113 1215 ait:

620 1264 639 1295 ι
675 1246 777 1314 Qui
798 1249 969 1303 credit
989 1249 1044 1304 in
1083 1264 1205 1304 eum
1236 1266 1343 1305 non
1361 1252 1654 1322 judicatur.
1687 1251 1789 1319 Qui
1815 1261 1995 1307 autem
2015 1269 2122 1307 non

548 1353 569 1386 ι
605 1339 795 1392 credit.
831 1358 848 1390 ι
884 1339 1022 1406 Quid
1056 1341 1322 1397 dicturum
1351 1343 1628 1412 sperabas,
1671 1342 1778 1397 nisi
1801 1342 2122 1412 judicetur?

545 1448 566 1478 ε
600 1427 738 1494 Jam,
768 1430 960 1500 inquit,
984 1429 1256 1499 judicatus
1284 1443 1386 1488 est.
1419 1451 1439 1486 ι
1485 1431 1732 1488 Nondum
1757 1431 2123 1501 apparuit'ju-

541 1520 761 1589 dicium,
791 1523 1008 1592 sedjam
1037 1525 1237 1580 factum
1259 1533 1342 1580 est
1364 1525 1645 1596 judicium.
1673 1524 1834 1579 Novit
1859 1523 2120 1579 Dominus

539 1613 634 1682 qui
665 1615 944 1684 suntejus,
979 1617 1129 1671 novit
1169 1617 1261 1687 qui
1287 1625 1640 1686 permaneant
1664 1616 1731 1671 ad
1756 1631 2038 1680 coronam,
2067 1625 2122 1670 et

539 1705 633 1774 qui
656 1718 1006 1776 permaneant
1031 1711 1098 1764 ad
1119 1708 1388 1763 flammam
1415 1725 1430 1775 ;
1477 1709 1625 1763 novit
1656 1707 1710 1761 in
1739 1722 1864 1762 area
1895 1722 1993 1761 sua
2024 1707 2122 1762 tri-

540 1797 706 1852 ticum
733 1812 908 1862 suum,
932 1800 1083 1854 novit
1103 1808 1158 1854 et
1184 1799 1412 1869 paleam,
1438 1799 1588 1853 novit
1611 1806 1666 1852 et
1686 1805 1944 1868 segetem,
1971 1796 2120 1850 novit

2226 999 2365 1053 scat,
2395 990 2515 1059 quia
2542 991 2682 1059 quod
2712 991 2825 1045 vult
2853 1002 2909 1046 ut
2934 993 3074 1047 Deus
3105 994 3367 1063 ignoscat,
3401 996 3512 1066 ipse
3534 1000 3844 1068 agnoscit,

2225 1091 2280 1136 et
2313 1083 2460 1137 venit
2490 1084 2554 1136 ad
2587 1083 2758 1138 lucem
2792 1103 2805 1138 :
2839 1085 2924 1139 cui
2956 1087 3158 1155 gratias
3186 1089 3316 1157 agit,
3344 1091 3487 1158 quod
3537 1091 3610 1146 illi
3663 1094 3840 1162 quod

2225 1171 2366 1228 inse
2395 1173 2599 1228 odisset
2631 1176 2952 1239 ostenderit,
3000 1185 3055 1231 et
3098 1179 3229 1232 dicit
3259 1178 3368 1233 Deo
3421 1199 3434 1234 :
3476 1198 3494 1232 ι
3549 1183 3837 1248 Domine,

2223 1269 2408 1316 averte
2451 1259 2642 1317 faciem
2674 1272 2819 1318 tuam
2849 1281 2879 1319 a
2923 1268 3159 1336 peccatis
3200 1269 3335 1324 meis
3363 1269 3534 1339 (Paul.
3567 1273 3642 1343 ι).
3694 1293 3717 1325 ι
3761 1275 3840 1329 Ει

2222 1353 2345 1420 quia
2374 1353 2576 1408 frustra
2603 1354 2755 1419 dicit,
2786 1356 2888 1411 nisi
2919 1358 3292 1414 iterum-dicat
3322 1379 3334 1414 :
3371 1379 3389 1414 ι
3433 1362 3714 1429 Quoniam
3743 1365 3837 1419 fa-

2221 1443 2374 1499 cinus
2400 1459 2577 1499 meum
2608 1461 2707 1517 ego
2726 1461 2982 1518 agnosco,
3012 1459 3066 1503 et
3093 1460 3372 1520 peccatum
3397 1467 3577 1508 meum
3603 1465 3831 1510 contra

2219 1549 2307 1588 me
2340 1543 2424 1589 est
2453 1551 2665 1606 semper
2689 1535 2904 1607 (Ibid.),
2941 1558 2960 1591 ι
2987 1541 3058 1594 sit
3097 1551 3220 1596 ante
3260 1551 3335 1607 te,
3381 1544 3519 1613 quod
3569 1560 3682 1600 non
3737 1549 3831 1602 vis

2219 1639 2340 1681 esse
2386 1635 2511 1682 ante
2544 1629 2730 1683 Deum.
2764 1630 2820 1684 Si
2869 1640 3051 1686 autem
3078 1641 3200 1702 post
3228 1641 3280 1688 te
3304 1633 3498 1691 feceris
3519 1647 3826 1706 peccatum

2220 1722 2392 1778 tuum,
2425 1725 2700 1786 retorquet
2728 1718 2823 1773 tibi
2848 1719 2987 1774 Deus
3013 1721 3140 1776 illud
3167 1731 3294 1778 ante
3321 1725 3506 1780 oculos
3532 1737 3652 1782 tuos
3694 1747 3713 1781 :
3755 1737 3816 1783 et

2221 1811 2347 1859 tunc
2372 1814 2666 1878 retorquet,
2694 1809 2908 1878 quando
2930 1809 3044 1880 jam
3073 1813 3410 1882 pmnitentia:
3439 1814 3652 1872 fructus
3694 1818 3822 1872 nul-

539 1886 824 1942 zizaniam.
853 1889 972 1944 Jam
999 1889 1319 1958 dijudicatus
1344 1897 1428 1944 est
1451 1889 1542 1958 qui
1564 1905 1668 1943 non
1701 1887 1892 1942 credit.
1937 1888 2115 1954 Quare
2146 1879 2189 1938 Β
2218 1891 2300 1948 lus
2327 1894 2448 1950 erit.

534 1975 804 2045 judicatus
824 1981 949 2035 est?
981 2001 1000 2032 ι
1029 1981 1166 2048 Quia
1195 1996 1302 2035 non
1329 1981 1500 2036 credit
1526 1981 1581 2034 in
1613 1979 1830 2034 nomine
1855 1979 2113 2048 unigeniti

427 2049 432 2056 I
488 2124 490 2126 ,
541 2088 562 2121 ι
599 2069 716 2124 Filii
744 2070 985 2125 Dei.Hoc
1006 2080 1089 2125 est
1114 2079 1294 2124 autem
1317 2069 1601 2139 judicium,
1627 2071 1752 2138 quia
1777 2069 1869 2123 lux
1887 2070 2034 2124 venit
2062 2070 2114 2124 in

541 2181 561 2210 ‹
597 2161 888 2227 nnmdum,
934 2170 989 2216 et
1016 2162 1317 2218 dilexerunt
1358 2163 1604 2217 homines
1651 2161 1825 2232 magis
1865 2162 2116 2216 tenebras

539 2271 559 2298 ι
598 2265 758 2318 quam
785 2250 979 2306 lucem.
1006 2251 1173 2306 Erant
1193 2252 1334 2306 enim
1359 2268 1544 2308 eorum
1568 2251 1705 2306 mala
1727 2266 1912 2322 opera.
1938 2271 1956 2304 ι
1987 2250 2117 2306 Fra-

531 2353 648 2398 tres
671 2345 795 2408 mei,
827 2361 1054 2415 quorum
1075 2361 1237 2415 Opera
1265 2347 1402 2400 bona
1433 2346 1635 2400 invenit
1663 2345 1953 2400 Dominus?
1987 2343 2116 2399 Nul-

531 2434 729 2489 lorum.
754 2434 1005 2491 Omnium
1032 2439 1175 2491 enim
1204 2450 1367 2508 opera
1404 2437 1543 2491 mala
1585 2437 1809 2490 invenit.
1833 2437 2113 2503 Quomodo

529 2542 660 2597 ergo
687 2528 903 2596 quidam
933 2528 1178 2583 fecerunt
1201 2529 1483 2584 veritatem
1503 2568 1518 2593 ,
1559 2537 1614 2583 et
1644 2538 1903 2582 venerunt
1931 2528 1998 2582 ad
2025 2528 2110 2581 lu-

527 2619 686 2672 cem?
722 2617 834 2672 lloc
863 2619 1110 2688 sequitur
1141 2635 1156 2673 :

606 2728 625 2760 ι
670 2702 770 2776 Qui
816 2720 992 2764 autem
1024 2711 1154 2766 facit
1179 2711 1461 2766 veritatem
1498 2713 1649 2766 venit
1677 2711 1744 2764 ad
1801 2711 1998 2773 lucem,
2053 2719 2112 2764 ut

530 2802 948 2858 manil‘cstcntur
973 2818 1134 2872 opera
1165 2802 1302 2871 ejus,
1333 2804 1460 2872 quia
1491 2803 1545 2858 in
1575 2803 1685 2856 Deo
1715 2810 1842 2857 sunt
1869 2801 2032 2855 facta.
2086 2821 2104 2852 ι

531 2895 812 2961 Quomodo
835 2911 962 2966 ergo
987 2897 1203 2965 quidam
1231 2897 1430 2951 bonum
1457 2913 1591 2966 opus
1629 2897 1893 2961 fecerunt,
1929 2909 1988 2950 ut
2015 2914 2106 2951 ve-

533 2985 713 3038 nirent
743 2985 810 3038 ad
857 2985 1050 3050 lucem,
1081 2986 1132 3039 id
1161 2995 1244 3039 est
1274 2987 1343 3040 ad
1387 2986 1698 3041 Christum?
1730 2985 1799 3040 Et
1836 2987 2108 3055 quomodo

530 3074 750 3143 quidam
780 3076 1084 3129 dilexerunt
1114 3077 1396 3130 tenebras?
1427 3075 1486 3130 Si
1511 3077 1656 3130 enim
1684 3092 1874 3132 omnes
1917 3093 2108 3148 pecca-

525 3175 675 3220 tores
701 3166 926 3232 invenit,
953 3175 1009 3222 et
1034 3183 1222 3223 omnes
1254 3183 1283 3222 a
1311 3177 1534 3238 peccato
1569 3178 1726 3223 sanat
1763 3187 1775 3223 :
1806 3178 1860 3223 et
1883 3184 2106 3240 serpens

2784 2029 3064 2087 HOMILIA
3105 2033 3212 2089 Cll.

2595 2158 2747 2196 FEBIA
2791 2159 2990 2199 TERTIA
3027 2161 3419 2201 PENTECOSTES.

2289 2252 2463 2322 (iam.
2498 2253 2578 2323 κ.)
2614 2272 2633 2304 ι
2676 2255 2730 2308 1η
2764 2254 2854 2310 illo
2886 2263 3127 2326 tempore
3153 2235 3289 2312 dixit
3321 2255 3478 2312 Jesus
3521 2257 3809 2328 discipulis

2223 2363 2239 2393 ι
2279 2343 2392 2396 suis
2422 2361 2434 2396 :
2461 2342 2653 2408 Amen,
2683 2359 2841 2400 amen
2871 2345 2988 2400 dico
3019 2346 3189 2411 vobis,
3229 2347 3323 2416 qui
3353 2361 3460 2401 non
3507 2347 3676 2402 intrat
3701 2365 3805 2418 per

2223 2453 2240 2484 ι
2279 2436 2476 2490 ostium
2511 2436 2564 2490 in
2612 2436 2752 2490 ovile
2776 2438 2976 2503 ovium,
3017 2439 3111 2492 sed
3147 2439 3396 2492 ascendit
3424 2439 3662 2504 aliunde,
3715 2441 3806 2495 ille

2221 2542 2239 2574 ι
2279 2524 2366 2578 fur
2398 2534 2483 2580 est
2509 2533 2564 2580 et
2608 2525 2764 2580 latro.
2804 2547 2822 2578 ι
2860 2527 2925 2580 Ει
2967 2527 3195 2596 reliqua.
3240 2527 3469 2598 Propter
3498 2529 3806 2584 Pharisae-

2216 2631 2332 2669 rum
2359 2615 2450 2686 qui
2482 2632 2540 2670 se
2564 2617 2745 2671 videre
2767 2616 3067 2684 iactabant,
3115 2635 3239 2674 cum
3265 2621 3395 2675 czeci
3428 2629 3606 2686 erant,
3635 2635 3806 2676 vene-

2211 2716 2396 2762 natam
2421 2719 2475 2761 et
2503 2707 2787 2777 superbam
2813 2717 2867 2764 et
2892 2709 3245 2764 insanabilem
3288 2712 3658 2782 arrogantiam
3685 2712 3800 2767 Do.

2212 2800 2390 2853 minus
2425 2797 2581 2853 Jesus
2608 2800 2708 2853 ista
2734 2801 3029 2866 contexuit,
3068 2818 3190 2871 quae
3224 2803 3278 2856 in
3310 2803 3415 2857 hac
3439 2802 3692 2872 parabola
3728 2810 3802 2857 le-

2211 2899 2429 2960 guntur,
2465 2907 2639 2960 quam,
2660 2893 2774 2961 ipse
2804 2891 2910 2946 illis
2940 2893 3491 2964 nonintelligentibus
3519 2908 3800 2965 exponere

2210 2983 2461 3052 dignatus
2488 2992 2592 3046 est,
2625 2983 2678 3037 in
2711 2999 2816 3052 qua
2849 2999 2945 3038 nos
2995 2984 3309 3048 salubriter,
3345 2986 3390 3039 si
3420 2987 3797 3048 advertamus,

2211 3075 2613 3141 adtnonuitnon
2639 3077 2857 3145 gloriari
2902 3076 2954 3130 in
3002 3077 3266 3146 sapientia
3311 3077 3571 3141 humana,
3606 3092 3710 3130 non
3740 3077 3799 3131 in

2212 3179 2423 3216 morum
2459 3164 2734 3234 dignitate,
2768 3165 2860 3220 sed
2890 3165 2942 3218 in
2973 3165 3276 3220 humilitate
3323 3164 3447 3220 fidei
3486 3165 3795 3229 catholicae,

526 3254 638 3322 ille,
671 3256 723 3309 in
753 3271 860 3325 quo
885 3255 1111 3328 figurata
1141 3269 1228 3312 est
1256 3235 1404 3313 mors
1426 3258 1657 3323 Domini,
1690 3274 1784 3314 eos
1821 3235 1990 3314 sanat
2012 3262 2102 3329 qui
2133 3235 2177 3297 (ἶ
2210 3270 2328 3323 qua:
2357 3255 2408 3308 in
2438 3253 2711 3308 Christum
2742 3271 2848 3310 non
2881 3256 3039 3310 desit.
3067 3255 3215 3309 Multi
3242 3255 3387 3310 enim
3422 3264 3551 3310 sunt
3573 3256 3792 3325 pagani,

522 3347 692 3402 morsi
718 3346 1136 3416 fuerant(Num.
1155 3351 1271 3422 nt)
1293 3367 1306 3403 :
1328 3358 1615 3420 etpropter
1641 3366 1854 3405 morsus
1883 3367 2105 3420 serpen—

525 3438 598 3492 tis
630 3448 845 3494 erectus
870 3448 951 3494 est
981 3455 1224 3509 serpens,
1279 3442 1330 3496 id
1375 3449 1480 3506 est,
1522 3457 1666 3496 mors
1719 3440 1931 3495 Domini
1976 3459 2104 3513 pro-

523 3536 648 3595 pter
675 3531 928 3585 mortales
955 3531 1222 3595 homines,
1265 3547 1400 3601 quos
1446 3533 1651 3610 invenit
1684 3532 1932 3601 injustas,
1968 3547 2101 3602 quo-

523 3617 686 3671 modo
717 3619 1032 3690 intelligitur
1065 3640 1076 3673 :
1115 3639 1134 3671 ι
1172 3621 1283 3675 Hoc
1312 3631 1396 3676 est
1416 3622 1701 3691 judicium,
1730 3623 1986 3690 quoniam
2012 3623 2102 3677 lux

524 3709 674 3761 venit
713 3710 764 3762 in
795 3711 1078 3774 mundum,
1106 3721 1161 3764 et
1188 3711 1491 3765 dilexerunt
1519 3711 1766 3765 homines
1806 3712 1980 3782 magis
2028 3722 2104 3765 te-

523 3799 724 3852 nebras
753 3815 914 3866 quam
945 3800 1139 3853 lucent.
1183 3801 1349 3854 Erant
1375 3801 1518 3854 enim
1551 3816 1740 3854 eorum
1772 3801 1910 3854 mala
1939 3817 2102 3872 opera

527 3888 710 3956 (Joun.
759 3891 862 3955 ιιι).
927 3909 945 3939 ι
991 3889 1130 3955 Quid
1176 3899 1258 3944 est
1309 3892 1446 3944 hoc?
1474 3890 1710 3956 Quorum
1755 3893 1897 3946 enim
1946 3906 2103 3950 erant

525 3995 690 4048 opera
715 3980 896 4033 bona?
925 3980 1110 4034 Nonne
1138 3981 1329 4035 venisti
1360 3991 1420 4034 ut
1446 3981 1710 4052 justifices
1739 3984 1968 4054 impios?
1993 3985 2100 4040 Sed

528 4071 906 4136 (dilexerunt,
934 4072 1123 4142 inquit.
1153 4074 1321 4142 magis
1347 4077 1598 4130 tenebras
1635 4092 1797 4146 quam
1838 4077 2034 4132 lucem.
2073 4099 2092 4131 ι

521 4161 598 4214 lbi
627 4161 805 4230 posuit
833 4161 962 4218 vim.
1009 4163 1158 4216 multi
1205 4164 1346 4218 enim
1380 4165 1680 4220 dilexerunt
1721 4177 1943 4237 peccata
1978 4185 2096 4235 sua,

520 4253 676 4306 multi
705 4252 936 4308 confessi
968 4263 1094 4306 sunt
1121 4265 1338 4322 peccata
1367 4272 1461 4311 sua
1492 4275 1504 4310 :
1535 4259 1658 4327 quia
1689 4260 1779 4328 qui
1811 4262 2099 4317 confitetur

518 4356 742 4415 peccata
787 4365 884 4402 sua
931 4357 984 4402 et
1019 4359 1240 4405 accusat
1282 4360 1502 4420 peccata
1559 4352 1808 4419 sua,jam
1837 4369 1957 4408 cum
1987 4353 2098 4409 Deo

519 4438 670 4494 facit.
703 4441 935 4496 Accusat
965 4442 1106 4497 Deus
1136 4454 1357 4512 peccata
1389 4452 1501 4507 tua,
1527 4454 1580 4499 et
1617 4455 1670 4498 tu
1699 4461 1820 4500 cum
1850 4463 2091 4513 accuses,

518 4531 864 4600 conjungeris
894 4532 1024 4586 Deo.
1072 4533 1234 4599 Quasi
1285 4536 1402 4590 duae
1446 4551 1532 4589 res
1563 4547 1707 4601 sunt,
1737 4548 1792 4592 et
1839 4539 2000 4593 homo
2042 4547 2096 4593 et

516 4633 792 4688 peccator.
820 4621 973 4688 Quod
1003 4624 1158 4677 audis
1191 4625 1370 4688 homo,
1400 4627 1537 4680 Deus
1569 4626 1693 4680 fecit
1724 4645 1735 4679 :
1773 4629 1916 4696 quod
1941 4629 2096 4684 audis

515 4722 792 4781 peccator,
823 4715 936 4782 ipse
963 4715 1126 4768 homo
1156 4715 1300 4770 fecit.
1337 4717 1459 4770 Dele
1479 4721 1619 4786 quod
1653 4720 1845 4784 fecisti,
1874 4729 1934 4773 ut
1954 4720 2096 4775 Deus

516 4804 689 4858 salvet
717 4806 858 4874 quod
890 4806 1035 4859 fecit.
1067 4809 1292 4876 Oportet
1317 4817 1373 4861 ut
1397 4810 1575 4862 oderis
1602 4826 1736 4878 opus
1762 4821 1909 4864 tuum
1941 4812 1992 4864 in
2019 4821 2090 4873 te,

516 4903 573 4947 et
602 4910 751 4949 ames
783 4896 836 4948 in
875 4904 927 4950 te
953 4912 1087 4966 opus
1137 4897 1251 4951 Dei.
1301 4898 1432 4952 Cum
1479 4909 1659 4953 autem
1715 4902 1943 4969 cmperit
1994 4901 2087 4955 tibi

515 4984 800 5055 displicere
847 4989 986 5055 quod
1038 4988 1233 5055 fecisti,
1285 4989 1407 5044 inde
1452 4991 1711 5059 incipiunt
1756 4991 1893 5044 bona
1925 5007 2086 5059 opera

517 5085 633 5138 tua,
662 5077 786 5145 quia
811 5093 1036 5133 accusas
1064 5080 1201 5133 mala
1231 5097 1393 5150 opera
1435 5090 1542 5134 tua.
1569 5082 1778 5134 Initium
1823 5081 2084 5133 bonorum

515 5183 738 5238 operum
770 5179 979 5225 tuorum
1009 5172 1276 5227 confessio
1298 5182 1382 5228 est
1423 5187 1644 5243 operum
1672 5172 1950 5226 malorum.
1987 5171 2086 5225 Fa—

516 5259 597 5312 cis
646 5259 947 5325 vcritatetn,
991 5271 1044 5316 et
1093 5262 1244 5316 venis
1275 5262 1341 5314 ad
1369 5261 1561 5315 lucem.
1597 5260 1733 5325 Quid
1783 5268 1863 5314 cst
1911 5259 2088 5313 facere

516 5350 838 5405 veritatem?
885 5353 1008 5406 Non
1037 5363 1090 5407 te
1117 5353 1320 5422 palpes,
1353 5367 1457 5405 non
1491 5351 1584 5406 tibi
1617 5351 1930 5413 blandiaris,
1981 5368 2085 5406 non

514 5440 610 5496 tibi
637 5442 889 5506 aduleris,
918 5458 1022 5496 non
1047 5444 1224 5497 dicas:
1249 5440 1427 5508 justus
1452 5457 1590 5506 sum,
1609 5456 1729 5496 cum
1751 5443 1825 5495 sis
1848 5443 2081 5513 iniquus,

513 5533 786 5602 et'incipis
823 5532 1002 5586 facere
1048 5533 1352 5586 veritatem.
1385 5533 1546 5586 Venis
1577 5542 1755 5587 autem
1791 5537 1857 5588 ad
1887 5533 2081 5596 lucent,

514 5631 574 5676 ut
602 5623 1016 5678 manifestentnr
1043 5636 1208 5690 opera
1233 5632 1344 5682 tua,
1373 5624 1496 5692 quia
1528 5625 1580 5678 in
1626 5625 1734 5679 Deo
1761 5635 1886 5680 sunt
1919 5627 2080 5681 facta.

512 5712 650 5776 Quia
700 5723 753 5767 et
800 5714 902 5767 hoc
953 5713 1126 5782 ipsum
1175 5715 1316 5782 quod
1355 5714 1446 5768 tibi
1498 5715 1768 5786 displicuit
1803 5726 2080 5786 peccatum

517 5815 684 5872 tuum,
713 5824 816 5862 non
845 5808 940 5862 tibi
971 5809 1292 5880 displiceret,
1328 5794 1427 5865 nisi
1461 5811 1598 5866 Deus
1635 5810 1728 5865 tibi
1764 5809 1986 5873 luceret,
2029 5819 2081 5864 ct

2127 4581 2175 4640 D

2208 3349 2298 3417 qui
2342 3349 2634 3402 secundum
2683 3349 2974 3416 quamdam
3000 3349 3122 3403 vitae
3147 3349 3306 3418 hujus
3337 3350 3792 3405 consuetudinem

2207 3439 2462 3491 dicuntur
2508 3438 2635 3492 honi
2677 3439 2946 3504 homines,
2978 3439 3297 3494 innocentes
3333 3449 3388 3494 et
3421 3440 3576 3506 quasi
3601 3442 3796 3494 obser-

2209 3540 2396 3586 vantes
2424 3547 2484 3587 ea
2513 3547 2632 3602 qum
2662 3533 2714 3586 in
2747 3533 2861 3604 lege
2889 3543 3158 3604 prmcepta
3185 3543 3332 3600 sunt,
3363 3533 3670 3589 deferentes
3702 3535 3798 3590 lto-

2205 3637 2392 3676 norem
2421 3623 2734 3691 parentibus
2755 3624 2886 3688 suis,
2911 3641 3016 3679 non
3042 3626 3400 3688 mtechantes,
3425 3640 3533 3679 non
3559 3625 3794 3679 homici-

2205 3715 2351 3767 dium
2376 3723 2768 3784 pcrpetrantes,
2794 3731 2899 3770 non
2928 3715 3129 3770 furtum
3155 3715 3435 3780 facientes,
3463 3731 3570 3770 non
3594 3715 3788 3770 falsum

2201 3803 2462 3858 adversus
2493 3819 2817 3874 quemquam
2851 3806 3216 3862 testimonium
3266 3806 3635 3876 perhibentes.
3681 3821 3788 3860 non

2201 3898 2645 3966 concupiscentes
2667 3898 2881 3952 domum
2909 3899 3138 3968 proximi
3161 3899 3265 3963 sui,
3291 3913 3396 3952 non
3421 3898 3789 3953 desiderantes

2200 3995 2292 4040 aut
2307 4002 2528 4042 uxorem
2545 3996 2638 4041 aut
2652 4003 2864 4043 servum
2877 3998 2970 4044 aut
2983 3989 3230 4044 ancillam
3243 3989 3504 4059 proximi,
3520 3998 3577 4042 et
3591 3998 3787 4043 cetera

2203 4078 2325 4132 talia
2347 4094 2466 4146 qum
2489 4079 2542 4132 in
2563 4078 2679 4148 lege
2694 4080 2941 4134 mandata
2957 4088 3103 4143 sunt,
3120 4079 3566 4134 velutobservant
3591 4078 3782 4134 Chris-

2201 4167 2352 4231 tiani,
2375 4175 2431 4219 ct
2451 4166 2746 4221 Christiani
2772 4183 2876 4222 non
2898 4177 3046 4229 sunt,
3069 4179 3122 4221 et
3146 4167 3461 4237 plerumque
3481 4183 3542 4221 se
3555 4165 3783 4234 jactant,

2196 4257 2464 4325 quomodo
2481 4257 2569 4311 isti
2582 4255 2858 4318 Pharisaei.
2878 4257 3145 4313 dicentes:
3168 4278 3185 4309 ι
3205 4257 3454 4327 Nunquid
3466 4267 3520 4312 et
3544 4273 3642 4311 nos
3655 4257 3783 4312 αωοί

2199 4362 2386 4401 sumus
2412 4346 2595 4418 (Joan.
2627 4349 2742 4414 ut)?
2767 4367 2786 4401 ι
2810 4347 2915 4404 Sed
2941 4351 3056 4405 htec
3082 4350 3260 4404 omnia
3291 4351 3526 4405 inaniter
3555 4349 3776 4410 faciunt,

2198 4441 2322 4508 quia
2351 4455 2458 4493 non
2489 4440 2692 4494 intrant
2720 4455 2817 4508 per
2844 4441 3066 4506 ostium,
3103 4441 3200 4495 sed
3227 4442 3443 4496 aliunde
3477 4442 3670 4496 tumidi
3700 4441 3779 4495 fa-

2202 4539 2310 4595 stu,
2342 4531 2495 4598 qnasi
2522 4546 2620 4597 per
2655 4531 2861 4601 seipsos
2897 4533 3190 4588 ascendere
3233 4542 3500 4602 quaerunt.
3532 4534 3780 4604 Quapro-

2201 4631 2322 4690 pter
2345 4621 2600 4675 Dominus
2631 4621 3036 4676 similitudinem
3067 4623 3345 4692 proposuit
3374 4623 3442 4677 de
3469 4637 3631 4693 grege
3661 4638 3776 4686 suo,

2197 4720 2253 4766 et
2298 4710 2364 4765 de
2417 4711 2557 4765 ostio
2598 4726 2706 4779 quo
2761 4711 3092 4780 ingrediatur
3141 4711 3206 4765 ad
3251 4711 3409 4765 ovile.
3451 4711 3591 4778 Quid
3635 4713 3778 4766 enim

2195 4804 2415 4873 prodest
2459 4817 2597 4855 vana
2639 4801 2958 4869 jactantium
2999 4804 3065 4857 de
3111 4805 3246 4858 bene
3291 4803 3518 4858 vivendo
3554 4803 3776 4868 inflatio,

2196 4892 2321 4946 dum
2350 4891 2415 4944 ad
2444 4891 2600 4943 finem
2626 4891 3005 4960 perpetualiter
3033 4891 3168 4944 bene
3192 4891 3400 4944 vivendi
3438 4891 3549 4945 vita
3591 4906 3774 4944 eorum

2197 4997 2300 5036 non
2341 4982 2647 5051 perveniat?
2687 4981 2768 5035 Ad
2811 4983 2912 5037 hoc
2954 4982 3099 5036 enim
3141 4982 3297 5035 debet
3334 4981 3624 5050 unicuique
3650 4997 3772 5050 pro-

2195 5075 2347 5128 desse
2369 5073 2503 5128 bene
2530 5074 2730 5138 vivere,
2763 5085 2822 5128 ut
2860 5075 3017 5129 detur
3046 5074 3120 5128 illi
3158 5089 3370 5143 semper
3401 5074 3535 5128 bene
3573 5075 3772 5127 vivere.

2197 5165 2328 5219 Nam
2375 5167 2418 5220 si
2471 5167 2556 5220 cui
2600 5181 2705 5222 non
2766 5167 2926 5221 datur
2982 5180 3195 5235 semper
3220 5165 3358 5220 bene
3408 5164 3612 5228 vivere,
3648 5163 3773 5233 quid

2197 5257 2414 5326 prodest
2443 5257 2491 5312 ei
2527 5259 2661 5312 bene
2687 5257 2869 5312 vivere
2892 5259 2958 5310 ad
2989 5255 3234 5326 tempus?
3279 5253 3448 5324 Igitur
3503 5269 3604 5308 nec
3637 5252 3771 5307 bene

2195 5349 2374 5403 vivere
2411 5348 2621 5403 dicendi
2651 5356 2798 5411 sunt,
2827 5348 2916 5418 qui
2952 5347 3116 5401 linem
3145 5345 3357 5400 vivendi
3401 5344 3484 5398 vel
3527 5343 3769 5398 czecitate

2194 5437 2458 5502 nesciunt,
2486 5437 2569 5492 vel
2600 5435 2875 5491 inflatione
2919 5442 3291 5492 contemnunt.
3322 5433 3438 5488 Non
3465 5443 3551 5488 est
3589 5441 3764 5486 autem

2191 5528 2444 5596 cuiquam
2477 5542 2601 5596 spcs
2632 5541 2757 5581 vera
2808 5525 2892 5581 vel
2929 5534 3078 5579 certa
3123 5539 3338 5591 semper
3382 5523 3620 5585 vivendi,
3662 5521 3764 5577 nisi

2191 5627 2447 5688 agnoscat
2476 5620 2636 5672 vitam
2667 5634 2786 5688 quae
2809 5628 2893 5674 est
2921 5618 3188 5681 Christus,
3215 5627 3273 5672 et
3309 5632 3408 5686 per
3438 5616 3653 5685 januam
3683 5615 3765 5668 in-

2190 5721 2294 5766 tret
2344 5713 2396 5765 in
2443 5711 2602 5765 ovile.
2653 5711 2791 5766 Sunt
2833 5712 2976 5766 enim
3026 5711 3245 5780 quidam
3293 5709 3538 5764 homines
3564 5707 3651 5776 qui
3709 5707 3761 5758 in

2189 5805 2301 5861 suis
2333 5803 2628 5875 gloriantur
2651 5803 2979 5869 moribus,et
3011 5803 3145 5858 alios
3165 5809 3286 5873 post
3311 5817 3368 5858 sc
3398 5802 3762 5868 trahercqtltc-
