4014 6354
160 365 304 423 565

1431 353 1735 415 HOMlLlIE
1777 353 1865 408 DE
1902 351 2243 411 TEMPORE.

3329 349 3459 409 596'

172 491 343 547 runt,
378 493 489 535 non
508 476 572 535 de
586 474 787 532 Christi
800 473 1080 546 pmceptis
1101 472 1426 529 instruentes
1447 487 1573 529 suos
1591 480 1761 527 secta-
1787 471 1837 531 Α
1864 468 2116 525 Nominat
2163 470 2383 531 ostium.
2434 470 2676 526 nominat
2726 469 2900 535 ovile,
2975 466 3220 524 nominat
3284 482 3455 529 oves,

174 583 363 636 tores,
387 568 479 625 sed
495 567 608 623 suis
627 565 887 637 exemplis
899 565 1079 619 vivere
1098 578 1193 620 eos
1222 563 1527 619 suadentes.
1551 563 1626 617 De
1645 561 1765 630 qui.

168 664 297 718 bus
316 660 420 715 alio
440 658 560 713 loco
605 658 719 727 ipsa
749 654 962 711 Veritas
987 657 1063 710 ait
1094 672 1107 707 :
1144 673 1164 707 ι
1194 654 1457 710 Docentes
1493 651 1765 708 doctrinas

173 749 565 811 hominum,et
579 747 828 801 mandata
851 742 945 800 Dei
969 742 1581 812 conternnentes(Mara.
1608 741 1760 813 vn)”

176 840 261 896 Hi
297 854 397 910 per
440 838 602 892 aliam
639 844 847 907 partem
872 834 1165 890 ascendere
1190 840 1459 902 quaerunt,
1488 845 1681 901 rapere
1711 839 1771 886 et

148 911 466 994 occidere,
490 944 594 984 non
614 936 676 983 ut
701 934 886 998 pastor
911 926 1118 982 salvare
1140 934 1301 996 atque
1319 940 1662 981 conservare.
1693 925 1768 980 De

177 1021 394 1078 talibus
412 1020 501 1077 hic
522 1019 722 1075 dictum
745 1027 827 1073 est
853 1034 867 1072 :
890 1036 908 1069 ‹
931 1016 1037 1073 Sed
1050 1016 1293 1073 ascendit
1314 1015 1546 1081 aliunde,
1574 1014 1661 1070 ille
1683 1013 1769 1069 fur

174 1120 280 1168 est
306 1120 362 1167 et
387 1111 543 1165 latro.
584 1129 602 1163 ι
637 1108 754 1163 Non
780 1107 952 1163 solum
974 1121 1104 1163 vero
1127 1105 1263 1162 tales
1295 1105 1646 1163 inveniuntur
1668 1104 1766 1160 do-

169 1213 376 1259 ctores
402 1202 545 1257 inter
575 1215 671 1256 eos
713 1199 806 1269 qui
831 1198 949 1256 sine
976 1197 1192 1253 nomine
1219 1196 1419 1253 Christi
1450 1203 1594 1261 sunt,
1630 1195 1770 1250 sicut

172 1293 351 1349 multi
394 1291 856 1363 philosophorum,
892 1288 986 1360 qui
1035 1303 1188 1344 suam
1232 1287 1549 1357 sapientiam
1586 1286 1770 1343 buccis

174 1384 544 1455 crepantibus
576 1381 934 1447 ventilabam,
955 1387 1011 1436 et
1037 1380 1200 1435 vitam
1224 1381 1437 1435 beatam
1463 1379 1575 1435 suis
1596 1387 1771 1434 secta-

177 1480 406 1536 toribus
429 1477 792 1549 promiserunt
819 1494 833 1530 :
864 1491 1054 1532 verum
1079 1475 1241 1531 etiam
1264 1471 1480 1544 plurimi
1496 1470 1585 1542 qui
1609 1468 1767 1525 Chri-

178 1571 381 1626 stiano
426 1568 646 1625 nomine
685 1568 1066 1632 censebantur,
1117 1574 1174 1622 et
1199 1565 1530 1621 illuminatos
1554 1577 1583 1617 a
1610 1559 1768 1616 Chri-

176 1668 280 1716 sto
307 1675 369 1716 se
396 1672 516 1715 esse
556 1642 851 1726 iactabant,
907 1656 1170 1727 tingentes
1213 1654 1316 1710 sibi
1364 1667 1500 1708 nova
1541 1664 1769 1721 qumque

178 1751 415 1807 nomina
443 1750 510 1806 de
535 1747 777 1814 Christo,
796 1756 850 1804 et
876 1746 999 1803 ﬁdei
1020 1745 1297 1803 catholicae
1315 1742 1607 1807 contraria,
1632 1742 1772 1796 sicut

1865 561 2202 616 commendat
2232 562 2367 627 haec,
2392 562 2485 617 sed
2498 565 2734 618 nondum
2758 562 2997 634 exponit.
3024 562 3286 632 Legamus
3310 575 3451 634 erat?

1865 648 1988 718 quia
2019 659 2276 705 venturus
2298 658 2382 705 est
2408 650 2475 704 ad
2506 666 2568 705 ea
2599 653 2783 717 verba,
2818 652 2871 707 in
2899 650 3097 721 quibus
3125 666 3222 706 nos
3257 650 3437 722 aliqua

1866 755 1986 810 qua:
2007 741 2142 796 dixit
2164 741 2414 812 dignetur
2434 756 2725 812 exponere,
2757 756 2824 797 ex
2851 756 3082 814 quorum
3104 742 3438 813 expositione

1867 828 2016 885 dabit
2071 830 2225 884 nobis
2281 829 2512 885 fortasse
2565 830 2728 885 etiam
2780 830 2890 895 illa,
2951 845 3071 900 qua:
3120 845 3226 888 non
3275 845 3442 902 expo-

1866 921 1993 988 suit,
2019 922 2334 993 intelligere.
2354 920 2540 977 Pascit
2569 920 2714 977 enim
2736 919 3062 987 manifestis,
3096 930 3317 978 exercet
3344 921 3443 977 ob-

1866 1013 2069 1069 scuris.
2086 1012 2378 1067 Audiamus
2402 1019 2778 1083 exponentem,
2795 1026 2955 1081 quem
2985 1012 3292 1068 audivimus
3314 1027 3434 1083 pro-

1866 1108 2178 1171 ponentem.
2210 1100 2351 1156 Dicit
2375 1115 2502 1172 ergo
2526 1100 2607 1155 eis
2632 1098 2790 1155 Iesus
2821 1119 2834 1154 :

1944 1210 1964 1244 ι
1998 1192 2188 1255 Amen,
2236 1205 2392 1246 amen
2416 1191 2536 1246 dico
2582 1189 2757 1256 vobis,
2786 1190 2911 1261 quia
2954 1204 3055 1261 ego
3084 1207 3203 1248 sum
3241 1194 3452 1249 ostium

1874 1298 1893 1333 ι
1926 1280 2129 1337 ovium.
2149 1298 2170 1333 ι
2198 1280 2341 1337 Ecce
2365 1280 2540 1350 ipsum
2561 1280 2780 1344 ostium,
2808 1278 2951 1349 quod
2973 1280 3213 1336 clausum
3241 1297 3438 1353 posue-

1868 1381 1972 1440 rat,
1997 1372 2224 1445 aperuit.
2261 1372 2377 1443 Ipse
2401 1381 2487 1428 est
2509 1371 2728 1428 ostium.
2757 1370 3114 1442 Agnovimus,
3156 1372 3468 1436 intremus“

1868 1475 1931 1522 ut
1959 1481 2058 1521 nos
2081 1465 2310 1521 intrasse
2340 1464 2685 1536 gaudeamus.

1941 1577 1962 1611 ι
1997 1558 2196 1614 Omnes
2222 1565 2483 1628 quotquot
2522 1566 2805 1622 venerunt,
2834 1556 2981 1614 fures
3015 1564 3142 1612 sunt
3168 1566 3225 1612 et
3270 1554 3471 1612 latro—-

1875 1665 1896 1700 ι
1929 1661 2044 1702 nes.
2081 1665 2099 1698 ›
2146 1645 2284 1713 Quid
2331 1654 2415 1701 est
2466 1646 2588 1715 hoc,
2632 1644 2881 1712 Domine,
2910 1664 2930 1697 ι
2965 1660 3158 1701 omnes
3182 1652 3475 1717 quotquoL

1871 1738 2172 1794 venerunt?
2204 1756 2222 1791 ι
2256 1736 2395 1804 Quid
2442 1736 2628 1792 enim?
2674 1745 2867 1792 tunon
2898 1737 3133 1792 venisti?
3157 1736 3261 1792 Sed
3292 1737 3446 1792 inteb

177 1839 618 1896 innumerabiles
638 1838 877 1895 haeretici
904 1835 1192 1903 faciebant,
1209 1834 1539 1892 aestimantes
1557 1849 1617 1889 se
1633 1831 1769 1888 falso
1798 1816 1844 1879 Β
1872 1829 1997 1900 lige,
2048 1843 2239 1885 omnes
2273 1835 2537 1898 quotquot
2568 1836 2853 1894 venerunt,
2882 1829 3037 1893 dixit,
3072 1827 3259 1898 utique
3306 1843 3455 1897 praua»

178 1929 418 1986 nomine
444 1944 543 1999 per
560 1929 803 1999 januam,
846 1942 966 1998 quae
994 1925 1242 1981 Christus
1270 1934 1371 1989 est,
1416 1924 1642 1979 intrare.
1677 1921 1778 1977 Sa-

178 2019 394 2074 bellius
410 2018 540 2073 dicit
568 2035 582 2070 :
614 2016 715 2084 Qui
748 2017 916 2072 Filius
958 2026 1061 2081 est,
1088 2016 1199 2083 ipse
1223 2023 1305 2071 est
1338 2015 1538 2079 Pater;
1566 2014 1657 2069 sed
1687 2011 1776 2067 Fi-

180 2108 302 2164 lius
329 2122 433 2162 non
465 2114 551 2163 est
587 2098 781 2162 Pater.
814 2105 933 2161 Non
979 2105 1144 2161 intrat
1192 2119 1288 2175 per
1337 2103 1535 2158 ostium
1564 2102 1655 2172 qui
1681 2101 1773 2157 Fi-

180 2200 331 2256 lium
383 2202 515 2255 dicit
560 2201 797 2255 Patrem.
846 2200 1008 2254 Arius
1046 2198 1211 2253 dicit:
1266 2195 1424 2250 Aliud
1476 2203 1561 2250 est
1596 2194 1773 2257 Pater,

176 2289 346 2349 aliud
359 2288 545 2343 Filius.
570 2288 737 2343 Recte
750 2288 976 2353 diceret,
996 2287 1042 2342 si
1067 2287 1290 2350 diceret,
1315 2285 1466 2347 alius,
1485 2299 1589 2339 non
1610 2283 1775 2339 aliud.

179 2379 430 2446 Quando
458 2379 601 2434 enim
622 2379 752 2434 dicit
779 2378 943 2444 aliud,
966 2379 1013 2432 ei
1043 2377 1362 2433 contradicit
1404 2391 1433 2430 a
1462 2390 1567 2445 quo
1589 2374 1772 2429 audit:

182 2473 209 2522 ἦ
240 2470 361 2540 Ego
373 2480 423 2524 et
443 2469 599 2524 Pater
617 2486 782 2525 unum
806 2486 991 2526 sumus
1010 2470 1189 2542 (Joan.
1209 2467 1342 2539 xix).
1367 2487 1385 2520 ι
1402 2467 1635 2537 Necipse
1650 2481 1779 2538 ergo

185 2563 367 2616 intrat
400 2577 495 2630 per
523 2562 740 2616 ostium.
773 2561 1035 2617 Pnadicat
1071 2577 1200 2632 ergo
1225 2560 1521 2625 Christum,
1561 2548 1775 2629 qualem

186 2651 304 2707 sibi
339 2650 510 2720 fingit,
554 2642 659 2705 non
689 2650 901 2719 qualem
934 2651 1136 2704 veritas
1177 2649 1374 2714 habet..
1405 2647 1666 2704 Photinus
1698 2647 1779 2702 di-

188 2742 270 2796 cit
308 2758 324 2795 :
362 2739 609 2796 Christus
642 2740 803 2797 homo
829 2749 911 2797 est
941 2748 1163 2804 tantum,
1193 2755 1299 2797 non
1326 2740 1487 2795 Deus.
1521 2739 1631 2795 Nec
1666 2740 1779 2810 ipse

189 2847 336 2903 ergo
383 2831 548 2886 intrat
593 2846 691 2901 per
735 2830 958 2895 ostium,
1006 2831 1131 2901 quia
1175 2830 1423 2885 Christus
1461 2836 1515 2884 et
1540 2829 1701 2883 homo
1725 2836 1781 2883 et

195 2922 348 2977 Deus
375 2929 475 2976 est.
501 2919 636 2975 Huic
659 2919 802 2975 enim
832 2934 968 2974 nova
1000 2919 1240 2984 haeresis,
1262 2933 1381 2988 quae
1411 2916 1613 2972 nostris
1638 2925 1777 2971 tem-

195 3012 427 3083 poribus
488 3020 604 3064 orta
654 3018 736 3065 est
782 3010 1087 3065 consentire
1144 3010 1354 3064 videtur
1382 3050 1398 3070 ,
1463 3006 1779 3062 allirmando

200 3111 264 3157 et
300 3100 639 3171 prtedicando
690 3118 702 3154 :
743 3099 1009 3166 Christus,
1064 3099 1203 3154 sicut
1254 3099 1480 3169 quilibet
1531 3113 1777 3161 suorum,

206 3190 605 3262 nuncupativus
624 3189 767 3245 Deus
788 3198 889 3253 est.
923 3199 977 3245 et
1004 3205 1110 3245 non
1139 3204 1319 3244 verus.
1365 3187 1501 3256 Quid
1532 3203 1668 3258 opus
1697 3172 1850 3255 estf-

212 3281 379 3336 multa
409 3297 742 3351 percurrere,
778 3290 834 3336 et
879 3282 1045 3336 multa
1093 3295 1227 3334 vana
1274 3279 1498 3334 haeresis
1535 3279 1779 3333 dinume-

216 3372 378 3426 rare?
406 3370 510 3427 Hoc
558 3381 737 3427 tenete
783 3371 925 3426 ovile
970 3370 1195 3435 Christi,
1222 3368 1520 3425 Ecclesiam
1549 3367 1777 3423 catholi-

213 3476 334 3517 cam
360 3476 479 3517 esse
511 3462 735 3518 credite.
791 3461 1108 3530 Quicunque
1140 3460 1347 3515 intrare
1385 3459 1514 3514 velit
1538 3459 1590 3513 in
1617 3457 1777 3522 ovile,

208 3566 311 3621 per
336 3552 532 3606 ostium
564 3550 750 3617 intret,
774 3551 825 3606 id
853 3559 933 3606 est
959 3565 1054 3620 per
1079 3548 1353 3606 Christum
1386 3566 1399 3604 :
1430 3556 1485 3604 et
1508 3547 1779 3603 Christum

207 3659 399 3698 verum
424 3645 613 3709 Deum,
638 3652 695 3700 et
731 3659 858 3700 vere
893 3642 1087 3698 Filium
1115 3642 1213 3697 Dei
1246 3641 1518 3711 prtedicet.
1552 3639 1667 3696 Non
1695 3654 1782 3695 so-

207 3733 323 3787 lum
370 3733 641 3789 Christum
666 3749 854 3790 verum
889 3730 1162 3804 prtedicet,
1202 3731 1299 3786 sed
1326 3729 1524 3786 Christi
1555 3729 1780 3801 gloriam

209 3830 442 3890 quaerat,
483 3838 589 3876 non
633 3837 806 3878 suam.
849 3821 980 3876 Nam
1028 3820 1183 3876 multi
1228 3819 1515 3890 quaerendo
1554 3818 1782 3888 gloriam

210 3927 391 3977 suam,
422 3926 553 3968 oves
579 3911 779 3969 Christi
812 3919 1128 3982 sparserunt
1156 3910 1334 3981 potius
1358 3924 1520 3981 quam
1551 3924 1783 3980 congre-

208 4014 496 4074 gaverunt.
526 4001 753 4059 Humilis
781 4011 865 4059 est
891 4003 1034 4058 enim
1055 4002 1220 4073 janua
1258 4001 1503 4057 Christus
1526 4001 1785 4057 Dominus

208 4104 418 4151 noster.
449 4094 549 4163 Qui
572 4095 735 4150 intrat
757 4105 860 4166 per"
876 4095 1017 4152 hanc
1032 4096 1274 4167 januam,
1303 4101 1513 4165 oportet
1529 4101 1586 4147 ut
1610 4092 1782 4149 humi-

210 4186 311 4242 liet
344 4200 423 4250 se,
473 4199 533 4240 ut
568 4201 700 4242 sano
745 4187 921 4256 capite
966 4185 1139 4256 possit
1177 4185 1398 4239 intrare.
1428 4182 1494 4238 Hi
1523 4197 1651 4238 sunt
1692 4182 1783 4253 qui

211 4275 328 4331 veri
363 4275 595 4346 pastoris
619 4290 804 4332 vocem
846 4275 1087 4330 audiunt.
1117 4274 1183 4328 lli
1209 4281 1354 4341 sunt,
1382 4287 1518 4344 quos
1539 4273 1786 4343 pr0prias

212 4379 345 4421 oves
387 4365 702 4419 nominatim
749 4380 906 4421 verus
949 4373 1130 4435 pastor
1156 4372 1335 4429 vocat,
1366 4364 1433 4418 de
1468 4363 1553 4418 his
1582 4363 1784 4418 dictum

212 4464 337 4509 est:
376 4473 394 4505 ι
425 4452 665 4509 Gaudete
691 4460 746 4509 et
767 4453 1053 4522 exsultate,
1080 4454 1332 4524 quoniam
1361 4453 1576 4508 nomina
1604 4461 1785 4509 vestra

1874 1935 1957 1981 ter
1984 1939 2087 1981 me.
2124 1922 2447 1980 Recolamus
2476 1937 2624 1993 ergo.
2654 1922 2796 1978 Ante
2824 1924 3111 1977 adventum
3149 1922 3321 1992 ipsius
3358 1937 3424 1974 ve

1873 2022 2069 2070 nerunt
2093 2014 2386 2085 prophetae,
2416 2011 2656 2082 nunquid
2685 2010 2899 2067 luerunt
2920 2011 3066 2067 fures
3093 2021 3148 2066 et
3177 2010 3453 2066 latrones?

1872 2105 2047 2160 Absit.
2091 2103 2207 2159 Non
2239 2111 2434 2173 przeter
2459 2101 2607 2157 illum
2634 2109 2917 2165 venerunt,
2941 2100 3065 2172 quia
3092 2114 3213 2155 cum
3242 2098 3333 2154 illo
3356 2115 3449 2154 ve-

1875 2201 2092 2249 nerunt.
2143 2191 2416 2247 Venturus
2466 2205 2746 2262 praecones
2790 2190 3060 2256 mittebat,
3112 2189 3205 2245 sed
3262 2204 3449 2245 eorum

1876 2283 2036 2340 corda
2064 2298 2200 2352 quos
2228 2282 2472 2347 miserat,
2498 2281 2826 2351 possidebat.
2858 2281 2992 2336 Cum
3017 2280 3106 2336 illo
3135 2296 3265 2352 ergo
3287 2295 3451 2335 vene-

1879 2381 2022 2439 runt,
2049 2373 2174 2444 quia
2203 2388 2326 2427 cum
2346 2369 2527 2428 Verbo
2559 2373 2654 2427 Dei
2678 2381 2960 2427 venerunt.
2995 2389 3013 2423 ι
3046 2371 3156 2442 Ego
3186 2386 3325 2435 sum,
3367 2371 3449 2424 iu-

1877 2463 2015 2534 quit,
2055 2462 2162 2530 via,
2217 2463 2418 2518 veritas
2444 2471 2499 2519 et
2523 2463 2631 2518 vita
2663 2461 2844 2533 (Joan.
2874 2460 3011 2533 xlv).
3053 2481 3072 2514 ι
3109 2462 3165 2517 Si
3213 2462 3327 2533 ipse
3370 2470 3454 2517 est

1877 2552 2095 2617 veritas,
2123 2567 2247 2609 cum
2275 2552 2366 2607 illo
2409 2561 2691 2620 venerunt,
2738 2553 2862 2623 quia
2893 2568 3113 2609 veraces
3134 2551 3370 2618 fuerunt,
3400 2563 3453 2608 et

1877 2643 2162 2699 veritatem
2214 2641 2664 2712 praedicaverunt.
2713 2642 2985 2713 Quotquot
3024 2653 3202 2701 autem
3258 2653 3455 2714 praeter

1878 2736 2026 2790 illum
2068 2742 2349 2800 venerunt,
2401 2754 2419 2785 ι
2457 2732 2607 2790 fures
2639 2742 2766 2789 sunt
2816 2743 2869 2789 et
2907 2734 3165 2791 latrones.
3204 2754 3224 2788 ι
3257 2734 3359 2791 l’er
3394 2750 3462 2791 ae

1876 2832 2157 2888 venerunt,
2198 2824 2325 2894 quia
2359 2839 2455 2895 per
2475 2840 2599 2880 eum
2629 2824 2778 2879 missi
2806 2839 2915 2880 non
2949 2824 3186 2891 fuerunt,
3230 2827 3460 2881 dicente-

1877 2915 2134 2987 Apostolo
2168 2932 2182 2970 :
2215 2934 2235 2971 ι
2261 2914 2538 2984 Quomodo
2564 2915 2933 2986 praedicabunt
2955 2916 3055 2971 nisi
3083 2918 3396 2973 mittantur?
3429 2936 3465 2968 ιχ

1883 3009 2061 3082 (Rom.
2098 3009 2177 3082 ι.)
2234 3009 2300 3066 Ει
2348 3011 2475 3081 quia
2516 3024 2613 3081 per
2650 3026 2709 3067 se
2748 3021 3033 3079 venerunt,
3079 3022 3135 3068 et
3180 3029 3290 3070 non
3330 3024 3456 3069 sunt

1883 3103 1952 3158 ab
1976 3116 2041 3158 eo
2064 3101 2238 3169 missi,
2271 3120 2290 3153 ι
2340 3103 2486 3158 fures
2511 3110 2637 3157 sunt
2675 3113 2731 3158 et
2776 3102 3034 3160 latrones.
3092 3124 3110 3157 ι
3145 3104 3279 3160 Nam
3332 3115 3484 3161 auze~

1880 3191 2167 3247 adventum
2195 3183 2559 3255 Christi'l'alsi
2604 3191 2821 3247 fuerunt
2857 3193 2912 3248 in
2961 3194 3155 3265 populo
3204 3196 3295 3251 Dei
3335 3212 3460 3266 pro-

1878 3282 2053 3352 pheta:
2092 3288 2147 3335 et
2182 3280 2302 3335 falsi
2349 3280 2617 3347 doctores,
2648 3282 2789 3337 sicut
2826 3292 2949 3352 post
2997 3284 3283 3339 adventum
3317 3285 3486 3341 illius.

1879 3373 1979 3427 sub
2027 3372 2244 3427 nomine
2282 3372 2592 3429 Christiano
2638 3378 3021 3451 quamplurimi
3070 3380 3188 3437 falsi
3242 3382 3474 3436 fuerunt.

1881 3462 2167 3529 doctores;
2199 3477 2297 3518 nec
2325 3464 2590 3535 doqtores,
2618 3467 2712 3522 sed
2747 3469 3095 3537 seductores;
3131 3487 3236 3527 non
3270 3474 3463 3542 praedi-

1881 3562 2111 3619 catores,
2135 3554 2230 3609 sed
2273 3556 2620 3626 praedatores;
2654 3557 2938 3615 latrocinia
2982 3574 3316 3628 exercentes,
3355 3580 3462 3621 non

1882 3659 2027 3700 sana:
2057 3645 2315 3701 doctrinae
2341 3646 2684 3715 inhaerentes,
2722 3649 2788 3705 de
2833 3652 3026 3722 quibus
3080 3654 3280 3709 dictum
3332 3667 3457 3710 est:

1888 3752 1906 3785 ι
1953 3732 2126 3788 Fures
2150 3743 2274 3788 sunt
2298 3744 2353 3789 et
2376 3734 2634 3802 latrones,
2674 3758 2691 3791 ι
2729 3738 2782 3794 id
2827 3750 2929 3806 est,
2959 3742 3027 3797 ad
3076 3740 3360 3799 furandum
3406 3755 3465 3800 et

1882 3823 2231 3880 occidendum
2290 3836 2572 3883 venerunt.
2635 3849 2652 3882 ι
2715 3829 2823 3884 Sed
2874 3846 2981 3886 non
3040 3832 3328 3888 audierunt
3369 3847 3465 3889 eos

1890 3935 1909 3968 ι
1950 3930 2102 3981 oves,
2140 3935 2157 3966 ι
2198 3916 2303 3971 illa:
2335 3933 2453 3988 qua:
2482 3936 2625 3977 verae
2668 3930 2796 3978 sunt
2841 3937 2991 3989 oves,
3032 3941 3136 3981 non
3184 3927 3284 3981 sub
3329 3925 3469 3996 pelle

1884 4007 2042 4063 ovina
2071 4005 2312 4076 lupinum
2334 4024 2428 4064 cor
2454 4010 2867 4069 abscondentes.
2907 4013 3074 4085 Igitur
3100 4015 3191 4085 qui
3228 4024 3352 4071 ante
3371 4016 3467 4073 ad-

1889 4104 2111 4152 ventum
2135 4096 2341 4154 Christi
2363 4100 2818 4171 przedicaverunt,
2844 4104 3033 4161 eodem
3061 4106 3251 4176 spiritu
3276 4107 3464 4177 praedi.-

1860 4195 2151 4285 ‘caverunt
2182 4202 2290 4256 quo
2335 4191 2561 4259 apostoli
2590 4199 2646 4248 et
2697 4194 2871 4249 sancti
2898 4194 3166 4261 doctores,
3211 4195 3303 4268 qui
3346 4206 3475 4267 post

1888 4275 2177 4331 adventum
2208 4275 2409 4332 Christi
2434 4280 2678 4337 veritatis
2705 4281 2846 4336 viam
2873 4284 3074 4338 mundo
3092 4283 3467 4339 ostenderunt.

1888 4366 2163 4437 Quotquot
2173 4374 2353 4422 autem
2371 4368 2462 4424 illo
2476 4378 2715 4440 tempore
2737 4372 3081 4428 crediderunt
3108 4372 3190 4429 vel
3216 4373 3471 4439 Abrahae,

1891 4453 1975 4509 vel
1999 4453 2173 4520 Isaac,
2198 4454 2278 4511 vel
2301 4455 2490 4524 Iacob,
2513 4459 2596 4513 vel
2618 4458 2808 4531 Moysi,
2835 4461 2918 4516 vel
2942 4461 3061 4516 aliis
3073 4462 3401 4531 patriarchis
3418 4470 3473 4517 et

215 4542 417 4614 scripta
445 4552 571 4598 sunt
599 4544 652 4598 in
681 4543 832 4600 cwlis
860 4544 1011 4614 (Luc.
1038 4544 1139 4615 rx),
1162 4564 1180 4595 ι
1200 4545 1327 4599 hinc
1348 4543 1490 4599 enim
1518 4558 1610 4601 eas
1636 4564 1655 4597 ι
1691 4560 1791 4601 vo—
1816 4516 1868 4577 D
1898 4547 2174 4618 prophetis
2201 4547 2473 4605 Christum
2499 4516 3012 4620 praenuntiantibus,
3042 4516 3173 4608 olves
3195 4562 3376 4620 erant,
3417 4563 3475 4610 et

216 4642 308 4690 cat
335 4634 648 4689 nominatim
679 4634 862 4706 (Joan.
888 4633 963 4707 x).
1004 4653 1022 4686 ι
1051 4635 1118 4689 Et
1143 4634 1263 4704 quis
1289 4634 1422 4691 alius
1447 4636 1660 4696 emittit.
1690 4636 1791 4692 nisi

217 4723 313 4795 qui
340 4731 560 4794 peccata
584 4724 827 4790 dimittit,
856 4734 915 4779 ut
938 4739 1059 4781 eum
1091 4724 1242 4799 sequi
1268 4725 1415 4781 duris
1437 4726 1647 4782 liberati
1676 4728 1792 4783 vin-

218 4813 357 4870 culis
392 4815 634 4885 possint?
662 4815 729 4870 Et
756 4816 878 4885 quis
905 4831 998 4871 eas
1044 4817 1339 4886 praecessit,
1387 4833 1494 4887 quo
1530 4834 1653 4874 cum
1700 4834 1789 4875 se-

219 4918 478 4979 quantur,
503 4910 606 4964 nisi
633 4909 723 4980 qui
751 4927 771 4961 ι
794 4925 1076 4981 resurgens
1104 4925 1132 4964 a
1165 4909 1535 4977 mortuis,jam
1554 4927 1660 4965 non
1680 4926 1795 4965 mo-

222 4999 381 5062 ritur,
440 5009 494 5054 et
540 5015 686 5055 mors
736 4999 810 5054 illi
850 5000 1136 5055 ultranon
1193 5001 1557 5055 dominabitur
1615 5000 1789 5073 (Rom.

221 5089 298 5159 vr)
319 5090 342 5143 ?
366 5110 384 5142 ›
412 5088 520 5143 llas
553 5105 679 5143 vero
703 5090 885 5145 educit
906 5106 934 5144 a
954 5091 1056 5145 [ide
1069 5092 1135 5145 ad
1158 5091 1413 5160 speciem,
1436 5100 1492 5145 et
1511 5103 1637 5146 ante
1664 5092 1795 5147 istos

221 5180 393 5245 vadit,
423 5181 546 5250 quia
573 5180 719 5251 prior
740 5181 980 5236 omnium
1006 5182 1250 5237 ascendit
1275 5182 1328 5235 in
1352 5181 1582 5237 coelum:
1612 5194 1661 5238 et
1678 5197 1797 5253 quae

223 5279 351 5326 sunt
385 5288 513 5328 oves
539 5287 669 5337 suae,
708 5272 856 5327 illum
881 5281 1199 5343 sequuntur,
1235 5274 1358 5343 quia
1405 5273 1582 5329 sciunt
1614 5290 1796 5329 vocem

226 5360 488 5415 doctrina:
516 5376 644 5417 sua}.
668 5361 884 5417 Alienos
910 5377 1037 5417 vero
1071 5363 1319 5419 doctores
1351 5380 1456 5418 non
1480 5372 1796 5433 sequuntur,

227 5450 319 5505 sed
351 5450 557 5531 fugiunt
584 5452 652 5519 ab
678 5452 775 5517 eis,
806 5453 932 5523 quia
962 5469 1067 5508 non
1099 5464 1365 5509 noverunt
1398 5471 1603 5521 vocem,
1636 5457 1690 5513 id
1719 5466 1802 5513 est

229 5538 530 5595 doctrinam
574 5541 889 5596 alienorum.
931 5541 1036 5598 Sed
1080 5542 1331 5614 loquente
1376 5545 1603 5602 Domino
1649 5547 1800 5614 Jesu,

234 5644 337 5684 non
372 5631 748 5687 Intellexerunt
772 5633 860 5702 qui
891 5634 1195 5690 audierunt.
1225 5655 1241 5688 ι
1272 5635 1635 5694 lncrassatum
1659 5640 1802 5695 enim

234 5721 536 5780 habuerunt
563 5740 677 5791 cor,
701 5735 753 5780 et
779 5727 1015 5796 graviter
1042 5726 1320 5783 audierunt
1353 5728 1564 5801 (.llatth.
1598 5732 1735 5803 xm).
1784 5754 1798 5780 ι

1898 4636 2173 4693 Christum
2194 4638 2480 4694 audierunt
2510 4657 2523 4693 :
2560 4656 2665 4695 non
2692 4640 2920 4696 alienam
2952 4657 3161 4709 vocem,
3190 4643 3282 4700 sed
3306 4643 3486 4715 ipsius

1901 4727 2103 4785 Christi
2140 4728 2446 4784 audierunt.
2495 4730 2628 4787 Nam
2673 4732 2840 4803 judex
2877 4734 3076 4790 clamat
3123 4736 3177 4790 in
3204 4750 3473 4807 pl'azcone,

1901 4820 2025 4874 dum
2052 4835 2229 4891 praeco
2250 4818 2486 4888 judicem
2523 4825 2807 4880 annuntiat
2851 4835 3157 4882 venturmn.
3203 4827 3307 4885 Alii
3351 4836 3479 4883 sunt

1901 4923 2030 4980 ergo
2081 4923 2217 4979 quos
2246 4924 2353 4965 non
2396 4912 2683 4968 audierunt
2712 4928 2864 4979 oves,
2894 4914 2947 4969 in
2978 4915 3174 4985 quibus
3220 4930 3327 4973 non
3359 4926 3478 4973 erat

1902 5018 2001 5057 vox
2029 5001 2259 5069 Christi,
2287 5013 2554 5070 errantes,
2584 5004 2717 5064 falsa
2736 5006 3001 5074 dicentes,
3029 5009 3208 5067 inania
3240 5009 3477 5082 garrien-

1902 5105 2004 5162 tes,
2028 5110 2165 5151 vana
2193 5095 2480 5167 (iungentes,
2509 5098 2737 5153 miseros
2771 5100 3108 5165 seducentes,
3150 5103 3291 5173 sicut
3320 5117 3478 5173 pseu-

1904 5188 2266 5259 doprophetzn,
2288 5189 2429 5244 sicut
2459 5188 2663 5247 Scriba:
2680 5192 3011 5251 etharisaei
3038 5196 3370 5267 temporibus
3400 5196 3479 5265 ip-

1903 5278 2016 5332 sius
2041 5277 2273 5331 Domini.
2304 5276 2369 5332 Hi
2397 5279 2625 5350 suntqui
2641 5292 2906 5338 venerunt
2930 5298 3030 5354 per
3053 5299 3130 5351 se,
3148 5294 3204 5340 et
3227 5300 3331 5341 non
3354 5293 3490 5341 sunt.

1905 5367 2135 5437 ajudice
2164 5368 2337 5424 missi.
2373 5368 2468 5426 Bis
2494 5386 2623 5427 vero
2664 5387 2788 5428 cum
2827 5375 3086 5432 doctrinis
3138 5377 3249 5432 suis
3291 5377 3493 5446 procuie

1906 5458 2165 5527 expulsis,
2200 5459 2476 5517 videamus
2501 5476 2608 5533 quo
2636 5478 2737 5519 nos
2773 5473 2957 5536 pastor
2985 5466 3157 5522 bonus
3181 5471 3357 5521 vocat.
3392 5464 3480 5518 Di-

1907 5549 1981 5604 cit
2007 5553 2149 5605 enim
2184 5568 2196 5603 :

1988 5661 2005 5692 ι
2041 5642 2150 5713 Ego
2177 5659 2293 5699 sum
2322 5646 2519 5702 ostium
2546 5648 2744 5703 ovium.
2794 5649 2895 5705 Per
2923 5664 3007 5705 me
3035 5649 3078 5703 si
3107 5647 3229 5718 quis
3258 5646 3477 5702 inimic—

1919 5749 1935 5782 ι
1974 5733 2071 5798 rit,
2123 5735 2459 5803 salvabitur,‘
2488 5747 2539 5792 et
2590 5738 2917 5810 ingredietur
2962 5748 3015 5793 et
3061 5739 3386 5809 egredietur,
3427 5746 3493 5795 et
