4014 6354
566 341 673 415 δβι

1189 344 1540 401 IIAYMONIS
1589 341 2064 399 HALBERS'I'AT.
2106 340 2316 400 IZI’ISC.
2368 343 2518 402 OPP.
2560 348 2739 405 PARS
2776 349 2839 404 II.
2881 381 2952 391 —
2989 344 3218 407 IIOMIL.

3779 342 3896 400 568

539 478 594 512 -ε
623 473 824 531 pascua
848 455 1098 513 inveniet.
1137 476 1154 508 ι
1207 452 1274 510 Et
1298 451 1400 512 hoc
1424 455 1702 513 evidenter
1727 452 1996 521 ostendit,
2033 471 2136 510 non
2169 461 2212 517 Α
2248 473 2265 507 ‹
2302 471 2441 511 mea.
2472 477 2489 508 ι
2531 454 2596 512 Ει
2623 453 2846 530 reliqua.
2898 459 3027 515 Post
3055 461 3343 515 adventum
3371 457 3644 530 Spiritus
3682 455 3894 511 sancti

566 553 742 610 solum
769 559 1063 622 pastorem,
1093 548 1190 603 sed
1218 550 1383 604 etiam
1412 562 1540 604 oves
1571 550 1774 604 intrare
1801 563 1899 618 per
1921 549 2139 603 ostium.

569 645 678 699 Sed
706 644 834 714 quid
863 651 980 706 est,
1013 661 1031 692 ‹
1063 641 1399 712 Ingredietur
1422 650 1477 698 et
1504 643 1826 712 egredietur,
1860 649 1915 696 et
1941 657 2142 712 pascua

568 733 848 789 inveniet?
877 753 895 784 ι
943 732 1153 804 Ingredi
1183 733 1379 803 quippe
1405 732 1458 788 in
1488 732 1785 788 Ecclesiam
1815 731 2019 786 Christi
2049 747 2146 802 per

567 826 765 880 ostium
785 863 800 885 ,
828 823 983 878 valde
1011 823 1209 878 bonum
1238 833 1358 889 est;
1391 825 1540 878 exire
1569 833 1747 878 autem
1777 823 1844 877 de
1871 821 2141 887 Ecclesia,

568 917 728 971 sicut.-
748 915 822 969 ait
853 916 966 985 ipse
1010 913 1244 970 Joannes
1287 915 1617 988 evangelista
1660 915 1714 968 in
1746 914 1970 983 epistola
2002 930 2097 969 sua
2125 933 2138 968 :

574 1021 593 1054 ι
626 1004 705 1059 Ex
729 1003 886 1059 nobis
909 1005 1179 1069 exierunt,
1203 1005 1296 1059 sed
1324 1019 1430 1059 non
1460 1012 1614 1060 erant
1641 1019 1705 1058 ex
1733 1004 1887 1058 nobis
1909 1003 1961 1075 (Ι
1981 1002 2140 1058 Joan.

568 1094 664 1166 ιι),
690 1113 708 1147 ι
726 1109 835 1148 non
864 1102 948 1148 est
971 1094 1158 1162 utique
1183 1093 1405 1148 bonum.
1430 1093 1575 1148 Talis
1603 1109 1732 1163 ergo
1759 1106 2010 1162 egressus
2037 1109 2144 1148 non

567 1172 748 1254 potest
786 1201 816 1239 a
850 1186 994 1240 bono
1024 1192 1240 1254 pastore
1270 1183 1506 1249 laudari,
1547 1192 1606 1238 ut
1637 1184 1877 1240 diceret:
1914 1203 1930 1235 ι
1961 1183 2028 1238 Et
2059 1185 2142 1238 in-

572 1275 848 1344 gredietur
880 1282 936 1328 et
975 1274 1300 1343 egredietur,
1348 1283 1404 1328 et
1443 1289 1641 1344 pascua
1686 1274 1941 1328 inveniet.
1975 1293 1993 1326 ι
2048 1275 2146 1328 Est

541 1393 546 1402 ι
569 1384 702 1440 ergo
724 1369 918 1439 aliquis
939 1385 1046 1425 non
1071 1368 1242 1424 solum
1259 1369 1549 1440 ingressus,
1574 1383 1761 1422 verum
1785 1369 1947 1422 etiam
1964 1383 2148 1438 egres»

570 1475 664 1515 sus
693 1461 867 1516 bonus
909 1475 1006 1529 per
1032 1460 1228 1522 ostium
1266 1461 1465 1515 bonum
1491 1501 1504 1522 ,
1557 1459 1699 1529 quod
1745 1466 1828 1513 est
1876 1457 2142 1514 Christus.

551 1535 942 1620 'Sed'quis'est
970 1549 1056 1604 ille
1085 1549 1367 1606 laudabilis
1395 1560 1448 1606 et
1471 1551 1661 1606 beatus
1687 1551 1978 1622 egressus?
2015 1549 2147 1605 Pos-

537 1655 697 1695 ‘sum
743 1641 962 1710 quidem
1007 1640 1186 1697 dicere
1233 1641 1438 1712 ingredi
1491 1656 1612 1705 nos,
1661 1641 1876 1711 quando
1920 1641 2145 1698 interius

575 1729 780 1799 aliquid
814 1731 1113 1801 cogitamus
1142 1744 1157 1783 :
1194 1731 1377 1803 egredi
1411 1739 1622 1794 autem,
1659 1730 1873 1800 quando
1907 1730 2146 1785 exterius

2244 550 2296 602 in
2329 550 2630 618 apostolos,
2671 567 2830 620 quem
2859 552 3313 622 adhuc.praesenti
3342 552 3684 607 festivitate
3725 547 3893 602 cele-

2242 641 2487 705 bramus,
2535 638 2702 695 Judaei
2748 642 3026 697 audientes
3069 642 3338 711 apostolos
3381 643 3583 711 plenos
3629 637 3889 709 Spiritu

2243 741 2451 798 sancto,
2477 735 2716 788 omnium
2745 749 2941 802 genera
2971 735 3271 806 linguarum
3300 735 3626 804 loquentes,
3673 741 3896 802 stupe—

2243 826 2373 879 bant
2403 825 2556 880 valde
2583 833 2637 880 et
2665 826 3091 880 admirabantur.
3137 825 3239 879 Alii
3271 835 3452 880 autem
3486 825 3887 886 deridentes,

2243 913 2518 979 dicebant,
2543 915 2668 983 quia
2697 924 2877 970 musto
2904 915 3089 984 repleti
3120 923 3263 969 sunt.
3296 915 3636 986 Ignorantes
3673 922 3889 966 tamen

2243 1019 2370 1058 vera
2431 1005 2684 1060 dicebant
2724 1005 2850 1074 quia
2911 1015 3091 1061 musto
3131 1006 3388 1076 Spiritalis
3428 1006 3643 1076 gratiae
3701 1012 3888 1057 erant

2217 1093 2456 1162 "repleti.
2507 1092 2624 1148 Jam
2665 1094 2806 1148 enim
2840 1113 2858 1144 ι
2891 1094 3075 1148 vinum
3122 1110 3318 1148 novum
3363 1095 3416 1148 in
3459 1104 3632 1148 utres
3690 1106 3886 1147 novos

2245 1181 2459 1252 (Matth.
2482 1183 2559 1254 Ix)
2582 1203 2600 1234 ι
2633 1192 2875 1250 venerat,
2897 1200 3018 1238 cum
3045 1184 3270 1252 apostoli
3301 1203 3319 1234 ι
3339 1200 3444 1239 non
3471 1185 3527 1238 in
3550 1193 3887 1239 vetustate

2244 1272 2455 1338 litterae,
2483 1274 2575 1329 sed
2601 1275 2654 1329 in
2680 1276 2917 1330 novitate
2946 1275 3166 1345 spiritus
3189 1276 3360 1347 (Rom.
3379 1281 3499 1347 vn),
3526 1297 3544 1327 ι
3587 1277 3718 1331 Dei
3756 1290 3884 1330 ma-

2216 1364 2420 1433 gnalia
2463 1375 2798 1421 resonarent.
2836 1386 2854 1418 ι
2886 1367 3037 1422 Tunc
3066 1377 3216 1424 stans
3246 1368 3436 1424 Petrus
3481 1386 3619 1424 cum
3675 1370 3878 1422 unde—

2251 1475 2269 1506 ι
2305 1457 2410 1511 cim
2431 1498 2446 1522 ,
2474 1477 2492 1508 ι
2525 1466 2584 1511 ιιι
2625 1458 2678 1512 in
2719 1459 2971 1528 praesenti
3001 1459 3228 1515 lectione
3258 1461 3502 1524 audistis,
3543 1481 3561 1513 ι
3597 1461 3878 1516 elevavit

2244 1561 2430 1601 vocem
2466 1562 2619 1602 suam
2650 1556 2705 1602 et
2733 1547 2904 1603 dixit:
2942 1547 3052 1604 Viri
3088 1549 3289 1616 Judaei,
3331 1559 3386 1606 et
3427 1552 3520 1620 qui
3563 1552 3876 1605 habitatis

2245 1635 2539 1694 Jerusalem
2570 1639 2830 1705 universi,
2861 1641 2963 1695 hoc
2992 1641 3146 1696 vobis
3177 1648 3363 1695 notum
3394 1642 3482 1706 sit,
3515 1651 3572 1695 et
3603 1643 3873 1694 auribus

2246 1727 2506 1797 percipite
2531 1728 2694 1782 verba
2722 1743 2863 1783 mea.
2893 1728 3008 1784 Non
3032 1730 3175 1785 enim
3197 1730 3337 1784 sicut
3359 1745 3454 1783 vos
3475 1730 3867 1792 existimatis,

573 1822 979 1892 operamur.Ex
1009 1836 1116 1891 quo
1140 1830 1304 1892 patet,
1336 1821 1478 1876 sicut
1501 1821 1629 1875 dicit
1655 1820 1973 1891 Apostolus:
2001 1841 2018 1872 ‹
2039 1819 2143 1875 Per
2173 1817 2217 1874 Β
2246 1818 2302 1872 bi
2331 1819 2467 1873 ebrii
2505 1827 2662 1885 sunt,
2705 1835 2829 1875 cum
2873 1820 2943 1875 sit
2985 1821 3118 1876 hora
3147 1820 3252 1875 diei
3297 1821 3476 1874 tertia.
3510 1840 3530 1870 ι
3589 1820 3869 1890 Spiritus

567 1913 736 1968 ﬁdem
765 1913 970 1966 habitat
999 1912 1249 1967 Christus
1291 1913 1344 1966 in
1389 1913 1641 1967 cordibus
1684 1912 1885 1967 nostris
1927 1911 2141 1982 (Epltes.

573 2006 680 2078 ιιι),
712 2004 973 2076 i‘ingredi
1009 2020 1106 2075 per
1130 2004 1403 2060 Christum
1432 2020 1587 2070 esse,
1635 2005 1928 2060 secundum
1975 2005 2146 2076 ipsam

571 2096 736 2150 ﬁdem
764 2097 926 2150 etiam
955 2094 1106 2163 foris,
1137 2097 1189 2152 id
1215 2106 1315 2161 est,
1342 2112 1523 2152 coram
1551 2097 1884 2163 hominibus,
1909 2096 2142 2168 operari.

572 2185 729 2242 Unde
774 2196 828 2242 et
874 2187 927 2242 in
967 2188 1175 2256 psalmo
1200 2189 1432 2245 dicitur:
1465 2208 1482 2239 ι
1517 2188 1676 2243 Exiet
1705 2188 1866 2242 homo
1904 2188 1969 2242 ad
2005 2203 2142 2257 Opus

573 2275 918 2347 suum(PsaI.
945 2279 1085 2349 cm).
1114 2298 1132 2330 ι
1152 2279 1220 2333 Et
1249 2279 1361 2349 ipse
1378 2279 1634 2334 Dominus
1666 2279 1830 2332 dicit:
1864 2297 1881 2329 ι
1909 2277 2148 2332 Luceant

571 2382 741 2436 opera
761 2377 939 2424 vestra
967 2385 1149 2426 coram
1176 2369 1482 2425 hominibus
1501 2369 1715 2441 (Matth.
1740 2368 1814 2441 v).
1841 2388 1858 2421 ι
1898 2367 2004 2424 Sed
2027 2368 2146 2439 plus

573 2472 662 2512 me
687 2458 919 2515 delectat
937 2461 1080 2531 quod
1101 2461 1214 2532 ipsa
1237 2461 1438 2516 veritas
1466 2469 1720 2530 tanquam
1744 2468 1930 2528 pastor
1947 2460 2143 2524 bonus,

573 2555 632 2600 et
661 2545 781 2602 ideo
810 2549 1000 2605 doctor
1031 2549 1201 2605 bonus
1253 2549 1649 2620 quodammodo
1705 2564 1804 2604 nos
1832 2550 2143 2613 admonuit,

572 2637 1024 2706 quemadmodum
1057 2639 1354 2712 intelligere
1383 2640 1678 2694 debeamus
1703 2639 1843 2709 quod
1871 2639 1946 2692 ait
1971 2656 1984 2693 :
2016 2656 2034 2689 ‹
2062 2639 2148 2692 In-

573 2729 848 2799 gredietur
874 2740 928 2784 et
955 2730 1277 2801 egredietur,
1323 2739 1378 2786 et
1417 2745 1614 2800 pascua
1648 2731 1911 2792 inveniet,
1950 2749 1967 2780 ι
2020 2744 2142 2784 cum

573 2829 793 2875 secutus
824 2820 1064 2890 adjuuxit
1088 2839 1100 2873 :

650 2931 667 2962 ι
695 2911 808 2967 Fur
837 2927 941 2966 non
969 2912 1146 2978 venit,
1176 2912 1277 2966 nisi
1309 2921 1367 2966 ut
1397 2909 1607 2965 furetur
1636 2919 1691 2965 et
1719 2917 1920 2965 mactet
1946 2917 1998 2962 et
2023 2924 2146 2980 per-

578 3025 597 3055 ι
633 3005 742 3059 dat.
793 3003 906 3074 Ego
946 3003 1064 3056 veni
1111 3011 1170 3057 ut
1214 3003 1380 3057 vitam
1427 2999 1748 3057 habeantet
1780 3000 2143 3055 abundantius

579 3115 599 3145 ‹
635 3096 886 3149 habeant.
912 3114 931 3145 ι
971 3091 1190 3148 Videtur
1211 3094 1357 3148 enim
1383 3093 1602 3172 dixisse,
1631 3102 1692 3147 ut
1714 3092 1880 3146 vitam
1909 3091 2144 3146 habeant

2251 1920 2466 1966 sanctus
2509 1912 2736 1984 gloriam
2768 1913 3058 1968 individua
3080 1913 3363 1967 Trinitatis
3397 1913 3597 1966 mundo
3631 1914 3862 1982 [medi-

2212 2011 2214 2013 ’
2249 2012 2498 2070 calurus,
2547 2006 2704 2059 tertia
2747 2005 3130 2060 convenienter
3169 2005 3301 2060 hora
3346 2006 3630 2060 descendit
3676 2020 3862 2073 super

2249 2094 2543 2163 apostolos,
2565 2095 2655 2165 qui
2678 2106 2834 2150 erant
2853 2097 2906 2150 in
2929 2095 3172 2150 oratione
3193 2105 3625 2166 perseverantes.
3663 2097 3855 2152 Recte

2248 2192 2430 2238 autem
2457 2184 2716 2254 Spiritum
2751 2193 3002 2240 sanctum
3033 2185 3296 2240 orationis
3324 2187 3454 2241 hora
3484 2190 3812 2256 percipiant
3832 2229 3850 2251 ,

2215 2291 2219 2294 ·
2247 2283 2308 2328 ut
2342 2275 2659 2330 ostendatur
2688 2275 3008 2346 legentibus,
3047 2277 3138 2346 qui
3171 2274 3406 2346 Spiritus
3437 2280 3612 2334 sancti
3657 2280 3846 2349 gratia

2248 2380 2354 2419 non
2378 2365 2536 2420 facile
2563 2365 2877 2436 percipitur,
2903 2368 3006 2422 nisi
3029 2383 3183 2423 mens
3208 2384 3239 2422 a
3263 2369 3578 2424 carnalibus
3602 2386 3843 2442 suspen-

2248 2472 2332 2519 sa.
2361 2459 2428 2512 ad
2456 2473 2686 2528 superna
2714 2472 2927 2528 semper
2951 2460 3258 2514 meditanda
3285 2460 3547 2515 elevetur.

2323 2567 2342 2598 ε
2377 2547 2481 2603 Sed
2525 2549 2628 2603 hoc
2666 2557 2748 2604 est
2785 2550 2927 2618 quod
2968 2550 3172 2606 dictum
3215 2560 3298 2606 est
3338 2567 3436 2621 per
3463 2553 3837 2622 prephetam:

2253 2658 2270 2689 ι
2299 2637 2583 2693 Etl'undam
2614 2639 2679 2694 de
2715 2639 2904 2709 spiritu
2937 2655 3056 2696 meo
3089 2656 3251 2710 super
3281 2657 3498 2696 omnem
3528 2660 3779 2700 carnem.
3817 2666 3835 2697 ›

2246 2730 2302 2785 In
2329 2730 2496 2785 verbo
2525 2729 2802 2786 eﬁ'usionis
2837 2731 3072 2786 ostendit
3105 2733 3347 2788 muneris
3385 2733 3696 2804 largitatem
3720 2777 3736 2799 ,
3783 2745 3839 2789 et

2247 2837 2352 2877 non
2387 2831 2446 2877 ut
2471 2823 2597 2877 olim
2630 2823 2907 2892 prophetis
2944 2831 2998 2877 et
3027 2824 3397 2879 sacerdotibus
3430 2833 3640 2878 tantum
3671 2828 3837 2880 datus

2248 2912 2484 2983 Spiritus
2509 2920 2746 2976 sanctus,
2771 2913 2865 2967 sed
2894 2913 3235 2968 credentibus
3263 2914 3514 2969 omnibus
3538 2917 3750 2984 passim
3783 2918 3834 2969 in

2247 3011 2477 3071 utroque
2507 2998 2638 3056 sexu
2667 3001 3063 3057 conditionibus
3099 3011 3153 3056 et
3188 3004 3435 3073 personis
3465 3006 3656 3059 eadem
3689 3015 3837 3060 esset

2249 3091 2419 3163 gratia
2449 3105 2728 3146 concessa.
2772 3108 2790 3141 ‹
2820 3090 2887 3144 Ει
2909 3091 3047 3146 dabo
3071 3093 3311 3162 prodigia
3344 3093 3396 3146 in
3423 3093 3562 3147 coelo
3590 3111 3831 3158 sursum,

541 3185 963 3256 ingredientes,
1012 3192 1067 3239 et
1108 3183 1469 3239 abundantius
1510 3166 1746 3238 habeant
1785 3182 2143 3251 egredientes.
2174 3166 2218 3228 C
2256 3200 2273 3231 ι
2306 3189 2362 3236 et
2388 3180 2536 3252 signa
2581 3180 2634 3234 in
2679 3189 2822 3235 terra
2869 3180 3142 3235 deorsum.
3175 3201 3194 3233 ι
3252 3180 3503 3251 Prodigia
3551 3182 3611 3235 in
3663 3183 3828 3246 cmlo,

550 3278 692 3333 Non
722 3286 902 3333 autem
932 3287 1108 3348 potest
1136 3279 1420 3348 quisquam
1450 3293 1546 3349 per
1573 3279 1794 3344 ostium,
1823 3277 1876 3331 id
1905 3287 2022 3344 est,
2053 3295 2150 3349 per

570 3369 847 3424 Christum
879 3369 1060 3439 egredi
1107 3369 1174 3422 ad
1219 3379 1480 3423 aeternam
1526 3369 1731 3432 vitam,
1780 3384 1898 3437 quae
1944 3370 2048 3424 erit
2093 3370 2148 3423 in

579 3460 780 3529 specie,
808 3459 910 3514 nisi
933 3473 1029 3529 per
1056 3459 1228 3529 ipsum
1257 3460 1478 3526 ostium,
1510 3461 1612 3515 hac
1638 3468 1742 3523 est,
1772 3474 1871 3528 per
1897 3461 2146 3514 eumdem

571 3549 848 3603 Christum
899 3549 952 3602 in
999 3548 1295 3603 Ecclesiam
1325 3547 1461 3618 ejus,
1502 3548 1646 3619 quod
1691 3558 1772 3605 est
1817 3548 1959 3603 ovile
2007 3549 2146 3618 ejus,

575 3638 862 3692 intraverit
899 3639 965 3691 ad
997 3637 1162 3691 vitam
1199 3637 1581 3707 temporalem,
1628 3652 1747 3706 qum
1790 3645 1876 3692 est
1921 3637 1974 3690 in
2020 3635 2144 3690 ﬁde.

570 3728 700 3783 Ideo
742 3729 854 3782 ait:
891 3747 908 3778 ‹
942 3726 1054 3797 Ego
1085 3727 1206 3781 veni
1239 3735 1298 3781 ut
1325 3728 1487 3781 vitam
1518 3725 1782 3790 habeant,
1823 3745 1840 3777 ι
1886 3725 1988 3780 hoc
2027 3733 2146 3791 est,

571 3819 736 3872 ﬁdem
759 3832 878 3886 qua:
902 3831 996 3885 per
1022 3815 1360 3870 dilectionem
1384 3823 1660 3886 operatur,
1689 3829 1784 3884 per
1801 3829 1963 3884 quam
1988 3814 2146 3870 ﬁdem

572 3909 631 3963 in
660 3908 800 3964 ovile
831 3907 1203 3977 ingrediuntur
1225 3915 1286 3961 ut
1312 3907 1514 3970 vivant,
1546 3925 1564 3957 ι
1593 3907 1718 3975 quia
1741 3905 1920 3974 justus
1947 3922 2011 3960 ex
2043 3905 2147 3962 ﬁde

571 3999 706 4053 vivit
732 3996 874 4069 (Gal.
893 3998 968 4066 v).
1001 4015 1020 4048 ι
1049 4027 1120 4038 --
1151 4016 1168 4048 ι
1199 3996 1266 4050 Ει
1295 3995 1658 4050 abundantius
1686 3997 1939 4059 habeant,
1975 4015 1993 4047 ι
2023 3998 2147 4065 quia

572 4089 967 4162 perseverando
996 4105 1166 4159 usque
1194 4090 1246 4144 in
1277 4089 1432 4143 ﬁnem
1461 4104 1558 4158 per
1584 4087 1711 4144 illud
1741 4088 1959 4154 ostium,
1990 4088 2041 4143 id
2066 4097 2149 4143 est

571 4198 673 4252 per
704 4181 860 4236 ﬁdem
887 4181 1088 4235 Christi
1121 4181 1485 4249 egrediuntur,
1530 4181 1783 4250 quoniam
1820 4179 1920 4234 viri
1964 4178 2148 4254 ﬁdeles

570 4276 878 4331 moriuntur
909 4284 966 4329 et
993 4273 1354 4328 abundantius
1381 4274 1656 4328 habebunt
1683 4273 1845 4327 vitam
1878 4273 2145 4328 veniendo

570 4379 680 4434 quo
708 4373 892 4435 pastor
919 4363 1005 4418 ille
1031 4363 1339 4434 praecessit,
1375 4362 1463 4416 ubi
1495 4377 1770 4431 numquam
1806 4361 1998 4416 deinde
2032 4377 2148 4416 mo-

569 4453 800 4507 riantur.
833 4453 1092 4520 Quamvis
1111 4467 1241 4524 ergo
1269 4461 1324 4506 et
1353 4452 1439 4506 hic
1466 4451 1518 4506 iu
1547 4452 1663 4520 ipso
1685 4452 1811 4505 ovili
1843 4467 1948 4506 non
1972 4453 2147 4506 desint

526 4583 530 4586 -
565 4558 800 4614 pascua,
839 4545 1092 4614 quoniam
1120 4545 1186 4598 ad
1215 4552 1503 4614 utrumque
1531 4559 1817 4612 possumus
1849 4543 2144 4614 intelligere
2172 4515 2223 4574 D

567 4635 712 4702 quod
742 4635 942 4689 dictum
970 4644 1056 4690 est
1084 4653 1095 4688 :
1128 4653 1147 4685 ι
1181 4635 1249 4689 Ει
1274 4651 1473 4704 pascua
1505 4635 1766 4700 inveniet,
1806 4655 1823 4686 ι
1860 4635 1911 4689 id
1943 4642 2046 4698 est,
2079 4635 2146 4688 ad

569 4727 872 4794 ingressum
903 4734 958 4781 et
983 4726 1049 4780 ad
1079 4741 1387 4797 egressum,
1419 4735 1600 4780 tamen
1637 4736 1762 4781 tunc
1791 4741 1915 4780 vera
1945 4742 2145 4796 pascua

529 4849 534 4856 -
568 4817 882 4884 invenient,
923 4818 1014 4874 ubi
1052 4827 1366 4873 saturentur
1399 4837 1418 4870 ι
1448 4818 1538 4889 qui
1577 4819 1824 4873 csuriunt
1863 4826 1917 4872 et
1958 4817 2148 4873 sitiunt

562 4907 830 4976 justitiam
861 4909 1078 4979 (Matth.
1103 4909 1197 4981 v):
1233 4929 1252 4962 ι
1304 4909 1482 4979 qualia
1524 4925 1726 4978 pascua
1769 4910 2006 4973 invenit,
2057 4912 2144 4964 cui

569 4996 772 5051 dictum
797 5006 922 5053 est:
957 5015 976 5048 ι
1009 4997 1180 5055 Hodie
1205 5014 1416 5054 mecum
1453 4999 1563 5054 eris
1606 5000 1660 5053 in
1703 5001 1954 5069 paradiso
1983 4999 2138 5072 (Luc.

567 5084 750 5156 mu).
784 5104 804 5140 ι

1135 5223 1414 5281 HOMILIA
1446 5227 1574 5281 CIII.

940 5352 1095 5393 FER“
1128 5353 1342 5401 QUABTA
1378 5354 1766 5394 PEN‘I‘ECOSTES.

635 5449 793 5519 (Acr.
825 5449 909 5520 ιι.)
943 5467 962 5502 t
993 5450 1050 5505 In
1079 5451 1270 5507 diebus
1300 5451 1442 5507 illis:
1476 5451 1638 5509 Stans
1663 5453 1857 5508 Petrus
1885 5468 2006 5508 cum
2039 5471 2137 5510 un-

568 5558 588 5590 ι
623 5538 830 5606 decim,
861 5541 1091 5597 elevavit
1117 5556 1306 5598 vocem
1336 5559 1488 5598 suam
1508 5585 1522 5608 ,
1565 5554 1620 5599 et
1663 5545 1874 5601 locutus
1903 5557 1989 5601 est
2015 5548 2094 5603 eis
2121 5567 2134 5603 :

569 5647 588 5680 ι
625 5631 734 5686 Viri
771 5631 940 5687 Judtei
963 5673 978 5697 ,
1018 5641 1072 5687 et
1109 5634 1198 5703 qui
1233 5633 1488 5689 habitatis
1522 5633 1821 5691 Jerusalem
1860 5639 2134 5704 universi,

569 5736 590 5769 α
623 5721 722 5776 hoc
763 5722 911 5777 vobis
950 5732 1137 5778 uotum
1179 5725 1277 5788 sit,
1324 5733 1375 5780 ct
1422 5727 1639 5781 auribus
1683 5729 1943 5799 percipite
1973 5733 2131 5788 verba

2249 3271 2474 3325 Domino
2499 3278 2779 3334 nascente,
2801 3285 2998 3325 novum
3022 3270 3170 3325 sidus
3195 3272 3466 3340 apparuit,
3487 3271 3584 3325 illo
3611 3289 3829 3328 crucem

2248 3361 2591 3426 ascendente,
2623 3361 2702 3415 sol
2731 3361 3051 3416 obscuratus
3081 3371 3185 3430 est,
3219 3363 3310 3416 sed
3337 3369 3392 3415 et
3421 3362 3596 3432 ipsum
3631 3365 3831 3418 caelum

2249 3452 2487 3506 tenebris
2516 3461 2598 3506 est
2627 3451 2940 3506 obductum.
2978 3450 3141 3522 Signa
3174 3451 3226 3505 in
3261 3461 3426 3518 terra,
3449 3469 3569 3522 quae.
3600 3453 3831 3509 Domino

2249 3542 2496 3612 spiritum
2525 3542 2806 3596 emittente
2835 3541 3181 3607 contremuit,
3215 3553 3563 3596 monumenta
3594 3545 3827 3614 aperuit,

2248 3650 2377 3688 saxa
2426 3635 2620 3700 scidit,
2671 3641 2726 3688 et
2768 3633 2937 3687 multa
2983 3648 3104 3702 qua:
3147 3633 3479 3687 dormierant
3514 3643 3829 3689 sanctorum

2249 3739 2476 3794 corpora
2507 3723 2744 3779 rediviva
2787 3723 3029 3793 protulit.
3081 3741 3099 3773 ι
3131 3721 3460 3794 Sanguinem
3485 3732 3543 3778 et
3567 3725 3746 3794 ignem
3777 3735 3832 3779 et

2255 3837 2272 3870 ι
2304 3831 2558 3886 vaporem
2590 3817 2743 3871 fumi.
2778 3836 2795 3870 ι
2857 3814 3185 3886 Sanguinem
3230 3815 3297 3870 de
3345 3815 3516 3871 latere
3546 3831 3646 3870 suo
3673 3831 3827 3870 ema-

2249 3911 2468 3963 nantem
2497 3907 2675 3972 dedit,
2715 3925 2820 3978 quo
2851 3909 3015 3964 totius
3043 3907 3227 3962 mundi
3260 3906 3404 3962 salus
3431 3907 3729 3977 processit,
3776 3917 3830 3961 et

2250 4000 2559 4055 maledictio
2608 3999 2822 4064 deleta,
2874 4011 2930 4055 et
2978 4011 3086 4055 tota
3141 4011 3283 4056 terra
3337 4009 3420 4055 est
3467 4000 3825 4054 sanctiﬁcata.

2247 4088 2428 4157 Ignem
2459 4097 2668 4153 autem,
2710 4089 2762 4143 id
2789 4096 2901 4154 est,
2941 4088 3203 4158 Spiritum
3233 4099 3487 4145 sanctum
3519 4090 3703 4152 dedit,
3733 4090 3829 4158 qui

2249 4179 2425 4233 exurit
2454 4180 2634 4233 omnia
2668 4179 2796 4234 vitia
2826 4189 2881 4235 et
2905 4173 3126 4251 peceata
3160 4182 3214 4236 in
3244 4183 3486 4237 homine.
3521 4183 3788 4252 Vaporem
3809 4223 3824 4245 ,

2250 4269 2304 4324 id
2332 4279 2452 4336 est,
2501 4270 2731 4340 gratiam
2772 4273 3202 4340 compunctionis
3246 4283 3302 4328 et
3342 4273 3586 4328 ﬂetuum.
3642 4273 3827 4328 Potest

2254 4359 2418 4414 etiam
2453 4359 2505 4413 in
2537 4359 2660 4430 igne
2690 4358 2925 4414 ﬁdelium
2957 4360 3277 4416 illutuinatio
3304 4379 3317 4427 ;
3368 4365 3421 4416 iu
3455 4381 3656 4434 vapore
3693 4364 3824 4418 fumi

2248 4449 2575 4514 Judteorum,
2606 4450 2698 4518 qui
2725 4465 2830 4503 non
2859 4451 3228 4515 crediderunt,
3257 4451 3476 4504 caecitas
3503 4452 3746 4522 intelligi.

2326 4562 2342 4592 ε
2374 4543 2440 4596 Ει
2466 4541 2570 4596 erit
2600 4559 2614 4593 :
2657 4541 2833 4595 omnis
2862 4543 2953 4610 qui
2992 4543 3324 4596 invocaverit
3358 4558 3556 4596 nomen
3591 4543 3820 4607 Domini,

2253 4651 2271 4683 ι
2302 4633 2480 4688 salvus
2505 4632 2626 4686 erit.
2651 4651 2668 4682 ι
2707 4631 2822 4686 Hoc
2847 4635 3094 4702 estquod
3118 4633 3308 4688 Petrus
3330 4633 3458 4687 alibi
3481 4635 3560 4686 ait
3580 4635 3714 4701 (Act.
3732 4635 3817 4700 x):

2254 4745 2270 4775 ι
2302 4725 2433 4791 Quia
2464 4739 2572 4777 non
2615 4731 2698 4777 est
2741 4738 3092 4793 personarum
3124 4731 3378 4793 acceptor
3409 4724 3585 4786 Deus,
3633 4723 3726 4776 sed
3769 4724 3821 4776 in

2217 4823 2221 4827 '
2247 4815 2390 4872 omni
2421 4823 2576 4886 gente
2603 4815 2694 4884 qui
2724 4814 2878 4868 timet
2907 4829 3030 4868 eum
3063 4824 3118 4868 et
3141 4823 3399 4883 operatur
3422 4814 3718 4883 justitiam,
3741 4830 3822 4868 ac—

2246 4915 2429 4978 ceptus
2449 4915 2538 4962 est
2561 4906 2653 4960 illi.
2680 4926 2698 4957 ›
2741 4905 2871 4972 Quae
2895 4921 3018 4960 cum
3043 4907 3114 4960 ita
3139 4907 3267 4971 siut,
3290 4907 3560 4976 perspice,
3583 4921 3617 4961 0
3639 4907 3816 4970 homo,

2244 5007 2505 5069 quantum
2526 4996 2730 5061 valeas,
2752 5006 2806 5051 et
2829 4997 3100 5067 perpende
3122 4996 3251 5066 quid
3278 4997 3496 5062 debeas,
3521 5005 3581 5051 ut
3607 4998 3817 5052 tandem

2243 5088 2365 5143 vilis
2391 5103 2510 5143 esse
2549 5088 2645 5142 tibi
2675 5087 2914 5151 desinas,
2957 5095 3015 5140 ut
3051 5087 3134 5142 vel
3173 5103 3272 5157 per
3299 5087 3401 5141 hoc
3437 5086 3818 5142 erubescendis

2251 5179 2528 5249 subjaeere
2548 5179 2692 5234 vitiis
2721 5179 3050 5248 dedigneri‘s,
3075 5179 3199 5233 dum
3228 5179 3647 5250 generositatem
3678 5188 3817 5231 tuam

2248 5271 2315 5327 de
2343 5271 2613 5326 Creatoris
2638 5285 2700 5324 ac
2728 5268 3076 5339 Reparatoris
3104 5270 3361 5340 dignitate
3384 5270 3632 5324 imiteris.
3651 5270 3817 5323 Habet

2246 5377 2437 5420 causas
2459 5362 2651 5431 quibus
2674 5362 2866 5432 seipse
2888 5361 3201 5416 confundat.
3229 5361 3339 5418 Cur
3360 5363 3535 5432 dignis
3560 5362 3815 5417 Dominus

2248 5455 2373 5509 ﬁcto
2404 5453 2565 5508 corde
2595 5453 2876 5517 subdatur,
2905 5453 2990 5507 cui
3023 5454 3192 5523 gloria
3220 5453 3553 5524 promittitur
3580 5453 3817 5507 :eterna?

2248 5549 2322 5603 Ac
2357 5547 2400 5602 si
2438 5546 2652 5617 gemino
2689 5545 2975 5615 privilegio
3003 5545 3200 5600 divinae
3236 5545 3487 5614 imaginis
3521 5545 3810 5614 participa-

2248 5641 2393 5694 tione
2421 5638 2693 5693 videbaris
2720 5623 3036 5703 honoratus,
3064 5637 3291 5693 eﬁiceris
3315 5639 3476 5693 etiam
3506 5638 3811 5692 commercii

2247 5731 2331 5784 no!
2356 5731 2520 5784 ilitate
2542 5729 2827 5798 pretiosus.
2860 5728 3008 5785 Unde
3034 5744 3160 5800 ergo
3188 5738 3296 5784 tam
3321 5729 3474 5784 fortis
3501 5744 3618 5783 esse
3641 5727 3812 5796 possis
