4014 6354
196 264 395 362 ’569
928 267 935 273 ’
1503 294 1804 353 HOMILIAE
1846 295 1932 349 DE
1969 293 2311 351 TEMPORE.
2388 296 2391 299 ·
2806 278 2811 283 ’
2874 266 2877 269 ’
3424 297 3530 354 570

248 427 481 474 contra
508 417 716 472 hostem
746 425 918 480 tuum,
947 413 1217 484 interroga
1244 418 1443 467 statum
1475 418 1625 464 tuum
1644 451 1659 473 ,
1691 424 1853 478 quam
1884 413 1933 470 Α
1959 408 2262 462 cessitatem
2283 409 2566 479 ponendo?
2593 410 2728 478 Quia
2754 424 2911 467 nemo
2935 411 3254 466 necessitate
3279 413 3528 479 credidit,

255 510 391 565 tibi
419 507 673 562 Dominus
698 505 765 560 ad
791 504 1162 559 debellandum
1187 502 1243 557 in
1267 500 1525 556 membris
1549 501 1655 555 tuis
1678 499 1861 553 numdi
1966 498 2059 553 sed
2084 498 2377 565 voluntate.
2425 498 2592 555 Filius
2618 501 2849 566 dicebat,
2877 501 3039 556 Pater
3063 500 3308 556 docebat.
3355 501 3555 571 llomo~

251 597 596 669 principem
635 610 699 650 ac
738 593 1008 663 spiritales
1047 591 1313 662 nequitias
1343 591 1694 660 superandus,
1732 586 1863 642 libe-
1965 590 2059 661 qui
2081 591 2379 656 videbatur,
2406 590 2743 660 loquebatur,
2768 595 2862 649 sed
2888 594 3028 649 Deus
3054 594 3107 648 in
3130 594 3292 650 corde
3315 595 3536 650 audien-

259 705 412 745 ram
439 686 727 743 contulerit
752 684 1085 739 facultatem.
1140 686 1219 737 Ac
1257 682 1336 738 sic
1375 681 1708 752 impossibile
1753 696 1863 735 non

263 791 458 853 putes
500 788 554 833 te
593 776 873 832 transferri
907 785 967 830 ut
994 774 1236 829 coelestia
1270 773 1548 839 obtineas,
1596 773 1640 828 si
1686 773 1864 845 aerias

257 870 560 927 deviceris
604 877 920 940 potestates.
976 865 1094 922 Non
1145 881 1275 936 ergo
1324 874 1377 920 te
1425 864 1750 936 degenerem
1800 879 1864 918 ac

260 965 605 1035 despectum
636 962 797 1017 iaciat
824 961 964 1026 vita,
1011 975 1174 1030 quem
1216 957 1301 1012 vel
1346 954 1555 1012 factura
1599 957 1865 1041 probatur

260 1055 559 1110 illustrem
588 1052 913 1122 protulisse,
956 1050 1041 1104 vel
1078 1048 1290 1119 gratia:
1332 1046 1427 1102 sed
1456 1059 1862 1107 cursumsuum

210 1128 219 1132 δ
262 1146 481 1202 ﬁdeles
504 1143 703 1200 Christi
735 1143 800 1197 ad
828 1156 1058 1212 superna
1083 1137 1404 1194 ﬁducialiter
1429 1135 1696 1210 attollant.
1725 1134 1861 1189 Nam

262 1236 384 1305 qui
417 1250 476 1291 se
505 1233 707 1289 caelesti
739 1231 914 1302 pretio
939 1230 1121 1284 vident
1168 1228 1492 1296 redemptos,
1524 1226 1593 1280 ad
1618 1224 1863 1306 cmlestia

262 1302 404 1379 lion
433 1324 677 1378 dubitent
701 1330 1054 1393 prazparatos,
1077 1334 1173 1389 per
1192 1318 1478 1373 Dominum
1508 1302 1753 1397 nostrum
1772 1315 1867 1369 Je-

220 1414 227 1421 “
264 1432 414 1472 sum
444 1415 751 1481 Christum,
800 1414 887 1470 cui
932 1421 1016 1469 est
1061 1412 1235 1468 honor
1275 1417 1331 1465 et
1359 1409 1529 1480 gloria
1573 1407 1864 1464 in‘s'mcula

266 1508 636 1566 saeculorum.
666 1507 858 1562 Amen.
1688 1506 1691 1509 ί

856 1661 1132 1718 HOMILIA
1170 1659 1301 1716 CIV.

660 1812 816 1852 FERIA
849 1811 1064 1860 QUARTA
1099 1808 1495 1850 PENTECOSTES.

365 1932 540 2004 (101m.
569 1930 668 2001 vi.)
703 1950 721 1983 ι
750 1930 810 1984 in
856 1929 948 1984 illo
995 1940 1256 1999 tempore,
1305 1927 1442 1981 dixit
1484 1926 1645 1982 Jes'us
1695 1927 1870 1982 turbis

280 2042 306 2075 α
344 2022 653 2078 Iudaeorum
678 2036 692 2074 :
728 2018 895 2073 Nemo
923 2025 1101 2087 potest
1124 2017 1310 2071 venire
1339 2016 1407 2070 ad
1436 2030 1542 2079 me,
1572 2015 1676 2070 nisi
1704 2015 1870 2069 Pater

287 2132 315 2165 ι
356 2113 451 2182 qui
480 2110 627 2165 misit
650 2125 760 2173 me,
786 2109 1013 2163 traxerit
1033 2123 1174 2162 eum.
1200 2127 1220 2158 ι
1254 2106 1322 2161 Et
1344 2106 1577 2175 reliqua.
1601 2106 1739 2173 Quid
1764 2114 1866 2168 est,

276 2218 460 2257 nemo
490 2210 665 2272 potest
695 2202 875 2257 venire
903 2202 969 2255 ad
1002 2214 1088 2255 me
1110 2240 1125 2264 ,
1177 2200 1277 2254 nisi
1321 2200 1448 2268 quia
1492 2191 1655 2254 nemo
1692 2207 1871 2268 potest

279 2292 521 2345 credere
559 2291 613 2345 in
651 2305 765 2355 me,
810 2290 916 2345 nisi
952 2289 1116 2344 Pater
1152 2290 1242 2357 qui
1283 2290 1433 2359 misit
1466 2284 1585 2353 me,
1608 2319 1612 2323 «
1639 2289 1870 2343 traxerit

276 2381 464 2434 eum?
492 2380 584 2435 Ille
605 2382 779 2446 venit,
806 2396 965 2449 quem
992 2381 1164 2450 gratia
1195 2380 1288 2434 Dei
1321 2380 1604 2449 praevenit,
1634 2379 1720 2433 cui
1746 2394 1870 2433 cunt

280 2470 568 2540 Propheta
612 2471 896 2527 dicamus:
944 2491 962 2524 ι
996 2471 1364 2526 Misericordia
1410 2472 1528 2540 ejus
1576 2470 1871 2538 praeveniet

283 2575 386 2615 me
411 2558 585 2630 (Psal.
616 2563 789 2634 ινιιι).
824 2582 844 2615 ι
907 2564 970 2617 Et
1016 2564 1250 2617 iterum:
1288 2581 1307 2614 ι
1338 2563 1705 2618 Misericordia
1756 2561 1871 2630 ejus

281 2651 655 2721 subsequetur
679 2666 765 2707 me
791 2650 961 2723 (Psal.
990 2653 1149 2722 χχιι).
1175 2674 1194 2705 ι
1231 2654 1529 2708 Przeveniet
1556 2653 1711 2717 velle,
1739 2652 1870 2708 sub-

246 2751 555 2814 'sequetur
582 2743 864 2814 perﬁcere.
902 2744 1095 2799 Trahit
1134 2752 1313 2797 autem
1353 2742 1514 2797 Pater
1556 2732 1630 2797 ad
1668 2742 1867 2796 Filium

286 2849 391 2891 eos
418 2834 508 2904 qui
540 2842 823 2904 propterea
848 2834 1075 2889 credunt
1101 2833 1153 2888 in
1177 2832 1392 2896 Filium,
1420 2831 1545 2900 quia
1572 2846 1694 2886 eum
1722 2830 1870 2900 cogi-

290 2932 413 2979 tant
431 2922 646 2978 Patrem
670 2923 870 2977 habere
891 2924 1078 2977 Deum.
1104 2923 1243 2977 Deus
1259 2921 1402 2976 enim
1427 2919 1585 2975 Pater
1604 2920 1866 2990 aequalem

294 3015 401 3071 sibi
428 3013 609 3085 genuit
633 3012 855 3078 Filium,
882 3020 939 3067 et
965 3012 1055 3081 qui
1084 3011 1287 3082 cogitat
1315 3018 1477 3080 atque
1521 3010 1576 3065 in
1624 3009 1729 3065 ﬁde
1770 3026 1867 3065 sua

1966 682 2036 737 tis
2061 682 2288 738 interius
2315 683 2563 738 docebat.
2594 682 2721 739 Ideo
2746 684 3021 755 subjungit
3045 702 3058 738 :

2040 792 2059 825 ι
2087 771 2203 827 Non
2231 773 2357 842 quia
2385 771 2601 827 Patrem
2627 773 2761 826 vidit
2785 774 3091 843 quisquam,
3122 773 3225 830 nisi
3259 773 3305 830 is
3331 775 3421 844 qui
3451 784 3537 831 est

1971 882 1991 916 ι
2023 878 2053 918 a
2079 864 2208 928 Deo,
2248 863 2337 918 hic
2370 863 2518 918 videt
2553 863 2792 919 Patrem.
2824 883 2842 916 ι
2898 864 3010 934 Ego
3035 880 3153 918 sum
3185 880 3215 919 a
3242 864 3434 931 Patre,
3479 876 3538 922 et

1965 956 2086 1010 ideo
2127 954 2343 1009 Patrem
2384 955 2559 1009 video.
2613 953 2751 1020 Quid
2795 963 2879 1009 est
2922 964 3102 1021 autem
3144 956 3282 1010 trahi
3315 972 3345 1010 a
3374 956 3535 1013 Patre

1938 1044 2069 1101 'nisi
2097 1045 2303 1101 discere
2334 1060 2364 1099 a
2387 1043 2594 1099 Patre?
2642 1042 2781 1110 Quid
2810 1050 2894 1097 est
2922 1044 3129 1098 discere
3159 1060 3188 1098 a
3218 1045 3399 1111 Patre,
3431 1047 3534 1102 nisi

1967 1136 2152 1190 audire
2180 1134 2423 1199 Patrem,
2466 1133 2573 1188 nisi
2613 1132 2801 1187 audire
2848 1132 3072 1187 verbum
3116 1132 3319 1200 Patris,
3360 1134 3412 1188 id
3455 1143 3539 1190 est

1966 1227 2097 1281 me?
2144 1225 2224 1281 Ne
2264 1223 2405 1280 forte
2448 1239 2581 1294 ergo
2621 1238 2741 1278 cum
2786 1222 2907 1277 dico
2940 1222 3128 1277 vobis:
3166 1242 3183 1273 ι
3215 1223 3402 1279 Omnis
3446 1225 3538 1295 qui

1967 1317 2172 1373 audivit
2203 1333 2233 1371 a
2262 1316 2422 1370 Patre
2450 1323 2506 1370 et
2534 1314 2751 1379 didicit,
2787 1333 2807 1366 ι
2850 1313 3043 1368 dicatis
3079 1313 3217 1381 apud
3247 1330 3344 1369 vos
3372 1332 3385 1367 :
3433 1304 3541 1370 Sed

1966 1396 2238 1476 nunquam
2254 1405 2487 1460 vidimus
2502 1405 2729 1467 Patrem,
2747 1402 3014 1473 quomodo
3034 1411 3211 1457 autem
3227 1403 3432 1459 discere
3446 1420 3541 1475 po-

1968 1495 2167 1550 tuimus
2188 1510 2217 1549 a
2238 1493 2440 1549 Patre?
2469 1509 2499 1546 a
2526 1493 2730 1563 meipso
2752 1492 2954 1546 audite.
2989 1511 3007 1542 ‹
3030 1490 3146 1547 Νοη
3172 1492 3297 1562 quia
3323 1492 3538 1548 Patrem

1968 1586 2101 1640 vidit
2121 1587 2422 1656 quisquam,
2448 1586 2539 1640 sed
2560 1586 2649 1654 qui
2675 1594 2759 1638 est
2782 1599 2811 1637 a
2835 1582 2962 1647 Deo,
2985 1583 3073 1638 hic
3094 1584 3228 1638 vidit
3253 1584 3488 1639 Patrem.
3516 1605 3535 1638 ι

1970 1678 2083 1749 Ego
2116 1679 2239 1733 novi
2269 1678 2517 1743 Patrem,
2560 1678 2628 1732 ab
2667 1675 2755 1731 illo
2783 1691 2901 1730 sum
2928 1692 2941 1729 :
2985 1676 3079 1729 sed
3114 1676 3382 1745 quomodo
3409 1677 3544 1733 Ver-

1898 1765 1942 1826 B
1968 1770 2095 1825 bum
2127 1767 2317 1823 abillo
2342 1767 2496 1836 cujus
2535 1776 2618 1822 est
2656 1766 2916 1828 verbum,
2962 1781 3068 1818 non
3109 1765 3253 1835 quod
3294 1774 3451 1820 sonat
3490 1775 3546 1820 et

1972 1861 2208 1926 transit,
2266 1861 2360 1916 sed
2399 1858 2543 1931 quod
2587 1865 2770 1913 manet
2809 1871 2931 1911 cum
2975 1855 3185 1911 dicente
3211 1896 3225 1921 ,
3277 1865 3333 1911 et
3376 1857 3544 1912 trahit

1980 1953 2308 2008 audientem.

2047 2062 2066 2094 ε
2088 2043 2279 2109 Amen,
2306 2057 2460 2096 amen
2478 2041 2597 2096 dico
2621 2039 2770 2094 vobis
2794 2056 2806 2092 :
2833 2038 2924 2109 qui
2955 2037 3128 2093 credit
3156 2037 3207 2091 in
3240 2051 3347 2103 me,
3377 2039 3540 2093 habet

1979 2151 1999 2186 ς
2034 2134 2200 2187 vitam
2248 2145 2528 2188 aeternam.
2559 2151 2577 2182 ι
2633 2130 2894 2185 Revelare
2947 2145 3005 2184 se
3064 2128 3231 2184 voluit
3281 2128 3541 2183 Dominus

1973 2224 2104 2294 quid
2125 2232 2291 2279 esset.
2345 2222 2481 2277 Nam
2516 2222 2834 2292 compendio
2855 2221 3033 2276 dicere
3056 2220 3266 2291 potuit:
3299 2220 3399 2288 Qui
3427 2237 3545 2277 cre-

1976 2316 2057 2370 dit
2082 2316 2136 2370 in
2164 2331 2270 2379 me,
2302 2315 2465 2369 habet
2490 2329 2596 2368 me.
2634 2313 2752 2384 Ipse
2778 2314 2919 2368 enim
2950 2312 3194 2367 Christus
3214 2327 3374 2367 verus
3407 2313 3550 2366 Deus

1972 2415 2029 2463 et
2063 2407 2171 2461 vita
2200 2415 2423 2461 aeterna.
2455 2405 2555 2473 Qui
2596 2421 2726 2476 ergo
2764 2404 2935 2459 credit
2968 2405 3021 2457 in
3052 2419 3139 2459 me
3163 2404 3313 2461 venit
3333 2403 3397 2458 ad
3426 2420 3541 2459 me:

1973 2504 2030 2551 et
2051 2496 2141 2566 qui
2182 2495 2330 2549 venit
2370 2495 2438 2550 ad
2471 2511 2556 2551 me
2597 2493 2757 2551 habet
2786 2509 2891 2549 me.
2927 2493 3066 2560 Quid
3107 2502 3191 2548 est
3236 2502 3414 2551 autem
3444 2493 3545 2547 ha-

1973 2587 2103 2640 bere
2130 2585 2258 2639 me?
2286 2584 2496 2639 Habere
2543 2586 2707 2639 vitam
2754 2588 3041 2639 :eternam.’
3084 2583 3308 2638 Mortem
3339 2599 3548 2639 assum-

1974 2675 2080 2743 psit
2106 2674 2214 2727 vita
2240 2682 2440 2728 aeterna
2468 2714 2483 2739 ,
2530 2675 2664 2728 mori
2696 2674 2893 2740 voluit,
2932 2674 3024 2729 sed
3056 2675 3121 2729 de
3152 2683 3263 2740 tuo,
3302 2690 3335 2729 o
3363 2676 3545 2739 homo,

1942 2770 1945 2773 '
1972 2778 2078 2817 non
2104 2764 2170 2818 de
2199 2779 2318 2819 suo.
2351 2764 2562 2834 Accipit
2603 2781 2632 2818 a
2678 2774 2764 2830 te,
2795 2773 2853 2818 ut
2893 2774 3195 2820 moreretur
3219 2781 3316 2836 pro
3344 2774 3412 2820 te.
3452 2765 3551 2820 As-

1972 2858 2201 2928 sumpsit
2244 2873 2374 2928 ergo
2422 2859 2531 2912 vita
2576 2869 2826 2922 mortem,
2869 2868 2927 2913 ut
2956 2860 3065 2913 vita
3098 2859 3372 2914 occideret
3402 2875 3547 2915 mor-

1973 2958 2103 3005 tem.
2146 2948 2280 3004 Nam
2310 2949 2400 3018 qui
2429 2950 2621 3014 credit,
2665 2949 2858 3018 inquit,
2890 2950 3052 3005 habet
3077 2950 3239 3005 vitam
3264 2958 3547 3011 aeternam,

1980 3056 2086 3095 non
2118 3039 2259 3110 quod
2302 3050 2471 3110 patet,
2515 3042 2609 3096 sed
2636 3042 2777 3111 quod
2823 3041 2972 3097 latet.
3018 3040 3139 3097 Vita
3174 3043 3317 3097 enim
3346 3050 3549 3096 aiterna

297 3104 543 3200 semith
569 3104 807 3200 ι’ξηηίηδί
833 3102 1091 3200 quf‘lef‘
1118 3117 1242 3200 βεδε
1449 3117 1572 3155 eum
1596 3101 1864 3200 ,ξηβὶυίῗπη
1894 3118 1939 3179 C
1971 3139 2056 3184 est
2082 3101 2319 3184 verbum
2346 3101 2489 3198 quo‘d
2534 3131 2590 3184 iu
2634 3101 2898 3200 principio
2938 3140 3056 3185 erat
3105 3132 3246 3200 apud
3275 3131 3464 3194 Deum,
3496 3137 3552 3184 et

303 3193 557 3258 credidit,
604 3192 780 3262 ipsum
824 3190 990 3246 trahit
1032 3190 1195 3245 Pater
1222 3191 1289 3245 ad
1318 3188 1534 3244 Filium.
1591 3189 1692 3256 Qui
1720 3190 1866 3245 enim

305 3282 514 3338 Christo
540 3283 703 3347 dicit,
735 3297 840 3336 non
869 3291 953 3336 est
983 3280 1123 3335 Deus
1151 3294 1330 3343 verus,
1377 3294 1484 3334 non
1530 3279 1696 3333 trahit
1741 3293 1865 3334 eum
1944 3302 1951 3303 ί

304 3373 479 3440 Pater,
503 3374 595 3430 sed
622 3390 718 3429 sua
748 3361 999 3444 perversa
1028 3372 1288 3441 cogitatio
1319 3371 1487 3426 trahit
1508 3384 1630 3425 eum
1650 3368 1868 3424 veritati

300 3481 407 3521 non
449 3466 774 3522 consentire.
826 3465 919 3520 Ille
959 3473 1164 3520 tractus
1204 3471 1289 3529 est
1318 3480 1348 3518 a
1380 3462 1539 3518 Patre
1555 3461 1707 3531 ,squi
1750 3461 1864 3516 ait:

304 3575 323 3608 ι
355 3555 433 3610 Tu
462 3572 523 3612 es
565 3557 810 3612 Christus
835 3556 1005 3611 Filius
1029 3555 1122 3610 Dei
1151 3555 1257 3609 vivi
1291 3552 1509 3628 (Matth.
1536 3552 1648 3625 ενι)
1674 3569 1689 3619 ;
1729 3572 1748 3605 ι
1782 3553 1870 3607 cui

297 3646 576 3711 Dominus,
608 3645 815 3715 inquit:
849 3663 868 3694 ι
900 3644 1098 3699 Beatus
1125 3658 1203 3709 es,
1236 3644 1422 3699 Simon
1452 3643 1705 3712 Barjoua,
1739 3641 1867 3712 quia

295 3750 426 3789 caro
453 3744 508 3790 et
533 3736 750 3805 sanguis
790 3751 893 3789 non
935 3734 1192 3790 revelavit
1220 3734 1346 3799 tibi,
1394 3734 1491 3789 sed
1527 3732 1690 3788 Pater
1718 3749 1871 3788 meus

297 3826 387 3896 qui
416 3827 470 3881 in
503 3827 657 3905 curiis
685 3835 769 3883 est
794 3826 984 3895 (Ibid.)
1014 3847 1033 3879 ι
1068 3826 1187 3897 Ipsa
1218 3826 1499 3893 revelatio,
1532 3827 1648 3910 ipsa
1675 3836 1759 3911 eq
1789 3836 1871 3880 at-

298 3918 511 3973 tractio.
560 3918 694 3971 Dum
733 3919 877 3973 enim
929 3919 1102 3973 dixit:
1135 3937 1155 3970 ι
1188 3917 1355 3972 Nemo
1383 3928 1558 3989 potest
1586 3920 1773 3973 venire
1803 3918 1869 3972 ad

296 4023 405 4072 me,
427 4008 531 4063 nisi
554 4008 714 4063 Pater
736 4008 827 4078 qui
851 4009 996 4063 misit
1017 4024 1121 4073 me,
1147 4009 1371 4063 traxerit
1391 4024 1537 4072 eum,
1563 4008 1870 4063 {continuo

296 4097 608 4166 subiunxit:
644 4117 661 4149 ι
692 4098 758 4152 Ει
799 4114 900 4169 ego
933 4099 1265 4154 resuscitabo
1307 4114 1429 4154 eum
1474 4100 1527 4153 in
1572 4098 1873 4152 novissimo

300 4210 318 4243 ι
349 4189 455 4245 die.
490 4210 509 4243 ι
563 4188 761 4245 Reddit
802 4191 945 4260 quod
989 4199 1207 4261 sperat,
1250 4191 1453 4246 videbit
1500 4193 1641 4261 quod
1692 4192 1881 4246 adhuc-

296 4298 401 4338 non
448 4281 680 4335 videndo
728 4283 995 4341 credidit.
1046 4282 1397 4337 manducabit
1439 4280 1580 4351 quod
1615 4266 1868 4346 ’esuriit,

296 4375 580 4430 satiabitur
625 4390 690 4428 eo
738 4375 877 4444 quod
928 4374 1058 4428 sitit.
1133 4373 1232 4429 Ubi
1275 4375 1299 4426 ?
1365 4374 1422 4427 lu
1475 4379 1868 4429 resurrectione

297 4474 668 4530 mortuorum,
716 4464 842 4534 quia
874 4484 891 4515 ‹
922 4464 1035 4535 Ego
1067 4463 1403 4519 resuscitaho
1432 4479 1554 4519 eum
1596 4465 1648 4518 in
1682 4464 1862 4519 uovis—
1895 4464 1943 4521 Ι)

274 4562 277 4567 ’
296 4558 432 4613 simo
458 4556 562 4610 die.
599 4575 618 4607 ι

371 4688 388 4718 ι
418 4667 514 4721 E‘st
544 4667 803 4736 scriptum
840 4665 892 4719 in
920 4665 1195 4736 prophetis
1222 4664 1355 4737 (Jer.
1384 4666 1559 4738 χχχι).
1591 4665 1677 4720 Ἐι
1705 4675 1867 4721 erunt

304 4778 322 4810 ι
350 4772 538 4813 omnes
563 4757 820 4811 docibiles
848 4756 963 4811 Dei.
995 4776 1015 4808 ι
1068 4756 1246 4823 Quare
1277 4757 1378 4811 hoc
1409 4757 1563 4823 dixit,
1595 4772 1629 4812 o
1653 4756 1868 4813 Judaei?

300 4848 459 4903 Pater
497 4861 593 4902 vos
631 4862 736 4900 non
775 4846 957 4901 docuit
994 4847 1263 4916 quomodo
1293 4848 1517 4916 potestis
1546 4864 1632 4904 me
1659 4864 1862 4919 cogno-

299 4937 490 4995 scere?
534 4934 733 4992 Omnes
775 4937 925 5006 regni
969 4935 1111 4991 illius
1154 4936 1400 4991 homines
1445 4938 1704 4993 docibiles
1771 4939 1863 4993 Dei

300 5040 476 5098 erunt,
497 5048 602 5087 non
628 5030 696 5085 ab
716 5029 1020 5085 hominibus
1042 5028 1282 5082 audient.
1312 5027 1379 5082 Et
1400 5029 1444 5084 si
1469 5029 1537 5084 ab
1560 5030 1867 5085 hominibus

302 5110 550 5189 audiunt,
591 5131 767 5176 tamen
796 5121 939 5191 quod
969 5118 1301 5189 intelligunt,
1339 5120 1482 5174 intus
1508 5120 1685 5185 datur,
1720 5122 1867 5177 intus

301 5222 576 5279 coruscat,
628 5213 775 5268 intus
823 5211 1111 5289 revelatur.
1163 5210 1420 5266 Homines
1466 5210 1607 5267 foris
1643 5213 1863 5267 verbum

302 5320 488 5360 sonare
516 5312 779 5376 possunt,
820 5302 915 5357 sed
953 5301 1007 5357 in
1033 5317 1230 5357 vanum
1262 5302 1544 5370 laborant,
1589 5304 1691 5358 nisi
1722 5306 1866 5360 intus

303 5397 436 5453 Deus
467 5399 666 5452 docens
694 5394 870 5467 aperit
909 5409 1121 5449 sensus.
1173 5393 1266 5450 llle
1311 5404 1397 5450 est
1440 5395 1551 5449 Deo
1597 5395 1860 5459 docibilis,

303 5501 452 5557 quem
468 5485 610 5543 Deus
628 5487 775 5541 intus
789 5485 1035 5542 veritatis
1055 5485 1274 5541 instruit
1290 5486 1566 5557 agnitione
1587 5494 1640 5543 et
1658 5503 1860 5542 amore.

310 5596 326 5629 ι
349 5576 534 5633 Omnis
555 5578 646 5648 qui
675 5577 879 5633 audivit
906 5593 935 5631 a
963 5575 1124 5632 Patre
1150 5585 1205 5632 et
1230 5577 1418 5632 didicit
1440 5577 1584 5632 venit
1614 5578 1679 5633 ad
1711 5594 1815 5634 me.
1841 5599 1858 5631 ι

300 5671 571 5735 Quomvo
604 5669 765 5723 trahit
804 5668 964 5723 l’atcr
993 5668 1163 5724 decen
1186 5669 1236 5721 ὀ
1267 5677 1317 5722 et
1347 5668 1601 5734 delectat,
1639 5686 1740 5724 non
1773 5686 1861 5725 ue-

1969 3219 2112 3274 Deus
2135 3227 2255 3273 erat
2275 3217 2534 3283 Verbum,
2582 3227 2636 3272 et
2660 3219 2771 3272 vita
2797 3226 2916 3273 erat
2938 3219 3024 3272 lux
3056 3219 3332 3273 hominum
3364 3217 3547 3291 (Joan.

1968 3308 2032 3380 ι).
2066 3307 2200 3362 Mori
2227 3308 2396 3374 venit,
2429 3309 2524 3363 sed
2559 3308 2717 3363 tertia
2739 3309 2825 3362 die
2853 3308 3168 3363 resurrexit.

2044 3417 2063 3451 ε
2097 3399 2382 3479 Ego'sum,
2409 3419 2439 3475 ιι
2466 3400 2680 3469 inquit,
2723 3418 2741 3451 ε
2775 3400 2934 3469 panis
2958 3400 3102 3454 vitae.
3134 3419 3154 3452 ι
3192 3400 3262 3455 Et
3287 3401 3426 3455 unde
3454 3415 3546 3455 su-

1969 3491 2320 3561 perbiebant?
2355 3512 2373 3543 ι
2402 3490 2595 3546 Patres
2620 3492 2821 3556 vestri,
2854 3492 3049 3561 inquit,
3090 3492 3551 3547 manducaverunt

1975 3599 1994 3632 ο
2023 3597 2216 3637 manna
2246 3582 2298 3637 in
2322 3583 2561 3649 deserto,
2595 3593 2649 3638 et
2672 3583 2872 3638 mortui
2904 3594 3049 3639 sunt.
3072 3605 3092 3637 ι
3123 3584 3302 3652 Quare
3323 3585 3548 3640 mandu-

1970 3683 2228 3730 caverunt
2255 3716 2269 3742 ,
2302 3684 2356 3730 et
2380 3675 2575 3730 mortui
2620 3676 2781 3730 sunt?
2818 3676 2956 3744 Quia
2983 3677 3126 3748 quod
3149 3677 3404 3733 videbant
3431 3694 3549 3733 cre-

1975 3765 2175 3820 debant
2200 3781 2214 3820 :
2239 3767 2384 3836 quod
2408 3784 2515 3822 non
2542 3767 2794 3823 videbant
2835 3785 2941 3824 non
2982 3770 3366 3840 intelligebant.
3422 3772 3549 3845 ideo

1968 3863 2153 3924 patres
2179 3858 2369 3922 vestri,
2399 3857 2525 3928 quia
2567 3857 2769 3913 similes
2795 3858 2929 3913 estis
2948 3859 3169 3937 illorum
3192 3900 3209 3927 ,
3243 3877 3549 3916 murmura-

1971 3954 2118 4000 tores
2163 3956 2346 4015 patres
2396 3954 2857 4004 murmuratorum
2888 3950 3143 4005 ﬁliorum.
3196 3950 3553 4007 Manducave-

1971 4045 2097 4092 runt
2124 4036 2332 4112 Moyses
2353 4047 2408 4092 et
2434 4039 2614 4095 Aaron
2646 4080 2659 4105 ,
2709 4048 2765 4094 et
2793 4042 2973 4096 caeteri
3003 4042 3174 4098 sancti
3211 4042 3300 4112 qui
3337 4043 3552 4097 fuerunt

1972 4123 2024 4178 iu
2055 4125 2251 4195 populo
2281 4167 2296 4193 ,
2345 4143 2542 4181 manna
2586 4129 3074 4197 manducaverunt,
3117 4138 3171 4186 et
3214 4146 3318 4185 non
3354 4133 3551 4188 mortui

1971 4228 2119 4283 sunt,
2149 4220 2275 4288 quia
2301 4221 2617 4289 spiritaliter
2642 4223 2909 4278 visibilem
2934 4225 3113 4279 cibum
3144 4225 3547 4289 intellexerunt,

1972 4310 2292 4378 spiritaliter
2334 4312 2657 4368 esurientes.
2702 4314 2806 4367 Alii
2851 4317 3312 4370 manducaverunt
3342 4326 3395 4371 et
3422 4332 3548 4386 per-

1974 4409 2289 4454 manserunt
2332 4400 2382 4454 in
2412 4401 2762 4465 inﬁdelitate,
2803 4403 2942 4457 sicut
2976 4401 3142 4476 Judaei
3169 4403 3553 4459 audieruntlo-

1973 4498 2226 4558 quentem
2256 4490 2530 4546 Christum
2558 4532 2572 4557 ,
2626 4493 2720 4547 sed
2749 4508 2857 4557 non
2886 4493 3202 4563 spiritaliter
3239 4494 3401 4548 verba
3431 4493 3552 4563 ejus

1975 4580 2387 4648 intellexerunt;
2420 4583 2540 4637 ideo
2566 4583 2699 4637 dixit
2729 4584 2809 4638 eis
2838 4602 2850 4636 :
2890 4601 2907 4633 ι
2931 4583 3120 4637 Patres
3139 4584 3302 4638 vestri
3325 4585 3552 4638 mandu-

1972 4680 2228 4725 caverunt
2272 4688 2469 4727 manna
2509 4673 2564 4727 in
2614 4674 2862 4738 deserto,
2893 4681 2947 4728 et
2976 4673 3171 4727 mortui
3201 4680 3344 4727 sunt.
3375 4692 3393 4725 ι
3432 4673 3547 4740 Qua

1972 4769 2185 4826 morte,
2215 4763 2319 4816 nisi
2367 4762 2735 4818 inﬁdelitatis?
2778 4762 2912 4817 Nam
2948 4764 3001 4817 in
3055 4764 3325 4818 communi
3374 4773 3548 4819 morte

1968 4853 2168 4921 mortui
2216 4863 2382 4917 sunt,
2424 4862 2476 4908 et
2506 4854 2677 4908 saucti
2717 4854 2809 4924 qui
2840 4854 3055 4909 fuerunt
3092 4854 3232 4909 inter
3254 4870 3366 4911 eos.
3424 4854 3549 4910 Ideo

1970 4943 2200 5012 signavit
2227 4943 2486 5000 Dominus
2516 4945 2600 4999 his
2627 4945 2806 5000 verbis
2837 4950 3062 5000 mortem
3088 4946 3407 5016 spiritalem,
3438 4963 3545 5002 non

1968 5033 2262 5088 carnalem.
2291 5033 2480 5089 Patres
2504 5050 2632 5106 ergo
2662 5036 2888 5089 istorum
2916 5076 2932 5101 ,
2979 5037 3032 5091 id
3075 5045 3176 5101 est,
3220 5036 3342 5090 mali
3366 5046 3548 5105 patres

1968 5125 2253 5191 malorum,
2286 5124 2529 5181 inﬁdeles
2556 5134 2739 5196 patres
2775 5126 3090 5191 inﬁdelium,
3126 5135 3547 5181 murmuratores

1966 5223 2148 5284 patres
2196 5223 2672 5269 murmuratorum.
2755 5215 2890 5270 Nam
2949 5216 3016 5271 de
3077 5215 3221 5271 nulla
3270 5230 3329 5270 re
3376 5216 3546 5286 magis

1966 5305 2133 5359 Deum
2164 5304 2453 5360 offendisse
2477 5304 2565 5359 ille
2587 5304 2813 5376 populus
2833 5306 3008 5361 dictus
3036 5314 3138 5370 est,
3167 5319 3327 5375 quam
3357 5311 3542 5358 contra

1968 5393 2135 5449 Deum
2166 5390 2574 5451 murmurando.
2613 5395 2736 5452 Ideo
2758 5396 3015 5450 Dominus
3046 5394 3229 5449 volens
3259 5393 3544 5449 ostendere

1969 5483 2152 5538 talium
2186 5485 2325 5539 ﬁlios
2349 5525 2363 5550 ,
2392 5486 2519 5542 hinc
2557 5488 2624 5542 ad
2666 5502 2760 5542 eos
2803 5488 3000 5558 coepit:
3036 5486 3172 5553 Quid
3195 5482 3544 5539 murmuratis

1966 5579 2194 5635 invicem
2222 5623 2235 5645 ,
2267 5592 2692 5638 murmuratores
2722 5582 2811 5637 ﬁlii
2856 5587 3341 5642 muruuiratoruni,
3393 5577 3537 5631 ii‘a-

1969 5683 2078 5725 tres
2128 5674 2286 5727 vestri
2344 5674 2798 5729 uuuulucaveruut
2848 5674 2899 5727 in
2951 5674 3165 5727 deserto
3216 5687 3430 5734 manna,
3487 5678 3541 5723 et
