4014 6354
499 252 600 309 571

1122 255 1473 311 HAYMONIS
1511 256 1987 311 HALBEBSTAT.
2028 256 2241 312 El’lSC.
2281 256 2431 313 OPP.
2472 258 2651 316 PARS
2688 258 2753 316 Ιῐ.
2789 290 2857 303 --
2894 258 3128 318 HOMIL.

3692 255 3841 313 57!

500 366 701 423 mortui
731 375 877 422 sunt.
910 386 927 419 ι
962 364 1077 422 Νοη
1109 368 1233 438 quia
1264 368 1462 423 malum
1484 377 1623 434 erat,
1650 368 1743 425 sed
1774 368 1897 438 quia
1930 365 2069 421 male
2099 371 2146 429 Α
2174 342 2441 437 quomodo
2473 370 2753 431 Mattbaeus
2787 381 2842 435 et
2877 372 3057 428 Lucas
3095 372 3687 428 commemoraverint
3720 369 3837 424 di-

501 458 984 514 tnanducaverunt.
1960 490 1967 499 ι

574 565 593 596 ε
624 546 723 601 Hic
743 553 826 601 est
853 546 1008 617 panis
1033 544 1124 616 qui
1154 544 1222 602 de
1247 547 1388 604 coalo
1412 547 1711 607 descendit.
1730 570 1753 603 ο
1772 550 1945 607 ﬁunt:
1972 565 2075 621 pa-

500 655 621 693 nem
667 639 900 710 signavit
943 654 1170 705 manna,
1221 641 1365 697 hunc
1404 657 1599 712 panem
1636 643 1867 714 signavit
1905 642 2076 698 altare

499 733 615 786 Dei.
654 724 1002 789 Sacramenta
1032 732 1146 788 lucc
1171 742 1317 801 sunt,
1341 743 1397 789 et
1425 734 1516 789 illa
1547 734 1795 788 fuerunt:
1824 734 1877 788 in
1906 734 2075 805 signis

496 820 711 877 diversa
728 832 878 887 sunt,
907 823 958 877 in
984 839 1043 879 re
1061 840 1179 892 qua:
1203 826 1559 896 signiﬁcatur,
1583 825 1736 896 paria
1764 835 1908 880 sunt.
1938 825 2073 894 Apo-

494 910 691 966 stolum
719 913 842 967 audi
871 930 885 967 :
927 932 946 964 ι
976 912 1109 968 Nolo
1139 923 1320 970 autem
1348 930 1462 980 vos,
1490 935 1507 967 ›
1542 915 1748 985 inquit,
1779 935 1797 963 ε
1827 916 2073 985 ignorare

498 1000 722 1068 fratres,
744 1004 998 1073 quoniam
1026 1014 1211 1074 patres
1238 1007 1409 1061 nostri
1450 1021 1638 1061 omnes
1663 1006 1762 1061 sub
1787 1008 1928 1062 nube
1962 1005 2073 1062 fue-

496 1103 644 1158 runt,
676 1103 730 1149 et
760 1110 949 1151 omnes
971 1111 1122 1151 mare
1145 1098 1495 1163 transierunt,
1518 1107 1572 1153 et
1599 1114 1788 1154 omnes
1810 1100 1863 1154 in
1891 1098 2070 1171 Moyse

494 1181 749 1253 baptizati
773 1194 899 1241 sunt
927 1187 980 1241 in
1005 1188 1147 1243 nube
1172 1197 1226 1242 et
1253 1188 1306 1242 in
1328 1190 1498 1255 mari,
1531 1172 1595 1244 et
1610 1205 1797 1247 omnes
1825 1192 2067 1246 eamdem

494 1291 677 1332 escam
703 1279 998 1350 spiritalem
1046 1281 1508 1336 manducaveruut
1545 1280 1594 1351 (1
1627 1281 1748 1336 Cor.
1775 1282 1851 1353 κ).
1887 1300 1907 1335 ι
1944 1282 2066 1352 Spi-

466 1367 706 1439 _ritalem
750 1368 959 1439 utique,
1011 1385 1118 1426 non
1169 1369 1503 1439 corporalem
1550 1384 1729 1425 eseam
1769 1388 1782 1425 :
1835 1369 1959 1440 quia
1991 1370 2068 1426 illi

497 1473 717 1522 manna,
748 1474 848 1514 nos
869 1459 1028 1514 alium
1059 1460 1357 1530 spiritalem
1386 1479 1400 1514 :
1423 1461 1516 1516 sed
1539 1446 1720 1531 patres
1746 1461 1937 1525 nostri,
1962 1478 2067 1519 non

494 1557 681 1616 patres
710 1549 945 1614 illorum,
991 1549 1184 1620 quibus
1218 1565 1320 1605 nos
1360 1549 1564 1604 similes
1587 1565 1790 1615 sumus,
1817 1565 1922 1605 non
1950 1550 2069 1621 qui-

493 1638 596 1695 bus
623 1637 696 1693 illi
722 1638 927 1694 similes
955 1638 1190 1694 fuerunt.
1231 1658 1249 1690 ι
1274 1639 1372 1695 Hic
1398 1648 1482 1695 est
1509 1655 1636 1711 ergo
1657 1642 1811 1710 panis
1837 1641 1903 1695 de
1928 1641 2066 1697 ccelo

2166 460 2325 517 Lisso
2376 462 2658 547 Dominum
2709 464 2985 534 discipulis
3030 471 3089 519 ut
3129 479 3231 520 nec
3275 463 3478 536 virgam
3525 464 3834 529 ferrent,

2170 566 2297 606 cum
2330 546 2481 608 dicat
2503 546 2775 610 'Marctts:
2806 574 2838 607 ηε
2869 555 2935 611 Et
2952 555 3205 626 pmcepit
3238 555 3318 612 eis
3342 571 3410 612 uc
3431 557 3568 627 quid
3609 554 3832 612 tolle-

2154 649 2298 705 rent
2327 641 2379 695 in
2402 642 2486 695 via
2515 682 2528 707 ,
2573 642 2675 697 nisi
2699 643 2904 714 virgam
2937 650 3144 698 tantum
3171 643 3369 714 (Marc.
3397 645 3515 713 vi)?
3542 664 3565 696 ι
3608 642 3831 711 Quod

2175 729 2248 784 ita
2278 730 2521 799 solvitur,
2572 741 2631 787 ut
2673 732 3032 804 intelligamus
3070 733 3172 789 sub
3214 732 3319 788 alia
3357 732 3833 805 signiﬁcatione

2176 820 2372 876 dictam
2404 823 2634 894 virgam,
2666 838 2786 893 quae
2820 825 3116 879 secundum
3147 823 3385 879 Marcum
3407 823 3645 880 ferenda
3679 832 3823 889 est,

2174 918 2227 964 et
2249 911 2347 966 sub
2376 910 2478 965 alia
2507 911 2687 978 illam,
2722 928 2842 982 quae
2876 913 3173 969 secundum
3214 911 3521 969 Matthatum
3549 923 3624 970 et
3672 912 3823 968 Ln-

2173 1017 2292 1057 cam
2338 1020 2444 1059 non
2481 1013 2565 1060 est
2607 1004 2828 1061 ferenda
2855 1046 2871 1073 ,
2915 1006 3054 1062 sicut
3087 1005 3188 1061 sub
3224 1006 3329 1060 alia
3360 1006 3819 1077 signiﬁcatione

2173 1092 2494 1165 intelligitur
2516 1097 2741 1150 tentatio
2764 1097 2828 1152 de
2859 1112 2963 1167 qua
2991 1097 3194 1153 dictum
3225 1105 3327 1151 est.
3370 1116 3388 1149 ι
3416 1096 3555 1153 Deus
3586 1095 3815 1151 uerni-

2171 1202 2294 1242 nem
2338 1196 2509 1242 tentat
2535 1188 2677 1260 (Jac.
2712 1188 2789 1260 t):
2825 1208 2844 1240 ι
2893 1198 2948 1244 et
2992 1189 3093 1244 sub
3135 1188 3242 1244 alia
3289 1189 3355 1244 de
3395 1203 3497 1259 qua
3543 1186 3808 1243 dictum

2170 1285 2290 1332 est:
2323 1295 2340 1329 ε
2365 1278 2560 1334 Tentat
2604 1295 2700 1334 vos
2740 1278 2999 1335 Dominus
3031 1280 3173 1335 Deus
3200 1288 3402 1342 vester,
3437 1286 3497 1333 ut
3536 1279 3706 1334 sciat
3743 1276 3804 1333 si

2172 1368 2394 1439 diligitis
2417 1383 2537 1425 eum
2562 1369 2740 1441 (Deut.
2768 1371 2882 1439 xv).
2916 1390 2935 1423 ι
2964 1370 3082 1437 Illa,
3112 1371 3440 1427 seductionis
3458 1378 3578 1425 est:
3621 1370 3799 1433 hac,

2170 1457 2522 1526 probationis.
2558 1459 2857 1529 Utrumque
2901 1474 3031 1529 ergo
3069 1461 3439 1530 accipiendum
3466 1468 3551 1514 est
3577 1475 3619 1513 a
3654 1458 3793 1514 Do-

2170 1550 2319 1605 mino
2349 1550 2605 1620 apostolis
2631 1551 2833 1606 dictum
2865 1570 2878 1606 :
2918 1559 3008 1616 et,
3047 1559 3107 1606 ut
3138 1567 3236 1608 nec
3263 1552 3467 1621 virgam
3498 1549 3737 1606 ferrent
3766 1568 3789 1604 :

2170 1648 2247 1704 et,
2280 1640 2343 1694 ut
2361 1656 2466 1695 non
2494 1641 2598 1696 nisi
2623 1642 2829 1713 virgam
2862 1641 3083 1698 ferrent.
3114 1641 3248 1698 Cum
3284 1642 3425 1696 enim
3452 1640 3787 1696 secundum

493 1728 842 1785 descendens.
870 1748 890 1782 ι
929 1748 947 1779 ι
973 1728 1044 1784 Ut
1072 1729 1117 1783 si
1139 1732 1259 1800 quis
1280 1746 1344 1785 ex
1376 1730 1492 1800 ipso
1516 1710 1939 1795 manducaverit,
1962 1745 2066 1786 non
2096 1710 2142 1769 Β
2170 1729 2478 1785 Mattbaeum
2516 1710 2731 1785 diceret
2745 1731 2823 1786 eis
2847 1730 3060 1802 (Matth.
3084 1730 3139 1802 χ)
3166 1749 3181 1785 :
3217 1749 3235 1782 ι
3269 1729 3442 1785 Nolite
3468 1729 3787 1800 possidere

497 1836 517 1870 ι
553 1820 834 1875 moriatur.
865 1840 883 1873 ι
921 1818 1027 1876 Sed
1069 1821 1209 1891 quod
1239 1822 1472 1891 pertinet
1508 1822 1575 1875 ad
1606 1821 1857 1877 virtutem
1889 1836 2069 1877 sacra-

490 1910 681 1975 menti,
707 1925 811 1965 non
834 1910 977 1979 quod
1006 1911 1238 1981 pertinet
1272 1912 1340 1965 ad
1369 1910 1577 1967 visibile
1618 1920 2014 1968 sacramentum
2049 1930 2063 1967 :

491 1997 583 2066 qui
633 1999 923 2054 manducat
967 1999 1150 2064 intus,
1206 2015 1312 2055 non
1355 1999 1531 2056 foris:
1560 2001 1655 2072 qui
1693 2001 1984 2057 manducat
2011 1996 2066 2057 in

492 2088 678 2154 corde,
702 2105 808 2144 non
838 2090 930 2160 qui
952 2092 1148 2160 premit
1175 2092 1354 2147 dente.
1844 2080 1853 2087 ’
2018 2160 2023 2163 ἓ

569 2196 588 2228 ι
615 2178 725 2248 Ego
766 2193 885 2233 sum
928 2179 1081 2249 panis
1122 2180 1275 2234 vivus
1319 2181 1409 2249 qui
1452 2181 1520 2237 de
1563 2181 1703 2236 coelo
1739 2181 2008 2238 descendi.
2044 2201 2061 2235 ι

490 2267 613 2324 Ideo
640 2269 815 2335 vivus,
843 2270 968 2340 quia
1003 2271 1069 2327 de
1096 2270 1232 2326 coelo
1262 2272 1536 2328 descendi.
1582 2272 1657 2327 De
1687 2270 1823 2328 caelo
1845 2272 2068 2328 descen-

490 2361 569 2415 dit
605 2371 659 2416 et
698 2378 928 2429 manna;
977 2362 1071 2419 sed
1101 2378 1295 2417 manna
1324 2362 1512 2417 umbra
1542 2372 1659 2417 erat
1684 2403 1699 2430 ,
1730 2363 1831 2418 iste
1869 2364 2068 2419 veritas

491 2460 591 2508 cst.

571 2563 589 2594 ι
629 2543 687 2599 Si
720 2545 840 2614 quis
887 2544 1293 2600 manducavcrit
1342 2560 1407 2599 ex
1454 2543 1555 2598 hoc
1602 2559 1771 2614 pane,
1823 2544 1963 2599 vivet
2012 2543 2064 2597 iu

498 2652 517 2685 ε
547 2644 830 2689 a-ternum.
872 2634 938 2689 Et
965 2637 1118 2705 panis
1161 2651 1320 2703 quem
1363 2650 1465 2705 ego
1489 2634 1648 2698 dabo,
1679 2649 1805 2689 caro
1832 2649 1950 2688 mea
1984 2643 2069 2689 est

498 2743 517 2773 ι
543 2740 638 2793 pro
658 2725 840 2779 mundi
870 2725 999 2777 vita.
1022 2744 1040 2774 ι
1084 2724 1197 2779 Hoc
1226 2725 1442 2793 quando
1480 2731 1701 2793 caperet
1743 2739 1893 2787 caro,
1923 2722 2067 2791 quod

496 2812 631 2866 dixit
660 2828 851 2882 panem
886 2814 1139 2867 carnem?
1166 2813 1402 2867 Vocatur
1429 2827 1586 2875 caro,
1617 2811 1758 2882 quod
1789 2826 1891 2865 non
1922 2812 2068 2881 capit

492 2917 639 2956 caro.
682 2902 750 2956 Et
786 2902 903 2956 ideo
937 2903 1109 2973 magis
1150 2918 1256 2957 non
1300 2902 1440 2972 capit
1483 2918 1642 2966 caro,
1679 2901 1804 2972 quia
1844 2910 2069 2956 vocatur

493 3008 642 3047 caro.
680 2993 791 3047 Hoc
811 2994 954 3048 enim
977 2994 1404 3059 exhorruerunt,
1430 2994 1533 3049 hoc
1548 2993 1924 3062 assiutulatum
1946 3007 2066 3049 esse

493 3083 765 3146 dixerunt,
794 3085 895 3138 hoc
919 3099 1022 3138 nou
1059 3084 1171 3139 ﬁeri
1199 3095 1537 3155 putaverunt.
1585 3104 1602 3137 ‹
1633 3084 1772 3140 Caro
1804 3099 1923 3139 mea
1954 3092 2058 3148 est,
2092 3051 2135 3113 C

490 3176 684 3246 inquit,
706 3192 803 3246 pro
831 3177 1012 3231 mundi
1039 3177 1164 3231 vita.
1193 3197 1211 3230 ι
1256 3177 1460 3232 Norant
1487 3175 1671 3233 ﬁdeles
1692 3191 1887 3247 corpus
1909 3175 2065 3232 Citri-

490 3268 581 3331 sti,
613 3269 654 3322 si
679 3284 874 3337 corpus
903 3269 1103 3325 Christi
1130 3284 1250 3325 esse
1278 3285 1382 3325 non
1406 3271 1700 3342 negligunt.
1752 3268 1909 3323 Fiant
1937 3283 2061 3323 cor-

489 3376 591 3432 pus
620 3359 818 3416 Christi
842 3403 855 3425 ,
898 3361 943 3417 si
974 3362 1157 3417 volunt
1186 3363 1365 3418 vivere
1393 3363 1458 3418 de
1496 3363 1689 3433 spiritu
1714 3362 1934 3418 Christi.
1989 3361 2064 3417 De

490 3452 679 3521 spiritu
706 3451 904 3509 Christi
937 3468 1041 3507 non
1058 3454 1207 3518 vivit,
1235 3455 1333 3509 nisi
1353 3470 1549 3524 corpus
1567 3454 1786 3511 Christi.
1811 3454 2065 3526 Quisquis

441 3534 449 3541 ’
487 3542 670 3597 vivere
690 3542 820 3606 vult,
867 3543 1051 3597 credat
1091 3543 1145 3597 in
1171 3541 1477 3610 Christum,
1501 3545 1787 3601 manducet
1812 3546 2065 3615 spiritali-

494 3640 575 3684 ter
602 3631 900 3699 spiritalem
941 3632 1119 3685 cibum
1148 3672 1162 3697 ,
1205 3632 1574 3703 incorporetur
1600 3634 1809 3705 corpori
1840 3633 2061 3701 Christi,

491 3732 671 3777 etnon
700 3723 769 3777 sit
801 3724 1072 3793 putt-idum
1104 3725 1406 3779 membrum
1437 3725 1578 3794 quod
1611 3726 1843 3781 resecari
1864 3741 2066 3781 merea-

494 3824 602 3878 tur,
627 3815 696 3867 sit
730 3814 1033 3883 pulchrunt,
1065 3816 1133 3869 sit
1158 3831 1370 3882 sanum,
1398 3817 1469 3871 sit
1489 3825 1668 3887 aptum
1700 3817 1860 3888 capiti
1891 3833 2008 3874 suo.

1062 3946 1337 4002 IlOMiLlA
1380 3947 1488 4003 CV.

866 4074 1019 4115 FER”
1056 4076 1250 4125 QUINTA
1283 4077 1677 4118 i’ENTECOSTES.

562 4172 715 4245 (Luc.
740 4176 840 4246 ιχ.)
871 4192 890 4225 ε
911 4174 966 4227 1η
996 4173 1084 4228 illo
1105 4181 1342 4243 tempore
1368 4191 1382 4228 :
1413 4174 1733 4229 Convocatis
1752 4172 1907 4228 Jesus
1935 4173 2065 4227 duo-

496 4286 512 4317 ς
544 4266 713 4320 decim
749 4264 1026 4335 apostolis,
1053 4265 1197 4319 dedit
1225 4265 1328 4320 illis
1355 4265 1606 4320 virtutem
1650 4275 1706 4320 et
1743 4273 2059 4334 potestatem

496 4376 514 4405 ι
544 4372 705 4428 super
734 4357 911 4410 omnia
930 4397 944 4421 ,
976 4365 1032 4412 et
1058 4365 1116 4411 ut
1143 4356 1430 4428 languores
1469 4367 1743 4411 curarent.
1772 4377 1792 4410 ι
1844 4357 1906 4410 Et
1932 4358 2059 4411 reli-

496 4466 620 4520 qua.
660 4449 928 4504 Concessa
956 4456 1224 4519 potestate
1248 4449 1421 4519 primo
1446 4448 1720 4518 signorum
1741 4487 1756 4513 ,
1788 4447 1933 4502 misit
1968 4463 2061 4503 eos

491 4540 784 4611 praedicare
813 4555 1033 4611 regnum
1060 4538 1151 4593 Dei
1170 4580 1183 4603 ,
1236 4546 1293 4593 ut
1320 4538 1707 4608 promissorum
1736 4539 2060 4608 magnitudi-

493 4645 613 4683 nem
638 4638 986 4684 attestaretur
1013 4628 1175 4683 etiam
1203 4628 1512 4698 magnitudo
1542 4626 1802 4682 factorum
1831 4668 1845 4692 ,
1875 4627 2063 4682 ﬁdem-

491 4736 595 4791 que
618 4722 798 4776 verbis
822 4722 972 4776 daret
996 4720 1167 4773 virtus
1187 4727 1436 4774 ostensa:
1466 4728 1667 4775 etnova
1691 4718 1950 4783 facerent,
1969 4719 2059 4788 qui

491 4828 627 4868 nova
650 4812 1027 4883 praidicarent.
1077 4809 1224 4866 Unde
1254 4826 1397 4864 nunc
1430 4826 1641 4880 quoque
1673 4825 1796 4865 eum
1826 4808 2058 4862 ﬁdelium

495 4903 855 4959 numerositas
877 4901 1116 4955 excrevit
1140 4900 1281 4955 intra
1307 4909 1545 4955 sanetam
1569 4899 1882 4961 Ecclesium,
1908 4898 2059 4952 multi

491 5003 618 5050 sunt
665 4993 754 5063 qui
799 4992 961 5046 vitam
1008 4992 1261 5046 virtutum
1313 5000 1515 5054 tenent,
1549 4998 1602 5043 et
1625 4990 1773 5061 signa
1802 4989 2058 5042 virtutum

491 5098 599 5138 non
627 5082 848 5136 habent.
898 5079 1034 5148 Quia
1064 5081 1259 5137 frustra
1288 5080 1602 5136 miraculum
1647 5080 1789 5133 foras
1821 5077 2060 5132 ostendi-

494 5182 602 5237 tur,
630 5171 674 5228 si
699 5170 849 5228 deest
877 5170 1020 5242 quod
1060 5172 1203 5228 intus
1242 5180 1512 5241 operetur.
1548 5168 1680 5222 Nam
1708 5166 1857 5237 juxta
1893 5165 2059 5237 Magi-

491 5268 589 5325 stri
628 5266 868 5339 gentium
897 5282 1082 5322 vocem
1115 5280 1129 5317 :
1162 5284 1181 5316 ‹
1210 5265 1425 5335 Lingua:
1465 5263 1517 5316 in
1548 5261 1761 5331 signum
1804 5269 1927 5316 sunt
1955 5275 2060 5314 non

491 5360 758 5426 ﬁdelibus,
789 5360 883 5417 sed
915 5358 1217 5415 inﬁdelibus
1244 5355 1294 5427 (I
1319 5347 1440 5410 Cor.
1467 5354 1597 5424 xiv).
1630 5375 1647 5407 ι

566 5474 584 5505 ε
620 5453 688 5507 Et
710 5454 784 5508 ait
806 5453 869 5507 ad
894 5452 1049 5505 illos:
1083 5447 1225 5503 Nihil
1250 5445 1478 5501 tuleritis
1503 5445 1556 5499 in
1584 5445 1669 5499 via
1696 5486 1711 5511 ,
1744 5458 1918 5513 neque
1956 5442 2062 5497 vir-

495 5564 513 5595 ε
544 5560 665 5616 gam
688 5585 703 5608 ,
744 5556 916 5611 neque
939 5554 1123 5610 peram
1152 5577 1166 5603 ,
1211 5550 1384 5605 neque
1412 5549 1605 5605 panem
1635 5575 1648 5599 ,
1695 5550 1867 5603 neque
1895 5548 2057 5604 pecu-

494 5654 511 5685 ε
547 5635 708 5698 niam,
746 5646 915 5700 neque
942 5631 1075 5684 duas
1106 5627 1311 5683 tunicas
1347 5624 1609 5680 habeatis.
1641 5644 1659 5676 ι
1713 5624 1858 5677 Solet
1888 5623 2053 5692 qtueri

2168 1837 2359 1877 aurum
2385 1830 2440 1878 et
2468 1835 2770 1893 argentum,
2802 1843 2820 1875 ι
2850 1834 2954 1878 etc.
2977 1863 2992 1888 ,
3032 1823 3289 1879 continuo
3316 1823 3580 1893 subjecit:
3623 1841 3647 1872 ι
3673 1815 3823 1877 υἰ-’

2168 1931 2306 1987 gnus
2358 1923 2441 1970 est
2492 1917 2637 1971 enim
2683 1915 2965 1985 operarius
3012 1917 3134 1971 cibo
3188 1931 3307 1971 suo.
3340 1934 3359 1968 ι
3414 1914 3567 1970 Unde
3610 1916 3775 1971 satis

2165 2004 2402 2061 ostendit
2423 2019 2522 2060 cur
2540 2019 2632 2059 eos
2650 2004 2764 2060 haec
2791 2004 3067 2075 possidete
3090 2019 3154 2059 ac
3178 2002 3322 2059 terre
3346 2004 3603 2069 noluerit,
3641 2020 3771 2060 non

2166 2097 2307 2167 quod
2334 2097 2641 2153 necessaria
2679 2111 2786 2151 non
2823 2104 2951 2152 sunt
2987 2096 3365 2152 sustentationi
3406 2096 3572 2165 hujus
3600 2097 3763 2158 vitm.

2167 2185 2260 2240 sed
2288 2186 2414 2254 quia
2458 2185 2536 2239 sic
2572 2200 2667 2241 eos
2697 2185 2982 2251 mittebat,
3029 2193 3090 2240 ut
3134 2184 3213 2240 eis
3240 2184 3356 2238 haec
3379 2185 3563 2239 deberi
3590 2201 3760 2239 mon.

2166 2279 2363 2331 stt‘arct
2390 2276 2620 2340 abillis,
2660 2275 3235 2346 quibus-Evangelium
3279 2276 3627 2330 credentibus
3654 2292 3764 2331 an-

2167 2367 2500 2421 nuntiarent.
2551 2365 2733 2422 Claret
2772 2375 2952 2421 autem
3005 2367 3107 2421 hoc
3150 2381 3258 2420 non
3312 2366 3383 2421 ita
3427 2368 3759 2435 praecepisse

2167 2459 2474 2524 Dominum,
2511 2468 2763 2528 tanquam
2794 2459 3149 2529 Evangelista:
3174 2458 3356 2513 vivere
3392 2458 3608 2513 aliunde
3636 2476 3760 2514 non

2166 2549 2428 2611 debeant.
2472 2565 2634 2619 quam
2661 2550 2743 2603 eis
2774 2549 3160 2618 prmbentibus,
3190 2549 3385 2617 quibus
3415 2549 3757 2603 annuntiant

2165 2637 2818 2709 Evangeliummlioquin
2865 2648 3055 2694 contra
3104 2639 3207 2694 hoc
3245 2647 3570 2708 praeceptum
3618 2639 3755 2694 fecit

2164 2726 2470 2796 Apostolus,
2504 2728 2595 2798 qui
2626 2728 2827 2783 victum
2856 2729 2924 2784 de
2952 2744 3207 2783 manuum
3231 2744 3447 2784 suarum
3472 2729 3755 2785 laboribus

2167 2816 2498 2886 transigebat
2523 2857 2538 2881 ,
2584 2832 2653 2872 ne
2678 2818 2930 2887 cuiquam
2960 2821 3140 2890 gravis
3171 2832 3316 2878 esset
3346 2821 3432 2892 (II
3459 2822 3583 2877 Cor.
3616 2822 3751 2892 nt),

2167 2904 2262 2961 sed
2300 2912 2623 2975 potestatem
2658 2907 2903 2973 dedisse,
2948 2909 2999 2963 in
3038 2924 3144 2979 qua
3173 2911 3373 2965 scirent
3401 2911 3501 2966 sibi
3529 2913 3634 2967 ista
3657 2913 3756 2968 de-

2168 2993 2305 3049 beri.
2342 2992 2473 3049 Cum
2501 3003 2681 3050 autem
2709 3011 2740 3049 a
2777 2997 3003 3052 Domino
3026 2999 3228 3068 aliquid
3268 3000 3612 3070 impetratur,
3638 3001 3752 3058 nisi

2165 3087 2295 3152 ﬁat,
2342 3086 2719 3142 inobedientiaa
2757 3087 2913 3158 culpa
2958 3097 3079 3144 est:
3115 3105 3239 3145 cum
3280 3099 3457 3145 autem
3506 3100 3752 3161 potestas

2164 3178 2341 3243 datur,
2373 3177 2499 3233 licet
2522 3179 2719 3249 cuique
2751 3193 2856 3234 non
2885 3180 2994 3244 uti,
3038 3189 3093 3235 et
3119 3188 3373 3249 tanquam
3404 3180 3470 3235 de
3499 3196 3599 3236 suo
3620 3180 3753 3251 jure

2166 3271 2439 3326 recedere.
2495 3267 2608 3325 Hoc
2649 3284 2779 3339 ergo
2819 3269 3077 3326 ordinans
3112 3271 3368 3325 Dominus
3394 3311 3409 3335 ,
3445 3271 3591 3340 quod
3620 3286 3753 3326 eum

2165 3361 2446 3416 ordinasse
2492 3359 2624 3414 dicit
2670 3358 2987 3430 Apostolus,
3040 3362 3123 3417 his
3149 3361 3243 3431 qui
3274 3360 3620 3437 Evangelium
3642 3376 3753 3416 an-

2165 3450 2437 3514 ttuntiaut,
2468 3448 2534 3504 de
2560 3448 2853 3520 Evangelia
2879 3451 3082 3506 vivere.
3140 3450 3230 3505 "1.!
3260 3450 3520 3521 apostolis
3558 3450 3751 3522 loquco

2164 3540 2345 3607 batur,
2393 3549 2454 3594 ut
2497 3540 2672 3595 securi
2718 3556 2822 3595 non
2860 3541 3226 3610 possiderent,
3266 3555 3441 3610 neque
3466 3550 3752 3609 portarent

2164 3632 2324 3703 hujus
2350 3632 2473 3686 vita:
2510 3631 2813 3686 necessaria
2842 3647 2941 3686 nec
2976 3647 3166 3702 magna
3190 3647 3289 3686 nec
3317 3632 3555 3685 minima.
3620 3631 3755 3687 Ideo

2163 3721 2359 3791 posuit,
2389 3736 2488 3777 nec
2510 3721 2738 3791 virgam.
2762 3721 3049 3776 ostendens
3093 3736 3122 3775 a
3152 3719 3397 3775 ﬁdelibus
3422 3720 3536 3775 suis
3559 3720 3747 3776 omnia

2165 3812 2345 3882 deberi
2381 3812 2641 3866 ministris
2662 3810 2809 3875 suis,
2842 3811 2983 3866 nulla
3012 3810 3281 3882 superﬂua
3316 3811 3747 3881 requirentibus,

2165 3916 2228 3955 ac
2244 3872 2357 3970 .pcr
2386 3900 2509 3966 hoc,
2539 3872 2822 3955 addendo:
2862 3920 2880 3952 ι
2906 3872 3106 3972 Dignus
3150 3908 3235 3955 est
3278 3872 3420 3954 enini
3461 3872 3749 3970 operarius

2162 3992 2285 4047 cibo
2312 4005 2433 4056 suo,
2462 4010 2480 4041 ι
2512 4005 2734 4060 prorsus
2763 3989 2975 4059 aperuit
3013 3999 3067 4044 et
3105 3988 3418 4054 illustravit,
3459 3989 3601 4042 unde
3625 3989 3743 4043 haec

2162 4081 2341 4136 omnia
2369 4080 2699 4149 loqueretur.
2753 4080 3073 4139 Hanc.enitn
3105 4088 3426 4150 potestatem
3452 4080 3615 4150 virga:
3640 4096 3743 4135 no—

2164 4171 2309 4225 mine
2337 4169 2685 4240 signiﬁcavit,
2730 4185 2851 4226 cum
2881 4171 3042 4226 dicit:
3082 4188 3101 4223 ε
3132 4169 3208 4226 Ne
3239 4172 3368 4241 quid
3407 4171 3658 4227 tollerent
3685 4171 3743 4226 ir.

2164 4263 2247 4316 via
2288 4262 2389 4317 nisi
2434 4262 2641 4333 virgam
2692 4270 2923 4328 tantum,
2955 4283 2974 4315 ο
3009 4272 3067 4317 ιιι
3109 4263 3460 4334 intelligatur,
3490 4264 3619 4333 quia
3642 4279 3745 4333 per

2164 4363 2481 4424 potestatem
2512 4371 2541 4407 a
2565 4355 2791 4409 Domino
2818 4363 3115 4424 acceptam,
3139 4370 3300 4424 quam
3331 4355 3494 4425 virgae
3522 4355 3742 4410 nomine

2164 4447 2503 4518 signiﬁcavit,
2531 4447 2695 4502 etiam
2726 4461 2846 4515 qua:
2874 4461 2981 4501 non
3012 4454 3296 4515 portantur
3334 4462 3441 4501 non
3482 4447 3730 4503 deerunt.

2166 4538 2276 4593 Hoc
2321 4545 2375 4591 et
2409 4538 2475 4591 de
2524 4537 2734 4591 duabus
2781 4536 2978 4591 tunicis
3020 4535 3419 4607 intelligendum
3448 4545 3551 4602 est,
3576 4545 3637 4592 ut
3669 4552 3738 4592 ne

2164 4628 2446 4697 quisquam
2495 4642 2681 4682 eorum
2726 4636 2922 4698 prarter
2970 4644 3090 4684 eam
3149 4643 3254 4698 qua
3304 4638 3447 4684 esset
3494 4629 3735 4695 indutus,

2164 4718 2321 4772 aliam
2368 4716 2687 4787 portandam
2729 4725 2980 4786 putaret,
3014 4716 3272 4772 sollicitus
3300 4733 3368 4772 ne
3406 4733 3540 4789 opus
3569 4727 3731 4783 esset,

2164 4823 2282 4861 cum
2308 4821 2371 4861 ex
2404 4805 2492 4859 illa
2522 4813 2788 4874 potestate
2814 4816 2997 4876 posset
3024 4809 3286 4878 accipere.
3323 4808 3476 4876 Quod
3501 4825 3627 4864 vero
3650 4825 3735 4866 se-

2163 4893 2392 4947 cundum
2438 4892 2678 4947 Marcum
2723 4909 2825 4947 non
2854 4895 3057 4963 portari
3094 4896 3176 4949 vel
3210 4897 3394 4950 haberi
3425 4898 3559 4953 duas
3595 4898 3734 4953 tuni-

2163 4999 2276 5047 cas,
2298 4982 2391 5037 sed
2417 4982 2722 5054 expressius
2751 4984 2894 5038 indui
2940 4984 3215 5056 prohibet,
3265 4986 3486 5040 dicens:
3526 5005 3544 5037 ι
3577 4986 3639 5041 Ει
3666 5003 3733 5043 nc

2165 5074 2512 5128 induerentur
2554 5075 2762 5129 duabus
2808 5075 3024 5139 tunicis,
3054 5097 3070 5127 ι
3104 5077 3229 5147 quid
3264 5093 3356 5131 eos
3383 5088 3593 5145 monet,
3630 5080 3730 5135 nisi

2163 5181 2267 5219 non
2312 5164 2620 5234 dupliciter,
2665 5165 2757 5219 sed
2808 5166 3126 5236 simpliciter
3167 5168 3483 5225 ambulare?
3514 5172 3726 5228 Aliter:

2164 5254 2219 5309 iu
2252 5254 2459 5309 duabus
2487 5254 2685 5309 tunicis
2715 5254 2924 5309 videtur
2949 5258 3078 5311 mihi
3109 5257 3304 5328 duplex
3329 5264 3617 5316 ostendere
3643 5279 3730 5316 ve-

2164 5347 2510 5410 stimentum,
2560 5361 2663 5399 non
2694 5347 2834 5414 quod
2882 5346 2935 5400 in
2967 5347 3098 5403 locis
3143 5348 3376 5420 Scythia:
3418 5358 3472 5404 ct
3514 5351 3731 5422 glaciali

2164 5436 2283 5490 nive
2314 5435 2627 5505 rigentibus,
2660 5450 2764 5488 una
2792 5435 2911 5504 quis
2940 5438 3115 5492 tunica
3147 5439 3334 5493 debeat
3361 5454 3482 5495 esse
3512 5449 3729 5495 conten-

2164 5542 2268 5597 tus,
2300 5531 2392 5587 sed
2419 5545 2525 5601 quo
2557 5531 2607 5584 in
2638 5530 2816 5585 tunica
2852 5532 3227 5586 vestimentum
3253 5532 3632 5604 intelligamus,
3659 5547 3732 5586 ne

2163 5623 2267 5676 alio
2293 5621 2493 5687 vestiti,
2525 5621 2666 5676 aliud
2701 5621 2854 5675 nobis
2885 5619 3182 5676 futurorum
3215 5623 3404 5678 timore
3430 5634 3723 5678 servemus.
