4014 6354
178 280 333 340 575

1460 270 1762 330 llOMli.l.—E
1802 268 1890 323 DE
1926 269 2271 326 TEMPORE.

3378 279 3486 335 574

285 411 315 443 ι
362 390 426 445 Ει
455 389 507 445 in
538 400 912 460 quamcunque
946 387 1161 442 domum
1192 382 1551 445 intraveritis,
1588 383 1658 437 ibi
1682 396 1801 436 ma-
1836 388 1879 447 Α
1911 379 2032 443 tria,
2062 390 2283 451 propter
2310 397 2663 452 personarum
2689 386 3093 457 proprietatem.
3127 387 3280 457 Quod
3306 386 3485 445 anteiu

193 500 219 533 ς
271 491 437 547 uete,
465 490 522 535 et
549 478 673 535 inde
715 494 784 535 ne
830 477 1056 533 exeatis.
1087 494 1106 528 ι
1152 476 1254 531 Dat
1294 474 1609 530 constantia:
1640 488 1802 544 gene-

184 575 345 629 rale
372 572 708 637 mandatum,
738 580 798 626 ut
821 569 1101 640 hospitalis
1130 567 1541 623 necessitudinis
1561 565 1685 634 jura
1714 582 1806 621 cu-

194 667 491 722 stodiant.
532 663 779 719 Alienum
807 676 1038 734 namque
1075 677 1106 716 a
1136 660 1489 731 praedicatore
1518 660 1669 730 regni
1694 672 1808 714 cte-

194 755 384 812 lestis
425 756 637 820 astruit,
683 755 948 809 cursitare
992 767 1090 823 per
1133 751 1340 815 domos,
1392 760 1448 807 et
1487 750 1808 807 inviolabilis

197 847 454 918 hospitii
506 849 627 914 jura
679 855 910 901 mutare.
985 842 1096 899 Nec
1133 846 1307 899 otiose
1348 843 1644 900 secundum
1676 840 1809 897 Mat-

196 940 434 993 tita‘um
466 938 677 1001 domus,
706 952 868 1008 quam
898 935 1267 1009 ingrediantur
1287 936 1533 1006 apostoli,
1566 935 1806 1007 eligenda

198 1027 567 1091 decernitur,
614 1036 676 1081 nt
726 1026 967 1080 mutandi
1024 1024 1243 1096 bOSpitii
1290 1025 1808 1094 necessitudinisque

192 1120 498 1176 violanda:
532 1134 695 1174 causa
721 1134 826 1172 non
852 1126 1094 1187 superet.

302 1231 327 1261 ι
356 1204 426 1263 Et
450 1209 759 1279 quicunque
800 1223 911 1263 non
952 1205 1263 1278 receperint
1290 1221 1419 1272 vos,
1451 1215 1713 1263 exeuntes
1740 1205 1809 1261 de

212 1319 235 1351 ι
274 1300 510 1354 civitate
536 1296 665 1364 illa,
718 1299 881 1353 etiam
924 1297 1200 1369 pulverem
1252 1298 1452 1367 pedum
1504 1305 1808 1352 vestrorum

212 1408 237 1440 α
279 1388 531 1444 ex'cutite
558 1388 610 1442 in
634 1387 1002 1442 testimonium
1031 1398 1193 1456 supra
1224 1385 1361 1441 illos.
1392 1405 1411 1438 ι
1443 1385 1627 1442 Pulvis
1650 1401 1812 1441 excu-

209 1479 369 1534 titur
417 1479 483 1533 de
524 1478 752 1549 pedibus
799 1479 851 1533 in
899 1477 1267 1533 testimonium
1306 1476 1505 1533 laboris
1531 1471 1635 1542 Sui,
1667 1476 1810 1547 quod

208 1570 463 1640 ingressi
488 1579 617 1626 sunt
657 1570 711 1624 in
753 1570 1051 1634 civitatem,
1090 1576 1144 1623 et
1187 1570 1494 1639 pnedieatio
1515 1567 1806 1639 apostolica

209 1660 293 1714 ad
319 1659 445 1715 illos
470 1675 641 1731 usque
678 1662 1001 1732 pervenerit.
1061 1661 1187 1717 Sive
1216 1661 1486 1716 excutitur
1507 1660 1713 1730 pulvis,
1750 1669 1840 1714 ιιι-

1907 468 2037 524 dicit
2077 485 2139 523 ει
2183 470 2237 524 1η
2282 473 2601 542 spirituDei
2647 475 2803 545 ejicio
2848 478 3140 532 daemones.
3180 498 3199 532 ι
3240 475 3489 534 Ostendit

1906 560 2049 630 quod
2093 560 2327 631 Spiritus
2373 564 2545 619 sancti
2588 568 2968 635 cooperatione
3013 566 3175 623 Pater
3221 576 3276 624 et
3318 569 3513 630 Filius}

1908 651 2123 720 operari
2171 652 2485 719 credantur,
2528 652 2813 710 Psalmista
2857 664 3183 723 attestante,
3228 658 3320 728 qui
3365 659 3487 713 ait:

1914 760 1933 791 ι
1963 740 2140 797 Verbo
2175 742 2387 797 Domini
2427 743 2553 798 (ιωιί
2597 743 2794 800 ﬁrmati
2838 756 2984 812 sunt,
3037 756 3094 802 et
3136 747 3330 817 spiritu
3368 748 3484 804 oris

1908 831 2026 902 ejus
2047 832 2224 888 omnis
2246 833 2419 888 virtus
2443 848 2631 889 eorum
2659 832 2833 905 (Psat.
2875 836 3073 906 χχχιι).
3112 855 3132 890 ι
3164 836 3299 904 Quia
3325 853 3357 892 a
3386 838 3490 893 Pa-

1910 928 1992 977 tre
2015 930 2069 977 et
2098 921 2234 978 Filio
2261 923 2527 993 procedit,
2554 924 2676 979 ideo
2713 923 2951 996 Spiritus
2979 938 3199 984 sanctus
3223 930 3488 999 praedica-

1912 1021 1997 1067 tur
2027 1012 2189 1079 Deus,
2230 1024 2288 1069 et
2325 1015 2683 1070 substantiam
2729 1016 2846 1086 ejus
2887 1016 3066 1072 habet.
3114 1017 3299 1088 Neque
3341 1019 3486 1074 enim

1910 1106 2056 1159 aliud
2091 1105 2157 1160 de
2178 1105 2338 1160 Patre
2358 1106 2651 1176 procedere
2681 1090 2877 1178 potuit,
2904 1123 3067 1178 quam
3096 1110 3239 1178 quod
3269 1109 3384 1180 ipse
3405 1119 3492 1166 est

1909 1198 2088 1253 Pater.
2117 1196 2350 1268 Spiritus
2389 1207 2569 1254 autem
2608 1200 2784 1254 dictus
2811 1200 3108 1255 secundum
3153 1200 3205 1255 id
3234 1201 3378 1271 quod
3418 1201 3490 1256 ad

1909 1288 2111 1358 aliquid
2138 1288 2388 1353 refertur,
2408 1290 2626 1358 spirans
2645 1300 2701 1344 et
2724 1290 3016 1360 inspirans,
3041 1290 3228 1359 utique
3254 1299 3311 1347 et
3335 1306 3402 1346 ex
3424 1306 3491 1346 eo

1911 1379 2211 1449 appellatus
2235 1380 2459 1450 spiritus
2497 1391 2601 1435 est.
2633 1380 2857 1449 Proprie
2883 1389 3065 1436 autem
3091 1381 3489 1450 quodannnodo

1910 1468 2110 1524 dicitur
2136 1468 2371 1539 Spiritus
2400 1477 2644 1535 sanctus,
2671 1470 2967 1525 secundum
2996 1470 3139 1539 quod
3166 1468 3400 1525 refertur
3421 1472 3489 1526 ad

1911 1556 2127 1612 Patrem
2155 1566 2211 1612 et
2242 1557 2457 1623 Filium,
2501 1560 2645 1634 quod
2683 1574 2871 1615 eorum
2902 1559 3131 1631 spiritus
3159 1561 3247 1615 sit.
3275 1560 3407 1616 Nam
3435 1569 3492 1617 et

1912 1649 2016 1703 hoc
2039 1664 2231 1703 nomen
2260 1650 2402 1720 quod
2443 1650 2666 1719 spiritus
2692 1650 2921 1716 dicitur,
2962 1666 3071 1706 non
3113 1651 3407 1706 secundum
3436 1651 3490 1707 id

212 1751 371 1807 nihil
396 1751 462 1807 ab
482 1752 562 1807 eis
582 1752 883 1823 accipiant,
911 1768 1013 1808 nec
1044 1754 1112 1808 ad
1143 1753 1343 1808 vietum
1372 1754 1584 1824 quidem
1618 1769 1804 1809 neces-

1910 1741 2053 1810 quod
2081 1739 2314 1796 refertur
2339 1742 2406 1796 ad
2433 1728 2665 1812 aliquid,
2695 1742 2789 1798 sed
2817 1743 3111 1798 secundum
3143 1743 3195 1798 id
3221 1743 3361 1814 quod
3387 1738 3492 1796 ali-

209 1842 472 1909 sarium,
508 1843 599 1912 qui
645 1843 995 1913 Evangelium
1023 1844 1342 1914 spreverint.
1382 1844 1684 1916 Allegorice
1711 1860 1808 1899 au-

207 1940 336 1985 tem
359 1933 452 2002 qui
472 1934 639 1988 verbo
660 1935 934 1990 humiliter
960 1934 1274 1999 intendunt,
1303 1934 1346 1989 si
1369 1936 1564 2005 quibus
1593 1935 1675 2007 (ut
1702 1935 1804 1990 ho-

204 2021 429 2092 mines)
461 2030 690 2078 terrena:
717 2023 950 2080 levitatis
980 2025 1146 2080 uteris
1189 2025 1571 2090 obscurantur,
1600 2039 1698 2094 per
1742 2039 1804 2078 ea

204 2126 354 2166 mox
385 2128 504 2182 qua:
550 2114 812 2183 recipiunt
861 2114 1184 2185 evangelicae
1221 2115 1615 2184 praedicationis
1643 2114 1808 2169 vesti-

201 2200 336 2269 gia,
367 2211 697 2270 purgantur;
724 2203 815 2272 qui
853 2218 982 2257 vero
1010 2203 1228 2273 perﬁdia
1265 2202 1349 2255 vel
1375 2203 1696 2274 negligentia
1721 2203 1807 2257 vel

199 2291 394 2347 ctiam
419 2293 598 2347 studio
620 2304 987 2360 contemnunt,
1016 2297 1206 2350 borum
1236 2296 1448 2351 vitanda
1476 2297 1804 2361 communio,

144 2454 153 2457 _
202 2379 481 2450 fugienda
533 2396 800 2454 synagoga
859 2393 1127 2440 censetur.
1197 2385 1563 2459 Excutiendus
1604 2386 1804 2456 pedum

204 2469 404 2540 pulvis
429 2511 442 2535 ,
486 2487 555 2527 ne
599 2475 765 2543 gestis
809 2474 1059 2529 inanibus
1101 2485 1157 2530 et
1196 2474 1399 2544 pulveri
1431 2476 1805 2547 comparandis

212 2561 431 2616 urentis
458 2564 622 2618 castae
649 2566 932 2638 vestigium
960 2566 1245 2637 polluatur.

295 2671 316 2704 ι
354 2652 566 2720 Egressi
599 2664 776 2709 autem
806 2657 1106 2711 circuibant
1143 2672 1242 2726 per
1276 2657 1528 2721 castella,
1575 2672 1804 2728 evange-

217 2743 512 2819 ctlizantcs
532 2752 586 2798 et
614 2755 867 2801 curantes
887 2746 1106 2816 ubique.
1132 2766 1150 2797 ι
1184 2745 1320 2813 Quid
1348 2747 1797 2817 evangelizarent,

210 2834 305 2889 vel
333 2836 605 2905 quomodo
638 2846 891 2892 curarent
923 2838 1172 2906 apostoli,
1207 2837 1420 2893 Murcus
1448 2837 1669 2907 exponit
1690 2837 1801 2907 ple-

215 2925 365 2979 nius.
403 2945 422 2975 r
449 2923 821 2981 Pnndicabant
842 2928 1057 2998 (inquit)
1082 2936 1138 2982 ut
1158 2928 1529 2998 paenitentiam
1553 2936 1797 2994 agerent,

216 3027 276 3069 et
303 3013 565 3069 dannonia
594 3016 759 3071 multa
783 3018 1103 3088 ejiciebant,
1143 3026 1197 3073 et
1225 3019 1499 3088 angebant
1525 3018 1643 3072 oleo
1666 3018 1799 3071 ηιιιι-

221 3116 312 3161 tos
336 3121 536 3176 aegros,
569 3118 625 3161 et
649 3081 1001 3164 Sanab'antur.
1035 3109 1229 3181 (Marc.
1263 3081 1361 3180 vi.)
1392 3129 1409 3160 ι
1458 3109 1598 3164 Dicit
1625 3118 1680 3165 et
1709 3108 1797 3164 Ja-
1826 3081 1871 3143 δ

226 3200 436 3255 cobus:
467 3219 485 3251 ι
516 3200 827 3256 lnllrmatur
869 3202 991 3274 quis
1024 3203 1077 3256 in
1121 3202 1313 3258 vobis?
1339 3201 1556 3257 inducat
1581 3203 1804 3272 presby-

230 3298 378 3346 teros
400 3289 669 3358 Ecclesias,
703 3301 759 3348 et
784 3301 940 3348 orent
963 3308 1127 3364 super
1151 3294 1354 3364 ipsum,
1388 3303 1649 3364 tingentes
1679 3309 1801 3348 eum

225 3382 564 3440 oleo'sancto
592 3387 643 3440 in
679 3385 898 3440 nomine
934 3386 1175 3451 Domini,
1203 3394 1257 3441 et
1288 3386 1332 3440 si
1365 3387 1415 3440 in
1450 3387 1685 3457 peccatis
1710 3385 1802 3448 sit,

225 3475 566 3532 dimittentnr
594 3478 643 3532 ei
674 3476 819 3548 (lar.
851 3478 928 3550 v).
960 3498 978 3530 ι
1025 3477 1177 3533 Unde
1206 3486 1352 3549 patet
1392 3479 1459 3533 ab
1506 3479 1635 3548 ipsis
1672 3493 1803 3547 apo-

224 3568 378 3623 stolis
413 3571 555 3626 hunc
593 3578 794 3627 sancta:
832 3571 1087 3626 Ecclesiae
1123 3586 1328 3626 morem
1374 3586 1496 3626 esse
1525 3571 1801 3635 traditum,

222 3672 284 3714 ιιι
313 3661 602 3729 pontiﬁcali
635 3663 1006 3717 benedictione
1033 3672 1350 3716 consecrato
1378 3662 1519 3727 oleo,
1542 3677 1806 3732 perungu-

224 3758 312 3805 tur
345 3761 596 3821 aegrotus.
643 3772 663 3806 ι
701 3753 1074 3809 Ριωίιίοδὺειιιι
1115 3764 1294 3822 autem
1333 3763 1391 3808 nt
1433 3754 1805 3825 pmnitentiam

224 3851 464 3913 agerent,
503 3864 521 3894 ι
554 3853 661 3898 etc.
695 3863 714 3896 ι
749 3844 891 3899 Misit
919 3844 1036 3900 illos
1078 3847 1294 3917 (inquit)
1329 3845 1698 3917 evangelizare
1727 3862 1809 3900 re-

224 3949 389 4004 gnum
411 3933 507 3989 Dei
542 3954 560 3986 ι
610 3935 735 4005 quia
778 3935 1027 3990 videlicet
1058 3946 1348 4006 utrumque
1386 3936 1540 4007 juxta
1584 3934 1807 3990 Joannis

223 4023 498 4096 Baptistae,
524 4026 612 4080 vel
657 4027 826 4096 ipsius
861 4025 1159 4082 Salvatoris
1198 4026 1500 4097 exemplum
1542 4026 1804 4095 praedica-

223 4116 356 4172 bant
382 4135 396 4170 :
431 4136 449 4168 ι
481 4115 861 4172 Pwnitentiam
884 4117 1044 4187 agite,
1071 4116 1524 4187 appropinquabit
1553 4117 1697 4169 enim
1724 4132 1807 4169 re-

226 4224 389 4281 gnum
424 4210 682 4264 cmlorum
707 4208 922 4281 (Matth.
957 4209 1061 4279 ιιι).
1096 4230 1115 4262 ι
1170 4207 1414 4280 Regnum
1455 4212 1597 4262 enim
1638 4209 1805 4263 cwlu-

228 4313 346 4353 rum
365 4299 547 4370 januis
573 4300 958 4375 propinquare,
983 4308 1066 4354 est
1088 4299 1153 4354 de
1183 4300 1269 4355 bis
1298 4315 1566 4370 quemque
1612 4299 1808 4369 quibus

229 4391 294 4446 ab
323 4405 387 4446 eo
414 4390 758 4457 discesserat,
785 4392 1067 4462 poenitere.

783 4521 1064 4578 HOMILIA
1096 4521 1227 4577 CVI.

612 4647 770 4685 FBRIA
807 4647 976 4686 SEXTA
1015 4646 1407 4688 PENTECOSTES.

302 4741 540 4814 (Mum.
565 4742 690 4812 xu.)
719 4761 738 4794 ι
770 4742 826 4797 In
854 4743 943 4797 illo
975 4752 1213 4813 tempore
1245 4743 1382 4798 dixit
1403 4743 1561 4800 Jesus
1590 4745 1764 4801 turbis
1789 4766 1802 4800 :

238 4853 256 4886 ι
288 4834 348 4888 Si
390 4849 490 4905 ego
526 4834 578 4887 iu
611 4833 801 4903 spiritu
833 4833 925 4888 Dei
970 4831 1126 4901 ejicio
1154 4834 1458 4899 daemones,
1493 4835 1613 4890 Filii
1640 4837 1805 4890 vestri

239 4946 255 4977 ι
292 4925 344 4979 in
390 4941 498 4995 quo
542 4924 807 4994 ejiciunt?
839 4945 857 4977 ι
891 4924 956 4979 Ει
1006 4926 1233 4995 reliqua.
1286 4925 1425 4981 Ecce
1469 4927 1556 4980 bic
1590 4928 1805 4983 trinitas

233 5016 443 5072 videtur
485 5015 723 5070 Trinitas
772 5015 1056 5086 appellata,
1088 5016 1231 5086 quod
1276 5016 1371 5070 tiat
1412 5026 1580 5071 totum
1617 5033 1803 5071 unum.

236 5108 367 5165 Nam
403 5108 531 5162 dum
579 5109 681 5162 tria
724 5118 869 5172 sunt,
902 5124 1067 5162 unum
1100 5116 1246 5173 sunt,
1275 5108 1399 5177 quia
1426 5118 1479 5163 et
1507 5108 1715 5179 singula
1753 5109 1807 5162 in

238 5214 295 5254 se
316 5204 553 5261 manent,
584 5205 639 5250 et
661 5197 841 5250 omnia
873 5197 927 5251 in
970 5197 1236 5253 omnibus.
1269 5197 1432 5252 Pater
1454 5198 1616 5268 igitur
1637 5207 1690 5253 et
1716 5198 1806 5253 Fi-

238 5290 337 5345 lius
377 5298 431 5345 et
479 5289 715 5359 Spiritus
761 5300 1001 5352 sanctus,
1051 5289 1269 5344 trinitas
1309 5299 1364 5345 et
1410 5291 1624 5346 unitas:
1667 5291 1807 5346 idem

241 5383 377 5438 enim
408 5398 593 5447 unum,
624 5383 763 5438 idem
786 5392 841 5437 et
869 5384 970 5437 tria
996 5402 1008 5437 :
1035 5384 1087 5437 in
1117 5394 1307 5438 natura
1332 5401 1521 5451 unum,
1545 5385 1596 5439 in
1626 5401 1811 5456 perso-

242 5472 322 5527 nis
356 5473 480 5527 tria.
519 5473 694 5528 Unum
714 5515 730 5539 ,
760 5484 980 5545 propter
1007 5473 1307 5543 majestatis
1333 5477 1763 5533 communionem
1792 5496 1805 5533 ε

310 5658 333 5690 ι
363 5646 457 5702 llic
481 5651 560 5703 vel
586 5652 733 5707 deest
766 5653 985 5722 aliquid,
1022 5653 1101 5706 vel
1130 5653 1384 5710 abundat.

1831 4448 1881 4507 D

1867 1883 1875 1890 .
1909 1846 2069 1902 quam
2094 1841 2341 1887 naturam
2362 1833 2651 1904 significat.
2669 1833 2857 1890 Omnis
2878 1835 3021 1889 enim
3046 1835 3363 1905 incorporea
3391 1849 3489 1888 na-

1909 1934 2028 1979 tura
2064 1926 2285 1995 spiritus
2316 1926 2368 1980 in
2403 1924 2704 1997 Scripturis
2750 1927 2951 1981 sanctis
2976 1926 3292 1996 appellatur.
3328 1925 3494 1996 Spiri-

1911 2026 1996 2071 tus
2018 2025 2196 2071 autent
2226 2016 2539 2088 principalis
2575 2027 2753 2073 tamen
2800 2019 2854 2072 in
2894 2017 3113 2073 Psalmo
3152 2020 3490 2088 quinquage-

1908 2109 2047 2164 simo
2103 2110 2314 2179 legitur,
2374 2109 2462 2163 ubi
2523 2110 2650 2179 quia
2699 2110 2860 2165 tertio
2912 2111 3134 2179 spiritus
3192 2110 3489 2181 repetitur,

1907 2200 2146 2254 nonnulli
2189 2215 2318 2271 ergo
2365 2200 2671 2271 intelligunt
2699 2200 2771 2255 ibi
2805 2201 3103 2255 trinitatem
3150 2199 3486 2272 significari:

1908 2291 1963 2344 in
1992 2291 2277 2361 principali
2323 2290 2547 2359 spiritu,
2593 2289 2810 2344 Patrem
2844 2308 2856 2343 :
2904 2291 2956 2344 in
2986 2290 3176 2360 spiritu
3206 2301 3370 2351 recto,
3401 2287 3492 2343 Fi-

1907 2386 2038 2441 lium
2076 2387 2166 2441 :in
2200 2386 2390 2456 spiritu
2432 2394 2642 2451 sancto,
2673 2384 2932 2455 Spiritum
2963 2394 3231 2440 sanctum.
3270 2402 3288 2435 ι
3317 2383 3489 2455 Ejicio

1905 2474 2194 2530 daemones.
2232 2495 2251 2528 ι
2284 2474 2567 2530 Dmmones
2607 2490 2637 2528 a
2673 2474 2878 2530 Graecis
2920 2474 3092 2529 dictos
3122 2482 3297 2528 autem
3328 2473 3487 2544 quasi

1905 2565 2159 2636 δαίμονας,
2193 2565 2247 2620 id
2287 2574 2371 2621 est
2412 2566 2616 2635 peritos
2656 2581 2720 2620 ac
2752 2580 2931 2620 rerum
2979 2567 3141 2622 scius.
3188 2564 3488 2621 Prassciunt

1905 2668 2086 2713 autem
2120 2657 2299 2712 futura
2328 2658 2494 2711 multa
2513 2699 2528 2721 ,
2556 2660 2696 2711 unde
2720 2666 2776 2711 et
2805 2658 2979 2712 solent
3009 2672 3264 2728 responsa
3301 2657 3481 2726 aliqua

1904 2748 2053 2801 dare.
2087 2744 2150 2799 Hi
2182 2754 2307 2801 ante
2337 2746 2823 2818 transgressionem
2857 2747 3071 2816 quidem
3101 2747 3341 2803 coelestia
3366 2763 3486 2802 cor-

1902 2850 2033 2904 pora
2060 2835 2340 2904 gerebant,
2372 2835 2508 2905 lapsi
2532 2850 2680 2900 vero,
2709 2836 2761 2890 in
2792 2837 2995 2890 aeriam
3023 2837 3333 2906 qualitatem
3357 2852 3486 2892 con-

1900 2925 2042 2979 versi
2072 2933 2213 2979 snnt.
2250 2924 2358 2987 Nec
2389 2926 2532 2980 aeris
2575 2926 2719 2980 illius
2763 2926 2944 2996 priora
2988 2927 3193 2996 spatia,
3243 2927 3335 2982 sed
3378 2926 3480 2981 ista

1902 3017 2190 3089 caliginosa
2223 3029 2406 3073 tenere
2432 3019 2683 3089 permissi
2711 3026 2858 3083 sunt,
2889 3019 2980 3090 qui
3006 3021 3087 3075 eis
3108 3020 3260 3089 quasi
3289 3031 3481 3074 carcer

1902 3118 2008 3174 est,
2058 3123 2231 3177 usque
2281 3108 2349 3161 ad
2399 3117 2614 3178 tempus
2660 3110 2847 3177 judicii
2888 3127 2900 3162 :
2946 3119 3130 3178 postea
3183 3124 3312 3166 vero
3360 3109 3483 3181 igne

1904 3198 2327 3267 inexstinguibili
2357 3199 2475 3253 sine
2499 3199 2605 3254 ﬁne
2632 3199 2910 3253 cruciandi
2932 3209 3075 3254 sunt.
3106 3199 3170 3254 lli
3199 3207 3325 3255 sunt
3345 3215 3484 3269 prae-

1902 3290 2235 3344 varicatores
2279 3289 2487 3360 angeli,
2517 3306 2746 3360 quorum
2793 3290 3045 3360 princeps
3088 3302 3171 3346 est
3214 3290 3478 3348 diabolus.

1903 3382 2008 3436 ista
2052 3396 2119 3436 ex
2160 3390 2315 3451 parte
2343 3381 2665 3437 subauditur
2708 3382 2962 3437 discretio
2990 3383 3274 3461 spirituum
3306 3374 3481 3437 mani-

1906 3472 2042 3527 festa
2089 3473 2502 3543 comprobatur,
2556 3474 2623 3527 ad
2680 3471 3100 3528 consolationem
3147 3474 3483 3529 credentium

1907 3566 2236 3621 redeundum
2266 3573 2349 3621 est
2373 3577 2422 3619 ι.
2462 3584 2480 3616 ‹
2525 3565 2693 3636 lgitnr
2722 3566 2969 3636 pervenit
3009 3566 3063 3621 in
3110 3580 3208 3622 vos
3255 3580 3483 3636 regnum

1912 3678 1930 3710 ι
1969 3659 2085 3714 Dei.
2109 3678 2127 3710 ι
2155 3657 2269 3713 Hoc
2294 3668 2397 3724 est,
2427 3659 2473 3714 si
2503 3659 2723 3714 creditis
2755 3674 2841 3714 me
2868 3659 2920 3713 in
2948 3659 3139 3728 spiritu
3170 3640 3264 3712 Dei
3289 3657 3490 3728 ejicere

1908 3749 2199 3811 daemones,
2251 3749 2304 3803 id
2349 3758 2433 3803 est
2482 3748 2743 3819 aequalem
2777 3763 2865 3803 me
2908 3747 3054 3803 Patri
3106 3748 3158 3803 in
3207 3747 3488 3803 divinitate

1907 3838 2266 3901 credideritis,
2298 3853 2525 3907 regnum
2558 3838 2650 3892 Dei
2696 3838 2849 3893 vobis
2888 3845 3054 3907 patet.
3085 3837 3330 3908 Regnum
3367 3836 3487 3901 Dei,

1908 3926 2117 3982 scilicet
2160 3927 2289 3982 illud
2338 3926 2568 3982 sublime
2612 3926 2827 3992 solium,
2856 3927 2924 3983 de
2962 3942 3071 3998 quo
3113 3926 3169 3982 in
3207 3925 3488 3997 Scriptura

1908 4034 2063 4074 sacra
2094 4019 2306 4074 canitur
2333 4033 2349 4072 :
2377 4036 2395 4069 ι
2427 4018 2807 4074 Paenitentiam
2829 4020 2971 4090 agite
2992 4060 3008 4084 ,
3038 4019 3490 4089 appropinquabit

1907 4109 2053 4163 enim
2083 4124 2305 4177 regnum
2335 4109 2594 4163 caelorum
2625 4108 2841 4179 (Matth.
2874 4113 2978 4182 ιιι).
3012 4131 3030 4161 ι
3056 4112 3276 4178 Ει,ἰιειιι
3302 4122 3491 4168 contra

1908 4199 2167 4267 reprobus
2197 4217 2209 4253 :
2248 4218 2266 4249 ι
2301 4197 2593 4254 Auferetur
2619 4215 2649 4253 a
2680 4200 2835 4255 vobis
2862 4216 3085 4271 regnum
3115 4202 3230 4267 Dei,
3261 4211 3317 4257 et
3343 4202 3489 4256 dabi-

1911 4297 2000 4342 tur
2021 4288 2148 4343 illud
2178 4289 2320 4359 genti
2355 4288 2570 4343 facienti
2606 4288 2844 4344 fructum
2873 4289 2990 4357 ejus
3018 4289 3234 4358 (Matth.
3265 4292 3424 4361 χιιι).
3462 4311 3483 4343 ι

1911 4377 1978 4430 Ει
2011 4376 2137 4431 alibi
2165 4380 2233 4432 ad
2262 4377 2553 4448 discipulos
2584 4395 2597 4431 :
2627 4396 2644 4428 ι
2668 4377 2912 4448 Regnum
2946 4379 3040 4432 Dei
3085 4379 3224 4432 intra
3282 4394 3380 4432 vos
3405 4386 3493 4432 est

1908 4466 2059 4533 (Luc.
2086 4467 2244 4538 xvn),
2275 4486 2293 4518 ι
2330 4468 2381 4523 id
2408 4479 2491 4524 est
2518 4468 2797 4535 Christus,
2824 4469 2915 4539 qui
2945 4478 3031 4524 est
3074 4469 3315 4540 perfecta
3365 4487 3492 4541 pars

1908 4560 2058 4632 regni
2077 4561 2368 4632 justorum.

1983 4670 2003 4702 ι
2030 4652 2137 4705 Aut
2154 4652 2422 4720 quomodo
2443 4660 2621 4721 potest
2638 4652 2928 4722 quisquam
2951 4652 3156 4707 intrare
3188 4654 3243 4709 in
3269 4654 3487 4709 domum

1915 4760 1934 4793 ι
1970 4740 2145 4805 fortis,
2176 4749 2232 4795 et
2256 4756 2385 4796 vasa
2411 4742 2529 4811 ejus
2553 4741 2811 4812 diripere,
2853 4741 2958 4797 nisi
2997 4743 3145 4812 prius
3188 4744 3493 4815 alligaverit

1916 4853 1934 4885 ι
1971 4833 2201 4887 fortem?
2241 4832 2309 4887 Et
2358 4840 2486 4888 tunc
2532 4833 2751 4887 domum
2795 4832 2941 4888 illius
2980 4834 3217 4904 diripiet.
3266 4854 3285 4887 ι
3315 4836 3490 4890 Aliam

1907 4926 2315 4982 similitudinem
2362 4924 2465 4978 viri
2504 4924 2664 4979 fortis
2695 4925 2916 4987 inducit,
2952 4926 3093 4980 sicut
3133 4928 3201 4982 de
3244 4942 3409 4998 regno
3438 4937 3494 4982 et

1910 5020 2129 5076 civitate
2169 5019 2518 5090 praedixerat,
2566 5018 2619 5073 id
2648 5025 2765 5073 est:
2798 5017 3077 5085 Quomodo
3104 5020 3378 5079 dmmones
3404 5018 3496 5088 eji-

1910 5130 2034 5169 cere
2060 5113 2387 5184 potuissem,
2418 5113 2463 5167 si
2505 5112 2800 5181 principem
2829 5125 3016 5166 eornm
3044 5114 3491 5177 consentientem,

1914 5222 2022 5261 non
2070 5205 2310 5260 vinctum
2359 5203 2653 5259 haberem?
2680 5203 2807 5259 Sive
2843 5203 3163 5275 simpliciter
3208 5204 3493 5274 accipitur,

1915 5298 2057 5367 quod
2086 5296 2240 5353 fortis
2269 5296 2513 5352 diabolus
2538 5297 2629 5365 qui
2666 5295 2944 5352 a‘CIiristo
2976 5298 3028 5352 in
3059 5314 3220 5354 cruce
3248 5297 3496 5368 alligatus

1915 5395 2020 5452 est,
2048 5386 2200 5457 cujus
2244 5387 2435 5441 domus
2477 5386 2710 5442 mundus
2748 5386 2803 5441 in
2833 5386 3068 5459 maligno
3096 5388 3318 5458 positus.
3354 5386 3493 5441 Vasa

1915 5494 2047 5532 vero
2083 5480 2328 5535 homines
2368 5490 2495 5535 sunt
2523 5478 2787 5545 infideles,
2827 5495 2964 5551 quos
3009 5480 3267 5535 Dominus
3290 5479 3337 5534 ci
3362 5478 3491 5533 sub-

1918 5570 2100 5625 traxit.

1998 5683 2013 5713 ‹
2038 5663 2136 5729 Qui
2170 5678 2277 5719 non
2307 5672 2390 5720 est
2424 5679 2657 5732 mecum,
2689 5671 2874 5721 contra
2924 5678 3009 5718 me
3036 5670 3150 5728 est;
3182 5669 3235 5716 ct
3261 5658 3352 5732 qui
3374 5672 3478 5713 non
