4014 6354
531 234 637 291 575

1151 231 1503 298 HAYMONIS
1544 231 2020 309 llALB‘ERSTAT.
2063 232 2272 286 EPISC.
2315 231 2466 287 OPP.
2507 232 2691 288 PARS
2720 232 2784 287 ll.
2816 260 2887 272 -
2921 231 3159 288 HOMIL.

3746 225 3881 286 576

538 367 557 402 ι
590 355 881 419 congregat
924 359 1165 411 mecum,
1193 344 1414 415 spargit.
1454 364 1472 396 ι
1507 343 1585 399 Ac.
1623 342 1669 398 si
1715 342 1956 398 diceret:
1987 340 2179 405 Non’A
2206 341 2406 412 pietate
2420 341 2881 412 caret,sivequod
2896 357 2994 399 nec
3009 343 3246 399 boni-nec
3270 342 3397 399 mali
3418 342 3655 416 aliquid
3679 342 3876 412 agit:

531 446 756 510 possunt
776 450 937 506 opera
967 426 1266 490 Salv'atoris
1286 432 1585 488 Beelzebub
1615 432 1869 507 operibus
1891 446 2107 501 compa-

533 547 665 586 rart.
695 531 786 585 ille
825 528 971 599 cupit
995 528 1204 582 animas
1233 534 1419 581 tenere
1445 527 1723 596 captivas,
1756 525 1844 579 hic
1871 524 2104 580 liberat:

533 620 619 673 ille
664 617 919 687 praedicat
967 615 1147 682 idola,
1200 616 1289 673 hic
1335 616 1494 669 unius
1540 614 1636 670 Dei
1686 613 1933 667 notitiam
1972 630 1985 667 :
2022 613 2108 668 ille

532 710 700 764 trahit
745 709 812 763 ad
863 707 1011 771 vitia,
1042 706 1132 762 hic
1177 707 1246 761 ad
1290 707 1559 761 virtutes:
1589 704 1679 758 ille
1714 712 2008 774 congregat
2041 705 2109 760 ad

532 800 689 854 unius
723 799 819 854 Dei
845 799 1114 864 notitiam,
1143 798 1233 853 hic
1258 797 1464 868 spargit
1489 796 1763 851 suadendo
1796 795 1962 850 multa
1990 796 2110 851 inu-

532 888 667 944 tilia.
703 888 848 953 Sive,
883 906 900 941 ι
937 888 1028 957 qui
1060 903 1165 941 non
1210 894 1295 942 est
1340 900 1573 951 mecum,
1609 902 1627 936 ι
1661 885 1948 940 Ιιωτεῑίοιιε
1992 884 2110 940 infi-

532 979 666 1035 delis
690 995 905 1051 semper
934 980 1191 1036 resistens
1220 979 1342 1034 fidei
1377 993 1527 1034 meae.
1564 996 1582 1029 ι
1615 978 1716 1045 Qui
1753 993 1863 1033 non
1887 992 2113 1049 congre‘

531 1077 623 1140 gat
651 1085 885 1134 mecum,
910 1070 1135 1138 spargit.
1167 1088 1186 1121 ι
1208 1067 1480 1123 Uuitatem
1504 1067 1808 1131 destruens,
1839 1068 1891 1121 in
1914 1069 2111 1125 multas

532 1157 722 1213 dividit
750 1159 1000 1213 haereses.
1035 1157 1345 1213 Moralitem
1381 1174 1400 1208 ι
1436 1156 1538 1223 Qui
1568 1172 1675 1212 non
1704 1166 1787 1213 est
1820 1172 2055 1223 mecum,
2086 1177 2105 1211 ι

534 1246 586 1302 id
610 1256 691 1303 est
719 1248 808 1317 qui
832 1263 936 1303 non
960 1258 1044 1304 est
1064 1248 1119 1303 in
1146 1248 1414 1303 mandatis
1436 1247 1592 1315 meis,
1613 1256 1666 1302 et
1693 1248 1954 1304 voluntati
1979 1263 2110 1304 meae

534 1340 758 1396 resistit.
794 1359 812 1391 ‹
847 1340 949 1407 Qui
980 1356 1083 1396 non
1119 1349 1409 1411 congregat
1437 1355 1669 1407 mecum,
1706 1359 1723 1392 ι
1755 1340 1843 1409 qui
1872 1356 1998 1396 suos
2028 1341 2109 1396 af-

532 1431 706 1486 fectus
742 1431 793 1486 in
832 1447 1069 1487 amorem
1117 1432 1211 1487 Dei
1249 1447 1354 1486 non
1389 1431 1625 1504 colligit,
1657 1432 1711 1486 in
1750 1432 1896 1486 varia
1924 1432 2108 1487 mundi

535 1524 801 1580 desideria
831 1525 1054 1594 spargit.
1544 1592 1552 1599 ⁸
1622 1568 1627 1573 .

613 1632 631 1664 ι
665 1614 785 1669 Ideo
814 1614 935 1669 dico
965 1614 1117 1669 vobis
1143 1631 1157 1667 :
1189 1612 1359 1669 Omne
1387 1622 1668 1691 peccatum
1695 1621 1750 1668 et
1778 1612 2108 1682 blasphemia

2212 450 2232 482 ι
2273 431 2477 487 Reddet
2504 431 2789 499 rationem,
2826 451 2845 485 ι
2880 432 2932 487 id
2958 440 3042 487 est
3066 432 3299 487 animam
3325 449 3502 490 suam.

2284 543 2303 574 ι
2331 524 2410 579 Ex
2441 524 2620 580 verbis
2642 525 2788 579 enim
2824 525 2930 579 tuis
2951 523 3359 593 justificaberis,
3388 535 3485 582 aut
3508 542 3597 583 ex
3628 528 3873 583 verbis

2213 633 2232 665 ι
2257 614 2839 672 tuiscondemnaberis.
2864 635 2882 667 ›
2900 614 2955 671 Id
2972 624 3074 681 est,
3093 616 3176 671 vel
3191 617 3277 672 bic
3290 617 3371 671 vel
3387 618 3442 672 in
3464 618 3710 673 futuro.
3734 616 3868 672 Per

2208 706 2320 761 oris
2340 721 2469 776 ergo
2488 705 2811 761 locutionem
2828 704 3087 762 Dominus
3109 696 3380 772 universa,
3393 723 3516 778 qua:
3532 707 3641 763 vel
3665 717 3857 769 actu,

2208 795 2291 851 vel
2321 795 2482 860 facto,
2498 796 2582 851 vel
2605 797 2858 866 cogitatu,
2876 797 2943 852 de
2964 798 3127 853 corde
3150 798 3497 868 proferimus,
3522 802 3867 865 insinuat,

2209 902 2329 957 qua:
2370 886 2540 956 magis
2581 901 2745 956 quam
2784 887 3091 943 hominibus
3119 888 3286 955 dicta,
3317 891 3460 945 nuda
3499 898 3565 945 et
3618 899 3859 961 aperta

2210 983 2335 1031 sunt
2376 976 2546 1031 oculis
2585 977 2721 1046 ejus.
2758 976 2893 1031 Nam
2938 986 2993 1033 et
3039 979 3206 1035 moris
3250 988 3335 1035 est
3376 980 3851 1053 Scripturarum

2209 1065 2371 1119 verba
2398 1080 2496 1134 pro
2531 1063 2691 1120 rebus
2717 1080 2937 1135 ponere.
2980 1066 3133 1122 Un‘de
3173 1067 3457 1124 Psalmista
3489 1087 3503 1123 :
3539 1090 3565 1122 ι
3613 1069 3769 1134 Dic,
3816 1088 3841 1121 ι

2211 1150 2402 1220 inquit,
2423 1152 2642 1207 «anima:
2655 1168 2788 1209 mea:
2807 1170 2821 1208 :
2841 1154 2983 1210 salus
3001 1164 3088 1210 tua
3101 1170 3201 1227 ego
3215 1172 3334 1212 sum
3348 1157 3519 1229 (Prol.
3536 1160 3796 1227 xxxnr).
3816 1178 3841 1210 ι

2211 1244 2277 1298 Et
2301 1243 2596 1300 Ezechias:
2633 1263 2651 1295 ‹
2683 1244 2798 1301 Non
2824 1245 2925 1301 fuit
2953 1248 3200 1314 verbum,
3231 1250 3373 1319 quod
3402 1266 3510 1306 non
3535 1253 3841 1308 ostende-

2212 1347 2325 1387 rem
2353 1333 2432 1388 eis
2460 1332 2593 1405 (Isa.
2620 1334 2767 1407 ων).
2812 1354 2831 1387 ι
2868 1335 2971 1402 Qui
2998 1338 3181 1408 utique
3208 1354 3423 1407 rerum,
3445 1348 3502 1394 et
3531 1355 3661 1394 non
3691 1356 3841 1395 ver-

2210 1425 2403 1481 borum
2437 1427 2698 1484 Chaldaeis
2734 1429 2990 1486 revelavit
3030 1447 3245 1487 arcana.
3277 1432 3411 1486 Item
3450 1433 3781 1503 Apostolus
3811 1453 3828 1487 τ

2218 1535 2237 1568 α
2268 1516 2333 1571 Et
2365 1532 2523 1573 nemo
2567 1519 2697 1574 dicit
2738 1520 3021 1576 Dominum
3062 1522 3244 1578 Jesum
3270 1563 3286 1587 ,
3332 1524 3437 1579 nisi
3482 1524 3538 1578 in
3586 1524 3825 1594 Spiritu

2214 1614 2400 1662 sancto
2430 1607 2483 1678 (Ι
2509 1607 2629 1664 Cor.
2662 1611 2783 1681 xu),
2816 1629 2834 1663 ι
2870 1626 2968 1681 pro
2989 1627 3053 1667 eo
3075 1613 3357 1668 utdiceret
3381 1630 3395 1667 :
3423 1612 3595 1669 Nemo
3622 1614 3827 1669 Domi-

541 1725 559 1757 ‹
594 1706 900 1760 remittetur
925 1705 1250 1761 hominibus.
1275 1726 1293 1758 ι
1316 1704 1386 1760 Ut
1406 1714 1490 1781 est
1511 1705 1673 1780 illud:
1705 1703 1802 1760 Hic
1835 1720 1940 1760 non
1966 1703 2113 1773 ejicit
2142 1698 2189 1759 B
2218 1712 2343 1751 num
2364 1697 2565 1754 'Jesum
2612 1699 2886 1757 intellectu
2928 1703 3135 1781 cernit,
3179 1718 3340 1758 nemo
3369 1703 3661 1760 voluntate
3692 1721 3821 1759 am-

516 1798 821 1866 .dzemones,
854 1796 958 1852 nisi
988 1797 1040 1850 in
1062 1796 1305 1867 principe
1328 1785 1736 1872 daemoniorum.
1756 1814 1774 1846 ι
1798 1793 1969 1850 Omne
1991 1809 2114 1865 pec-

509 1896 754 1960 .catum,
797 1887 1053 1957 quidquid
1093 1888 1147 1942 in
1199 1886 1365 1963 filium
1413 1888 1647 1943 hominis
1688 1887 1888 1943 dictum
1926 1887 2111 1953 fuerit,

532 1992 630 2046 per
664 1978 1034 2048 pmniteutiam
1080 1979 1420 2057 remittetur.
1445 1997 1462 2030 ι
1503 1977 1735 2047 Spiritus
1771 1986 1950 2033 autem
1993 1978 2111 2033 bla-

534 2068 810 2136 sphemiae,
849 2088 867 2121 ι
899 2085 1005 2139 quo
1044 2054 1451 2143 blasphematur
1485 2070 1637 2136 illud,
1669 2085 1766 2139 per
1794 2071 1935 2140 quod
1966 2070 2111 2126 salus

536 2159 616 2235 ﬁt,
645 2179 662 2210 ι
702 2176 807 2215 non
838 2161 1159 2215 remittetur.
1194 2181 1212 2215 ι
1250 2161 1565 2231 Quicunque
1605 2160 1801 2215 dixerit
1832 2170 2111 2231 peccatum

536 2251 909 2320 supradictum
951 2259 1136 2307 contra
1168 2251 1334 2306 filium
1360 2253 1615 2317 hominis,
1654 2253 1757 2307 hoc
1789 2264 1885 2315 est,
1917 2254 2008 2323 qui
2042 2254 2114 2307 vi-

534 2340 687 2397 litate
714 2344 893 2400 Carnis
918 2326 1055 2399 mete
1091 2326 1508 2409 scandalizatur,
1555 2344 1740 2403 dicens
1768 2346 1910 2418 quod
1945 2344 2111 2399 Filius

536 2433 637 2486 sim
668 2431 803 2488 fabri
830 2442 884 2489 et
918 2434 1116 2499 Marias,
1149 2444 1281 2498 etc.,
1311 2435 1556 2503 quamvis
1594 2426 1749 2508 culpa
1793 2453 1899 2493 non
1928 2445 2114 2491 careat

537 2526 768 2592 erroris,
810 2535 987 2583 tamen
1016 2527 1178 2582 habet
1200 2528 1429 2589 veniam,
1458 2537 1675 2599 propter
1704 2530 1885 2584 carnis
1910 2528 2114 2583 scilicet

536 2616 818 2671 vilitatem.

614 2723 632 2756 ε
668 2704 767 2772 Qui
810 2706 1008 2760 dixerit
1058 2714 1245 2761 contra
1300 2704 1581 2775 Spiritum.
1635 2726 1653 2760 ι
1685 2707 1785 2775 Qui
1832 2706 2115 2761 manifeste

537 2798 837 2870 intelligens
863 2814 1024 2868 opera
1062 2798 1175 2862 Dei,
1207 2814 1329 2852 cum
1358 2799 1422 2852 de
1452 2799 1531 2854 eis
1559 2815 1753 2869 negare
1780 2815 1885 2853 non
1918 2798 2110 2868 possit,

539 2907 637 2962 pro
668 2891 868 2946 invidia
914 2890 1147 2963 Spiritus
1186 2893 1357 2946 sancti
1400 2892 1532 2947 dicit
1563 2895 1702 2975 facta
1731 2909 1849 2949 esse
1880 2894 1932 2947 in
1962 2892 2113 2948 Beel-

537 2983 732 3038 zebub.
764 3000 783 3035 I
818 2982 1001 3055 Neque
1027 2984 1081 3038 in
1104 2984 1207 3039 hoc
1228 2983 1423 3038 saeculo
1448 2999 1621 3053 neque
1644 2986 1697 3038 in
1724 2985 1906 3039 futuro
1937 2985 2116 3039 remit-

2216 1788 2491 1860 plectitur,
2520 1789 2624 1846 nisi
2648 1805 2745 1861 per
2770 1794 3001 1861 gratiam
3031 1778 3266 1865 Spiritus
3301 1796 3497 1851 sancti.

2763 1923 3043 1981 HOMILIA
3079 1924 3231 1982 CVII.

2573 2052 2808 2095 SABBATO
2856 2054 2987 2095 POS'I'
3026 2055 3420 2096 PENTECOSTEN.

2286 2145 2435 2217 (Luc.
2469 2144 2567 2217 tv.)
2596 2165 2613 2198 ι
2650 2147 2708 2201 In
2738 2147 2830 2203 illo
2855 2155 3135 2218 tempore:
3162 2149 3400 2221 Surgens
3420 2149 3583 2206 Jesus
3608 2152 3686 2206 de
3716 2167 3809 2223 sy-

2222 2254 2240 2288 σ
2269 2253 2493 2309 nagoga,
2523 2223 2842 2293 introivit'in
2865 2239 3080 2294 domum
3105 2239 3359 2298 Simonis.
3385 2241 3591 2298 Socrus
3613 2255 3803 2299 autem

2220 2347 2238 2379 ι
2272 2326 2508 2384 Simonis
2538 2330 2823 2384 tenebatur
2860 2330 3069 2401 magnis
3110 2330 3372 2386 febribus.
3400 2352 3421 2385 ι
3456 2333 3527 2388 Ει
3566 2333 3803 2404 reliqua.

2214 2419 2349 2475 Cum
2377 2420 2613 2476 venisset
2646 2419 2803 2476 Jesus
2847 2421 2900 2476 in
2941 2422 3161 2477 domum
3204 2423 3375 2489 Petri,
3409 2425 3548 2478 vidit
3578 2440 3805 2480 socrum

2213 2511 2330 2582 ejus
2362 2512 2633 2582 jacentem
2675 2519 2730 2567 et
2775 2510 3203 2577 febricitantem,
3254 2522 3310 2569 et
3357 2514 3534 2585 tetigit
3578 2530 3804 2569 manum

2213 2601 2353 2671 ejus,
2369 2611 2424 2656 et
2436 2602 2769 2657 dimisiteam
2785 2600 2970 2657 febris.
2990 2603 3100 2659 lloc
3114 2605 3311 2659 factum
3330 2603 3545 2659 Marcus
3557 2615 3611 2659 et
3625 2605 3813 2660 Lucas

2215 2704 2460 2759 narrant,
2496 2695 2809 2764 priusquam
2840 2696 2906 2751 de
2934 2696 3145 2766 leproso
3171 2696 3376 2753 dicant.
3409 2696 3516 2752 Sed
3543 2697 3683 2755 nihil
3711 2698 3808 2752 ob-

2215 2793 2324 2840 stat
2364 2785 2618 2838 narrandi
2663 2784 2979 2851 diversitas,
3026 2786 3114 2842 uhi
3145 2788 3333 2841 eadem
3366 2801 3457 2842 res
3491 2788 3806 2849 nuntiatur.

2217 2875 2450 2929 maxime
2493 2890 2613 2929 cum
2651 2873 2825 2930 Lucas
2864 2876 3099 2931 historia),
3142 2876 3346 2931 scribat
3390 2878 3805 2938 narrationem.

2218 2966 2359 3021 sicut
2380 2967 2432 3021 in
2464 2966 2638 3036 capite
2664 2967 2913 3036 superius
2940 2968 3142 3023 dictum
3170 2977 3253 3022 est
3283 2982 3299 3022 :
3335 2987 3354 3020 ι
3386 2967 3629 3039 Surgens
3646 2968 3809 3025 Iesus

545 3093 562 3124 ι
598 3081 742 3128 tetur
774 3075 845 3128 ei.
884 3049 1177 3129 {Ostendit
1215 3073 1395 3144 aliqua
1436 3049 1556 3129 esse
1607 3085 1824 3144 peccata
1850 3116 1866 3141 ,
1895 3090 2015 3145 quae
2062 3075 2113 3129 in

2228 3074 2247 3107 ι
2276 3057 2343 3112 de
2370 3072 2637 3129 synagoga
2659 3098 2675 3122 ,
2718 3058 2961 3113 introivit
2983 3059 3036 3113 in
3066 3058 3291 3114 domum
3316 3058 3577 3145 Simonis.
3608 3079 3627 3113 ι
3661 3060 3810 3116 lato

533 3163 737 3234 judicio
764 3180 862 3235 per
888 3166 1063 3235 ignem
1089 3166 1456 3236 purgatorium
1488 3168 1853 3221 remittuntur.

613 3275 631 3307 ι
660 3256 768 3310 Aut
795 3257 956 3311 facite
976 3256 1220 3311 arborem
1263 3257 1481 3323 bonam,
1510 3267 1564 3313 et
1604 3257 1836 3313 fructum
1863 3257 1979 3327 ejus
2011 3259 2110 3313 bo-

544 3364 562 3396 ι
598 3362 745 3399 num.
769 3367 787 3399 υ
820 3345 1102 3402 Concludit
1124 3361 1217 3403 eos
1241 3347 1568 3419 syllogismo.
1594 3347 1672 3413 Si,
1702 3349 1895 3418 inquit,
1922 3349 2111 3404 diabo-

539 3435 622 3491 lus
668 3435 805 3492 boua
847 3451 1011 3507 opera
1055 3437 1233 3492 facere
1275 3453 1381 3492 non
1423 3446 1633 3508 potest,
1678 3439 1723 3494 si
1761 3448 1941 3494 autem
1974 3440 2113 3494 bona

539 3536 664 3580 sunt
702 3542 821 3596 qua:
845 3527 1087 3592 cernitis,
1119 3527 1439 3582 subauditur
1478 3529 1618 3583 seire
1661 3529 1891 3594 debetis,
1920 3537 1979 3582 ut
2010 3545 2114 3583 non

524 3617 610 3687 [sit
638 3616 881 3671 diabolus
904 3618 994 3687 qui
1020 3634 1083 3673 ea
1108 3616 1256 3672 facit.
1286 3617 1470 3687 Neque
1509 3618 1654 3673 enim
1690 3618 1808 3674 fieri
1848 3627 2028 3689 potest
2058 3629 2115 3674 ut

539 3720 605 3759 ex
637 3706 777 3760 malo
818 3706 1036 3773 bonum,
1067 3716 1161 3761 aut
1185 3723 1253 3761 ex
1291 3708 1434 3762 bono
1459 3708 1667 3762 oriatur
1688 3708 1907 3763 malum.
1940 3710 2117 3765 Arbor

540 3796 684 3849 enim
737 3796 876 3850 bona
909 3796 1158 3852 Christus
1186 3806 1270 3852 est
1295 3816 1308 3850 :
1347 3799 1509 3853 arbor
1533 3813 1659 3854 vero
1685 3788 1848 3865 mala,
1874 3800 2117 3857 diabolus

544 3895 645 3939 est.
680 3885 756 3941 Ac
784 3885 828 3939 si
860 3887 1038 3942 dicat:
1071 3886 1113 3942 Ο
1140 3886 1399 3942 Pharisaei
1420 3928 1434 3952 ,
1472 3903 1539 3943 ex
1581 3904 1666 3943 me
1697 3887 1904 3945 fructus
1945 3892 2117 3948 bonus

541 3974 771 4041 orietur,
807 3992 930 4031 cum
970 3993 1231 4033 sanavero
1277 3980 1553 4033 mundum.
1612 3980 1691 4035 Ex
1736 3980 1885 4038 vobis
1935 3991 2115 4039 autem

544 4070 738 4134 malus,
766 4087 888 4126 cum
919 4088 1003 4127 me
1038 4074 1383 4149 crucifigetis.

621 4180 641 4213 ι
677 4150 967 4234 Progenies
1012 4166 1337 4235 viperarum,
1386 4167 1654 4236 quomodo
1698 4168 1923 4237 potestis
1972 4167 2116 4238 loqui

550 4273 568 4305 ι
614 4256 776 4318 bona,
800 4272 923 4310 cum
951 4257 1070 4311 sitis
1105 4257 1266 4310 mali?
1291 4258 1371 4311 Ex
1399 4258 1726 4313 abundantia
1758 4260 1902 4313 enim
1933 4260 2115 4314 cordis

548 4364 566 4398 σ
609 4361 670 4401 os
691 4346 945 4417 loquitur.
985 4367 1003 4400 ι
1034 4348 1196 4415 Quasi
1224 4347 1470 4413 dixisset,
1492 4364 1598 4403 non
1628 4348 1835 4403 fructus
1860 4348 2012 4403 bona:
2037 4365 2116 4403 ar-

541 4439 691 4494 boris
718 4454 783 4494 ex
812 4440 962 4494 vobis
989 4440 1254 4509 prodeunt
1278 4480 1293 4505 ,
1337 4441 1429 4495 sed
1470 4440 1597 4494 folia
1624 4481 1641 4506 ,
1681 4441 1781 4494 hoc
1808 4449 1926 4505 est,
1958 4440 2117 4494 verba
2146 4439 2171 4495 Ἴ

543 4533 738 4598 solum,
767 4542 822 4587 et
849 4527 953 4587 non
976 4526 1162 4603 opera.

621 4645 639 4677 ι
676 4626 854 4681 Bonus
895 4623 1056 4680 homo
1080 4625 1145 4679 de
1168 4625 1310 4680 bono
1351 4625 1606 4679 thesauro
1633 4622 1842 4692 profert
1874 4624 2034 4687 bona,
2067 4630 2122 4679 et

549 4734 569 4768 ι
601 4718 776 4772 malus
803 4718 964 4773 homo
992 4717 1057 4774 de
1088 4716 1230 4771 malo
1254 4717 1506 4771 thesauro
1535 4714 1741 4786 profert
1770 4716 1932 4771 mala.
1964 4734 1981 4766 ι
2010 4714 2122 4770 Hoc

545 4809 808 4880 superiori
831 4810 1160 4880 jungendum
1190 4816 1293 4864 est.
1324 4808 1605 4876 Quomodo
1631 4808 1993 4876 bonusbomo
2014 4822 2120 4861 non

546 4899 751 4969 profert
782 4900 938 4965 mala,
970 4916 1068 4955 nec
1099 4900 1270 4954 malus
1293 4899 1434 4954 bona
1464 4918 1478 4954 :
1511 4900 1589 4955 sic
1628 4915 1733 4952 non
1765 4907 1944 4967 potest
1963 4896 2122 4952 Chri-

546 5001 664 5047 stus
719 4992 881 5057 mala,
937 5007 1037 5048 nec
1094 4993 1337 5049 diabolus
1378 4991 1557 5047 facere
1598 4992 1759 5045 bona.
1817 4988 1885 5043 Et
1932 4988 2125 5044 hocin

546 5083 821 5139 Christum
852 5091 907 5138 et
929 5081 1140 5139 Judteos
1161 5084 1477 5140 subauditur
1508 5098 1523 5132 :

627 5191 645 5225 ι
682 5173 812 5228 Dico
844 5184 1025 5230 autem
1052 5174 1223 5229 vobis.
1259 5194 1277 5225 ι
1304 5172 1382 5227 Ac
1408 5170 1453 5226 si
1481 5168 1706 5232 diceret,
1733 5167 1959 5223 verbum
1984 5168 2126 5236 quod

550 5281 657 5322 non
680 5265 910 5322 aedificat
940 5266 1242 5332 audientes,
1273 5280 1377 5341 non
1406 5266 1510 5320 erit
1542 5264 1745 5332 absque
1774 5260 2013 5333 periculo
2043 5260 2123 5314 lo-

551 5357 769 5427 quentis
807 5377 820 5413 :
846 5367 1047 5429 quanto
1074 5358 1247 5429 magis
1269 5372 1360 5414 vos
1382 5356 1473 5426 qui
1500 5370 1665 5425 opera
1693 5354 1927 5424 Spiritus
1952 5352 2125 5429 sancti

553 5447 976 5512 calumniamini,
1007 5448 1247 5503 dicentes
1273 5460 1434 5516 opera
1464 5443 1800 5501 Beelzebub?
1835 5462 1853 5495 ι
1890 5441 2125 5497 Verbum

561 5556 578 5590 ι
606 5539 859 5595 otiosum.
896 5559 911 5590 ι
955 5537 1198 5595 Otiosum
1230 5522 1450 5592 verbum
1477 5544 1561 5591 est
1586 5535 1727 5606 quod
1756 5536 1872 5590 sine
1898 5533 2129 5588 utilitate

558 5630 826 5701 loquentis
863 5638 913 5685 et
956 5628 1220 5685 audientis
1263 5627 1480 5694 dicitur,
1517 5626 1629 5682 sive
1660 5624 1801 5693 quod
1834 5622 2040 5677 ratione
2075 5630 2129 5675 et

2224 3147 2392 3203 thmus
2416 3163 2546 3203 vero
2573 3148 2815 3203 ordinem
2845 3149 3089 3221 mysterii
3127 3158 3346 3205 secutus
3380 3138 3479 3205 sit;
3516 3150 3808 3224 Synagoga

2219 3238 2423 3303 Grmce,
2456 3240 2523 3294 de
2548 3255 2651 3310 qua
2681 3237 2837 3294 Jesus
2860 3255 3084 3311 surgere
3111 3240 3329 3306 dicitur,
3361 3240 3551 3297 Latine
3578 3258 3810 3314 congre-

2219 3330 2366 3400 gatio
2392 3329 2609 3397 dicitur,
2658 3329 2801 3400 quod
2831 3331 3106 3401 proprium
3137 3346 3331 3387 nomen
3361 3330 3673 3388 Iudaeorum
3713 3349 3811 3404 po-

2219 3417 2378 3487 pulus
2411 3417 2600 3473 tenuit.
2645 3417 2885 3488 Ipsorum
2928 3419 3070 3475 enim
3112 3422 3327 3491 proprie
3368 3420 3659 3493 Synagoga
3697 3423 3809 3477 dici

2221 3509 2389 3575 solet,
2412 3512 2660 3580 quamvis
2685 3519 2739 3567 et
2768 3512 3007 3567 Ecclesia
3034 3514 3178 3570 dicta
3212 3515 3320 3569 sit:
3350 3524 3595 3570 nostram
3624 3525 3808 3570 autem

2222 3600 2449 3669 apostoli
2477 3618 2749 3671 nunquam
2796 3602 3136 3675 Synagogam
3169 3605 3441 3671 dixerunt,
3468 3606 3564 3661 sed
3589 3621 3815 3676 semper

2223 3690 2514 3748 Ecclesiam
2538 3734 2553 3759 ,
2592 3695 2705 3750 sive
2728 3695 3065 3750 discernendi
3096 3710 3259 3751 causa
3281 3735 3297 3762 ,
3334 3694 3447 3750 sive
3473 3697 3620 3765 quod
3662 3697 3818 3753 inter

2223 3787 2716 3858 congregationem,
2744 3788 2886 3842 unde
2918 3803 3209 3859 synagoga,
3249 3796 3304 3844 et
3332 3790 3807 3851 convocationem,

2222 3878 2364 3932 unde
2397 3876 2636 3932 Ecclesia
2668 3892 2861 3931 nomen
2907 3878 3132 3948 accepit,
3165 3878 3331 3934 distat
3375 3878 3577 3947 aliquid
3599 3918 3617 3942 ,
3659 3879 3809 3947 quod

2224 3968 2430 4025 scilicet
2457 3969 2771 4041 congregari
2797 3979 2851 4026 et
2878 3986 3073 4041 pecora
3103 3971 3299 4035 solent,
3325 3986 3557 4040 quorum
3595 3980 3651 4026 et
3684 3988 3810 4040 gre-

2224 4073 2316 4130 ges
2360 4059 2577 4130 proprie
2627 4059 2904 4115 dicimus:
2955 4061 3235 4115 convocari
3280 4054 3463 4116 autem
3510 4062 3684 4129 magis
3719 4070 3813 4113 est

2224 4151 2487 4206 utentium
2515 4151 2723 4205 ratione
2744 4190 2760 4216 ,
2785 4151 2926 4206 sicut
2951 4152 3195 4206 homines
3234 4158 3381 4206 sunt.
3415 4170 3433 4202 ι
3472 4150 3719 4204 Introivit
3753 4150 3811 4204 in

2225 4243 2442 4298 domum
2471 4242 2725 4297 Simonis.
2762 4262 2780 4294 ι
2813 4241 3140 4313 Spiritaliter
3167 4243 3360 4297 domus
3397 4241 3639 4296 Simonis
3659 4240 3811 4296 Petri

2227 4333 2523 4390 Ecclesiam
2555 4333 2843 4405 significat.
2870 4331 3092 4399 Socrus,
3129 4333 3180 4388 id
3207 4342 3292 4387 est
3325 4342 3499 4387 mater
3522 4332 3642 4401 ejus
3670 4349 3805 4387 uxo-

2224 4429 2321 4492 ris,
2353 4425 2507 4495 cujus
2542 4436 2698 4496 pater
2735 4440 2891 4480 socer
2937 4420 3154 4480 dicitur.
3198 4424 3402 4480 Socrus
3439 4424 3612 4494 ipsius
3661 4424 3806 4479 Petri

2224 4517 2565 4590 Synagogam
2602 4510 2891 4585 significat,
2931 4531 3091 4586 quam
3115 4516 3386 4585 jacentem
3411 4524 3468 4571 et
3493 4514 3833 4570 febricitan-.

2224 4617 2331 4662 tem
2359 4604 2518 4662 Iesus
2556 4607 2791 4673 invenit,
2823 4606 2877 4662 id
2918 4608 3083 4662 estin
3123 4606 3300 4660 littera
3333 4606 3468 4677 legis
3507 4615 3566 4661 et
3604 4606 3817 4660 invidia

2225 4706 2557 4763 manentem,
2583 4713 2702 4767 quae
2730 4697 2782 4751 in
2812 4696 2917 4751 fine
2944 4696 3146 4761 credet,
3177 4696 3402 4752 salvatis
3438 4697 3721 4766 gentibus,
3748 4706 3809 4750 ut

2223 4797 2308 4842 est
2332 4786 2458 4842 illud
2484 4804 2498 4843 :
2522 4808 2540 4839 ε
2561 4786 2695 4842 Cum
2724 4786 2989 4841 introierit
3013 4785 3288 4856 plenitudo
3307 4785 3569 4856 gentium,
3586 4796 3714 4840 tunc.
3738 4786 3803 4839 de

2227 4882 2392 4938 lsrael
2418 4882 2607 4950 reliqui
2633 4880 2765 4936 salvi
2798 4879 2927 4934 fient
2953 4877 3123 4950 (Rom.
3154 4878 3253 4951 lx).
3283 4898 3304 4931 ι

2305 4993 2323 5025 ι
2360 4973 2667 5028 Tenebatur
2688 4958 2896 5042 magnis
2925 4969 3187 5037 febribus,
3214 4978 3269 5026 et
3296 4979 3623 5040 rogaverunt
3650 4968 3799 5023 illum

2234 5085 2253 5118 ο
2296 5082 2397 5137 pro
2425 5082 2507 5121 ea.
2537 5065 2602 5119 Et
2630 5073 2779 5119 stans
2810 5078 2972 5133 super
3010 5062 3155 5118 illam
3174 5104 3193 5130 ,
3234 5060 3520 5131 imperavit
3553 5059 3721 5123 febri.
3749 5068 3811 5115 et

2233 5177 2251 5210 ι
2296 5157 2501 5212 dimisit
2526 5172 2665 5211 eam.
2696 5175 2715 5207 ι
2743 5140 2801 5209 Si
2831 5155 3007 5208 virum
3029 5170 3057 5208 a
3082 5152 3345 5208 daemonio
3370 5151 3686 5223 (parumper
3711 5166 3799 5204 su-

2228 5251 2410 5321 perius
2431 5258 2487 5304 ut
2515 5258 2703 5304 textus-
2715 5245 2989 5317 Evangelii
3016 5244 3219 5315 narrat)
3248 5244 3557 5307 liberatum,
3582 5242 3833 5296 morali“

2231 5351 2316 5397 ter
2344 5341 2582 5397 animum
2621 5339 2687 5393 ab
2727 5336 2999 5393 immunda
3031 5334 3355 5405 cogitatione
3396 5343 3683 5405 purgatum
3726 5332 3799 5387 si-

2228 5436 2486 5505 gniticare
2529 5429 2841 5494 dixerimus,
2889 5436 3295 5509 consequenter,
3325 5423 3529 5480 femina
3567 5422 3809 5479 febribus

2231 5537 2419 5590 tenta,
2471 5522 2565 5579 sed
2617 5521 2683 5576 ad
2737 5520 3019 5591 imperium
3069 5518 3275 5575 Domini
3321 5525 3531 5580 curata,
3585 5529 3815 5570 carnem

2231 5616 2467 5673 ostendit
2493 5632 2521 5670 a
2553 5613 2997 5684 concupiscentiae
3017 5626 3124 5668 sum
3149 5610 3387 5676 fervore,
3406 5624 3503 5679 per
3523 5605 3805 5665 continen-
