4014 6354
128 272 282 328 577
1362 266 1666 327 HOMILUE

1854 262 1939 318 TE
1948 263 2196 320 ill‘ORE.
3336 268 3439 323 578

128 382 259 437 tia:
286 379 1223 453 praeceptafrenatam.Omnisenim
1252 380 1573 447 amaritudo,
1592 381 1762 446 etira,
1795 382 1835 435 Α
1868 375 1952 443 ιι).
1992 393 2010 424 ι
2042 373 2220 438 Quare
2266 379 2446 426 autem
2497 372 2759 428 dannonia
2809 374 3063 430 Dominus
3109 374 3175 431 de
3201 391 3259 431 se
3295 377 3441 447 loqui

121 479 199 527 et
245 470 589 543 indignatio,
619 480 673 527 et
698 471 920 538 clamor,
947 479 1002 527 et
1022 471 1373 542 blasphemia,
1406 472 1630 543 spiritus
1663 472 1764 526 im-
1859 454 2158 533 prohibeat,
2194 459 2477 515 Psalmista
2508 461 2861 528 manifestat,
2905 465 2998 534 qui
3031 465 3145 519 ait:
3182 488 3198 515 ε
3238 464 3444 521 Pecca-

120 563 368 618 mundi
392 562 544 618 furor
566 570 669 618 est.
703 562 1136 619 Fornicationem
1158 580 1309 630 vero,
1346 564 1705 620 immunditiar

1860 552 1964 605 tori
2012 560 2192 605 autem
2232 550 2369 604 dixit
2410 549 2575 615 Deus,
2621 565 2790 620 quare
2837 563 2890 607 tu
2936 567 3161 608 enarras
3208 553 3440 622 justitias

136 653 503 718 .ibidinem,
552 655 1040 725 concupiscentiam
1095 655 1290 710 malam
1347 651 1401 711 et
1446 656 1762 721 avaritiam,
1858 646 2081 697 meas“
2110 652 2215 697 ειο·
2251 640 2422 714 (Ρεαλ
2455 643 2626 713 “ind
2680 643 2756 699 NB
2795 647 2936 716 (illis,
2968 647 3093 701 dum
3142 650 3439 718 Ρνωάῖοειη-

127 758 294 812 qua:
329 752 416 798 est
449 743 860 799 simulacrorum
902 727 1158 811 servitus,
1203 744 1404 801 febrem
1438 746 1765 801 illecebrosa:
1860 743 1962 788 lem
1993 733 2161 797 θυάίῑν
2186 742 2445 802 Sequatur
2471 742 2765 788 επθηίθηι·
2804 736 3079 807 ίηῖρτοδυε
3112 748 3293 794 amem
3317 756 3439 795 ma-

132 834 366 889 carnis
386 834 643 907 intellige.
678 853 697 887 ‹
727 836 794 891 Ει
817 845 969 892 stans
997 852 1159 907 super
1187 837 1355 904 illam,
1386 838 1668 908 imperavit
1690 838 1717 892 fi

1857 825 2025 895 gister
2051 835 2133 880 est
2159 823 2421 890 diabolus,
2456 826 2547 895 qui
2593 825 2726 880 falsa
2757 818 2912 882 veris‘
2943 843 3086 899 saepe
3122 833 3436 900 permiscet,

134 920 274 986 bri,
324 930 382 977 et
422 923 626 978 dimisit
683 938 821 978 eam.
855 944 873 975 ι
910 924 1181 992 Quaeritur
1209 927 1493 983 cui-tertio
1533 928 1652 983 loco
1680 941 1767 983 so.
1858 926 1919 971 ut
1965 918 2445 985 specie'veritatis
2504 919 2870 973 testimonium
2934 920 3140 977 fraudis
3195 924 3437 981 obtexat.

133 1025 302 1066 crus
349 1010 498 1068 Petri
527 996 787 1069 san'atur?
823 1014 958 1083 Quia
998 1017 1193 1072 mulier
1231 1016 1286 1072 in
1320 1019 1542 1074 exordio
1581 1020 1766 1074 mundi
1856 1006 2006 1061 Alias
2033 1016 2210 1061 autem
2236 1021 2341 1061 non
2368 1007 2537 1062 solum
2572 1008 2875 1073 daemones,
2906 1011 2996 1081 qui
3025 1012 3177 1067 inviti
3210 1014 3436 1069 contite-

138 1103 340 1156 tertia
370 1105 576 1159 erravit
607 1120 868 1175 persona;
893 1107 1006 1163 sive
1035 1109 1177 1178 quod
1203 1108 1484 1182 Synagoga
1517 1126 1583 1165 ex
1611 1113 1723 1166 terti

1858 1099 2078 1163 bantur,
2113 1097 2374 1168 jubentur
2403 1099 2566 1154 silere
2613 1100 2679 1156 de
2716 1099 2935 1157 Christo
2961 1143 2975 1167 ,
3018 1104 3113 1159 sed
3144 1113 3198 1159 et
3240 1104 3312 1161 illi
3348 1107 3440 1177 qui

138 1189 284 1246 ﬁlio
313 1190 450 1257 Noe,
490 1194 541 1249 id
564 1203 647 1249 es;
684 1194 835 1261 sem,
866 1205 987 1251 orla
1022 1208 1127 1263 ρει,
1170 1198 1325 1268 cuius
1356 1200 1580 1271 ﬁguram
1607 1202 1762 1271 gem.
1859 1191 1925 1245 ab
1953 1204 2017 1244 eo
2042 1190 2219 1244 sanati
2260 1198 2452 1260 sponte
2476 1190 2720 1246 confiteri
2747 1192 3020 1258 volebant,
3046 1193 3154 1249 imo
3180 1196 3278 1265 ipsi
3304 1212 3437 1267 apo-

143 1275 279 1334 Sed
317 1280 585 1337 Dominus
608 1281 875 1361 Salvator
903 1294 1106 1353 noster,
1153 1289 1313 1344 modo
1339 1300 1578 1361 rogatus,
1610 1286 1767 1352 modo
1858 1278 2006 1343 stoli,
2038 1279 2131 1348 qui
2161 1290 2283 1335 eum
2324 1284 2926 1349 post-resurrectionem
2974 1294 3087 1339 toto
3124 1287 3254 1341 orbe
3283 1297 3442 1342 erant

144 1366 350 1433 ultro,
389 1382 542 1425 curat
565 1360 811 1444 aegrotos,
858 1378 1143 1432 ostendens
1184 1388 1373 1435 contra
1414 1360 1729 1452 peccatorur

1857 1368 2221 1439 prmdicaturi,
2251 1379 2378 1425 ante
2405 1371 2712 1440 passionem
2753 1374 2870 1443 ejus
2904 1375 3293 1444 praecipiuntur
3319 1392 3438 1432 om-

140 1472 401 1526 quoque
431 1461 729 1529 passiones,
761 1472 816 1519 et
853 1466 1104 1534 precibus
1132 1482 1344 1537 semper
1372 1485 1609 1527 minuere
1639 1471 1767 1528 “de-
1858 1461 1986 1517 nino
2030 1462 2258 1517 reticere
2301 1461 2369 1517 de
2410 1462 2501 1516 illo
2528 1480 2542 1515 :
2573 1479 2640 1518 ne
2670 1463 2851 1518 divina
2882 1465 3129 1520 videlicet
3160 1465 3442 1534 majestate

143 1543 331 1611 lium,
362 1555 420 1601 et
445 1562 507 1602 ea
530 1563 648 1618 qua:
677 1550 806 1620 ipsa:
831 1552 1054 1607 minime
1075 1553 1128 1607 in
1152 1569 1211 1609 se
1233 1555 1557 1628 intelligunt,
1582 1558 1665 1614 vel
1691 1558 1765 1614 ίη-
1856 1550 2145 1619 praedicata
2180 1551 2450 1621 passionis
2488 1552 2819 1622 dispensatio
2848 1553 3174 1621 dill'erretur,
3199 1567 3254 1611 et
3278 1556 3443 1612 dilata
3472 1576 3477 1582 ’
3538 1549 3545 1553 ’

148 1631 476 1706 telligenda
514 1638 666 1704 dare,
692 1638 781 1693 vel
802 1640 969 1694 etiam
999 1656 1106 1697 non
1152 1642 1422 1700 intellecta
1465 1647 1733 1703 dimittere

1857 1638 2138 1709 passione,
2170 1640 2317 1695 salus
2357 1641 2543 1696 mundi
2589 1656 2711 1711 qua:
2755 1658 2852 1713 per
2902 1644 3042 1700 hanc
3095 1643 3273 1702 futura
3302 1656 3442 1714 erat,

139 1719 325 1787 juxta
355 1728 499 1795 quod
522 1726 807 1785 Psalmista
836 1731 1115 1800 postulat:
1160 1751 1179 1784 ι
1214 1733 1428 1791 Delicta
1455 1737 1576 1807 quis
1607 1737 1762 1793 intcl-
1785 1743 1827 1802 Β
1856 1740 2161 1802 nesarci-M-
3383 1745 3391 1753 ’

148 1810 333 1883 tigitt
377 1816 459 1872 Ab
483 1819 715 1875 occultis
744 1822 879 1877 meis
921 1822 1121 1878 munda
1163 1839 1272 1891 me,
1315 1825 1540 1883 Domine
1585 1818 1761 1900 (Psal.
1930 1838 1950 1873 ι
1979 1820 2143 1876 Facta
2181 1831 2357 1877 autem
2397 1822 2483 1878 die
2514 1837 2765 1894 egressus
2800 1826 2913 1881 ibat
2952 1826 3006 1881 in
3038 1827 3310 1883 desertum
3355 1828 3468 1884 10·-

152 1904 361 1975 XVIII).
401 1923 420 1958 ι
894 1900 895 1903 “

1858 1928 1876 1960 ι
1908 1920 2124 1975 cum,et
2148 1913 2320 1967 turbae
2351 1914 2697 1982 requirebant
2726 1929 2869 1982 eum,
2893 1926 2948 1971 et
2969 1927 3232 1972 venerunt
3258 1933 3427 1988 usque

237 2023 262 2059 ε
316 2006 392 2061 Ει
422 2007 677 2062 continuo
703 2019 962 2077 surgens,
991 2006 1331 2060 ministrabat
1360 2003 1485 2060 illis.
1526 2023 1544 2056 ι
1578 2001 1750 2058 Natu-
1857 2024 1876 2056 ι
1910 2006 1977 2060 ad
2024 2006 2196 2076 ipsum
2219 2048 2234 2072 ,
2265 2016 2320 2062 et
2355 2008 2669 2062 detinebant
2712 2008 2891 2074 illum,
2929 2025 2996 2064 ne
3035 2010 3333 2067 discederet
3362 2013 3432 2068 ab

147 2096 283 2151 ralc
329 2107 419 2152 est
449 2096 898 2161 febricitantibus,
946 2096 1234 2167 incipiente
1279 2097 1533 2160 sanitate,
1579 2095 1747 2150 lasse-
1858 2112 1877 2145 ι
1912 2095 2016 2150 eis.
2058 2115 2076 2147 ι
2111 2096 2168 2151 Si
2203 2111 2395 2151 occasu
2438 2096 2598 2160 solis,
2640 2098 2852 2153 Domini
2919 2094 3065 2155 mors
3109 2100 3433 2170 exprimitur

143 2201 367 2252 scere,
403 2194 478 2241 -et
531 2187 894 2257 aegrotationis
942 2188 1142 2241 sentire
1187 2186 1507 2241 molestiam.
1550 2186 1750 2241 Verum
1852 2186 2156 2253 salvatoris,
2190 2202 2358 2256 quare
2397 2203 2501 2241 non
2530 2189 2616 2243 die
2644 2190 2900 2245 redeunte
2925 2191 3250 2245 resurrectio
3281 2190 3429 2246 illius

147 2278 423 2342 sanitas,
451 2291 571 2346 quae
596 2278 810 2333 Domini
850 2280 1126 2333 confertur
1156 2279 1414 2348 imperio,
1438 2278 1604 2332 simul
1641 2287 1751 2333 tota
1844 2276 2137 2345 judicetur,
2171 2278 2262 2347 qui
2302 2278 2590 2333 manifesta
2640 2278 2757 2334 luce
2804 2295 2835 2336 a
2878 2280 3215 2334 credentium
3260 2280 3431 2335 turbis

148 2367 335 2422 redit.
367 2365 482 2421 Non
508 2367 681 2422 solum
713 2368 827 2437 ipsa
854 2368 1027 2433 redit,
1057 2370 1149 2423 sed
1177 2377 1231 2423 et
1267 2377 1417 2423 tanto
1442 2369 1635 2424 robore
1662 2384 1754 2423 co-
1854 2370 2162 2439 inquiritur,
2192 2378 2249 2424 et
2268 2370 2322 2423 in
2346 2370 2583 2442 gentium
2610 2371 2822 2426 deserto
2847 2372 3097 2427 inventus
3118 2412 3132 2436 ,
3178 2385 3246 2426 ne
3273 2372 3434 2428 abeat

156 2457 432 2520 mitante,
467 2464 528 2509 ut
563 2457 643 2510 eis
665 2458 948 2522 continuo,
987 2458 1077 2527 qui
1117 2473 1176 2513 se
1212 2459 1525 2528 adjuveranl
1550 2497 1564 2522 ,
1594 2457 1754 2512 mini-
1852 2458 2141 2523 detinetur,
2175 2459 2409 2513 maxime
2439 2473 2561 2512 cum
2591 2459 2707 2513 haec
2734 2459 2907 2528 prima
2936 2459 3178 2525 sabbati,
3212 2475 3320 2530 quo
3348 2475 3435 2515 re-

155 2554 353 2601 strare
386 2544 615 2601 sufliciat
635 2586 649 2611 ,
682 2555 737 2600 et
765 2547 921 2617 juxta
956 2547 1101 2617 leges
1138 2547 1477 2618 tropologiaa,
1509 2548 1750 2602 membra
1851 2549 2115 2604 surrectio
2136 2549 2406 2605 celebrata
2428 2558 2533 2616 est,
2555 2551 2813 2621 egressio,
2839 2551 3065 2621 quaestio
3106 2559 3160 2607 ct
3186 2552 3429 2608 inventio

160 2652 293 2707 quae
321 2637 623 2692 servierant
642 2636 995 2691 immunditia:
1012 2638 1081 2691 ad
1106 2637 1467 2707 iniquitatem,
1497 2647 1557 2691 ut
1583 2636 1751 2691 sacri—
1850 2639 2169 2708 contigerit?

164 2728 405 2783 ficarent
449 2726 645 2793 morti,
694 2727 931 2782 serviant
971 2726 1197 2796 jnstitiae
1258 2728 1313 2781 in
1369 2726 1535 2781 vitam
1587 2734 1746 2781 aeter-
1925 2746 1944 2781 ι
1978 2729 2182 2796 Quibus
2211 2729 2299 2784 ille
2329 2731 2441 2784 ait:
2472 2729 2607 2797 Quia
2636 2741 2691 2786 et
2731 2732 2851 2786 aliis
2877 2732 3189 2788 civitatibus
3219 2742 3439 2803 oportet

165 2830 321 2870 nam.
1853 2835 1872 2869 ε
1904 2832 1990 2872 me
2019 2819 2393 2890 evangelizare
2444 2834 2669 2891 regnum
2716 2822 2851 2887 Dei,
2896 2823 3020 2891 quia
3067 2822 3188 2878 ideo
3238 2825 3436 2878 missus

247 2925 268 2957 ι
302 2906 437 2961 Cum
464 2907 543 2961 sol
573 2914 753 2962 autem
776 2906 1097 2973 occidisset,
1130 2920 1317 2961 omnes
1345 2906 1435 2975 qui
1476 2905 1747 2960 habebant
1853 2928 1871 2959 ι
1902 2924 2039 2963 sum.
2077 2928 2096 2961 ι
2132 2910 2198 2964 Et
2217 2918 2275 2963 ut
2304 2909 2515 2965 Marcus
2541 2911 2618 2965 ait
2639 2910 2832 2982 (Marc.
2858 2911 2898 2983 ι)
2932 2930 2946 2966 :
2980 2912 3128 2967 Abiit
3156 2914 3210 2967 in
3240 2913 3431 2968 deser-

174 3016 195 3048 ι
246 2997 493 3052 infirmos
518 2999 684 3054 variis
718 2998 1085 3068 languoribus,
1116 2998 1384 3052 ducebant
1416 2995 1533 3051 illos
1565 2997 1630 3049 ad
1657 2994 1747 3051 Je-
1847 3005 1960 3051 tum
1985 2998 2241 3068 gentium,
2274 2990 2454 3068 ibique
2495 2999 2548 3053 in
2587 3001 2699 3055 suis
2740 3000 2987 3063 fidelibus
3035 3003 3257 3066 orabat,
3304 3004 3430 3072 quia

179 3106 201 3137 ι
250 3103 394 3142 sum.
440 3086 511 3142 At
550 3088 657 3153 ille,
697 3088 923 3162 singulis
967 3102 1159 3142 manus
1188 3090 1495 3156 imponens,
1525 3086 1750 3141 curabat
1777 3079 1821 3140 C
1853 3089 2014 3143 corda
2045 3104 2232 3143 eorum
2270 3105 2367 3159 per
2404 3090 2634 3162 gratiam
2684 3092 2766 3146 sui
2809 3092 3030 3161 spiritus
3071 3095 3137 3149 ad
3178 3095 3467 3149 virtutem'

183 3199 203 3229 ι
251 3194 366 3234 eos.
413 3199 432 3232 ι
474 3178 617 3235 Solis
652 3160 929 3234 occubitus
967 3178 1271 3249 passionem
1311 3185 1647 3251 mortemque
1674 3177 1747 3231 si-
1846 3179 2107 3234 orationis
2142 3160 2434 3233 excitabat.
2526 3176 2531 3221 ἱ

181 3269 402 3370 gniﬁcat
422 3269 575 3337 illius,
599 3270 871 3370 qui-dixit
901 3286 915 3323 :
940 3289 970 3370 ι(
1010 3268 1259 3370 ριέ-ᾳηᾶὶξι
1290 3268 1343 3321 in
1372 3265 1571 3370 nit-Indi)
1603 3281 1745 3370 διιξη.
2058 3286 2061 3289 ’
2388 3312 2672 3368 ΠΟΜΠᾸΑ
2706 3313 2883 3370 εγω,
2970 3266 2976 3273 ⁸

177 3361 272 3415 lux
300 3377 415 3416 sum
454 3364 634 3417 mundi
664 3362 844 3434 (Joan.
882 3361 980 3433 ix).
1014 3380 1033 3413 ι
1068 3361 1137 3415 Et
1163 3360 1276 3415 sole
1302 3358 1604 3423 occidente,
1634 3357 1747 3428 plu-
2388 3350 2672 3368 """“““‘

178 3469 269 3510 res
291 3454 600 3511 dtemoniaci
635 3470 796 3525 quam
827 3464 979 3520 ante,
1020 3454 1206 3526 plures
1231 3467 1443 3524 quoque
1487 3458 1750 3507 sanantur
1818 3458 1821 3459 '
2284 3439 2337 3478 ⁸³
2371 3438 2580 3478 θετλνλ
2618 3439 3008 3479 "summu"

176 3547 381 3615 aegroti.
410 3547 545 3614 Quia
585 3547 677 3616 qui
716 3546 1085 3617 temporaliter
1117 3546 1171 3600 in
1198 3559 1361 3600 carne
1388 3544 1573 3598 vivens
1618 3556 1749 3611 pau«
1918 3533 2098 3604 (10m.
2130 3535 2235 3607 tu.)
2270 3554 2288 3586 ι
2318 3534 2373 3589 In
2415 3534 2504 3589 illo
2535 3543 2777 3604 tempore
2803 3553 2816 3589 :
2848 3535 3171 3591 Erathomo
3197 3532 3264 3592 ex
3292 3536 3434 3593 Pha-

176 3651 269 3692 cos
290 3636 595 3693 Judaeorum
624 3637 825 3702 docuit,
848 3636 1053 3692 calcato
1073 3651 1239 3706 regno
1265 3635 1475 3700 mortis,
1495 3634 1746 3689 omnibus
1786 3700 1791 3707 η
1853 3649 1871 3681 ‹
1912 3631 2104 3696 risaeis,
2138 3630 2462 3685 Nicodemus
2493 3632 2730 3699 nomine,
2762 3632 3011 3704 princeps
3038 3632 3367 3689 Iudaeorum.
3406 3654 3426 3687 ι
3460 3648 3466 3657 δ

176 3744 272 3799 per
295 3730 482 3785 orbem
504 3731 754 3800 gentibus
779 3729 902 3785 fidei
934 3729 1227 3799 salutisque
1258 3729 1396 3783 dona
1425 3726 1744 3806 transmisit.
1847 3722 1914 3776 Et
1936 3722 2163 3792 reliqua.
2197 3721 2350 3777 Sicut
2388 3720 2689 3792 ignorantia
2721 3720 2882 3780 unius
2918 3725 3206 3798 aliquando
3232 3727 3436 3807 multis

177 3818 339 3889 Cujus
395 3820 656 3875 ministris
710 3820 864 3891 quasi
921 3820 1022 3873 viae
1077 3819 1318 3889 lucisque
1369 3818 1744 3888 praeconibus,
1845 3813 2036 3868 obesse
2063 3813 2220 3877 solet,
2246 3815 2325 3869 sic
2354 3815 2515 3870 unius
2544 3815 2896 3888 interrogatio
2933 3814 3426 3889 multis'prodesse.
3462 3828 3465 3843 ’

177 3907 459 3964 Psalmista
490 3910 636 3965 canit
668 3926 682 3963 :
718 3927 736 3960 ι
779 3909 885 3965 lter
910 3907 1071 3963 facite
1106 3908 1154 3962 ei
1193 3909 1283 3977 qui
1314 3906 1556 3962 ascendit
1582 3919 1747 3975 super
1847 3902 1999 3971 Quod
2046 3904 2100 3959 in
2139 3903 2296 3973 hujus
2338 3905 2586 3961 lectionis
2630 3915 2780 3961 textu
2824 3906 3075 3965 facillime
3121 3911 3435 3980 comproba-

179 4012 423 4054 occasum
446 3996 618 4071 (Psal.
649 3998 837 4069 van).
881 4016 901 4050 ι
933 3998 1108 4069 Super
1133 4012 1390 4053 occasum
1419 3998 1618 4067 quippe
1644 3996 1741 4051 Do-
1847 4011 1999 4061 mus,
2031 3996 2077 4052 si
2124 3993 2400 4051 Nicodemi
2447 3997 2925 4069 interrogationem
2949 4037 2965 4066 ,
3013 4009 3069 4055 et
3105 4000 3318 4056 Domini
3350 3988 3461 4057 re?

181 4088 354 4144 minus
376 4088 641 4155 ascendit,
662 4089 787 4160 quia
812 4088 957 4144 unde
977 4089 1031 4143 in
1053 4088 1305 4159 passione
1324 4087 1597 4153 occubuit,
1622 4088 1746 4143 inde
1850 4089 2197 4159 sponsionem
2228 4088 2453 4144 sollicite
2480 4090 2845 4146 attendamus.
2874 4091 3093 4148 Utiliter
3120 4094 3263 4148 enim
3291 4108 3433 4148 unus

182 4179 433 4252 majorem
455 4195 607 4235 suam
637 4180 863 4250 gloriam
890 4180 1223 4252 resurgendo
1252 4179 1635 4236 manifestavit.
1847 4178 2083 4249 ignorat,
2102 4179 2319 4248 quando
2344 4179 2409 4233 ad
2437 4179 2598 4235 unius
2626 4179 3125 4252 interrogationem,
3143 4198 3245 4237 non
3271 4197 3431 4245 unus,
3460 4194 3465 4201 ‘

250 4290 269 4323 σ
304 4251 536 4349 Εἱὶιξίιηι
568 4279 747 4325 autem
776 4270 1036 4326 daemonia
1070 4286 1099 4324 a
1128 4270 1311 4326 multis
1332 4310 1347 4337 ,
1381 4271 1668 4326 clamantia
1694 4278 1749 4325 et
1848 4266 1944 4323 sed
1973 4267 2148 4334 multi,
2197 4268 2327 4338 quid
2366 4268 2496 4323 utile
2539 4276 2624 4325 est
2671 4251 2905 4325 discunt.
2954 4270 3124 4335 Nam,
3157 4278 3220 4323 ut
3264 4284 3430 4340 supra

191 4376 209 4411 ι
238 4358 502 4415 dicentia:
533 4358 659 4429 quia
694 4365 748 4412 tu
777 4372 838 4413 es
865 4358 1033 4414 Filius
1060 4359 1175 4414 Dei.
1204 4359 1271 4414 Et
1295 4359 1582 4429 increpans
1598 4364 1619 4424 ,‘
1639 4373 1746 4413 non
1847 4357 2155 4430 evangelica
2186 4358 2344 4414 lectio
2370 4359 2589 4424 retulit,
2615 4358 2941 4431 praedicante
2968 4360 3197 4414 Domino
3225 4358 3420 4412 Hiero-

191 4471 208 4505 ε
237 4453 439 4508 sinebat
466 4466 529 4506 ea
555 4450 735 4521 loqui,
777 4450 904 4520 quia
951 4450 1191 4505 sciebant
1232 4450 1402 4520 ipsum
1436 4464 1558 4504 esse
1586 4447 1745 4504 Chri-i
1766 4432 1819 4492 D
1845 4450 2065 4522 solymis
2092 4451 2147 4505 in
2178 4449 2264 4505 die
2297 4450 2456 4518 festo,
2488 4450 2640 4511 multi
2663 4451 2970 4506 Judzeorum
2998 4450 3349 4503 crediderunt
3374 4447 3428 4502 in

192 4562 209 4595 ι
238 4551 396 4599 stum.
426 4562 446 4596 ι
484 4541 755 4596 Daemonia
777 4541 971 4595 Filium
1010 4541 1103 4595 Dei
1127 4541 1540 4608 confitebantur,
1566 4550 1623 4596 et
1661 4551 1741 4598 at-
1845 4541 2061 4597 nomine
2095 4541 2212 4612 ejus
2235 4582 2250 4608 ,
2279 4542 2526 4598 videntes
2554 4544 2708 4613 signa
2735 4557 2856 4611 qua:
2894 4534 3145 4595 faciebat.
3176 4539 3293 4609 [pse
3331 4555 3430 4593 au-
3456 4552 3460 4561 '

190 4618 793 4704 testanteevangelista.c
820 4630 1259 4703 Sciebantipsum
1280 4633 1736 4689 esseChristum.»
1846 4641 1955 4687 tem
1995 4632 2155 4689 Jesus
2196 4648 2303 4688 non
2334 4634 2589 4689 credebat
2630 4624 2980 4703 semetipsum
3032 4632 3140 4697 eis,
3172 4646 3239 4684 eo
3283 4630 3428 4700 quod
3460 4644 3465 4649 '

189 4727 313 4795 Quia
356 4741 516 4795 quem
565 4725 775 4779 dierum
822 4712 1178 4793 quadraginta
1208 4720 1413 4791 jejunio
1459 4722 1741 4795 fatigatum
1847 4730 2030 4778 nosset
2050 4737 2263 4789 omnes,
2291 4732 2345 4778 et
2366 4725 2491 4794 quia
2518 4738 2652 4794 opus
2672 4724 2722 4779 ei
2752 4739 2859 4779 non
2881 4731 3018 4788 erat,
3044 4729 3103 4777 ut
3129 4721 3253 4792 quis
3275 4722 3429 4776 testi-
3454 4740 3459 4745 η

190 4815 416 4871 diabolus
438 4815 709 4870 hominem
732 4822 1078 4884 cognoverat,
1103 4828 1202 4869 nec
1223 4814 1478 4869 tentando
1504 4814 1740 4877 valebat;
1848 4803 2086 4867 moniu'm
2115 4812 2426 4882 perhiberet
2472 4814 2539 4869 de
2580 4814 2816 4868 homine.
2867 4812 3173 4884 lpse.enim
3224 4810 3449 4868 sciebat

190 4923 249 4963 an
275 4906 365 4963 Dei
391 4906 556 4962 Filius
590 4913 735 4962 esset
758 4904 1010 4975 experiri,
1030 4905 1143 4976 jam
1172 4920 1314 4960 nunc
1339 4920 1436 4976 per
1468 4906 1741 4977 signorum
1847 4903 1973 4974 quid
1999 4914 2146 4960 esset
2172 4904 2226 4959 in
2255 4905 2495 4959 homine.
2526 4905 2605 4960 Ex
2641 4905 2723 4961 eis
2762 4920 2893 4976 ergo
2922 4904 3013 4975 qui
3055 4904 3425 4969 crediderant,
3456 4906 3463 4945 ἓ

192 4998 463 5072 potentiam
496 4998 578 5053 vel
627 4986 929 5065 intellexit,
977 4998 1061 5054 vel
1107 4998 1283 5068 potius
1329 4997 1632 5068 suspicatus
1661 5007 1744 5055 est
1846 5010 1985 5050 unus
2013 5005 2129 5051 erat
2163 4997 2264 5051 iste
2293 4995 2657 5053 Nicodemus:
2686 4997 2800 5068 qui,
2828 4990 3086 5069 quoniam
3124 4996 3428 5071 rudimenta

192 5106 296 5146 esse
320 5090 508 5145 Filium
535 5089 650 5145 Dei.
677 5088 791 5143 Non
822 5089 982 5160 igitur
1002 5090 1121 5144 ideo
1140 5088 1338 5144 Judzeis
1371 5105 1494 5144 eum
1525 5090 1740 5147 crucifi-
1844 5085 2080 5142 caelestis
2118 5087 2380 5143 doctrina:
2410 5087 2802 5159 aliquantulum
2830 5095 3176 5159 perceperat,
3209 5085 3431 5155 cupiens

194 5196 304 5251 gere
320 5180 606 5251 persuasit,
641 5180 777 5249 quia'
800 5178 1073 5234 Christum
1097 5221 1110 5245 ,
1146 5181 1258 5236 sive
1290 5179 1383 5236 Dei
1410 5180 1603 5236 Filium
1634 5196 1740 5236 non
1842 5175 2054 5247 plenius
2079 5176 2272 5232 instrui
2298 5218 2314 5242 ,
2341 5188 2401 5233 ut
2438 5180 2704 5234 secretius
2733 5178 2850 5247 ejus
2877 5178 3197 5234 allocutione
3224 5174 3428 5246 perfrui

194 5285 297 5327 esse
321 5271 542 5341 putavit,
575 5270 667 5325 sed
702 5270 827 5339 quia
862 5278 1035 5341 morte
1063 5285 1121 5324 se
1163 5269 1304 5325 illius
1347 5284 1453 5325 non
1494 5270 1742 5341 pmvidit
1844 5277 2045 5338 posset,
2072 5278 2227 5325 nocte
2248 5272 2314 5324 ad
2334 5286 2458 5326 eum
2486 5270 2650 5326 venit.
2675 5270 2793 5328 Nox
2822 5271 3103 5336 autem,-in
3130 5282 3235 5339 qua
3256 5268 3424 5332 venit,

196 5374 300 5415 esse
322 5339 699 5415 damnandum.
725 5360 864 5415 Vere
891 5339 1035 5415 enim
1071 5361 1138 5415 de
1168 5362 1273 5417 hoc
1297 5339 1553 5433 mysterio
1580 5376 1609 5416 a
1637 5376 1739 5417 εαξ-
1772 5368 1773 5371 ‘
1848 5358 2018 5428 ipsam
2046 5361 2402 5431 ignorantiam
2428 5376 2532 5431 qua
2574 5363 2923 5433 premebatur
2968 5358 3266 5432 significat,
3299 5357 3427 5426 quia

197 5452 313 5507 culis
338 5452 652 5507 abscondito
680 5450 805 5506 dicit
834 5448 1145 5521 Apostolus,
1174 5453 1317 5521 quod
1348 5466 1505 5507 nemo
1535 5452 1740 5521 princi-
1776 5480 1783 5486 -
1846 5452 1988 5506 enim
2016 5444 2176 5507 illum
2206 5453 2445 5507 nondum
2475 5467 2663 5509 verum
2695 5455 2862 5511 Deum
2887 5468 3008 5510 esse
3035 5447 3309 5512 credebat,
3333 5444 3427 5501 sed

197 5555 304 5609 pum
332 5539 486 5610 hujus
514 5540 693 5596 smculi
719 5541 987 5612 cognovit.
1020 5558 1038 5591 ‹
1076 5540 1133 5594 Si
1163 5541 1304 5595 enim
1339 5530 1738 5612 cognovissent,
1847 5544 1998 5614 quasi
2020 5543 2338 5616 inagistrum
2384 5546 2656 5602 docendus
2704 5546 2924 5611 adibat,
2972 5553 3209 5612 congrue
3237 5551 3342 5592 non
3371 5536 3424 5590 in
3454 5560 3457 5563 -

200 5645 445 5704 nunquam
491 5632 774 5687 Dominum
824 5630 1006 5702 gloriae
1069 5630 1462 5688 crucifixissent
1516 5631 1568 5705 (1
1614 5633 1732 5688 Cor.
1849 5638 1967 5705 die,
2025 5637 2117 5693 scd
2148 5636 2201 5692 in
2234 5646 2390 5694 nocte
2426 5625 2692 5696 veniebat.
2722 5638 2837 5695 Non
2867 5636 3013 5694 enim
3059 5634 3123 5691 de
3164 5628 3269 5686 illis
3310 5635 3455 5685 erat—
