4014 6354
582 294 687 351 879
722 306 727 311 '

1218 284 1570 339 llAYllONlS
1609 285 2085 340 HALBERSTAT.
2130 285 2341 342 lIPlSC.
2385 284 2533 343 OPP.
2576 286 2754 342 PARS
2793 287 2856 341 ll.
2896 319 2966 329 —
3003 287 3235 345 “OMIL.

3786 295 3900 352 380

581 408 675 476 qui
715 405 783 461 ab
829 400 1085 473 Apostolo
1120 398 1313 453 audire
1359 407 1673 451 meruerunt
1705 414 1718 449 :
1769 415 1786 446 ι
1824 396 2023 451 Fuistis
2066 397 2162 450 ali-
2188 403 2236 460 Α
2267 414 2366 469 ego
2388 398 2617 463 tacio,et
2636 399 2751 469 ipse
2771 398 2951 465 faciet,
2966 409 3023 456 et
3045 400 3251 470 majora
3274 402 3466 459 borum
3490 404 3665 461 faciet
3679 405 3893 478 (lacn.

580 493 799 565 quando
815 490 1069 550 tenebrae,
1088 503 1228 543 nunc
1250 495 1428 541 autem
1448 486 1536 540 lux
1564 487 1615 539 in
1634 486 1860 540 Domino
1875 486 2035 558 (Eph.
2054 490 2132 553 v),
2146 506 2162 535 ι

582 585 679 640 sed
709 583 887 653 potius
917 581 969 635 in
999 579 1212 633 illorum
1245 592 1470 633 numero
1493 593 1614 632 esse
1638 577 2167 646 comprobatur,qui-

2272 492 2406 557 xlv).
2440 509 2457 541 ι
2478 489 2571 553 Ex
2594 490 2794 547 virtute
2821 500 3003 546 autem
3034 491 3417 550 miraculorum
3455 495 3642 551 credit
3683 512 3836 552 etim
3858 514 3889 554 ι

2270 578 2497 633 Domino
2523 593 2644 635 esse
2671 580 2898 636 missum
2919 620 2933 645 ,
2961 580 3044 635 vel
3073 580 3307 651 aliquem
3338 598 3597 655 magnum
3636 587 3845 643 virum
3865 633 3881 653 ,

579 676 683 730 bus
704 689 803 744 per
819 673 1131 743 prophetam
1151 671 1378 725 dicitur:
1399 691 1417 720 ι
1441 670 1632 732 Surge,
1661 671 1985 734 illuminare,
2013 669 2170 725 Jeru-
2270 656 2410 722 sicut
2435 667 2675 740 Moysen,
2696 678 2791 723 aut
2813 669 3009 735 Eliam,
3024 678 3118 725 aut
3143 686 3305 725 unum
3328 686 3396 727 ex
3417 676 3741 745 prophetis.
3770 676 3881 735 Sed

581 765 747 819 salem
769 803 784 828 ,
815 764 944 832 quia
995 764 1142 817 venit
1177 762 1354 816 lumen
1402 771 1551 815 tuum
1584 760 1717 829 (Isa.
1764 761 1877 829 ωε).
1912 782 1930 810 ι
1959 762 2025 816 Ει
2071 777 2167 831 per

578 853 895 924 Apostolum
922 866 936 906 :
974 874 992 899 ι
1021 850 1213 922 Surge,
1249 852 1343 920 qui
1371 851 1594 916 dormis,
1622 860 1677 905 et
1710 865 1939 919 exsurge
1962 867 1991 905 a
2023 866 2167 907 mor-

579 945 689 1000 tuis
715 944 874 1015 (Eph.
910 944 984 1015 v).
1027 962 1045 995 ι
1082 943 1178 998 Vel
1201 952 1384 1005 certe,
1414 943 1534 1011 quia
1566 943 1817 1012 princeps
1856 942 2163 1003 .ludteorum

579 1044 717 1097 erat,
747 1043 906 1087 nocte
936 1033 1002 1086 ad
1038 1032 1223 1087 Jesum
1261 1032 1444 1095 venit,
1476 1040 1721 1087 metuens
1749 1032 1850 1086 sibi
1877 1031 2163 1087 imminere

578 1123 795 1193 aliquod
823 1122 1145 1192 periculum,
1175 1136 1280 1175 non
1306 1122 1476 1176 solum
1502 1138 1532 1174 a
1561 1121 1783 1187 Judaeis,
1815 1122 1909 1176 sed
1938 1121 2101 1176 etiam
2129 1136 2160 1174 a

579 1212 861 1268 Romanis.
901 1211 1020 1267 Jam
1041 1212 1185 1266 enim
1205 1212 1650 1281 conspiraverant
1668 1209 1862 1271 Judaei.
1886 1220 1944 1267 ut
1970 1212 2016 1266 si
2035 1211 2162 1281 quis

577 1320 702 1365 eum
729 1304 906 1375 palam
936 1302 1287 1358 conﬁteretur
1311 1301 1607 1365 Christum,
1637 1310 1792 1356 extra
1817 1300 2155 1372 Synagogam

578 1392 753 1450 ﬁeret.
782 1393 899 1449 Non
930 1391 1102 1448 solum
1129 1393 1345 1462 quidem
1373 1399 1530 1446 nocte
1557 1391 1611 1445 in
1633 1390 1750 1459 ipso
1779 1398 1922 1446 statu
1954 1400 2161 1460 tempo-

577 1485 679 1550 ris,
699 1483 794 1539 sed
823 1483 989 1539 etiam
1014 1481 1193 1536 verbis
1219 1495 1376 1536 suam
1399 1480 1758 1552 ignorantiam
1778 1480 2001 1550 pandit,
2033 1494 2158 1535 cum

575 1572 629 1628 ei
660 1572 792 1628 dicit
822 1589 837 1624 :

650 1680 672 1713 ι
714 1661 909 1727 Babbi,
935 1662 1136 1717 scimus
1163 1661 1292 1731 quia
1332 1675 1362 1713 a
1390 1659 1500 1714 Deo
1528 1658 1721 1715 venisti
1754 1658 2031 1730 magister.
2063 1678 2084 1712 ι
2109 1658 2154 1715 Α

2267 757 2440 826 ipsam
2465 767 2786 828 potestatem
2818 775 2923 813 non
2952 774 3015 814 se
3048 761 3249 817 habere
3272 777 3431 831 posse
3463 766 3707 821 credidit
3726 806 3751 833 ,
3781 769 3876 824 sed

2266 862 2296 900 a
2330 846 2437 901 Deo
2475 848 2741 918 accipere.
2773 848 2839 904 Et
2868 842 2993 918 quia
3023 849 3089 904 de
3118 850 3289 908 salute
3324 866 3421 907 sua
3463 853 3746 911 sollicitus
3775 854 3869 912 Ni-

2266 937 2540 1003 codamus,
2582 938 2650 992 ad
2676 939 2990 1009 magistrum
3016 939 3263 995 veritatis
3292 939 3751 1013 interrogandum
3780 960 3867 1000 ve-

2265 1035 2456 1093 nerat,
2520 1043 2627 1082 non
2681 1029 3015 1087 solummodo
3066 1030 3317 1086 secundae
3362 1032 3711 1098 nativitatis,
3769 1036 3861 1091 sed

2263 1117 2425 1171 etiam
2468 1118 2784 1189 mysterium
2810 1119 3076 1189 passionis
3106 1130 3160 1176 et
3185 1124 3649 1191 resurrectionis,
3692 1133 3857 1197 atque

2263 1209 2317 1263 in
2343 1208 2539 1264 coelum
2572 1210 2905 1267 ascensionis
2932 1212 3158 1266 audivit.
3197 1211 3334 1268 Nam
3369 1215 3628 1270 subditur
3658 1233 3677 1268 :

2335 1317 2355 1350 ι
2380 1298 2863 1370 ResponditJesus,
2882 1302 3083 1359 etdixit
3099 1302 3150 1357 ei
3168 1320 3181 1355 :
3199 1300 3392 1368 Amen,
3406 1319 3565 1361 amen
3588 1306 3718 1362 dico
3740 1306 3849 1373 tibi,

2267 1408 2286 1442 ι
2319 1390 2423 1445 nisi
2464 1390 2587 1460 quis
2616 1401 2840 1447 renatus
2884 1392 3047 1447 fuerit
3076 1391 3272 1457 denuo,
3300 1410 3410 1450 non
3444 1405 3635 1467 potest
3670 1399 3849 1454 videre

2265 1498 2285 1530 r
2321 1495 2545 1552 regnum
2576 1481 2693 1536 Dei.
2731 1500 2750 1532 ι
2799 1481 2988 1545 Omnis
3028 1482 3174 1539 enim
3211 1483 3374 1539 homo
3407 1485 3704 1557 originalis
3728 1502 3845 1557 per,

2259 1571 2370 1626 cati
2404 1571 2618 1629 vinculo
2649 1580 2863 1628 tenetur
2890 1573 3171 1640 astrictus,
3199 1584 3488 1645 antequam
3517 1590 3624 1646 per
3652 1579 3842 1634 undam

2258 1659 2599 1729 baptismatis
2628 1669 2684 1715 et
2710 1662 2942 1733 gratiam
2985 1662 3159 1718 sancti
3206 1661 3441 1734 Spiritus
3480 1664 3558 1720 sit
3605 1665 3839 1731 ablutus,

577 1758 691 1813 Deo
716 1757 881 1829 igitur
903 1756 1052 1812 illum
1083 1757 1306 1811 missum
1333 1755 1399 1809 ad
1423 1755 1644 1809 caeleste
1671 1753 2041 1824 magisterium
2063 1753 2154 1810 do-
2182 1752 2228 1811 B
2258 1760 2393 1809 teste
2420 1752 2728 1819 Psalmista,
2757 1754 2851 1822 qui
2886 1755 2967 1809 ait
2991 1771 3009 1807 :
3036 1772 3055 1804 ι
3086 1754 3231 1809 Ecce
3259 1755 3409 1811 enim
3438 1757 3505 1812 in

576 1849 806 1904 centium
826 1864 893 1904 ex
915 1848 1122 1904 visione
1148 1845 1530 1902 miraculorum
1556 1844 1905 1914 intelligebat,
1927 1843 2155 1898 necdum

576 1947 755 1994 tamen
800 1939 973 2009 ipsum
1019 1952 1207 1992 verum
1254 1938 1423 1992 Deum
1474 1935 1747 1991 credebat.
1788 1935 1861 1990 Et
1888 1935 2010 1989 ideo
2045 1934 2155 1989 ait:

579 2047 598 2079 ι
618 2027 814 2091 Rabbi,
838 2027 1040 2083 scimus
1057 2027 1180 2097 quia
1211 2041 1243 2080 a
1274 2026 1385 2080 Deo
1410 2024 1610 2079 venisti
1642 2024 1919 2094 magistu.
1941 2042 1964 2075 ι
1980 2021 2155 2078 Babbi

574 2124 758 2172 autem
785 2125 842 2172 et
864 2115 1143 2188 magister.
1174 2129 1339 2168 unum
1361 2113 1615 2182 idemque
1632 2121 1735 2166 est.
1761 2110 1869 2167 Sed
1891 2111 2157 2166 Hebraice

574 2208 754 2274 rabbi,
782 2206 975 2262 Latine
1000 2205 1261 2276 magister
1279 2205 1499 2258 dicitur.
1525 2203 1582 2257 Si
1605 2203 1750 2256 enim
1775 2201 2013 2271 perfecte
2032 2214 2155 2255 eum

574 2308 767 2349 verum
796 2294 967 2348 Deum
988 2308 1109 2350 esse
1134 2292 1470 2355 credidisset,
1491 2291 1661 2357 magis
1683 2291 1966 2345 Dominum
1992 2304 2154 2360 quam

573 2383 891 2455 magistrum
918 2382 1256 2454 appellasset.
1288 2382 1393 2437 Sed
1421 2381 1545 2435 dum
1576 2382 1889 2449 magistrum
1914 2380 2153 2451 appella-

571 2476 742 2541 Yit,et
768 2473 1051 2529 Dominum
1082 2473 1271 2536 tacuit,
1312 2487 1418 2525 non
1448 2486 1505 2526 se
1528 2470 1764 2542 perfecte
1791 2469 2015 2526 credere
2043 2484 2156 2524 ma-

573 2562 851 2620 nil‘estavit
892 2580 906 2615 :
937 2561 1191 2631 quoniam
1234 2561 1461 2615 necdum
1497 2568 1616 2614 erat
1642 2559 1891 2630 perfusus
1919 2558 2028 2621 illo,
2062 2557 2153 2627 qui

572 2654 723 2710 foras
742 2655 915 2709 mittit
948 2657 1218 2718 timorem,
1249 2654 1342 2707 sed
1376 2653 1554 2721 potius
1578 2653 1645 2705 de
1695 2651 1799 2704 illis
1820 2659 1939 2705 erat
1959 2650 2154 2718 quibus

571 2747 803 2802 dicitur:
826 2764 845 2797 ι
874 2745 1217 2813 Qumsierunt
1238 2746 1466 2817 gloriam
1496 2744 1772 2798 hominum
1802 2743 1974 2813 magis
1993 2757 2153 2811 quam

571 2836 668 2892 Dei
706 2836 889 2899 (Joan.
922 2838 1042 2907 xn).
1075 2856 1094 2888 ι
1118 2835 1270 2892 Unde
1292 2851 1399 2890 non
1431 2836 1723 2903 incongrue
1758 2834 1979 2904 ﬁguram
2006 2843 2154 2890 catc-

572 2927 962 2982 cbumenornm
1009 2934 1191 2990 tenet,
1216 2925 1427 2979 illorum
1470 2925 1679 2980 scilicet
1716 2924 1814 2993 qui
1844 2925 1896 2978 in
1921 2924 2023 2979 ﬁde
2047 2924 2152 2978 im-

569 3017 831 3084 buuntur,
876 3018 1200 3087 baptismum
1239 3018 1565 3087 percepturi.
1599 3017 1664 3070 Et
1702 3016 1775 3070 illi
1806 3017 2021 3086 quidem
2068 3032 2152 3071 rc-

2259 1838 2358 1896 bus
2383 1848 2843 1911 mpm”,
2859 1850 2923 1896 et
2944 1841 3003 1897 in
3026 1842 3267 1912 penatis
3285 1844 3540 1914 concepit
3566 1859 3661 1901 me
3678 1855 3843 1901 mata

2257 1943 2381 1983 mea
2405 1924 2577 1999 (Ρισι.
2609 1929 2682 1997 ι).
2722 1949 2742 1982 ι
2790 1928 2858 1984 Et
2885 1930 3027 1986 sicut
3066 1946 3166 2001 per
3202 1932 3417 1987 beatum
3447 1931 3554 1989 Job
3604 1934 3831 1990 dicitur:

2261 2039 2281 2072 ι
2316 2019 2485 2077 Nemo
2512 2020 2747 2079 mundus
2793 2030 2879 2078 est
2914 2037 2947 2076 a
2973 2032 3219 2092 peccato,
3271 2023 3486 2081 etiamsi
3533 2026 3700 2082 unius
3739 2027 3831 2082 diei

2255 2112 2365 2166 vita
2391 2110 2508 2180 ejus
2539 2110 2701 2167 fuerit
2746 2126 2908 2180 super
2957 2122 3160 2173 terram
3211 2111 3333 2184 (Job
3365 2128 3440 2176 IV,
3471 2115 3629 2184 xxv).
3668 2136 3690 2168 ι
3739 2116 3830 2172 Sed

2256 2199 2601 2263 Nicodemus,
2630 2199 2721 2269 qui
2749 2210 2909 2255 nocte
2933 2200 3002 2254 ad
3026 2198 3309 2273 Dominum
3333 2211 3585 2267 venerat,
3615 2207 3826 2259 necdum

2256 2288 2576 2358 mysterium
2604 2288 2854 2343 secunda:
2895 2287 3194 2343 nativitatis
3244 2288 3554 2360 intelligens
3601 2291 3737 2346 dixit
3769 2294 3824 2349 ad

2256 2373 2440 2430 Jesnm
2464 2393 2477 2429 :
3044 2372 3045 2375 “

2332 2484 2349 2514 ι
2383 2464 2658 2531 Quomodo
2693 2473 2871 2537 potest
2916 2466 3079 2521 homo
3122 2466 3300 2532 nasci,
3341 2483 3467 2523 cum
3512 2469 3591 2524 sit
3630 2470 3821 2525 senex?

2262 2577 2281 2609 ι
2314 2557 2563 2628 Nunquid
2592 2567 2769 2628 potest
2797 2560 2849 2613 in
2880 2568 3124 2614 ventrem
3163 2561 3356 2615 matris
3393 2576 3506 2616 suae
3531 2561 3731 2617 iterato
3756 2564 3821 2617 in-

2261 2668 2279 2700 ι
2310 2650 2475 2704 troire
2504 2659 2560 2704 et
2586 2649 2832 2706 renasci?
2863 2670 2881 2701 ι
2915 2650 2973 2705 ln
3012 2651 3210 2721 quibus
3244 2651 3426 2707 verbis
3454 2670 3565 2707 non
3591 2669 3710 2708 esse
3736 2655 3819 2707 im-

2254 2739 2540 2808 possibile,
2585 2741 2727 2809 quod
2769 2740 2953 2805 audit,
2995 2737 3262 2795 afﬁrmat:
3291 2742 3384 2796 sed
3414 2745 3674 2807 modum,
3703 2758 3821 2812 quo-

2255 2830 2414 2883 modo
2440 2830 2554 2884 tieri
2577 2832 2765 2899 possit,
2789 2832 3106 2901 interrogat.
3134 2830 3241 2886 Sed
3265 2835 3407 2902 quod
3431 2833 3521 2888 ille
3543 2835 3614 2888 de
3634 2834 3817 2889 carnali

2254 2918 2539 2974 nativitate
2566 2920 2719 2984 dicit,
2747 2935 2845 2974 nos
2873 2921 2939 2975 de
2970 2921 3162 2991 spiritu
3194 2914 3397 2977 sentire
3425 2923 3706 2978 debemus.
3741 2923 3819 2977 Si-

2240 3002 2347 3065 cut
2384 3012 2527 3065 enim
2576 3012 2737 3066 homo
2763 3012 2817 3065 in
2845 3020 3088 3066 ventrem
3126 3013 3317 3066 matris
3344 3028 3454 3067 sua:
3486 3014 3686 3067 iterum
3722 3030 3815 3067 non

572 3108 757 3179 quisiti
802 3123 862 3163 se
914 3109 1086 3163 Deum
1114 3121 1235 3162 esse
1283 3108 1505 3162 credere
1531 3106 1876 3170 conﬁtentur,
1920 3106 2149 3161 necdum
2177 3097 2220 3158 C
2253 3110 2428 3171 potest
2457 3101 2682 3156 introire
2708 3109 2763 3155 et
2791 3102 3020 3167 renasci,
3056 3101 3135 3156 sic
3170 3101 3260 3171 qui
3288 3102 3595 3171 baptizatus
3638 3114 3813 3157 estre-

573 3206 755 3253 tameu
784 3196 901 3266 ejus
924 3198 1135 3253 occulta
1166 3199 1421 3268 mysteria
1442 3198 1680 3267 capiunt,
1705 3214 1806 3253 nec
1837 3214 2146 3253 sacramen-

569 3298 685 3346 tum
737 3290 983 3360 corporis
1028 3298 1085 3345 et
1131 3290 1991 3365 sanguinisipsiusintelligunt.
2037 3288 2147 3345 Nos

569 3391 753 3439 autem
773 3384 863 3453 qui
887 3383 939 3437 in
964 3380 1084 3438 ﬁdei
1114 3381 1460 3437 fundamento
1481 3381 1707 3436 radicati
1732 3396 1940 3446 sumus,
1962 3395 2146 3435 essen-

566 3473 771 3530 tialiter
791 3474 858 3528 de
886 3472 977 3528 illo
1015 3473 1321 3537 credamus,
1356 3472 1499 3542 quod
1528 3471 1850 3527 Nicodemus
1878 3472 2033 3541 quasi
2063 3473 2147 3526 in-

567 3563 772 3634 sipiens
798 3561 1053 3631 loquitur.
1080 3562 1198 3632 lpse
1218 3561 1361 3615 enim
1387 3569 1474 3616 est
1498 3575 1660 3615 verus
1682 3560 1958 3627 magister,
1982 3575 2014 3613 a
2037 3575 2146 3630 quo

568 3654 750 3713 omnis
779 3653 1044 3723 sapientia
1065 3653 1338 3724 procedit,
1362 3660 1417 3707 et
1442 3666 1564 3707 cum
1592 3667 1699 3721 quo
1721 3652 2069 3729 fuitsemper
2091 3662 2147 3707 et

565 3754 652 3802 est
674 3754 799 3799 ante
826 3760 1024 3810 arvum,
1064 3745 1185 3800 sine
1222 3742 1377 3811 cujus
1404 3743 1712 3812 magisterio
1741 3742 2000 3811 insipiens
2025 3756 2146 3799 esse

566 3834 926 3898 convincitur,
954 3834 1116 3889 etiam
1142 3832 1233 3903 qui
1263 3832 1367 3887 sibi
1391 3832 1605 3901 sapiens
1632 3846 1752 3887 esse
1780 3832 2011 3887 videtur.
2043 3832 2145 3901 Qui

567 3925 649 3981 ait
689 3923 963 3993 discipulis
1005 3923 1117 3979 suis
1155 3941 1167 3978 :
1202 3941 1223 3974 ι
1259 3922 1368 3978 Vos
1420 3922 1626 3976 vocatis
1672 3937 1759 3976 me
1800 3921 2052 3993 Magister
2091 3932 2146 3978 et

565 4012 815 4078 Domine,
854 4020 910 4067 et
935 4011 1073 4067 bene
1099 4010 1279 4067 dicitis
1306 4028 1320 4065 :
1351 4024 1469 4065 sum
1496 4010 1693 4065 etenim
1721 4008 1904 4082 (Joan.
1935 4013 2077 4081 xm).
2118 4031 2138 4064 ι

568 4102 853 4158 Etiterum
884 4118 899 4155 :
933 4121 951 4153 ι
991 4100 1096 4156 Vos
1141 4109 1322 4156 autem
1364 4100 1530 4156 nolite
1561 4103 1739 4158 vocari
1771 4103 1966 4169 Rabbi,
2008 4119 2145 4158 unus

565 4200 652 4268 est
673 4191 818 4246 enim
846 4190 1103 4261 magister
1129 4200 1307 4247 vester
1343 4190 1556 4263 (Matth.
1586 4192 1759 4264 χχιιι).
1800 4214 1818 4246 ι
1850 4192 2144 4249 Credamus

562 4289 745 4335 autem
768 4279 917 4334 illum
939 4296 971 4334 a
995 4279 1105 4336 Deo
1133 4281 1374 4345 venisse,
1399 4279 1552 4349 juxta
1577 4281 1719 4351 quod
1744 4282 1858 4352 ipse
1886 4282 1939 4336 in
1964 4282 2142 4336 Evan-

560 4373 704 4445 gelio
726 4373 989 4444 loquitur,
1018 4372 1203 4429 dicens
1227 4392 1240 4428 :
1270 4394 1289 4426 ι
1316 4375 1428 4447 Ego
1454 4391 1483 4429 a
1510 4377 1713 4447 meipso
1732 4392 1838 4432 non
1867 4377 2014 4443 veni,
2044 4378 2139 4434 sed

2246 3191 2601 3259 baptizandus
2626 3206 2733 3244 non
2756 3199 2858 3245 est.
2897 3190 3024 3245 Sive
3049 3192 3192 3246 enim
3231 3193 3300 3245 ab
3344 3193 3627 3257 Ineretico,
3662 3196 3813 3249 sive:

2248 3280 2485 3350 quolibet
2511 3280 2824 3337 facinoroso
2850 3282 2902 3336 in
2934 3283 3152 3337 nomine
3177 3291 3379 3338 sanctae
3414 3285 3697 3340 Trinitatis
3728 3286 3813 3341 ba-

2246 3373 2482 3443 ptizatus
2508 3371 2692 3439 fuerit,
2722 3374 2918 3428 iterum
2958 3390 3064 3429 non
3100 3386 3186 3430 est
3218 3376 3613 3445 baptizandus,
3651 3394 3717 3433 ne
3742 3380 3811 3431 in-

2245 3463 2460 3519 vocatio
2485 3464 2617 3518 tanti
2644 3464 2882 3519 nominis
2909 3465 3161 3520 videatur
3188 3465 3479 3521 annullari.
3509 3468 3626 3522 Hoc
3650 3479 3811 3524 autem

2245 3564 2644 3610 sacramentum
2676 3571 2776 3611 nec
2818 3555 2993 3611 malus
3030 3554 3223 3625 pejus,
3268 3572 3370 3612 nec
3416 3558 3591 3615 bonus
3639 3560 3813 3615 melius

2245 3644 2468 3715 implere
2492 3655 2689 3716 potest.
2730 3645 2867 3713 Quia
2896 3647 3287 3718 qualiscunque
3311 3649 3383 3704 sit
3410 3650 3660 3706 minister
3681 3663 3812 3706 extea

2237 3737 2381 3803 Tior,
2425 3738 2661 3809 Spiritus
2709 3747 2932 3794 sanctus
2968 3749 3225 3811 operator
3260 3749 3347 3795 est
3388 3740 3635 3797 interior.
3680 3743 3815 3799 Unde

2245 3837 2366 3897 post
2408 3827 2736 3898 baptismum
2779 3829 3021 3885 Ecclesia
3063 3832 3416 3899 peccantibus
3450 3832 3815 3903 pmnitentiam

2245 3917 2456 3984 indicit,
2500 3934 2605 3974 non
2657 3927 2834 3974 autem
2885 3920 3213 3989 baptismum
3258 3921 3438 3976 iterat.
3481 3921 3601 3989 Quo
3639 3924 3817 3978 ordine

2245 4009 2502 4079 spiritalis
2540 4009 2795 4064 nativitas
2831 4009 3141 4079 impleatur,
3189 4012 3450 4067 Dominus
3489 4013 3812 4076 manifestat,

2244 4114 2365 4153 cum
2398 4100 2658 4169 quaerenti
2690 4097 2981 4155 Nicodemo
3012 4101 3304 4170 respondit,
3342 4101 3529 4156 dicens
3555 4119 3568 4155 :

2319 4209 2337 4241 ι
2366 4190 2559 4256 Amen,
2583 4206 2739 4245 amen
2766 4192 2887 4246 dico
2916 4190 3034 4257 tibi,
3055 4190 3159 4246 nisi
3183 4192 3304 4261 quis
3326 4200 3549 4247 renatus
3570 4191 3733 4245 fuerit
3752 4208 3813 4246 ex

2250 4297 2268 4331 ι
2298 4295 2435 4350 aqua
2477 4288 2533 4335 et
2577 4279 2780 4351 Spiritu
2837 4289 3060 4347 sancto,
3110 4297 3215 4335 non
3261 4291 3439 4352 potest
3486 4282 3715 4337 introire
3765 4284 3812 4336 in

2247 4390 2266 4421 ί
2300 4386 2520 4442 regnum
2558 4372 2674 4427 Dei.
2705 4392 2723 4425 ι
2761 4372 2828 4427 Ει
2868 4374 3253 4429 convenienter
3307 4374 3361 4428 in
3410 4375 3603 4430 ordine
3645 4375 3811 4448 bapti-

560 4438 725 4519 J’ater
744 4438 897 4521 meus
921 4438 1069 4522 misit
1094 4481 1179 4521 me
1202 4438 1391 4537 (Ιοαηῖ
1405 4467 1545 4540 Vill).
1584 4438 1705 4523 »Ἐι
1730 4469 1926 4525 iterum
2036 4469 2137 4536 Qui
2170 4438 2217 4497 θ
2242 4438 2397 4520 zandi
2429 4473 2718 4535 utrumque
2744 4466 2954 4535 posuit.
2995 4480 3191 4535 aquam
3220 4466 3429 4522 scilicet
3464 4476 3519 4521 et
3557 4438 3809 4538 Spiritum

561 4568 653 4609 me
691 4554 861 4620 misit,
905 4569 1118 4611 mecum
1144 4564 1228 4610 est
1257 4553 1446 4627 (Ibid.)
1476 4575 1496 4608 ι
1541 4555 1608 4610 Ει
1636 4556 1800 4611 alibi:
1838 4576 1857 4609 ι
1895 4557 2040 4612 Vado
2070 4559 2138 4613 ad

559 4659 686 4701 eum
709 4646 801 4717 qui
834 4645 980 4701 misit
1002 4661 1089 4702 me
1117 4644 1297 4718 (Joan.
1325 4652 1458 4717 xw).
1491 4666 1510 4699 ι
1540 4647 1606 4702 Ει
1630 4662 1852 4704 rursus:
1884 4666 1901 4700 ι
1929 4649 2083 4703 Exivi
2105 4664 2139 4704 a

557 4733 742 4801 Patre,
771 4744 827 4791 et
848 4736 967 4791 veni
996 4735 1051 4790 in
1074 4736 1331 4791 mundum
1359 4736 1568 4808 (1bid.).
1590 4757 1607 4789 ι
1630 4739 1703 4792 De
1729 4738 1880 4807 cujus
1902 4739 2135 4796 adventu

560 4822 761 4880 Paulus
783 4826 990 4890 scribit,
1015 4827 1199 4882 dicens
1223 4845 1236 4881 :
1273 4846 1292 4878 ι
1321 4827 1391 4882 At
1415 4828 1503 4882 ubi
1530 4829 1677 4883 venit
1697 4830 1970 4899 plenitudo
2000 4841 2135 4887 tem-

557 4915 728 4983 poris,
758 4915 907 4970 misit
927 4918 1069 4972 Deus
1098 4916 1291 4973 Filium
1313 4932 1492 4984 suum,
1515 4928 1621 4975 etc.
1649 4919 1791 4991 (Gal.
1819 4921 1912 4993 ιν).
1944 4942 1962 4975 i
1986 4922 2136 4989 Quod

557 5018 691 5059 vero
713 5004 1020 5076 subjnnxit:
1043 5026 1061 5059 ι
1083 5005 1251 5064 Nemo
1268 5009 1411 5064 enim
1433 5018 1607 5080 potest
1627 5010 1744 5064 baac
1764 5010 1914 5081 signa
1937 5010 2134 5074 facere.

563 5113 583 5145 ι
606 5096 737 5163 ‘qure
765 5102 820 5148 tu
847 5095 998 5162 facis,
1028 5098 1130 5154 nisi
1156 5097 1316 5155 fuerit
1340 5098 1482 5155 Deus
1505 5115 1626 5154 cum
1653 5115 1736 5155 eo.
1772 5119 1789 5152 ι
1818 5098 1933 5156 Non
1961 5101 2134 5157 solum

557 5190 738 5238 autem
764 5184 854 5239 illa
874 5202 994 5257 quae
1015 5186 1273 5244 Dominus
1291 5187 1543 5253 faciebat,
1571 5189 1664 5245 sed
1692 5205 1792 5246 nec
1813 5206 2002 5262 parum
2034 5192 2134 5246 ali-

557 5274 689 5345 quid
732 5274 858 5332 boni
897 5278 1013 5333 sine
1042 5278 1132 5335 illo
1169 5279 1286 5335 ﬁeri
1328 5295 1486 5350 posse
1514 5282 1795 5337 credamus
1820 5323 1834 5344 ,
1861 5283 1950 5353 qui
1977 5282 2053 5337 ait
2079 5284 2132 5338 in

558 5367 888 5440 Evangelia:
934 5387 954 5421 ι
992 5368 1123 5428 Sine
1171 5386 1258 5425 me
1302 5371 1437 5425 nihil
1467 5373 1690 5441 potestis
1728 5372 1905 5428 facere
1947 5371 2126 5445 (Joan.

557 5462 671 5534 xv).
712 5482 731 5515 ι
759 5461 1025 5519 Czeterum
1062 5479 1158 5535 per
1193 5461 1310 5541 ejus
1340 5464 1569 5533 gratiam
1616 5466 1800 5521 multis
1830 5466 2012 5521 datum
2049 5478 2134 5521 est

555 5566 676 5606 esse
704 5553 979 5623 possibile,
1004 5553 1149 5624 quod
1179 5554 1296 5607 sine
1334 5553 1424 5607 illo
1453 5554 1674 5610 omnino
1708 5566 1847 5612 esset
1881 5555 2131 5627 impossi-

558 5641 685 5709 bile,
715 5644 853 5700 sicut
898 5646 1016 5717 ipse
1059 5646 1134 5701 ait
1164 5663 1177 5701 :
1213 5664 1232 5698 ι
1262 5644 1365 5711 Qui
1398 5646 1567 5705 credit
1601 5646 1786 5713 inme,
1816 5662 1977 5717 opera
2011 5662 2128 5716 qua:

2239 4564 2509 4610 sanctum.
2542 4555 2678 4624 Quia
2710 4572 2852 4627 aqua
2880 4572 3080 4627 corpus
3113 4557 3276 4623 lavat,
3306 4558 3399 4613 sed
3428 4558 3668 4629 Spiritus
3698 4577 3813 4617 san-

2239 4654 2359 4700 ctus
2400 4656 2636 4701 mentem
2681 4655 2923 4701 renovat.
2973 4633 3253 4717 Superﬁue
3291 4648 3434 4705 enim
3470 4664 3613 4719 aqua
3656 4660 3809 4711 esset.

2237 4737 2342 4793 nisi
2368 4736 2602 4806 Spiritus
2631 4746 2851 4794 sanctus
2873 4749 3095 4810 peccata
3126 4740 3449 4796 remitteret.
3475 4740 3632 4811 Aqua
3658 4741 3812 4810 igitur

2236 4829 2477 4883 exterius
2535 4827 2805 4899 signiﬁcat
2860 4828 3002 4899 quod
3053 4828 3287 4900 Spiritus
3333 4840 3554 4885 sanctus
3594 4831 3812 4886 interius

2237 4927 2512 4989 operatur,
2560 4918 2612 4973 id
2652 4928 2766 4985 est,
2813 4920 3215 4975 mundationem
3258 4930 3630 4991 peccatorum.
3678 4922 3812 4992 Ergo

2238 5026 2376 5079 aqua
2400 5009 2617 5080 proﬁcit
2643 5012 2709 5066 ad
2737 5012 3042 5077 lavacrum,
3088 5012 3310 5083 spiritus
3351 5021 3531 5069 autem
3577 5014 3646 5069 ad
3691 5030 3809 5085 gra-

2238 5102 2387 5155 tiam.
2421 5101 2699 5172 Siquidem
2726 5101 2963 5158 Joannes
2991 5103 3301 5173 baptizabat
3334 5103 3589 5175 pOpulum
3634 5121 3769 5175 aqua
3793 5144 3809 5169 ,

2236 5207 2344 5246 non
2380 5193 2432 5246 in
2468 5194 2844 5248 remissionem
2884 5202 3260 5262 peccatorum,
3307 5196 3405 5250 sed
3449 5194 3502 5250 in
3549 5197 3810 5265 paeniten-

2237 5285 2392 5350 tiam,
2422 5285 2643 5340 dicens:
2680 5304 2699 5336 ι
2734 5285 2844 5356 Ego
2879 5286 3092 5356 baptizo
3122 5287 3174 5340 in
3203 5302 3363 5357 aqua,
3393 5288 3601 5342 medius
3632 5300 3805 5343 autem

2235 5386 2472 5429 vestrum
2526 5377 2675 5431 stetit
2714 5390 2872 5445 quem
2910 5391 3003 5431 vos
3046 5378 3288 5432 nescitis.
3334 5378 3429 5434 llic
3466 5390 3552 5435 est
3592 5382 3683 5449 qui
3714 5381 3804 5433 ba-

2234 5468 2399 5538 ptizat
2426 5468 2476 5521 in
2505 5467 2710 5536 Spiritu
2739 5477 2927 5522 sancto
2956 5476 3010 5521 et
3037 5468 3144 5537 igni
3167 5468 3349 5529 (Joan.
3374 5472 3433 5538 ι).
3465 5489 3483 5521 ι
3519 5468 3800 5540 Postquam

2233 5575 2362 5628 ergo
2410 5559 2496 5614 illc
2539 5560 2708 5621 venit,
2759 5560 2849 5628 qui
2897 5560 3153 5627 singulari
3188 5560 3465 5631 privilegio
3519 5564 3714 5616 meruit
3748 5572 3805 5613 ut

2235 5645 2467 5717 Spiritus
2505 5658 2725 5703 sanctus
2769 5664 2931 5717 super
2969 5664 3090 5703 cum
3130 5650 3180 5704 in
3228 5650 3403 5719 specie
3433 5651 3690 5705 columba:
3717 5651 3803 5704 dc-
