4014 6354
192 258 347 320 δει
1445 255 1746 315 HOMILH‘Z

1910 246 2254 309 ΤΕΜῬΟΗΕ.
3393 256 3521 316 58%

197 376 535 433 ascenderet
559 382 614 432 et
642 383 913 440 maneret,
944 384 998 431 et
1024 390 1125 446 per
1160 391 1314 432 suum
1355 376 1680 448 baptismum
1716 388 1809 428 no-
1841 377 1898 433 Α·
1917 369 2098 424 videre
2130 384 2235 423 non
2264 374 2439 437 potes,
2488 378 2543 423 et
2580 377 2763 425 tamen
2794 378 2847 424 te
2873 368 3122 439 spiritum
3154 369 3358 426 habere
3386 387 3496 429 non

199 474 424 522 atrum
451 466 772 538 baptismum
798 465 1179 530 sanctiﬁcavit,
1213 481 1398 521 omnes
1422 465 1704 522 credentes
1734 478 1816 519 re-
1920 461 2155 526 dubitas,
2187 459 2357 515 multo
2383 460 2553 531 magis
2580 461 2828 531 spiritum
2865 460 2962 516 Dei
3000 462 3341 518 invisibiliter
3368 477 3498 533 ope-

200 556 561 613 missionem
591 566 934 626 peccatorum
975 557 1221 629 accipere
1264 558 1552 613 credimus.
1596 557 1672 612 De.
1709 572 1816 627 quo
1920 560 2126 607 rantem
2155 549 2340 606 videre
2368 565 2474 605 non
2499 551 2664 615 vales,
2697 560 2752 606 et
2776 559 2955 607 tamen
2984 552 3127 621 quod
3152 551 3496 607 invisibiliter

197 644 571 719 baptismate
606 649 862 705 Dominus
898 648 1064 705 dicit:
1102 669 1121 702 r
1148 650 1257 706 vos
1294 659 1481 705 autem“
1516 649 1811 721 baptizabi-
1917 651 2187 710 operatur,
2224 640 2395 696 ﬁdelis
2420 655 2575 696 mens
2599 656 2705 696 non
2732 642 2959 697 dubitat.
3005 659 3027 693 α
3054 642 3148 697 Sic
3182 643 3362 698 omnis
3399 643 3493 713 qui

198 736 599 809 mini'Spiritu
619 747 806 794 sancto
827 755 932 794 non
950 738 1283 808 postmultos
1300 741 1397 796 hos
1418 742 1530 795 dies
1552 739 1689 810 (Act.
1712 739 1807 808 1).»
1916 743 2075 790 natus
2101 745 2185 790 est
2221 749 2287 790 ex
2318 733 2543 805 Spiritu.
2574 751 2593 784 ι
2633 732 2689 788 ld
2723 741 2825 799 est,
2846 735 2995 790 sicut
3022 734 3241 804 spiritus
3270 734 3365 790 Dei
3400 735 3487 789 in-

200 824 302 882 EI.
355 827 553 884 iterum
591 846 605 883 :
648 848 667 881 ι
692 827 1021 900 Baptismate
1059 844 1178 885 meo
1223 829 1645 901 baptizabimini.
1678 849 1696 881 ι
1747 829 1814 885 Et
1914 829 2144 885 visibilis
2168 837 2276 894 est,
2306 829 2385 884 sic
2409 826 2646 882 hominis
2683 826 2904 896 spiritus
2948 826 3230 882 invisibilis
3270 834 3372 882 est.
3419 825 3488 880 Et

199 930 477 973 rursus:
516 937 538 970 ς
568 918 896 989 Baptismate
934 920 1107 975 ltabeo
1144 919 1406 990 baptizari
1447 919 1598 991 (Luc.
1633 921 1752 988 xu).
1786 939 1805 974 ι
1914 918 2053 974 sicut
2079 919 2303 990 spiritus
2329 917 2423 973 Dei
2453 916 2796 972 invisibiliter
2827 926 3113 986 operatur,
3152 918 3232 973 sic
3266 918 3520 988 spiritus:

190 1002 502 1076 Sedquia
523 1004 825 1075 adjariuam
847 1008 1080 1078 paradisi
1103 1008 1409 1079 rhomphaea
1433 1007 1519 1062 illa
1541 1007 1808 1075 ﬁammea,
1911 1009 2147 1065 hominis
2174 1008 2516 1064 invisibiliter
2544 1007 2864 1061 renascitur.
2896 1007 2964 1061 Et
3003 1007 3128 1076 quia
3162 1009 3266 1062 hoc
3300 1021 3482 1064 sacra-

197 1103 276 1152 et
310 1096 544 1169 gladius
589 1099 858 1155 versatilis
898 1110 1021 1171 post
1059 1109 1339 1172 peccatum
1381 1101 1588 1172 positus
1634 1100 1811 1157 fuerat
1913 1107 2149 1154 mentum
2175 1097 2439 1153 invisibile
2458 1096 2702 1167 quisquis
2721 1111 2826 1150 non
2854 1095 3123 1166 intelligit,
3148 1102 3257 1152 nou
3285 1110 3481 1154 conlu-

182 1186 399 1259 (σενι.
436 1188 538 1262 tu),
584 1205 807 1247 necesse
849 1199 967 1246 erat
1008 1199 1068 1247 ut
1109 1208 1208 1264 per
1254 1191 1514 1263 Spiritum
1561 1202 1807 1247 sanctum
1911 1192 2155 1255 maciter,
2194 1191 2287 1246 sed
2314 1189 2589 1244 humiliter
2617 1187 2891 1257 inquirere
2921 1187 3109 1253 debet,
3150 1188 3289 1243 sicut
3326 1188 3485 1245 Nico-

182 1281 478 1349 peccatls
526 1281 808 1348 relaxatis,
851 1283 1194 1340 credentibus
1249 1285 1445 1339 iterum
1490 1299 1587 1354 per
1634 1284 1808 1355 bapti-
1906 1282 2093 1337 demus
2119 1281 2293 1336 adhuc
2321 1280 2636 1349 interrogat,
2666 1278 2889 1333 dicens:

192 1376 415 1424 smum
443 1370 763 1441 aperiretur.
810 1372 963 1440 Quod
989 1374 1116 1444 quia
1150 1374 1438 1430 invisibilis
1468 1373 1689 1445 spiritus
1722 1374 1805 1429 in-
1978 1392 1998 1426 ι
2028 1372 2306 1440 Quomodo
2344 1380 2566 1440 possunt
2595 1370 2709 1425 hate
2738 1368 2891 1424 ﬁeri?
2919 1388 2937 1421 ι
2970 1368 3068 1425 Cui
3092 1383 3122 1423 a
3148 1368 3377 1425 Domino
3401 1386 3483 1426 re-

192 1458 520 1516 visibiliter
542 1471 815 1532 operatur,
843 1472 990 1520 recte
1019 1465 1325 1536 subjungit:
1840 1476 1841 1479 ‘
1902 1468 2229 1536 spondetur:
2260 1482 2283 1515 ς
2313 1465 2391 1520 Tu
2415 1479 2474 1519 es
2500 1464 2758 1535 magister
2785 1462 2838 1517 in
2864 1462 3059 1530 lsrael,
3089 1471 3144 1517 et
3182 1463 3296 1519 haec
3326 1464 3479 1535 igno.

295 1567 323 1601 α
357 1548 513 1618 Quod
534 1561 721 1608 natum
746 1565 915 1610 estex
936 1571 1117 1623 carne,
1147 1572 1273 1613 caro
1301 1566 1383 1614 est
1408 1577 1422 1613 :
1452 1568 1506 1614 et
1532 1561 1673 1630 quod
1700 1577 1796 1617 na.
1906 1576 1924 1607 ι
1952 1556 2075 1611 ras?
2103 1575 2121 1607 ι
2164 1554 2317 1624 Quod
2354 1569 2461 1609 non
2504 1554 2810 1609 insultando
2839 1554 3099 1609 Dominus
3129 1555 3292 1621 dicit,
3322 1557 3476 1624 quasi

202 1655 229 1689 ι
266 1646 401 1694 tum
448 1648 532 1697 est
580 1657 648 1698 ex
694 1645 905 1715 spiritu,
941 1646 1163 1718 Spiritus
1199 1658 1299 1704 est.
1334 1668 1353 1701 ι
1391 1651 1468 1706 Ac
1508 1652 1553 1707 si
1596 1653 1775 1709 dicere

1898 1645 1991 1716 qui
2039 1645 2296 1718 magister
2343 1652 2660 1709 vocaretur,
2711 1651 2768 1698 et
2820 1650 3000 1698 tamen
3052 1644 3186 1698 tanti
3230 1644 3476 1714 mysterii

191 1725 489 1785 Dominus
525 1750 538 1786 :
581 1731 734 1790 Sicut
779 1750 907 1792 caro
944 1752 1008 1792 ex
1051 1752 1216 1795 carne
1263 1742 1534 1809 nascitur,
1586 1743 1665 1800 sic
1704 1760 1799 1815 ροι-
1830 1722 1872 1781 Β
1901 1736 2118 1807 ignarus
2146 1742 2311 1799 esset,
2340 1735 2437 1790 sed
2478 1732 2623 1788 illum
2659 1734 2727 1789 ad
2753 1733 3077 1789 humilitatis
3109 1733 3252 1788 viam
3278 1749 3478 1803 provo-
3510 1738 3515 1763 τ

186 1818 478 1886 spiritum
517 1822 612 1879 Dei
654 1826 875 1896 spiritus
919 1828 1151 1884 hominis
1191 1842 1498 1888 renovatur.
1537 1833 1689 1891 Unde
1724 1837 1781 1890 aii

1901 1836 2014 1891 cat,
2044 1827 2161 1881 sine
2190 1840 2293 1896 qua
2314 1825 2482 1895 janua
2512 1823 2664 1894 regni
2699 1821 2935 1878 caelestis
2961 1838 3067 1878 non
3096 1823 3358 1895 aperitur.
3384 1823 3476 1878 Ait

188 1906 513 1979 Apostolus
546 1931 559 1967 :
602 1934 620 1967 ι
650 1915 1004 1973 Renovamini
1050 1920 1240 1990 spiritu
1284 1924 1479 1979 mentis
1503 1933 1715 1990 vestrre,
1744 1934 1798 1981 et
1901 1917 2083 1973 εηῖῐητ

184 1996 433 2058 induite
461 2018 658 2061 novum
684 2007 978 2075 hominem,
1000 2011 1097 2080 qui
1128 2014 1417 2069 secundum
1446 2016 1611 2070 Deum
1642 2033 1796 2073 erea-
1973 2022 1993 2056 ⁸
2021 2003 2212 2070 Amen,
2243 2018 2398 2060 θωθη
2428 2002 2549 2059 dico
2582 2002 2697 2067 libi:
2738 2002 2862 2072 qllia
2890 2002 3036 2073 il“0d
3062 2002 3262 2057 εθίηιυδ
3301 2000 3473 2073 loqni‘

192 2096 307 2178 tus
334 2100 422 2147 est
444 2093 496 2147 in
515 2094 726 2164 justitia
749 2105 804 2151 et
847 2087 1133 2154 sanctitate
1157 2102 1394 2157 veritatis
1417 2101 1629 2175 (Ephes.
1652 2106 1747 2178 tv).
1773 2126 1791 2158 ›

189 2175 371 2236 Solae
418 2191 596 2238 autem
643 2194 854 2242 mentes
892 2187 1145 2271 ﬁdelium.
1177 2200 1461 2258 noverunt,
1509 2196 1633 2264 quia
1675 2175 1796 2252 cum

186 2270 427 2341 aliquis
460 2274 526 2328 ad
551 2275 877 2345 baptismum
907 2279 1073 2345 venit,
1109 2270 1386 2337 descendit
1414 2282 1554 2339 ﬁlius
1586 2284 1708 2353 irae,
1744 2294 1798 2341 et
1835 2309 1843 2316 -

190 2361 472 2416 ascendit
508 2362 649 2420 ﬁlius
685 2367 1177 2424 reconciliationis:
1207 2371 1482 2426 descendit
1518 2373 1657 2429 ﬁlius
1684 2375 1797 2429 dia-

192 2448 355 2515 boli,
383 2458 438 2505 et
466 2454 709 2509 ascendit
732 2471 829 2525 per
851 2457 1190 2527 adoptionem
1217 2460 1386 2517 Filius
1407 2463 1500 2517 Dei
1527 2478 1543 2518 :
1572 2465 1796 2521 descen~

194 2538 291 2593 dit
325 2539 472 2594 ﬁlius
494 2541 797 2611 discordiae,
820 2554 872 2601 et
900 2550 1141 2604 ascendit
1171 2551 1311 2607 ﬁlius
1338 2553 1505 2622 pacis.
1530 2553 1792 2611 Cteterum

194 2642 408 2684 coram
451 2630 622 2687 oculis
663 2632 1029 2704 insipientium
1067 2645 1121 2692 ct
1150 2639 1478 2707 inﬁdelium,
1525 2644 1615 2713 qui
1661 2646 1794 2700 nihil

200 2720 385 2788 aliud,
418 2737 578 2793 quam
607 2727 749 2795 quod
777 2727 949 2783 oculis
974 2729 1173 2797 vident,
1202 2733 1423 2788 credere
1450 2735 1666 2801 volunt,
1709 2747 1790 2791 to-

202 2819 333 2867 tum
380 2815 521 2883 quod
554 2816 607 2870 in
662 2817 928 2888 baptismo
969 2819 1147 2890 agitur
1190 2820 1348 2878 ludus
1388 2839 1509 2879 esse
1549 2834 1786 2896 putatur.

206 2900 376 2958 Unde
400 2903 454 2958 in
482 2903 618 2972 ﬁne,
664 2907 779 2962 visa
821 2916 1129 2963 sanctorum
1165 2910 1364 2980 gloria,
1396 2913 1592 2968 dicturi
1623 2924 1785 2970 sunt:

210 3009 235 3043 «
263 2991 339 3047 lli
363 3003 487 3049 sunt
513 3010 649 3066 quos
676 2997 962 3066 aliquando
991 2999 1276 3057 habuimus
1304 3003 1357 3057 in
1383 3004 1618 3061 derisum
1651 3014 1706 3059 et
1734 3007 1785 3060 in

211 3080 625 3140 similitudinem
654 3085 1003 3158 improperii:
1036 3105 1135 3145 nos
1161 3091 1446 3157 insensati,
1481 3094 1644 3149 vitam
1673 3095 1789 3149 illo-

214 3186 347 3226 rum
371 3174 764 3231 aestimabamus
793 3177 1081 3247 insaniam,
1122 3189 1178 3235 et
1221 3180 1382 3236 ﬁnem
1422 3183 1632 3238 illorum
1671 3184 1787 3239 sine

222 3260 449 3319 honore.
482 3264 758 3332 Quomodo
798 3282 930 3339 ergo
966 3273 1264 3341 computati
1307 3279 1432 3326 sunt
1468 3272 1612 3328 inter
1648 3272 1788 3328 ﬁlios

216 3351 321 3408 Dei
346 3361 400 3407 et
422 3353 560 3409 inter
586 3365 801 3413 sanctos
828 3372 947 3413 sors
971 3359 1183 3416 illorum
1211 3370 1293 3416 est
1318 3360 1470 3432 (Sap.
1494 3360 1570 3433 v).
1595 3380 1615 3414 ι

289 3462 315 3496 ς
343 3443 459 3500 Non
480 3447 696 3504 mireris
721 3449 846 3518 quia
873 3449 983 3504 dixi
1013 3450 1132 3516 tibi,
1168 3460 1381 3522 oportet
1402 3468 1498 3508 vos
1523 3454 1671 3508 nasci
1695 3453 1788 3525 de-

216 3552 237 3585 c
266 3548 395 3591 nuo.
427 3555 447 3590 ι
492 3535 626 3604 Quia
652 3537 993 3605 Nicodemus,
1026 3542 1168 3611 quod
1194 3556 1224 3596 a
1254 3544 1514 3614 magistro
1542 3544 1783 3600 veritatis

211 3626 498 3694 audierat,
537 3630 774 3686 nondum
811 3629 1050 3701 perfecte
1078 3632 1374 3705 intelligere
1406 3643 1646 3703 poterat,
1676 3650 1797 3715 non!

213 3718 490 3775 mediocre
536 3720 855 3776 mirabatur.
909 3719 1126 3779 Sciebat
1162 3725 1305 3779 enim
1348 3726 1627 3781 veritatem
1668 3724 1782 3779 falli

212 3823 321 3864 non
349 3824 508 3882 posse
534 3828 550 3865 :
582 3819 637 3867 et
667 3818 845 3867 tamen
875 3816 1144 3883 quomodo
1180 3814 1330 3871 fieret
1355 3855 1371 3881 ,
1412 3815 1553 3886 quod
1587 3817 1781 3873 veritas

209 3901 542 3972 proferebat,
574 3918 681 3960 non
714 3904 1065 3977 intelligebat,
1094 3916 1148 3962 et
1177 3907 1296 3962 ideo
1320 3907 1633 3962 mirabatur.
1671 3908 1780 3964 Cu-

204 3990 296 4062 jus
325 4003 560 4049 mentem
595 3994 855 4050 Dominus
878 3997 946 4051 ab
971 3996 1327 4053 admiratione
1354 4013 1659 4065 removens,
1690 4015 1778 4055 sa-

210 4092 548 4138 cramentum
578 4085 825 4140 secundae
849 4085 1146 4147 nativitatis
1170 4089 1507 4146 manifestius
1534 4090 1777 4146 declara-

210 4172 308 4239 vit,
340 4172 629 4241 snbjiciens
652 4192 666 4227 :

285 4282 306 4315 t
335 4262 573 4334 Spiritus
599 4264 689 4320 ubi
717 4266 827 4321 vult
853 4270 1041 4339 Spirat,
1073 4278 1128 4324 et
1158 4286 1341 4326 vocem
1370 4273 1486 4341 ejus
1511 4272 1683 4339 audis,
1723 4282 1779 4329 et

1905 2114 1923 2146 ι
1953 2111 2093 2161 mur,
2140 2103 2193 2152 et
2228 2096 2371 2166 quod
2417 2094 2651 2149 vidimus
2691 2101 2976 2160 testamur,
3017 2101 3071 2148 et
3106 2093 3499 2148 testimoniumr

1903 2207 1923 2239 ‹
1956 2196 2197 2243 nostrum
2222 2202 2328 2241 non
2355 2186 2621 2256 accipitis.
2656 2205 2674 2239 ι
2712 2185 2769 2239 In
2794 2185 2989 2256 quibus
3017 2185 3197 2241 verbis
3228 2184 3469 2240 indivisi-

1899 2279 2063 2334 bilem
2091 2278 2415 2333 Trinitatem
2440 2278 2492 2332 in
2516 2276 2818 2331 substantia
2845 2275 3193 2330 humanitatis
3213 2275 3468 2341 ostendit,

1898 2384 2019 2424 cum
2051 2383 2190 2422 unus
2220 2368 2467 2436 idemque
2499 2366 2594 2421 Dei
2629 2366 2796 2421 Filius
2825 2364 3068 2435 loquens,
3099 2380 3205 2419 non
3237 2364 3471 2434 singula-
3510 2382 3513 2387 ν

1897 2458 2048 2525 riter,
2081 2459 2172 2513 sed
2195 2457 2472 2528 pluraliter
2496 2457 2642 2520 dicit,
2672 2474 2691 2507 ι
2710 2457 2851 2526 quod
2879 2456 3078 2512 scimus
3103 2456 3375 2525 loquimur
3400 2473 3412 2508 :
3441 2474 3461 2507 ο

1896 2550 2020 2619 quia
2048 2550 2191 2618 quod
2220 2549 2324 2603 scit
2349 2548 2535 2613 Filius,
2575 2548 2677 2603 scit
2718 2546 2915 2612 Pater,
2946 2547 3047 2602 scit
3083 2546 3317 2616 Spiritus
3345 2560 3469 2600 san-

1895 2649 2033 2695 ctus.
2084 2641 2151 2694 Et
2173 2641 2311 2709 quod
2342 2639 2580 2710 loquitur
2610 2639 2800 2704 Filius,
2833 2639 3069 2709 loquitur
3091 2637 3269 2699 Pater,
3297 2636 3471 2705 loqui-
3502 2680 3507 2683 .

1896 2742 1982 2787 tur
2002 2743 2056 2788 et
2079 2733 2311 2803 Spiritus
2332 2741 2569 2788 sanctus.
2598 2734 2664 2787 Et
2690 2734 2886 2804 quibus
2910 2749 3013 2788 una
3036 2742 3120 2788 est
3146 2733 3466 2798 substantia,

1894 2839 1998 2877 non
2029 2824 2214 2892 dispar
2237 2831 2320 2877 est
2347 2823 2594 2877 scientia.
2620 2822 3008 2877 Testimonium
3036 2820 3152 2890 ejus
3182 2838 3285 2877 non
3316 2835 3469 2876 acce-
3498 2822 3501 2827 “

1894 2921 2116 2979 perunt,
2151 2911 2276 2980 quia
2307 2908 2447 2965 sieut
2473 2911 2587 2981 ipse
2617 2910 2792 2965 dixit:
2837 2929 2855 2961 ι
2884 2909 2994 2982 Εςο
3023 2911 3143 2965 veni
3172 2911 3224 2965 in
3253 2910 3470 2967 nomine

1892 3002 2067 3072 Patris
2090 3002 2215 3067 tnei,
2247 3009 2302 3055 et
2327 3016 2431 3055 non
2462 3000 2775 3070 suscepistis
2802 3015 2888 3056 me
2912 3001 3090 3072 (Joan.
3116 3000 3192 3071 v).
3225 3018 3244 3053 ι

1968 3113 1987 3146 σ
2018 3094 2074 3149 Si
2104 3105 2317 3150 terrena
2349 3095 2456 3150 dixi
2486 3096 2656 3160 vobis,
2688 3105 2742 3150 et
2768 3112 2874 3150 non
2903 3096 3126 3151 creditis
3152 3113 3165 3150 :
3196 3098 3466 3166 quomodo

1897 3204 1915 3235 ι
1945 3185 1989 3239 si
2030 3185 2217 3240 dixero
2243 3185 2395 3239 vobis
2438 3184 2711 3251 coelestia,
2761 3185 3082 3241 credetis?»
3134 3186 3467 3255 Frequenter

1890 3276 2148 3330 Dominus
2176 3276 2242 3330 ad
2270 3274 2562 3344 discipulos
2588 3282 2642 3329 et
2671 3276 2738 3330 ad
2768 3277 2954 3332 turbas
2978 3276 3205 3346 loquens
3224 3318 3239 3343 ,
3280 3276 3467 3332 simili-

1888 3366 2100 3420 tudines
2124 3363 2190 3419 de
2218 3364 2377 3419 rebus
2406 3362 2635 3419 terrenis
2658 3364 2921 3431 adhibuit,
2970 3365 3064 3419 sed
3097 3365 3222 3435 quia
3251 3364 3325 3420 illi
3355 3373 3465 3420 ter-

1887 3471 2017 3511 rena
2056 3464 2110 3511 et
2136 3455 2365 3509 visibilis
2400 3469 2506 3508 non
2544 3453 2868 3521 credebant,
2914 3456 3181 3524 quomodo
3222 3456 3463 3512 caelestia

1885 3559 2078 3616 capere
2103 3544 2358 3616 possent?
2397 3542 2467 3600 Ut
2504 3553 2685 3599 autem
2713 3557 2778 3598 ex
2809 3542 2992 3601 multis
3020 3560 3185 3600 unum
3211 3544 3459 3616 profera-
3508 3582 3511 3587 ›

1884 3652 2025 3703 mus,
2062 3644 2275 3691 terrena
2314 3634 2575 3690 Dominus
2602 3635 2651 3691 ei
2675 3635 2927 3700 ostendit,
2968 3650 3090 3691 cum
3129 3635 3244 3690 ait:
3288 3654 3307 3688 ‹
3337 3634 3462 3692 Sol-

1883 3728 1991 3782 vite
2021 3726 2273 3796 templum
2301 3726 2423 3792 hoc,
2451 3735 2506 3782 et
2533 3726 2585 3781 in
2614 3726 2790 3781 triduo
2813 3727 3087 3783 suscitabo
3114 3725 3245 3782 illud
3269 3725 3455 3799 (Joan.
3501 3734 3507 3749 ’

1885 3817 1969 3889 tt).
2005 3836 2024 3870 ι
2064 3816 2146 3872 11ιί
2184 3825 2364 3871 autem
2399 3831 2505 3871 non
2549 3815 2927 3888 intelligentes,
2971 3816 3114 3886 quod
3152 3816 3220 3872 de
3265 3817 3463 3888 templo
3498 3818 3504 3847 λ

1882 3906 2125 3979 corporis
2152 3907 2234 3962 sui
2264 3906 2597 3976 loqueretur,
2620 3906 2689 3961 ad
2713 3907 3009 3963 materialis
3038 3906 3219 3978 templi
3250 3907 3463 3963 destru-
3500 3920 3505 3933 '

1881 4003 2113 4058 ctionem
2126 4000 2237 4056 sive
2259 3999 2709 4056 restaurationem
2724 4014 3025 4055 sermonem
3047 4009 3456 4068 converterunt,
3496 4000 3503 4011 '

1880 4094 2159 4150 dicentes:
2196 4111 2215 4145 ι
2243 4090 2609 4163 Quadraginta
2640 4099 2695 4148 et
2723 4107 2819 4148 sex
2846 4092 3002 4148 annis
3026 4093 3348 4148 aediﬁcatum
3374 4101 3458 4148 est

1881 4182 2134 4253 templum
2164 4183 2284 4248 hoc,
2324 4191 2379 4238 et
2425 4190 2480 4236 tu
2515 4182 2687 4237 tribus
2728 4181 2917 4237 diebus
2941 4183 3205 4239 excitabis
3231 4183 3401 4238 illud?
3432 4203 3451 4235 ο
3497 4196 3501 4209 ν

1881 4271 2069 4343 (ιὺὶά.)
2109 4271 2361 4342 Quisquis
2414 4280 2595 4326 autem
2644 4270 2865 4327 caeleste
2919 4280 3317 4326 sacramentum
3368 4287 3458 4326 co-

218 4373 238 4407 c
263 4357 442 4413 nescis
472 4357 612 4412 unde
642 4358 852 4425 veniat,
893 4369 986 4415 aut
1012 4376 1119 4431 quo
1147 4363 1324 4418 vadat.
1372 4363 1462 4418 Sic
1490 4373 1573 4418 est
1600 4365 1775 4421 omnis
1804 4395 1851 4459 υ
1879 4379 2137 4435 gnoscere
2157 4364 2448 4428 desiderat,
2468 4362 2726 4435 paulatim
2757 4362 2825 4417 ad
2855 4362 3131 4432 superiora
3163 4362 3457 4417 ascendere

219 4464 238 4496 α
264 4447 354 4516 qui
384 4455 542 4503 natus
568 4457 651 4503 est
677 4464 741 4504 ex
769 4451 979 4520 spiritu.
1010 4471 1028 4502 ι
1064 4451 1298 4522 Spiritus
1327 4454 1413 4507 ubi
1446 4453 1557 4507 vult
1582 4454 1768 4524 spirat,

213 4535 334 4605 quia
361 4535 727 4608 cujuscunque
751 4549 985 4595 mentem
1014 4540 1127 4594 vult
1152 4541 1431 4607 illuminat,
1468 4543 1607 4598 sicut
1631 4545 1772 4616 Apo-

213 4625 403 4689 stolus,
450 4628 777 4683 enumeratis
819 4628 1056 4698 ejusdem
1107 4629 1338 4700 Spiritus
1381 4633 1550 4689 sancti
1594 4634 1769 4701 donis,

212 4714 322 4769 alt:
359 4734 379 4768 ι
410 4713 537 4772 Haec
565 4718 745 4773 omnia
772 4729 1024 4789 operatur
1063 4737 1203 4778 unus
1247 4731 1405 4792 atque
1442 4725 1582 4781 idem
1613 4728 1769 4798 spiri-

212 4812 316 4874 tus,
348 4808 590 4864 dividens
621 4810 843 4881 singulis
870 4821 1029 4882 prout
1058 4814 1173 4868 vult
1213 4814 1267 4882 (1
1294 4814 1412 4872 Cor.
1444 4816 1563 4889 xu).
1593 4837 1610 4869 ι
1661 4837 1678 4870 ι
1706 4819 1773 4873 Ει

211 4912 389 4954 vocem
433 4899 549 4971 ejus
594 4901 768 4966 audis,
800 4921 819 4953 ι
879 4917 999 4958 cum
1045 4903 1090 4959 is
1130 4918 1287 4973 quem
1347 4905 1668 4975 repleverit,
1721 4917 1773 4962 te

210 5000 489 5062 praesente,
529 4993 697 5049 Deum
734 4994 1039 5050 conﬁtetur.
1085 5013 1104 5047 α
1132 4996 1237 5051 Sed
1283 4998 1459 5053 nescis
1502 4998 1645 5053 unde
1680 5013 1770 5054 ve-

211 5081 317 5137 niat
344 5092 436 5137 aut
462 5098 569 5154 quo
593 5085 777 5149 vadat,
806 5103 824 5136 »
858 5085 981 5156 quia
1008 5086 1123 5157 ejus
1144 5102 1245 5141 nec
1267 5088 1496 5153 initium,
1526 5104 1625 5144 nec
1650 5089 1773 5145 ﬁnis

210 5169 436 5226 videtur.
466 5172 591 5227 Sive
618 5184 784 5239 certe,
823 5175 1005 5230 nescio
1032 5175 1173 5230 unde
1196 5176 1377 5231 veniat
1410 5186 1503 5232 aut
1540 5194 1647 5250 quo
1677 5194 1771 5234 va-

209 5261 314 5329 dat,
343 5264 467 5333 quia
492 5265 729 5335 qualiter
755 5266 807 5321 in
838 5266 1109 5323 hominem
1138 5269 1488 5340 ingrediatur,
1524 5278 1577 5326 et
1616 5288 1769 5342 egre-

210 5351 398 5420 diatur,
426 5356 609 5413 videre
637 5373 741 5411 non
773 5366 971 5428 potest,
1013 5362 1264 5431 quoniam
1303 5362 1569 5418 visibilem
1607 5364 1771 5419 habet

210 5453 444 5500 naturam
473 5447 739 5502 intantum
771 5456 828 5501 ut
850 5447 919 5513 si,
950 5457 999 5503 te
1026 5462 1310 5519 praesente,
1344 5453 1409 5506 ad
1441 5453 1629 5507 horam
1671 5453 1769 5507 ali-

210 5548 358 5603 quem
384 5536 604 5606 spiritus
628 5540 925 5610 prophetia:
950 5542 1262 5610 repleverit,
1293 5542 1473 5599 vidcre
1502 5559 1606 5599 non
1637 5560 1763 5615 pos-

213 5625 317 5681 sis:
345 5624 403 5682 Si
433 5628 576 5687 enim
602 5630 679 5685 tui
710 5631 877 5703 ipsius
907 5631 1152 5701 spiritum
1192 5634 1557 5704 corporalibus
1595 5635 1762 5691 oculis

1881 4457 2057 4511 debet.
2112 4454 2259 4511 Unde
2305 4463 2587 4526 postquam
2634 4453 2894 4508 Dominus
2944 4453 3160 4506 modum
3207 4453 3500 4507 secttndte’

1879 4546 2175 4602 nativitatis
2202 4545 2494 4600 Nicodemo
2518 4543 2745 4615 aperuit,
2777 4542 3110 4599 ascensionis
3135 4556 3245 4597 sua:
3270 4550 3458 4612 poten-
3492 4542 3500 4563 ⁸

1880 4638 2010 4692 tiam
2037 4634 2352 4699 declaravit,
2383 4635 2567 4690 dicens
2592 4651 2606 4687 :

1954 4745 1973 4777 ε
2002 4726 2068 4780 Et
2092 4740 2249 4780 nemo
2275 4723 2518 4779 ascendit
2544 4723 2597 4777 in
2626 4720 2844 4786 caelum,
2908 4719 3013 4774 nisi
3049 4719 3140 4788 qui
3176 4718 3456 4774 descendit

1883 4836 1901 4868 ι
1933 4817 1998 4872 de
2026 4815 2180 4880 caelo,
2213 4813 2353 4869 ﬁlius
2383 4812 2615 4869 hominis
2636 4812 2728 4882 qui
2754 4820 2840 4867 est
2864 4811 2918 4865 in
2940 4808 3098 4865 caelo.
3132 4829 3151 4862 ι
3182 4808 3282 4865 Ubi
3308 4824 3457 4879 qua:-

1876 4909 2015 4963 ritur
2051 4899 2498 4977 quomodo'ﬁlius
2536 4902 2772 4958 hominis
2804 4901 3144 4957 descendisse
3183 4901 3250 4955 de
3289 4899 3448 4965 ctelo,

1869 4999 2022 5069 juxta
2064 4995 2232 5066 ipsius
2266 4992 2681 5065 promissionem
2725 5000 2782 5046 et
2825 5000 2950 5046 ante
2987 4989 3358 5045 ascensionem
3395 4990 3448 5044 in
3487 5017 3491 5020 ν

1876 5089 2012 5145 εωιο
2035 5103 2154 5144 esse
2182 5086 2429 5143 dicatur?
2456 5074 2537 5140 Ad
2564 5084 2707 5154 quod
2728 5084 3011 5139 dicendum
3036 5082 3160 5153 quia
3185 5081 3452 5137 mediator
3486 5104 3491 5111 ι

1874 5178 1969 5233 Dei
1996 5186 2051 5233 et
2076 5177 2353 5233 hominum
2383 5175 2639 5229 Dominus
2668 5172 2824 5229 Iesus
2850 5171 3119 5236 Christus,
3144 5171 3197 5226 in
3225 5185 3331 5225 una
3359 5183 3447 5224 ea-

1874 5271 2104 5341 demque
2137 5283 2367 5339 persona
2396 5283 2460 5323 ex
2492 5266 2700 5321 duabus
2726 5263 3041 5320 substantiis
3064 5264 3322 5329 creditur,
3363 5263 3446 5318 di-

1874 5361 1995 5415 vina
2022 5361 2231 5416 scilicet
2255 5372 2311 5415 et
2336 5359 2591 5413 humana.
2627 5356 2763 5424 Quia
2797 5356 2937 5411 idem
2983 5362 3067 5410 est
3103 5354 3271 5409 Filius
3307 5353 3400 5408 Dei
3427 5394 3441 5414 .

1870 5455 1960 5524 qui
1989 5462 2043 5508 et
2078 5454 2216 5509 illius
2239 5452 2516 5508 hominis:
2548 5460 2602 5508 et
2629 5451 2769 5506 idem
2802 5450 2945 5506 illius
2967 5448 3220 5513 hominis,
3257 5448 3347 5517 qui
3386 5454 3441 5500 et

1868 5545 1909 5601 F
1916 5546 2040 5601 ilius
2067 5547 2179 5600 Dei.
2211 5547 2325 5616 Ipse
2355 5561 2482 5617 ergo
2508 5543 2785 5601 descendit
2808 5544 2874 5598 de
2898 5542 3035 5598 cmlo
3064 5557 3159 5612 per
3192 5539 3433 5595 humaui-

1873 5647 2053 5703 tatem,
2090 5637 2179 5708 qui
2217 5646 2331 5692 erat
2358 5638 2408 5691 in
2433 5652 2497 5691 eo
2518 5651 2615 5707 per
2636 5636 2989 5690 divinitatem.
3020 5632 3085 5687 Et
3111 5633 3223 5702 ipse
3253 5645 3436 5686 ascen—
