4014 6354
504 237 608 294 583

1126 227 1478 284 liAYMONlS
1517 224 1991 281 llALBEBSTAT.
2038 224 2248 280 EPISC.
2284 224 2434 279 OPP.
2475 222 2653 278 PARS
2690 224 2753 277 11.
2792 251 2861 261 -
2897 220 3126 278 llOMlL.

3659 222 3832 277 58-!

504 355 579 408 dit
610 350 886 407 iit-cadum
914 362 1011 417 per
1039 343 1453 401 humanitatem.
1486 340 1575 394 ubi
1605 352 1818 408 semper
1836 345 1955 393 erat
1975 352 2074 406 per
2098 344 2146 401 Α
2178 335 2274 392 Vel
2302 336 2430 405 quia
2457 352 2534 392 ωε
2562 336 2915 391 rubicundum
2961 336 3123 391 habet
3172 335 3426 398 colorem,
3455 351 3653 392 :cnens
3704 338 3825 389 di-

502 441 861 497 divinitalem.
882 436 981 491 Cui
1016 432 1190 489 simile
1214 438 1300 486 est
1322 429 1465 499 quod
1493 428 1619 482 alibi
1663 426 1794 481 dicit
1818 445 1832 480 :
1868 444 1887 477 (
1916 424 2073 479 Exivi

504 547 536 586 a
564 531 724 584 Patre
750 535 805 582 et
834 525 953 579 veni
987 524 1040 577 in
1069 522 1326 575 mundum
1364 537 1377 572 :
1417 504 1614 575 iterum
1651 517 1894 585 relinquo
1921 532 2077 569 num-

506 621 632 673 dum
682 623 736 671 et
782 614 918 669 vado
956 604 1029 667 ad
1070 610 1284 665 Patrem
1331 608 1512 679 (Joan.
1562 607 1696 676 xvi).
1735 624 1755 657 ι
1810 605 2077 670 Quas-itur

506 708 701 763 iterum
739 718 903 773 quare
937 702 1123 756 dicat:
1167 719 1185 750 ι
1219 698 1389 771 Nemo
1422 697 1669 752 ascendit
1710 694 1766 748 in
1806 694 2022 758 cmlum,
2052 713 2070 745 ι

505 810 637 866 etc.,
667 814 788 855 cum
815 796 990 853 omnis
1018 794 1254 849 ﬁdelium
1276 792 1515 848 Ecclesia
1544 790 1633 845 illo
1654 805 1713 845 se
1733 804 2075 845 ascensuram

502 905 627 947 esse
654 889 858 953 credat,
886 902 993 956 quo
1024 894 1187 955 caput
1227 900 1385 940 suum
1423 883 1670 937 meminit
1714 881 2074 951 prcecessissc,

501 981 655 1050 juxta
685 979 852 1050 ipsius
875 977 1318 1048 promissionem,
1349 973 1576 1028 dicentis
1604 990 1618 1026 :
1662 991 1681 1023 ι
1715 971 1866 1034 Volo,
1897 971 2073 1036 Pater,

503 1078 568 1124 ut
587 1067 678 1123 ubi
701 1083 819 1122 sum
840 1081 961 1137 ego,
990 1066 1060 1120 ibi
1085 1067 1154 1119 sit
1181 1064 1505 1127 etminister
1531 1077 1681 1116 meus
1707 1062 1883 1131 (Joan.
1903 1066 2071 1129 κω.»

504 1160 586 1215 Ad
610 1159 754 1229 quod
783 1158 1064 1213 dicendum
1096 1157 1219 1227 quia
1240 1155 1478 1210 omnium
1502 1152 1792 1209 electorum
1816 1161 1975 1221 caput
1994 1160 2079 1206 est

506 1248 777 1314 Christus,
801 1257 854 1303 et
875 1247 1035 1317 hujus
1056 1247 1247 1316 capitis
1273 1244 1510 1299 membra
1535 1252 1661 1297 sunt
1690 1258 1878 1297 omnes
1897 1241 2076 1304 electi,

507 1339 702 1409 quibus
743 1336 822 1391 ait
859 1335 1149 1407 Apostolus
1185 1352 1199 1387 :
1255 1352 1273 1384 ι
1324 1333 1431 1407 Vos
1477 1340 1656 1385 autem
1710 1331 1843 1385 estis
1884 1343 2078 1398 corpus

506 1427 729 1492 Christi,
758 1434 813 1480 et
837 1425 1077 1480 membra
1100 1425 1170 1499 de
1192 1422 1436 1477 membro
1477 1421 1527 1491 (l
1552 1419 1675 1499 Cor.
1705 1419 1824 1489 xu).
1860 1440 1878 1471 ι
1915 1419 2080 1474 Mem-

506 1520 605 1574 bra
631 1532 758 1587 ergo
806 1516 970 1587 capiti
998 1530 1101 1570 suo
1137 1514 1465 1569 adhmrentia
1510 1511 1563 1566 in
1601 1511 1796 1568 ccelum
1833 1519 1960 1567 sunt
1991 1527 2079 1567 as-

507 1624 754 1666 censura.
811 1607 917 1663 Sed
963 1606 1088 1677 quia
1136 1605 1314 1660 nullus
1370 1618 1465 1659 sua
1508 1603 1708 1658 virtute
1753 1602 1837 1657 vel
1886 1603 2079 1657 merito

2177 444 2297 490 ctus
2325 445 2408 490 est
2430 449 2675 505 serpens,
2721 443 2942 504 pr0pter
2975 431 3196 501 pretiosi
3224 429 3502 500 sanguinis
3524 427 3822 485 eﬂ'usio-

2176 540 2319 580 nem.
2347 526 2499 596 lgniti
2526 534 2704 580 autem
2738 533 3034 594 serpentes,
3081 537 3311 593 quorum
3340 522 3621 577 morsibus
3676 521 3820 574 ho—

2176 617 2350 671 mines
2375 617 2641 686 peribant,
2672 631 2965 671 venenosas
2987 615 3341 684 cogitationes
3360 623 3415 669 et
3436 614 3817 669 mortiferas

2176 706 2555 774 persuasiones
2590 706 2914 777 signiﬁcant.
2972 704 3122 772 Qum,
3159 720 3283 759 cum
3330 703 3805 758 delectationem

2177 808 2486 861 perversam
2532 809 2701 863 usque
2745 793 2809 847 ad
2856 807 3176 848 consensum
3228 792 3548 862 perducant,
3601 791 3813 860 quasi

2177 884 2465 953 pungendo
2500 884 2735 937 animam
2773 884 3107 938 interimunt.
3153 881 3288 936 Nam
3337 890 3392 937 et
3439 882 3610 952 primi
3666 896 3808 951 pa-

2180 986 2361 1029 rentes
2388 975 2560 1028 nostri
2610 974 2661 1028 in
2690 974 2939 1044 paradiso
2984 974 3252 1044 serpentis
3278 974 3475 1029 astutia
3503 983 3645 1028 sunt
3680 973 3810 1027 de-

2178 1065 2336 1134 cepti.
2390 1064 2523 1119 Miro
2567 1079 2696 1134 ergo
2742 1065 2933 1119 ordine
2976 1073 3165 1119 contra
3198 1073 3503 1134 serpentem
3534 1065 3804 1131 ponitur

2178 1169 2421 1223 serpens,
2456 1154 2578 1223 quia
2608 1171 2705 1225 per
2731 1155 2834 1226 hoc
2857 1155 2999 1225 quod
3026 1155 3284 1211 Dominus
3318 1171 3414 1225 pro
3435 1156 3597 1211 nobis
3629 1170 3802 1227 pas-

2180 1246 2386 1298 sionem
2413 1245 2685 1309 sustinuit,
2737 1245 2943 1313 antiqui
2969 1245 3237 1314 serpentis
3265 1254 3430 1317 caput
3471 1246 3796 1302 contrivit.

2180 1333 2496 1403 Quicunque
2547 1348 2677 1404 ergo
2733 1333 3010 1405 originalis
3064 1333 3272 1403 peccati
3320 1335 3645 1404 punctione,
3686 1335 3801 1389 vel

2180 1423 2541 1494 cujtiscunque
2564 1424 2799 1481 vulneris
2829 1424 3145 1497 contagione
3172 1424 3284 1479 vult
3316 1426 3519 1490 sanari,
3545 1426 3801 1480 intuea-

2181 1524 2267 1568 tur
2292 1503 2595 1583 serpentem
2617 1512 2681 1589 in_
2697 1514 2898 1584 stipite,
2923 1515 2976 1569 id
3001 1522 3106 1580 est,
3129 1514 3450 1570 conﬁteatur
3474 1516 3797 1571 Christum

2185 1604 2238 1658 in
2265 1600 2448 1667 cruce,
2477 1612 2533 1657 et
2582 1605 2723 1658 hunc
2762 1603 3100 1659 cruciﬁxum.
3147 1603 3390 1674 Cumque
3415 1605 3507 1659 tali
3534 1605 3656 1660 ﬁde
3685 1621 3799 1659 ar—

506 1700 800 1757 aseendere
825 1706 1020 1769 potest,
1055 1697 1159 1751 nisi
1184 1711 1282 1766 per
1309 1694 1425 1764 ejus
1451 1694 1703 1766 gratiam,
1732 1693 1825 1762 qui
1853 1693 1919 1747 de
1944 1692 2081 1749 coelo
2113 1679 2154 1737 Β
2184 1706 2359 1751 matus
2383 1695 2713 1751 cruciﬁxerit
2754 1694 2993 1751 membra
3021 1710 3115 1750 sua
3142 1712 3264 1751 cum
3292 1697 3437 1752 vitiis
3464 1706 3523 1751 et
3546 1713 3792 1753 concu-

508 1789 564 1844 in
593 1780 793 1844 terram
840 1787 1167 1842 descendere
1216 1785 1464 1859 dignatus
1500 1792 1617 1850 est,
1660 1791 1808 1837 recte
1840 1781 2077 1836 dicitur:

515 1895 536 1929 σ
563 1875 733 1933 Nemo
767 1876 1009 1933 ascendit
1049 1876 1101 1931 in
1140 1875 1354 1940 cmlum,
1404 1874 1508 1931 nisi
1556 1873 1648 1942 qui
1698 1872 1974 1929 descendit
2015 1871 2083 1927 de

507 1967 665 2035 caelo,
695 1967 834 2022 ﬁlius
861 1967 1094 2022 hominis
1114 1967 1206 2037 qui
1236 1975 1318 2021 est
1346 1949 1586 2019 in'cmlo.
1618 1983 1635 2016 ι
1668 1963 1802 2031 Quia
1828 1962 2082 2018 Dominus

508 2056 666 2115 Jesus
688 2057 939 2113 Christus
960 2072 1083 2111 cum
1107 2057 1221 2111 suis
1246 2055 1502 2111 membris
1523 2070 1687 2109 unum
1715 2053 1942 2109 ellicitur
1966 2067 2084 2107 cor-

507 2163 632 2220 pus,
659 2147 751 2218 qui
781 2162 912 2217 ergo
937 2145 1133 2200 coelum
1166 2144 1462 2200 ascendere
1487 2144 1774 2207 desiderat,
1799 2140 1963 2210 capiti
1987 2153 2084 2195 suo

509 2240 639 2296 totis
659 2240 866 2294 viribus
894 2238 1183 2292 adhaereat.
1225 2221 1305 2291 Er
1331 2235 1457 2305 quia
1484 2234 1635 2305 prius
1663 2233 1872 2287 Domini
1903 2232 2083 2303 passio

508 2329 932 2385 consummanda
969 2335 1105 2391 erat,
1150 2333 1204 2380 et
1245 2333 1367 2394 post
1411 2324 1630 2378 modum
1677 2321 1793 2392 ejus
1836 2323 2084 2379 ascensio

509 2419 852 2484 declaranda,
894 2417 1266 2480 Nicodemnm,
1302 2416 1619 2487 magistrum
1643 2414 1887 2470 Mosaicae
1929 2414 2082 2486 legis,

509 2512 771 2568 Dominus
798 2512 864 2565 ad
893 2509 1189 2581 spiritalem
1232 2507 1469 2576 ejusdem
1508 2507 1642 2575 legis
1678 2506 2084 2576 intelligentiam

510 2608 787 2672 provocat,
818 2616 940 2655 cum
968 2597 1281 2669 subiungit:
1404 2670 1409 2674 θ

587 2712 607 2745 ι
641 2692 708 2746 Et
734 2692 874 2746 sicut
908 2691 1117 2761 Moyses
1142 2689 1400 2745 exaltavit
1433 2696 1736 2758 serpentem
1765 2690 1817 2743 iu
1848 2689 2079 2752 deserto,

515 2800 535 2835 ι
567 2782 642 2838 ita
668 2781 896 2837 exaltari
927 2789 1143 2851 oportet
1182 2780 1348 2837 ﬁlium
1375 2780 1631 2834 hominis.
1663 2800 1681 2830 ι
1720 2778 2087 2834 Ubi-historia:
2113 2766 2121 2776 ’

508 2874 709 2929 veteris
738 2872 860 2927 libri
888 2871 1108 2926 Numeri
1133 2869 1393 2925 Dominus
1416 2869 1684 2933 meminit,
1712 2870 1765 2923 in
1794 2885 1897 2937 qua
1932 2868 2088 2921 taedio

511 2966 656 3038 longi
687 2966 896 3021 itineris
928 2964 1156 3035 pepulus
1180 2963 1510 3018 lsraeliticus
1543 2961 1770 3017 amictus
1790 3002 1804 3023 ,
1851 2977 2089 3015 murmu-

512 3072 666 3113 rasse
686 3065 873 3113 contra
896 3055 1177 3110 Dominum
1199 3063 1257 3108 et
1277 3053 1494 3124 Mpysen
1517 3052 1711 3123 legitur
1732 3051 1805 3122 (Ν
1814 3067 1920 3105 um.
1948 3051 2085 3120 xxi).

511 3151 742 3219 Propter
762 3149 907 3220 quod
926 3148 1074 3223 misit
1094 3148 1148 3202 in
1168 3162 1262 3203 eos
1282 3128 1541 3223 Deminus
1565 3153 1843 3214 serpentes
1867 3144 2082 3214 ignitos,

509 3241 580 3295 ad
609 3236 838 3310 quorum
872 3222 1087 3294 morsus
1125 3253 1249 3292 cum
1284 3222 1465 3308 plures
1513 3243 1876 3299 morerentur,
1928 3249 2088 3288 vene-

512 3338 643 3386 runt
681 3329 750 3383 ad
803 3329 1042 3401 Moysen,
1074 3329 1356 3383 dicentes:
1395 3344 1413 3377 ι
1453 3326 1652 3382 Omnes
1680 3327 1963 3389 morimur,
1992 3340 2087 3379 ora

510 3435 611 3491 pro
636 3420 791 3475 nobis
815 3420 882 3476 ad
911 3419 1213 3474 Dominum.
1242 3437 1262 3469 ›
1312 3415 1552 3485 Cumque
1603 3424 1814 3470 orasset
1853 3414 2086 3484 Moyses,

504 3511 810 3582 jnssiteum
831 3510 1088 3566 Dominus
1119 3508 1299 3564 facere
1322 3518 1625 3577 serpentem
1659 3521 1885 3569 aeneum,
1915 3513 1971 3558 et
1991 3518 2089 3572 po-

510 3617 644 3661 nere
669 3603 722 3657 in
746 3602 926 3672 stipite
944 3615 1042 3671 pro
1060 3598 1234 3675 signo,
1260 3600 1481 3654 dicens:
1512 3617 1532 3650 ι
1569 3597 1627 3651 Si
1656 3598 1777 3667 quis
1801 3611 2089 3666 percussus

511 3709 636 3750 eum
684 3692 975 3765 aspexerit,
1031 3691 1195 3745 vivet.
1237 3709 1258 3743 ι
1293 3689 1692 3757 Εεοιειῳιθθει
1732 3688 1867 3743 mira
1892 3701 2001 3753 res,
2033 3695 2090 3742 et

512 3791 675 3839 antea
704 3784 968 3837 inaudita.
1018 3780 1406 3837 Mordebantur
1456 3794 1487 3855 a
1525 3779 1886 3848 serpentibus,
1940 3780 2086 3849 aspi-

512 3874 730 3931 ciehant
753 3881 1079 3942 serpentem,
1123 3881 1181 3927 et
1204 3871 1556 3926 sanabantur.
1590 3868 1751 3924 IEnei
1803 3883 1934 3938 ergo
1975 3855 2087 3925 ser-

510 3966 692 4038 pentis
739 3963 992 4037 exaltatio
1049 3963 1264 4019 Domini
1318 3963 1628 4033 passionem
1677 3963 2042 4033 praeﬁguravit
2072 4003 2087 4029 ,

513 4057 610 4128 qui
641 4054 958 4129 exaltandus
1009 4063 1130 4110 erat
1180 4068 1363 4131 cruce,
1419 4054 1558 4109 sicut
1603 4054 1657 4107 in
1687 4054 1939 4122 praesenti
1972 4053 2089 4109 loco

514 4150 765 4222 dignatus
783 4156 869 4204 est
892 4160 1183 4218 exponere.
1225 4147 1300 4202 De
1335 4160 1438 4215 qua
1483 4145 1599 4216 ipse
1647 4144 1772 4200 alibi
1821 4144 1931 4199 ait:
1971 4164 1989 4197 ι
2030 4145 2087 4201 Si

512 4236 782 4294 exaltatus
824 4235 976 4290 fuero
1002 4251 1033 4290 a
1065 4246 1233 4300 terra,
1260 4235 1442 4291 omnia
1470 4236 1680 4289 traham
1728 4234 1793 4288 ad
1824 4234 2087 4303 meipsum

514 4327 698 4400 (Joan.
724 4327 849 4398 xu).
876 4346 894 4380 ι
926 4327 1036 4383 Nec
1061 4327 1280 4382 cuilibet
1308 4326 1586 4397 indignum
1610 4326 1779 4381 videri
1825 4326 2004 4390 debet,
2035 4326 2089 4381 id

2179 1784 2480 1853 piscentiis,
2508 1800 2613 1838 non
2644 1784 2816 1839 solum
2842 1800 2871 1838 a
2905 1785 3095 1842 mortis
3122 1786 3362 1854 periculo
3386 1787 3630 1851 liberari,
3677 1788 3791 1844 sed

2181 1876 2343 1929 etiam
2374 1874 2441 1929 ad
2475 1874 2639 1928 vitam
2664 1878 2947 1943 pervenire
2972 1876 3267 1931 merebitur
3295 1885 3569 1932 aeternam.
3601 1877 3789 1933 Unde

2181 1972 2235 2018 et
2263 1964 2541 2019 subditur:
2581 1983 2600 2015 ι
2631 1964 2703 2020 Ut
2726 1966 2903 2039 omnis
2942 1965 3033 2035 qui
3058 1966 3230 2020 credit
3279 1967 3333 2020 in
3361 1967 3497 2037 ipso,
3529 1983 3645 2023 non
3680 1983 3791 2039 pee

2189 2073 2208 2104 ε
2246 2063 2380 2118 reat,
2413 2053 2505 2109 sed
2528 2054 2725 2109 habeat
2748 2055 2912 2110 vitam
2942 2064 3220 2110 :eternam.
3249 2074 3267 2107 ι
3297 2076 3315 2107 ι
3335 2055 3521 2112 Omnis
3550 2059 3777 2123 enim,»

2183 2143 2570 2214 aitScriptura,
2589 2163 2607 2195 ι
2629 2146 2933 2215 quicunque
2958 2146 3286 2201 invocaverit
3313 2138 3503 2202 nomen
3519 2148 3781 2212 Domini,

2184 2236 2362 2293 salvus
2388 2231 2493 2292 erit
2534 2236 2673 2308 (Act.
2698 2237 2781 2310 ιι),
2811 2257 2830 2290 ι
2863 2239 3003 2293 sicut
3035 2238 3151 2309 ipse
3181 2237 3430 2293 Salvator
3471 2239 3528 2293 in
3572 2239 3776 2294 Evan-

2184 2331 2323 2402 gelio
2367 2333 2443 2389 ait
2487 2349 2501 2386 :
2552 2350 2573 2385 ι
2636 2333 2739 2399 Qui
2786 2333 2959 2388 credit
2989 2333 3043 2387 in
3094 2348 3203 2396 me,
3256 2332 3468 2388 etiamsi
3503 2342 3779 2386 mortuus

2186 2421 2367 2486 fuerit,
2421 2423 2586 2478 vivet.
2637 2422 2704 2477 Et
2751 2422 2928 2477 omnis
2953 2422 3046 2493 qui
3090 2422 3225 2477 vivit
3253 2432 3310 2478 et
3345 2421 3515 2478 credit
3562 2422 3618 2476 in
3658 2436 3779 2485 me,

2186 2529 2291 2569 non
2341 2515 2602 2569 morietur
2648 2515 2704 2568 in
2751 2525 3012 2569 :eternum
3058 2512 3240 2584 (Joan.
3271 2512 3371 2583 x1).
3402 2532 3420 2566 ι
3464 2513 3558 2568 llle
3583 2523 3781 2569 autem

2185 2621 2312 2660 vere
2357 2606 2551 2670 credit,
2594 2606 2685 2676 qui
2720 2606 2802 2661 sic
2840 2605 2973 2659 vivit
3018 2605 3159 2660 sicut
3205 2604 3452 2660 Christus
3494 2603 3776 2674 praecipit.

2187 2698 2286 2764 Qui
2314 2707 2493 2752 autem
2528 2698 2819 2753 conﬁtetur
2850 2697 3051 2760 verbis,
3081 2697 3175 2752 sed
3214 2696 3370 2773 iactis
3413 2712 3536 2752 eum
3582 2704 3775 2766 negat,

2187 2804 2293 2845 non
2316 2790 2480 2845 vitam
2506 2798 2764 2854 meretur,
2809 2788 2902 2843 sed
2936 2801 3173 2858 poenam.
3203 2786 3361 2854 Quia,
3384 2787 3523 2841 sicut
3551 2786 3635 2840 ait
3680 2785 3778 2840 Ja-

2188 2879 2357 2934 cobus
2380 2878 2691 2949 apostolus:
2727 2895 2745 2928 ι
2792 2875 2950 2931 Fides
2976 2876 3092 2930 sine
3143 2876 3396 2944 operibus
3422 2884 3640 2929 mortua
3690 2884 3778 2929 est

2191 2965 2331 3034 (Jac.
2362 2967 2445 3032 ιι).
2477 2986 2494 3016 ι
2551 2966 2617 3019 Et
2663 2966 2857 3020 iterum
2886 2982 2899 3018 :
2930 2981 2949 3015 ε
2994 2963 3075 3018 Tu
3107 2963 3285 3018 credis
3313 2964 3456 3033 quod
3509 2979 3658 3018 unus
3703 2964 3779 3018 sit

2191 3058 2373 3113 Deus?
2413 3058 2556 3113 Bene
2611 3058 2769 3123 facis,
2816 3066 2872 3114 et
2898 3056 3168 3112 dmmones
3193 3056 3441 3122 credunt,
3467 3063 3524 3110 et
3548 3064 3776 3110 contre-

2187 3148 2418 3203 miscunt
2455 3146 2661 3218 (Ibid.).
2694 3167 2713 3200 ι

2755 3276 3035 3335 HOMILIA
3063 3279 3198 3337 CIX.

2416 3398 2670 3452 perustos
2702 3412 2933 3452 sset;an
2964 3413 3092 3453 posr
3124 3410 3522 3451 rsurscosrss.

2260 3512 2301 3571 (1
2328 3511 2483 3567 Ιολκ.
2519 3512 2621 3583 iv.)
2654 3530 2672 3563 ‹
2725 3510 3081 3567 Cbarissimi:
3124 3511 3265 3566 Deus
3289 3510 3526 3565 charitas
3557 3516 3669 3563 est.
3717 3507 3774 3561 In

2195 3620 2214 3652 ι
2250 3603 2354 3658 hoc
2404 3604 2651 3678 apparuit
2681 3604 2922 3658 charitas
2960 3602 3052 3656 Dei
3083 3602 3135 3656 in
3188 3602 3364 3663 nobis,
3394 3600 3653 3670 quoniam
3683 3599 3774 3653 Fi-

2194 3711 2213 3744 (
2248 3693 2376 3747 lium
2418 3710 2575 3748 suum
2627 3695 2959 3766 unigenitum
3010 3693 3154 3748 misit
3187 3692 3240 3747 in
3284 3693 3565 3756 mundum,
3598 3698 3665 3744 ut
3690 3691 3773 3743 vi-

2195 3802 2213 3834 ι
2249 3800 2438 3857 vamus
2466 3800 2563 3854 per
2593 3785 2785 3853 ipsum.
2821 3803 2841 3835 ι
2880 3783 2947 3837 Ει
2967 3782 3193 3852 reliqua.
3220 3781 3500 3849 Quomodo
3523 3780 3642 3850 ipse
3673 3779 3776 3832 Do-

2160 3875 2369 3947 ‘minus
2402 3876 2514 3930 ait:
2550 3893 2568 3926 ι
2604 3874 2858 3943 Maiorem
2890 3874 2992 3929 hac
3028 3873 3368 3928 dilectionem
3400 3885 3558 3927 nemo
3577 3869 3773 3929 habet.

2189 3980 2357 4037 quam
2382 3975 2444 4031 ut
2470 3966 2704 4021 animam
2757 3979 2911 4019 suam
2941 3971 3105 4032 ponat
3135 3964 3255 4031 quis
3285 3978 3382 4032 pro
3427 3960 3620 4015 amicis
3659 3959 3778 4014 suis

2192 4060 2373 4135 (Joan.
2398 4058 2511 4128 xv).
2546 4077 2564 4110 ι
2622 4058 2691 4111 Ει
2740 4056 2810 4111 ibi
2842 4056 3065 4126 probata
3115 4064 3199 4112 est
3236 4055 3450 4111 dilectio
3479 4053 3689 4109 Christi
3718 4053 3773 4107 in

2190 4149 2369 4214 nobis,
2400 4149 2527 4219 quia
2556 4157 2801 4201 mortuus
2831 4154 2915 4200 est
2932 4160 3037 4214 pro
3082 4136 3257 4199 nobis.
3315 4144 3540 4198 Dilectio
3586 4141 3776 4195 Patris

2190 4239 2330 4294 unde
2349 4239 2572 4309 probata
2599 4246 2683 4291 est
2711 4251 2740 4289 a
2763 4234 2958 4290 nobis?
2988 4232 3121 4300 Quia
3152 4233 3346 4287 Filium
3368 4247 3524 4287 suum
3547 4231 3783 4311 unicum.

2193 4334 2342 4390 misit
2366 4332 2503 4386 mori
2533 4330 2830 4403 proInobis,
2856 4330 2997 4385 sicut
3022 4336 3076 4382 et
3112 4327 3312 4381 Paulus
3355 4326 3629 4396 apostolus
3655 4326 3771 4381 ait:

513 4399 599 4475 est
625 4419 883 4474 Dominus
908 4434 1005 4488 per
1048 4427 1382 4488 assumptam
1429 4419 1818 4473 humanitatem
1854 4418 2091 4486 serpenti
2123 4399 2168 4456 ί)
2199 4444 2217 4476 ‹
2248 4424 2350 4492 Qui
2379 4399 2594 4494 propr—io
2625 4399 2762 4476 Filio
2788 4436 2886 4475 suo
2919 4434 3023 4474 non
3060 4418 3320 4488 pepercit,
3358 4419 3455 4473 sed
3481 4431 3580 4488 pro
3608 4417 3771 4472 nobis

513 4518 891 4580 comparetur;
935 4510 1059 4579 quia
1103 4510 1216 4580 ipse
1242 4524 1340 4578 per
1364 4509 1687 4579 Prophetam
1724 4510 1792 4565 de
1815 4509 1993 4580 seipso
2017 4509 2094 4564 lo-

512 4599 733 4670 quitur:
765 4618 784 4650 (
824 4598 937 4668 Ego
965 4606 1146 4653 autem
1176 4615 1294 4654 sum
1324 4600 1522 4654 vermis
1548 4609 1602 4654 et
1635 4615 1742 4654 non
1784 4601 1969 4666 homo,
1997 4615 2094 4671 op-

514 4687 789 4758 probrium
837 4690 1114 4744 hominum
1146 4697 1200 4743 et
1238 4690 1469 4760 abjectio
1502 4690 1675 4760 plebis
1701 4690 1872 4763 (Psal.
1898 4691 2035 4760 xxi).
2068 4710 2087 4744 ι

515 4775 584 4830 Ει
612 4776 754 4832 sicut
776 4777 829 4831 in
852 4778 1189 4855 septuaginta
1239 4778 1625 4849 interpretibus
1666 4778 1882 4850 legitur,
1911 4794 2094 4855 scara-

515 4870 666 4925 bzeus
687 4868 955 4923 clamabat
997 4869 1063 4924 de
1088 4852 1257 4940 ligno,
1290 4870 1342 4925 id
1383 4880 1468 4925 est
1514 4870 1767 4926 Christus
1794 4871 1861 4926 de
1903 4852 2084 4947 cruce.

519 4959 674 5015 Sicut
694 4958 838 5013 enim
876 4975 1105 5035 serpens
1139 4961 1227 5016 ille
1258 4961 1662 5017 similitudinem
1698 4961 1932 5018 habebat
1954 4963 2093 5033 igni-

519 5058 700 5104 torum
724 5050 1076 5120 serpentium,
1124 5051 1220 5107 sed
1246 5061 1423 5105 tamen
1472 5066 1503 5104 a
1529 5050 1741 5127 veneno
1761 5052 2092 5122 serpentium

519 5139 727 5196 alienus
748 5151 867 5197 erat
889 5160 900 5196 :
926 5142 1007 5198 sic
1044 5143 1301 5199 Dominus
1321 5141 1479 5201 Jesus
1505 5141 1750 5199 Christus
1772 5145 2017 5216 apparuit
2040 5143 2093 5200 in

518 5229 869 5286 similitudine
909 5233 1089 5288 carnis
1137 5233 1366 5303 peccati,
1394 5232 1592 5286 nullam
1625 5242 1802 5289 tamen
1831 5235 2093 5291 maculam

520 5322 687 5377 traxit
711 5324 937 5392 peccati.
956 5324 1174 5394 Aloeus
1213 5331 1397 5378 autem
1425 5322 1603 5379 dictus
1625 5334 1709 5381 est
1727 5339 1950 5396 serpens
1975 5340 2100 5397 pro-

520 5422 643 5485 pter
683 5414 946 5470 inlinitam
995 5416 1048 5469 in
1076 5414 1296 5469 Christo
1348 5415 1727 5470 aeternitatem.
1769 5413 1869 5471 Ais
1915 5423 2095 5471 autem

521 5503 766 5561 durabile
788 5515 872 5561 est
897 5505 1192 5569 metallum,
1223 5516 1281 5560 et
1305 5506 1460 5561 valde
1484 5521 1763 5573 sonorum,
1807 5516 1862 5563 et
1902 5514 2096 5563 natura

521 5595 839 5652 eternitatis
869 5611 968 5653 nec
1016 5595 1227 5653 initium
1257 5595 1461 5662 habuit,
1493 5612 1594 5653 nec
1643 5597 1804 5652 ﬁnem
1851 5597 2090 5654 habebit.

2193 4513 2445 4568 omnibus
2469 4512 2687 4567 tradidit
2711 4526 2857 4575 eum,
2885 4511 3154 4581 quomodo
3195 4526 3299 4566 non
3338 4509 3503 4565 etiam
3524 4522 3651 4564 cum
3682 4509 3773 4564 illo

2193 4604 2377 4661 omnia
2401 4604 2556 4677 nobis
2580 4602 2797 4658 donavit
2816 4603 2840 4656 ?
2859 4624 2877 4655 ι
2900 4600 3078 4673 (Rom.
3095 4602 3236 4672 vm.)

2271 4714 2289 4748 ι
2322 4695 2390 4749 Et
2418 4694 2472 4747 in
2503 4694 2605 4748 hoc
2657 4701 2741 4748 est
2792 4692 3053 4757 charitas,
3101 4706 3207 4746 non
3246 4689 3397 4759 quasi
3435 4703 3534 4744 nos
3574 4688 3777 4743 dilexe-

2200 4803 2218 4837 ‹
2257 4783 2424 4839 rimus
2439 4782 2629 4846 Deum,
2660 4782 2754 4837 sed
2780 4782 3034 4852 quoniam
3065 4781 3179 4850 ipse
3206 4781 3353 4851 prior
3375 4778 3563 4835 dilexit
3596 4792 3719 4833 nos.
3751 4797 3769 4828 ι

2195 4875 2311 4930 Non
2334 4873 2480 4929 illum
2505 4872 2789 4929 dileximus
2819 4873 2988 4943 prius,
3038 4888 3160 4927 nam
3205 4873 3272 4927 ad
3318 4864 3420 4925 hoc
3455 4884 3556 4925 nos
3582 4868 3674 4925 ille
3698 4870 3776 4925 di—

2196 4964 2324 5021 lexit
2350 4964 2519 5036 prius,
2551 4972 2610 5018 ut
2638 4963 2925 5034 diligamus
2969 4978 3113 5041 eunt.
3147 4962 3331 5018 Gratia
3361 4964 3559 5031 quippe
3596 4960 3774 5014 homi-

2199 5070 2320 5110 nem
2346 5054 2610 5126 prazvenit
2651 5063 2710 5108 ut
2754 5053 2944 5125 diligat
2971 5054 3158 5119 Deum,
3183 5054 3307 5123 quia
3335 5052 3620 5107 dilectione
3646 5066 3777 5120 ope-

2200 5154 2349 5201 retur
2374 5130 2535 5200 bona.
2568 5144 2721 5201 Unde
2749 5144 3030 5199 Psalmista
3059 5162 3071 5196 :
3117 5163 3135 5195 ι
3176 5144 3317 5198 Deus
3364 5157 3536 5204 meus,
3579 5142 3774 5209 inquit.

2212 5256 2239 5307 r
2269 5238 2639 5295 misericordia
2692 5238 2987 5309 prmveniet
3032 5253 3117 5292 me
3152 5234 3324 5307 (Psal.
3368 5236 3539 5307 Lvut).
3572 5254 3592 5286 ι
3628 5252 3649 5287 ι
3714 5235 3776 5288 Et

2212 5349 2231 5382 ι
2264 5329 2412 5385 misit
2450 5329 2644 5385 Filium
2674 5345 2829 5385 suum
2860 5329 3263 5400 propitiatorem
3301 5344 3399 5398 pro
3424 5327 3657 5398 peccatis
3681 5341 3777 5382 no-

2210 5440 2229 5473 ‹
2264 5421 2411 5477 stris.
2445 5441 2463 5473 ι
2500 5421 2564 5476 Et
2593 5422 2695 5476 hoc
2719 5430 2804 5476 est
2825 5422 3120 5475 maximum
3148 5420 3202 5475 in
3250 5418 3405 5474 nobis
3438 5416 3632 5473 divina":
3658 5416 3747 5488 pie

2204 5513 2330 5567 tatis
2354 5511 2631 5577 indicium,
2662 5512 2785 5581 quia
2830 5526 2952 5567 cum
3002 5512 3230 5567 necdum
3273 5508 3374 5580 ipsi
3418 5523 3519 5578 pro
3544 5507 3775 5579 peccatis

2202 5604 2401 5661 nostris
2428 5619 2549 5661 eum
2573 5614 2756 5676 petere
2787 5619 3091 5672 nossemus,
3122 5602 3269 5659 misit
3295 5600 3382 5658 ille
3402 5599 3598 5656 Filium
3620 5611 3772 5677 suum
