4014 6354
198 329 315 388 585

1432 316 1757 381 IIOMILLE-
1780 312 1871 370 DE
1892 308 2261 367 ‘TEMPORE.

3374 293 3480 353 586

194 450 273 505 ad
306 459 426 511 nos,
474 443 565 513 qui
612 442 850 521 nobisin
883 456 941 497 se
990 435 1336 497 credentibus
1382 436 1524 491 ultro
1570 434 1783 490 veniam
1814 436 1862 493 Α
1886 442 1993 498 gna
2016 434 2073 481 et
2094 437 2305 479 summa
2328 434 2535 476 merces
2554 418 2722 474 Deum
2749 413 3117 472 colentibuset
3134 411 3484 484 diligentibus

197 541 382 604 daret,
414 542 621 607 nosque
654 535 720 590 ad
760 542 1001 604 paterna}
1034 531 1221 605 gloria:
1279 529 1597 586 societatem
1632 540 1795 581 voca-

199 641 313 688 ret.
337 629 393 685 fu
420 627 743 699 quibusdam
766 625 1048 681 codicibus
1080 624 1169 679 hic
1211 618 1511 676 versiculus
1559 618 1632 672 ita
1663 616 1794 687 legi-

199 736 338 781 tur:
379 743 397 774 ι
428 720 497 776 Et
548 720 698 775 misit
723 718 918 773 Filium
966 730 1123 773 suum
1150 714 1411 768 litatorem
1439 722 1539 781 pm
1554 706 1796 779 peccatis

196 814 432 871 nostris.
466 832 485 865 ι
516 810 725 867 Litator
743 817 923 865 autem
954 805 1292 863 sacrificator
1310 809 1415 858 est.
1451 796 1798 856 Sacriﬁcavit

200 908 356 965 enim
390 905 560 961 Filius
599 902 696 959 Dei
721 916 822 974 pro
864 900 1103 973 peccatis
1144 896 1370 960 nostris,
1403 908 1511 948 non
1561 891 1798 947 hostiam

200 998 507 1070 pecudum,
527 994 622 1051 sed
649 992 886 1064 seipsum
908 989 1205 1048 offerendo.
1240 985 1396 1042 Unde
1417 982 1557 1039 bene
1598 980 1800 1070 Paulus

200 1067 534 1150 admonens,
571 1085 685 1139 ait:
725 1103 744 1135 α
796 1083 989 1138 Estote
1038 1078 1341 1134 imitatores
1394 1073 1489 1128 Dei
1535 1072 1676 1127 sicut
1704 1067 1800 1124 lilii

196 1177 541 1239 cbarissimi,
570 1184 626 1230 et
649 1172 921 1229 ambulate
953 1171 1007 1225 in
1060 1168 1368 1232 dilectione,
1399 1165 1542 1221 sicut
1569 1170 1627 1218 et.
1648 1160 1802 1216 Chri-

199 1277 332 1324 stus
354 1267 546 1322 dilexit
584 1280 705 1330 nos,
749 1274 805 1318 et
833 1261 1053 1317 tradidit
1091 1258 1443 1327 semetipsum
1491 1269 1590 1326 pro
1644 1250 1802 1307 nobis

201 1359 550 1414 obiationem
598 1364 654 1410 et
705 1353 936 1409 hostiam
987 1351 1098 1405 Deo
1147 1350 1202 1403 in
1250 1348 1474 1403 odorem
1521 1341 1803 1400 suavitatis

201 1434 263 1521 (I
294 1449 420 1504 Cor.
468 1447 567 1517 tv).
598 1465 617 1499 ι
657 1442 826 1513 Cujus
879 1440 1162 1498 sententiae
1211 1436 1451 1493 concinit
1485 1435 1607 1497 hoc,
1659 1432 1805 1503 quod

200 1542 303 1597 hic
329 1554 545 1613 quoque
585 1535 824 1593 Joannes
875 1531 1215 1589 exhortando
1250 1527 1544 1601 subjungit,
1573 1526 1759 1582 dicens
1787 1538 1802 1579 :

284 1653 308 1687 ι
348 1630 691 1696 Cbarissimi,
737 1630 782 1684 si
832 1627 910 1683 sic
962 1626 1105 1681 Deus
1132 1622 1323 1679 dilexit
1354 1636 1471 1686 uos,
1499 1628 1554 1675 et
1584 1634 1683 1675 nos
1707 1617 1802 1673 de-

207 1744 229 1779 ι
269 1726 466 1781 bemus
497 1722 726 1777 invicem
767 1719 1010 1790 diligere.
1044 1736 1061 1767 ι
1092 1709 1245 1782 Quod
1291 1721 1471 1768 autem
1515 1710 1799 1781 sequitur:

1898 515 2264 587 promittatur,
2307 510 2518 566 dicente
2554 509 2672 580 ipso
2703 507 2952 571 Domino,
2988 503 3204 574 quando
3230 515 3487 572 corpora-

1894 606 2040 661 libus
2065 603 2238 659 oculis
2282 600 2571 657 ‘visibil’rter
2611 597 2920 671 apparebit,
2957 604 3012 651 et
3053 592 3380 651 invisibilem
3427 607 3487 648 se

1890 695 2263 753 contuendum
2320 691 2536 746 mundis
2588 690 2843 746 cordibus
2889 685 3260 758 promittebat.
3302 702 3321 736 ι
3381 683 3487 752 Qui

1898 788 2073 860 diligit
2117 802 2226 852 me,
2274 784 2529 855 diligetur
2574 798 2605 836 a
2654 782 2815 837 Patre
2855 796 2994 844 meo,
3032 788 3106 834 ‘et
3133 793 3232 851 ego
3265 776 3486 849 diligam

1898 894 2049 945 eum,
2076 886 2133 933 et
2152 875 2513 932 manifestabo
2559 873 2611 928 ei
2653 875 2916 944 meipsum
2938 871 3123 944 (Joan.
3145 870 3278 943 xw).
3311 891 3330 922 ι
3364 870 3492 927 Haec

1902 969 2102 1040 quippe
2131 975 2326 1022 natura
2356 963 2477 1037 ejus
2503 964 2786 1034 aequaliter
2808 979 2935 1018 cum
2978 962 3146 1018 Patre
3179 961 3489 1024 invisibilis.

1903 1061 2045 1118 sicut
2065 1058 2345 1131 aequaliter
2378 1054 2803 1126 incorruptibilts
2843 1061 2948 1119 est,
2977 1050 3491 1127 quia‘continuatim

1903 1148 2194 1226 Apostolus
2228 1152 2433 1223 posuit,
2462 1149 2646 1205 dicens
2673 1146 2729 1220 (I
2761 1145 2895 1201 Tim.
2921 1148 2995 1215 t):
3029 1145 3159 1217 Regi
3182 1154 3366 1201 autem
3384 1158 3494 1201 se-

1900 1243 2151 1301 culorum
2181 1241 2455 1303 invisibili,
2504 1235 2925 1309 incorruptibili,
2956 1235 3194 1291 divinam
3243 1236 3494 1290 substan-

1904 1336 2041 1392 tiam
2062 1350 2165 1405 qua
2188 1333 2370 1405 potuit
2416 1331 2727 1387 hominibus
2779 1327 3163 1399 prardicatione
3215 1341 3489 1382 commen-

1908 1427 2064 1481 dans.
2099 1425 2244 1480 Deus
2275 1438 2407 1492 ergo
2433 1421 2741 1489 invisibilis,
2778 1434 2956 1489 neque
2979 1418 3158 1483 oculo,
3193 1419 3286 1475 sed
3310 1426 3497 1473 mente
3527 1400 3541 1416 ”

1907 1517 2233 1591 qumrendus
2259 1523 2362 1571 est.
2402 1513 2516 1570 Sed
2551 1511 3006 1584 quemadmodum
3038 1511 3082 1564 si
3128 1509 3296 1566 solem
3332 1510 3494 1565 istum

1906 1611 2093 1666 videre
2119 1609 2368 1674 velimus,
2420 1606 2606 1663 oculos
2634 1605 2880 1675 corporis
2928 1616 3303 1675 purgaremus,
3355 1602 3499 1656 unde

1894 1702 2000 1758 lux
2039 1701 2211 1758 videri
2240 1706 2464 1771 potest:
2517 1695 2760 1752 volentes
2803 1694 2987 1749 videre
3031 1690 3225 1756 Deum,
3278 1690 3498 1745 oculum

206 1818 445 1880 «,Deum
495 1828 653 1870 nemo
681 1811 815 1866 vidit
862 1783 1125 1881 unquam,
1152 1826 1176 1861 ι
1211 1806 1415 1877 majore
1441 1801 1802 1874 disputatione
1832 1799 1877 1860 B
1905 1793 2107 1858 cordis,
2137 1807 2247 1863 quo
2270 1792 2413 1846 Deus
2445 1789 2615 1845 videri
2665 1796 2885 1860 potest,
2920 1799 3232 1856 purgemus.
3285 1803 3303 1834 ι
3346 1783 3497 1837 Beati

199 1909 440 1979 indiget,
491 1921 613 1961 cum
664 1902 924 1959 Dominus
961 1908 1016 1953 et
1045 1898 1354 1955 numinibus
1398 1893 1597 1948 mundo
1628 1890 1801 1947 corde

201 2002 385 2059 Deum
419 1997 704 2055 videndum
736 1995 1037 2067 promittat,
1080 2000 1132 2049 et
1159 1992 1223 2046 de
1250 1989 1452 2045 sanctis
1483 1987 1631 2042 dicat
1657 1981 1805 2067 quod

202 2094 392 2166 angeli
424 2107 613 2149 eorum
644 2081 721 2145 °in
760 2088 924 2143 'coelis
975 2099 1190 2155 semper
1236 2083 1457 2138 videant
1502 2081 1560 2134 in
1610 2064 1803 2133 faciem

199 2187 416 2244 Patris.
466 2185 620 2239 Hanc
676 2191 857 2237 autem
901 2179 1236 2236 sententiam
1285 2176 1341 2231 in
1386 2173 1677 2243 Evangelia
1707 2186 1806 2226 suo

202 2280 370 2351 ponit
394 2279 537 2332 idem
563 2272 820 2335 Joannes,
849 2271 940 2326 ubi
965 2271 1130 2325 etiam
1156 2266 1427 2337 quomodo
1456 2264 1599 2318 Deus
1636 2259 1806 2316 videri

175 2380 179 2388 '
202 2372 820 2443 possit,eonsequenter
835 2361 1077 2433 adiungit
1099 2361 1315 2416 dicens:
1337 2378 1356 2409 ι
1378 2354 1695 2426 Unigenitus
1714 2352 1806 2407 Fi-

202 2441 324 2516 lius
348 2459 440 2530 qui
465 2466 549 2513 est
575 2457 629 2512 in
652 2456 773 2511 sinu
801 2452 1006 2517 Patris,
1037 2451 1153 2522 ipse
1181 2447 1456 2505 enarravit
1477 2444 1659 2517 (Joan.
1688 2441 1751 2512 1).
1776 2462 1801 2494 τ

203 2549 391 2619 Quod,
447 2548 640 2603 beatus
682 2552 839 2617 pater
882 2540 1206 2598 Ambrosius
1250 2541 1329 2594 ita
1374 2536 1631 2608 exposuit
1674 2552 1688 2590 :
1742 2534 1809 2590 Et

206 2642 342 2696 ideo
374 2640 544 2693 Deum
602 2651 765 2693 nemo
817 2634 956 2689 vidit
985 2648 1244 2704 unquam,
1276 2631 1401 2702 quia
1432 2643 1551 2685 eam
1610 2642 1732 2698 qua:
1753 2627 1809 2682 in

205 2732 329 2787 Deo
355 2728 566 2785 habitat
592 2725 982 2798 plenitudinem
1023 2721 1357 2787 divinitatis,
1389 2734 1550 2775 nemo
1586 2731 1812 2787 conspe—

205 2822 317 2886 xit,
368 2827 530 2875 nemo
580 2825 762 2873 mente
816 2824 910 2871 aut
956 2813 1129 2870 oculis
1182 2808 1611 2882 comprehendit.
1664 2807 1810 2862 Vidit

210 2914 389 2979 enim,
421 2912 490 2967 ad
531 2920 823 2979 utrumque
853 2906 1198 2962 referendum
1243 2912 1344 2959 est.
1394 2902 1640 2972 Denique
1686 2914 1809 2954 cum

215 3006 475 3063 additur:
513 3021 532 3055 ι
577 3000 897 3072 Unigenitus
926 2998 1098 3053 Filius
1126 2996 1222 3066 qui
1261 3002 1345 3050 est
1370 2994 1426 3049 in
1457 2993 1580 3049 sinu
1610 2991 1808 3054 Patris,

217 3100 337 3170 ipse
375 3095 668 3157 enarravit,
708 3112 726 3144 ι
771 3091 1034 3147 mentium
1084 3088 1260 3159 magis
1314 3101 1482 3157 quam
1524 3084 1810 3140 oculorum
1841 3106 1905 3170 n-

217 3190 359 3245 visio
386 3186 711 3242 declaratur.
757 3181 979 3251 Species
1009 3180 1155 3234 enim
1184 3177 1418 3242 videtur,
1469 3176 1641 3231 virtus
1674 3190 1811 3231 vero
1838 3151 1883 3215 ε

223 3291 515 3336 narratur:
548 3278 638 3333 illa
691 3275 885 3340 oculis,
924 3275 1043 3329 inec
1074 3280 1264 3327 mente
1313 3268 1809 3341 comprehenditur.

227 3373 363 3430 Item
396 3373 582 3428 beatus
609 3367 943 3442 Augustinus
973 3366 1026 3420 in
1063 3364 1201 3419 libro
1229 3364 1305 3417 De
1330 3361 1561 3416 videndo
1588 3359 1721 3424 Deo,
1748 3360 1817 3416 de

226 3448 413 3522 eadem
434 3465 716 3536 disputans
738 3458 1060 3531 quaestione,
1087 3454 1312 3526 pminde
1342 3453 1397 3507 in
1427 3467 1533 3523 qua
1560 3460 1818 3506 narrante

225 3557 516 3628 Unigenito
538 3556 629 3627 qui
653 3558 739 3610 est
758 3553 813 3608 in
837 3552 957 3607 sinu
985 3547 1165 3604 Patris
1196 3544 1510 3601 narratione
1540 3541 1815 3609 ineffabili,

222 3659 474 3707 creatura
518 3645 796 3704 rationalis
832 3642 1032 3698 munda
1078 3648 1134 3696 et
1167 3647 1380 3702 sancta,
1425 3635 1678 3706 impletur
1723 3634 1817 3691 Dei

219 3743 432 3800 visione
479 3736 757 3802 ineffabili,
788 3750 950 3807 quam
981 3739 1107 3788 tunc
1144 3741 1567 3798 consequemur,
1590 3734 1717 3780 cum
1767 3724 1819 3779 ei

221 3834 461 3907 aequales
487 3830 615 3905 facti
645 3827 909 3884 fuerimus
935 3843 947 3879 :
972 3822 1230 3895 quoniam
1270 3820 1414 3876 sicut
1438 3818 1690 3873 videntur
1715 3816 1819 3871 ista

220 3925 459 3984 visibilia
491 3921 737 3993 corporis
766 3918 1035 3979 sensibus,
1083 3929 1191 3971 non
1220 3914 1307 3968 ita‘
1337 3912 1508 3967 Deum
1548 3909 1687 3965 vidit
1716 3925 1821 3964 un-

224 4031 410 4091 quam.
437 4014 700 4084 Quoniam
723 4012 768 4066 si
792 4007 1081 4091 aliquando
1102 4020 1170 4062 eo
1206 4004 1369 4059 modo
1399 4001 1548 4058 visus
1572 4007 1672 4065 est,
1711 4015 1819 4055 non

224 4088 374 4166 sicut
398 4107 505 4162 ista
556 4112 749 4160 natura
794 4088 1030 4163 videtur,
1072 4096 1167 4153 sed
1220 4093 1497 4150 voluntate
1547 4090 1695 4145 visus
1737 4097 1822 4146 est

226 4198 435 4270 specie,
462 4210 568 4266 qua
587 4192 756 4250 voluit
793 4196 1082 4261 apparens,
1128 4186 1332 4242 latente
1360 4196 1553 4239 natura
1581 4191 1745 4253 atque
1768 4181 1821 4236 in

222 4306 291 4348 se
342 4284 858 4345 ineommutabiliter
896 4288 1268 4352 permanente.
1321 4277 1399 4332 Eo
1447 4283 1628 4331 autem
1662 4273 1823 4329 modo

225 4395 340 4453 quo
367 4381 583 4435 videtur
611 4375 771 4432 sicuti
795 4383 901 4439 est,
957 4387 1099 4428 nunc
1128 4371 1359 4425 fortasse
1400 4366 1616 4421 videtur
1647 4380 1681 4419 a
1703 4363 1825 4434 qui-

229 4474 460 4531 busdam
482 4471 687 4543 angelis
709 4469 823 4524 suis
851 4466 1076 4523 sanctis.
1107 4463 1155 4519 A
1184 4456 1344 4517 nobis
1364 4468 1547 4515 autem
1578 4466 1705 4513 tunc
1746 4456 1819 4511 ita

226 4566 525 4630 videbitur,
555 4578 678 4619 cum
726 4561 777 4616 ei
808 4559 938 4615 facti
988 4556 1253 4612 fuerimus
1282 4551 1540 4623 aequales,
1589 4557 1646 4605 et
1699 4558 1822 4620 post

231 4658 515 4729 aliquanto
558 4666 844 4726 exponens
892 4648 1231 4708 sententiam
1271 4644 1447 4703 sancti
1492 4643 1763 4699 Ambrosii
1802 4658 1818 4697 :

233 4755 407 4809 Deum
433 4765 592 4807 nemo
620 4748 755 4805 vidit
786 4759 1046 4816 unquam,
1072 4742 1158 4797 vel
1186 4741 1240 4796 in
1274 4741 1377 4795 hac
1413 4739 1524 4793 vita
1544 4738 1689 4792 sicut
1711 4736 1823 4807 ipse

232 4856 342 4913 est,
369 4843 455 4899 vel
483 4842 646 4898 etiam
682 4840 737 4895 in
769 4836 1083 4908 angelorum
1105 4833 1240 4896 vita,
1271 4832 1412 4888 sicut
1434 4828 1663 4883 visibilia
1694 4828 1818 4893 ista,

235 4951 361 5008 quae
410 4932 676 5004 corporali
723 4926 931 4985 visione
985 4932 1298 4986 cernuntur,
1349 4923 1475 4993 quia
1503 4921 1823 4992 Unigenitus

236 5027 408 5083 Filius
436 5024 527 5096 qui
557 5030 641 5078 est
694 5022 749 5076 in
805 5019 924 5074 sinu
972 5016 1167 5082 Patris,
1203 5014 1319 5085 ipse
1357 5010 1655 5068 enarravit.
1688 5010 1825 5078 Quia

235 5131 349 5174 non
375 5117 442 5172 ad
467 5113 745 5171 oculorum
766 5107 1152 5182 corporalium,
1193 5105 1292 5163 sed
1338 5105 1408 5159 ad
1459 5103 1722 5159 mentium
1749 5101 1828 5156 vi-

238 5210 452 5266 sionem
481 5206 686 5263 dictum
735 5211 821 5259 est
870 5200 1150 5273 pertinere
1197 5197 1340 5270 quod
1391 5195 1658 5251 narravit.
1694 5192 1828 5250 Item

237 5311 366 5374 post
391 5298 598 5356 multa:
650 5297 733 5353 Ad
762 5310 882 5351 eam
906 5308 1043 5350 vero
1089 5291 1357 5348 visionem
1390 5300 1498 5360 qua
1526 5287 1829 5343 videbimus

237 5397 413 5454 Deum
439 5392 597 5451 sicuti
624 5399 728 5457 est,
759 5386 1071 5445 mandanda
1096 5385 1259 5442 corda
1290 5380 1645 5440 commonuit.
1692 5379 1829 5447 Quia

240 5489 388 5555 enim
416 5482 723 5557 corporalia
769 5477 1158 5536 consuetudine
1184 5473 1445 5546 loquendi
1471 5469 1703 5527 visibilia
1732 5484 1831 5525 no-

240 5580 539 5644 minantur,
569 5584 853 5646 propterea
876 5570 1019 5625 Deus
1048 5567 1334 5623 invisibilis
1359 5564 1579 5628 dicitur,
1615 5576 1685 5618 ne
1712 5561 1833 5635 cor-

238 5685 348 5743 pus
370 5684 492 5727 esse
517 5667 789 5725 credatur.
841 5661 1024 5732 Neque
1074 5660 1221 5715 enim
1255 5656 1423 5713 corda
1469 5654 1671 5711 munda
1720 5667 1830 5708 sua:

246 5760 560 5820 substantiae
587 5754 1040 5827 contemplatione
1074 5750 1365 5814 fraudabit,
1408 5762 1531 5804 cum
1561 5747 1677 5803 haec
1718 5758 1832 5800 ma-

645 5850 922 5910 PATBOL.
957 5840 1248 5904 CXVIII.

1904 1885 2048 1942 enim
2093 1884 2294 1940 mundo
2342 1882 2504 1937 corde
2531 1922 2546 1946 ,
2596 1881 2851 1950 quoniam
2901 1877 3002 1949 ipsi
3033 1876 3202 1933 Deum
3238 1874 3500 1930 videbunt

1907 1975 2121 2050 (Matth.
2150 1973 2225 2047 v).
2257 1993 2275 2025 ι
2308 1972 2505 2030 Verum
2527 1972 2654 2041 quia
2681 1970 2799 2025 haec
2842 1969 2979 2024 visio
3006 1968 3059 2022 in
3084 1966 3263 2021 futuro
3308 1980 3497 2035 spera-

1908 2077 2012 2136 tur,
2044 2067 2171 2138 quid
2202 2066 2469 2136 agendum
2494 2073 2581 2120 est
2614 2062 2802 2127 nobis,
2835 2061 2964 2116 dum
2995 2060 3173 2114 adhuc
3216 2057 3499 2127 constituti

1908 2162 1964 2217 in
1996 2174 2248 2231 corpore,
2304 2157 2717 2229 peregrinamur
2748 2169 2779 2210 a
2838 2151 3104 2209 Domino?
3140 2149 3257 2218 Quo
3306 2149 3500 2207 solatio

1908 2251 2190 2318 utendum,
2220 2249 2310 2305 ubi
2339 2249 2522 2305 divina
2549 2247 2757 2303 visione
2783 2245 3011 2302 necdum
3037 2244 3164 2300 licet
3187 2241 3431 2314 perfrui?

1988 2408 2006 2439 ι
2044 2387 2102 2443 Si
2130 2386 2416 2458 diligamus
2455 2384 2707 2445 invicem,
2754 2381 2897 2435 Deus
2939 2380 2993 2434 in
3031 2379 3187 2435 nobis
3236 2384 3439 2432 manet.
3464 2376 3493 2427 ⁸»

1913 2479 2019 2536 Sed
2074 2493 2235 2534 nemo
2270 2476 2617 2548 'putet’banc
2667 2473 3031 2536 dilectionem,
3085 2472 3140 2526 in
3194 2464 3321 2539 qua
3356 2467 3503 2523 Deus

1913 2568 2118 2637 manet,
2148 2568 2359 2638 abiecta
2389 2577 2445 2623 et
2474 2566 2744 2622 desidiosa
2794 2566 3028 2635 quadam
3061 2559 3503 2623 manSuetudine,

1912 2663 2023 2717 imo
2047 2677 2154 2716 non
2181 2659 2619 2723 mansuetudine,
2652 2658 2745 2713 sed
2775 2654 3095 2711 remissione
3122 2663 3172 2708 et
3224 2651 3507 2723 negligat-

1915 2752 1988 2806 tia
2036 2751 2328 2807 reservari.
2382 2748 2500 2804 Νόη
2557 2749 2659 2804 ista
2695 2755 2779 2803 est
2811 2746 3072 2811 charitas,
3111 2744 3215 2800 ‘sed
3259 2744 3504 2815 languor.

1912 2842 2143 2898 Fervent
2168 2840 2407 2898 charitas
2437 2841 2505 2897 ad
2527 2839 2933 2911 corrigendum,
2985 2838 3052 2892 ad
3080 2835 3505 2891 emendandum.

1915 2934 2021 2990 Sed
2042 2935 2087 2992 si
2109 2939 2236 2990 Sunt
2253 2934 2379 2989 boni
2402 2940 2606 2999 meres,
2640 2933 2930 2987 dilatentur
2956 2948 2969 2985 :
2997 2937 3124 2985 sunt
3145 2929 3294 2995 mali,“
3318 2940 3477 2983 emeu
3491 2956 3506 2968 -

1914 3026 2111 3083 dentur
2137 3026 2605 3096 corriganturque.
2647 3023 2706 3079 Si
2758 3038 2889 3092 ergo
2942 3021 3229 3094 diligamus
3269 3020 3505 3076 invicem

1915 3118 2127 3173 sincera
2161 3124 2215 3171 et
2259 3114 2645 3186 disciplinabili
2701 3114 2991 3178 charitate,
3042 3114 3183 3169 Deus
3236 3112 3292 3167 in
3346 3109 3510 3168 nobis

1915 3217 2116 3265 manet.
2152 3206 2420 3279 Oper-ibus
2477 3207 2696 3277 quidem
2736 3206 2906 3275 ipsius
2948 3204 3237 3260 charitatis
3281 3202 3510 3258 manife-

1915 3307 2111 3362 statur,
2140 3298 2388 3368 quamvis
2444 3296 2682 3352 nondum
2734 3293 3021 3351 visibiliter
3064 3309 3352 3366 apparens.
3391 3308 3410 3347 ι
3445 3292 3515 3349 Et

1921 3407 1940 3440 ι
1977 3388 2213 3443 charitas
2241 3386 2359 3456 ejus
2397 3386 2452 3440 in
2485 3385 2641 3440 nobis
2681 3384 2917 3455 perfecta
2955 3392 3064 3440 ests
3098 3403 3116 3435 ι
3148 3382 3511 3453 Qumrendum

1917 3488 2094 3535 autem
2125 3477 2397 3549 quomodo
2449 3477 2595 3531 dicat
2644 3473 3035 3547 perfectidnem
3086 3473 3284 3529 divinae
3329 3472 3515 3528 chari-

1920 3570 2048 3626 tatis
2096 3571 2150 3625 in
2182 3579 2371 3625 mutua
2401 3568 2689 3625 dilectione
2720 3565 3044 3632 consistere,
3090 3580 3215 3621 cum
3246 3552 3513 3620 Dominus

1919 3662 1971 3716 in
2006 3660 2296 3733 Evangelia
2338 3659 2673 3731 pronuntiet,
2704 3673 2813 3713 nou
2859 3672 2983 3713 esse
3010 3671 3287 3727 magnum,
3316 3656 3365 3711 si
3392 3653 3516 3711 dili-

1920 3756 2108 3824 gamus
2152 3765 2248 3806 eos
2279 3750 2369 3818 qui
2413 3762 2515 3804 nos
2546 3747 2796 3820 diligunt,
2828 3747 2929 3802 nisi
2954 3746 3024 3801 ad
3056 3744 3311 3801 inimicos
3344 3745 3514 3800 etiam

1921 3842 2011 3916 (de
2030 3841 2226 3913 quibus
2252 3840 2341 3895 hic
2362 3838 2580 3911 penitus
2609 3848 2792 3893 tacere
2812 3836 3056 3907 ’videtur)
3087 3833 3517 3891 eademdilectio

1918 3934 2212 4006 pertingat,
2239 3932 2343 3988 nisi
2373 3930 2512 3986 forte
2568 3929 2716 4000 ipsos
2743 3920 2961 4000 quoque
3008 3926 3259 3983 inimicos
3284 3925 3518 3984 fraterni

1922 4024 2124 4080 amoris
2164 4023 2367 4078 intuitu
2408 4020 2634 4092 diligere
2685 4019 2963 4089 jubemur,
3005 4017 3261 4072 videlicet
3308 4020 3370 4071 ut
3404 4030 3518 4074 non

1920 4122 2138 4185 semper
2160 4112 2363 4169 inimici
2390 4112 2724 4176 remaneant,
2769 4108 2863 4165 Sed
2901 4108 3223 4179 resipiscam
3260 4114 3292 4162 a
3317 4107 3520 4164 diaboli

1922 4205 2151 4275 laqueis,
2204 4202 2470 4272 nobisque
2519 4215 2781 4272 germano
2814 4198 3021 4254 findere
3069 4198 3365 4254 socientur.
3399 4216 3418 4251 ι
3454 4194 3519 4251 Si

1929 4314 1947 4349 ‹
1979 4295 2285 4368 diligamus,
2327 4293 2519 4363 inquit,
2551 4311 2569 4344 ο
2604 4292 2856 4356 invicem,
2880 4290 3023 4345 Deus
3052 4290 3108 4344 in
3138 4289 3294 4344 nobis
3317 4294 3519 4351 manet,

1929 4408 1949 4445 ι
1985 4399 2044 4447 et
2064 4389 2308 4445 charitas
2359 4387 2477 4457 ejus
2528 4385 2768 4457 perfecta
2818 4391 2927 4439 est.
2958 4402 2980 4435 ι
3036 4381 3218 4450 Incipe
3269 4380 3519 4451 diligere,

1851 4512 1897 4570 Ι)
1922 4478 2209 4551 perliciens
2242 4477 2455 4547 cuspisti
2502 4474 2773 4546 diligere?
2802 4472 2968 4543 coepit
2995 4472 3048 4526 in
3098 4481 3152 4525 te
3189 4470 3332 4525 Deus
3366 4468 3521 4524 babi-

1926 4580 2065 4637 tare,
2090 4579 2150 4625 ut
2180 4568 2478 4640 perfectius
2514 4566 2813 4622 habitando
2840 4563 3007 4618 faciat
3039 4572 3090 4618 te
3124 4564 3446 4632 perfectum.

2004 4728 2022 4761 ι
2051 4708 2110 4763 In
2136 4708 2239 4762 hoc
2259 4704 2639 4777 cognoscimus
2659 4700 2802 4772 quod
2830 4698 2883 4753 in
2910 4714 2975 4754 co
2999 4698 3307 4764 manemus,
3330 4705 3385 4752 et
3408 4696 3521 4768 ipSe

1934 4820 1952 4854 ι
1988 4802 2043 4855 in
2072 4798 2251 4865 nobis,
2295 4794 2550 4866 quoniam
2596 4793 2664 4848 de
2716 4790 2910 4862 spiritu
2957 4788 3056 4845 suo
3093 4788 3239 4844 dedit
3288 4788 3463 4845 nobis.
3495 4808 3517 4842 ι

1931 4888 2046 4945 Hoc
2072 4889 2249 4960 ipsum
2295 4886 2439 4956 quod
2489 4883 2556 4940 de
2585 4883 2781 4955 spiritu
2820 4896 2919 4936 suo
2946 4874 3101 4936 dedit
3145 4874 3244 4935 tibi
3266 4879 3409 4937 unde
3430 4895 3523 4935 co-

1930 4979 2188 5053 gnoscis?
2215 4978 2488 5046 Interroga
2528 4974 2739 5029 viscera
2786 4980 2899 5038 tua,
2933 4970 2978 5027 si
3005 4971 3163 5042 plena
3196 4978 3323 5026 sunt
3343 4970 3527 5027 chari-

1934 5048 2065 5136 tate,
2093 5070 2261 5125 habes
2287 5066 2536 5139 spiritum
2560 5064 2677 5131 Dei,
2702 5062 2869 5118 Paulo
2896 5071 3052 5129 teste,
3075 5063 3165 5133 qui
3187 5048 3263 5117 ait
3292 5080 3306 5117 :
3334 5082 3354 5115 ι
3384 5061 3523 5132 Quia

1932 5156 2169 5220 charitas
2207 5160 2305 5217 Dei
2333 5155 2525 5214 diﬂ‘usa
2547 5165 2629 5213 est
2665 5156 2720 5211 in
2769 5156 3023 5211 cordibus
3049 5154 3250 5211 nostris
3276 5170 3375 5227 per
3402 5154 3525 5226 Spi-

1933 5254 2099 5311 ritum
2128 5262 2397 5318 sanctum,
2427 5250 2522 5322 qui
2546 5247 2708 5304 datus
2732 5248 2817 5327 est
2842 5230 2999 5304 nobis
3020 5245 3198 5321 (Rom.
3219 5247 3297 5319 v).
3325 5267 3345 5299 ι

2010 5390 2030 5424 ε
2072 5371 2142 5428 Et
2185 5385 2286 5426 nos
2308 5367 2543 5425 vidimus
2580 5373 2639 5421 et
2669 5360 3046 5429 testiﬁcamur,
3077 5361 3333 5433 quoniam
3363 5361 3526 5433 Pater

1940 5481 1959 5516 ι
1995 5462 2143 5518 misit
2170 5459 2367 5517 Filium
2413 5460 2571 5514 suum
2596 5454 2921 5513 salvatorem
2963 5453 3167 5508 mundi.
3203 5471 3222 5503 ι
3255 5449 3427 5507 Nemo
3454 5452 3530 5508 de

1935 5555 2109 5613 salute
2126 5570 2231 5619 sua
2269 5554 2541 5623 desperet,
2571 5549 2698 5621 quia
2729 5549 2833 5605 etsi
2856 5548 3037 5618 magni
3064 5553 3191 5600 sunt
3213 5544 3385 5599 morbi
3409 5560 3527 5619 see-

1933 5647 2106 5703 lerum
2135 5644 2229 5715 qui
2254 5642 2584 5715 deprimunt,
2614 5640 2958 5711 onmipotens
2997 5637 3142 5693 Deus
3169 5643 3252 5690 est
3281 5626 3526 5691 medicus

1936 5737 2024 5807 qui
2054 5734 2246 5801 salvat,
2273 5741 2482 5788 tantum
2506 5731 2814 5788 meminerit
2835 5727 3084 5799 quisque,
3109 5725 3251 5796 quod
3268 5724 3406 5781 idem
3434 5720 3525 5795 Ei-

2901 5818 3086 5879 '19
