4014 6354
561 282 663 347 58‘?

1201 290 1554 347 llAYMONlS
1594 289 2071 349 llALBERSTAT.
2113 294 2326 351 EPISC.
2363 295 2515 353 OPP.
2559 295 2739 352 PARS
2775 297 2839 352 ll.
2876 328 2946 338 —
2976 297 3208 356 HOMIL.

3748 304 3884 363 588

550 410 663 465 ‘lius
682 407 798 470 Dei,
840 406 930 476 qui
964 402 1106 460 venit
1139 402 1283 461 mitis
1308 415 1368 460 ut
1388 404 1640 472 salvaret,
1666 415 1927 463 venturus
1959 416 2042 463 est
2076 415 2137 462 ut
2165 417 2212 475 Α
2235 407 2446 479 judicii,
2480 426 2498 461 ι
2532 409 2657 479 quia
2708 410 2851 466 sicut
2884 409 2972 467 ille
3021 420 3127 478 est,
3179 420 3235 467 et
3271 426 3370 468 nos
3414 427 3602 468 sumus
3653 413 3717 469 in
3752 415 3882 471 hoc

556 502 836 558 districtus
864 499 1087 568 judicet.

632 612 652 644 ‹
680 592 996 661 Quicunque
1047 587 1328 644 confessus
1382 588 1548 645 fuerit
1574 590 1828 659 quoniam
1866 589 2035 646 κξιθειιε
2060 598 2144 646 cst

561 668 785 739 {Filius
824 683 941 746 Dei,
967 682 1103 736 Deus
1141 680 1194 734 in
1232 694 1299 735 eo
1349 690 1549 745 manet,
1588 690 1655 736 et
1706 674 1818 750 ipse
1848 682 1903 736 in
1952 680 2080 736 Deo.
2115 700 2134 733 ι

553 776 856 832 Perfectam
886 771 1066 827 cordis
1095 770 1488 826 confessionem
1512 771 1661 835 dicit,
1689 772 1831 842 quod
1856 786 1958 826 nec
2002 770 2142 826 male

555 866 896 923 suadentium
918 861 1693 933 hmreticorumpossitwfraude
1715 862 2010 933 corrumpi,
2040 877 2143 918 nec

552 954 993 1027 persequentium
1049 967 1381 1024 paganorum
1438 951 1721 1007 tormentis
1763 950 2135 1022 conquassari,

552 1066 654 1106 nec
693 1047 988 1110 carnalium
1018 1044 1254 1100 fratrum
1283 1043 1565 1115 exemplis,
1595 1060 1695 1099 nec
1717 1044 1948 1114 propria:
1975 1041 2137 1113 fragi-

551 1139 720 1194 litatis
748 1135 978 1207 segnitia
1012 1136 1275 1190 titubare.
1294 1134 1667 1189 Sunt-etenim
1697 1133 1791 1204 qui
1820 1134 1983 1189 etiam
2017 1147 2136 1187 ver-

546 1233 631 1287 bis
654 1234 853 1303 negant
873 1245 992 1285 esse
1011 1226 1194 1284 Jcsum
1218 1225 1414 1281 Filium
1441 1226 1554 1292 Dei,
1583 1224 1769 1295 quales
1791 1224 1941 1280 multi
1967 1224 2134 1281 fuisse

546 1326 849 1395 produntur
872 1336 938 1376 co
965 1320 1085 1390 ipso
1113 1327 1373 1388 tempore,
1398 1331 1506 1387 quo
1535 1318 1650 1371 haec
1674 1314 2132 1371 scribebatJoan-

546 1430 663 1469 nes.
693 1412 833 1469 Sunt
860 1412 987 1466 item
1037 1410 1128 1480 qui
1160 1409 1485 1464 confitentur
1510 1408 1707 1472 verbis,
1736 1404 1906 1462 factis
1950 1416 2129 1462 autem

545 1513 762 1578 negant.
792 1503 945 1560 Unde
986 1503 1122 1557 bene
1152 1501 1243 1570 qui
1281 1515 1423 1554 nunc
1452 1499 1527 1553 ait
1554 1514 1568 1552 :
1605 1518 1624 1549 ‹
1655 1499 1969 1568 Quicunque
2003 1514 2130 1554 cou-

545 1598 721 1653 fessus
766 1595 930 1650 fuerit
956 1593 1207 1664 quoniam
1236 1590 1392 1646 Jcsus
1440 1600 1521 1644 cst
1548 1588 1714 1645 Filius
1756 1589 1872 1655 Dei,
1909 1589 2047 1643 Deus
2072 1590 2125 1642 in

541 1705 610 1745 eo
669 1696 870 1750 manci,
927 1696 982 1741 et
1009 1685 1122 1755 ipse
1158 1685 1212 1738 in
1256 1684 1384 1747 Deo,
1443 1702 1461 1733 ι
1506 1681 1619 1750 ipse
1667 1679 1825 1750 paulo
1877 1680 2125 1749 superius

543 1784 680 1838 dixit
728 1802 741 1837 :

543 1887 656 1939 nct,
680 1893 698 1925 ›
718 1873 999 1927 insinuans
1012 1872 1255 1940 profecto
1279 1868 1405 1937 quia
1431 1867 1677 1936 quisquis
1702 1864 2042 1919 dilectionem
2070 1864 2126 1917 in

526 1969 741 2022 fratres
778 1965 960 2031 habet,
988 1963 1076 2017 ille
1097 1960 1279 2016 Jesum
1312 1959 1404 2014 Dei
1432 1973 1551 2013 esse
1578 1956 1774 2011 Filium
1805 1965 2053 2012 testatur.

616 2078 635 2110 ι
669 2059 737 2113 Et
763 2070 861 2112 nos
884 2054 1235 2124 cognovimus
1264 2060 1318 2106 et
1353 2050 1628 2105 credimus
1658 2047 1930 2113 charitati,
1962 2061 2124 2117 quam

545 2171 564 2206 ι
602 2154 768 2209 habet
816 2153 959 2206 Deus
997 2150 1053 2204 in
1090 2147 1264 2203 nobis.
1332 2165 1350 2199 ι
1397 2144 1758 2215 Cognovimus
1804 2143 1934 2213 quia
1971 2142 2127 2199 Jesus

536 2257 620 2303 est
641 2245 812 2301 Filius
858 2243 974 2308 Dei,
1002 2250 1057 2297 et
1082 2240 1210 2310 quia
1241 2237 1402 2293 Pater
1450 2237 1595 2291 misit
1630 2251 1752 2291 eum
1802 2235 2125 2290 salvatorem

535 2339 745 2405 mundi,
774 2346 830 2393 et
853 2335 1125 2392 credimus
1169 2330 1444 2395 charitati,
1476 2344 1638 2400 quam
1697 2328 1861 2383 habet
1906 2329 2044 2383 Deus
2070 2327 2125 2382 in

534 2431 716 2496 nobis,
761 2429 889 2500 quia
922 2425 1174 2482 videlicet
1211 2439 1336 2479 cum
1388 2421 1614 2477 haberet
1659 2419 1900 2484 unicum,
1953 2418 2126 2474 noluit

533 2538 654 2581 esse
676 2537 866 2587 unum,
893 2519 989 2575 sed
1014 2526 1074 2572 ut
1095 2516 1294 2571 fratres
1320 2514 1564 2576 haberet,
1593 2511 1867 2582 adoptavit
1889 2510 2007 2567 illos
2032 2511 2125 2581 qui

535 2631 660 2672 cum
699 2614 792 2670 illo
821 2611 1164 2683 possiderent
1210 2607 1376 2661 vitam
1425 2614 1707 2686 aeternam.
1756 2623 1775 2654 c
1824 2604 1963 2658 Deus
1994 2602 2124 2657 cha-

540 2733 560 2766 ι
598 2712 732 2768 ritas
752 2718 855 2765 est.
891 2727 910 2759 ι
944 2707 1001 2761 ln
1038 2705 1141 2759 hoc
1161 2702 1412 2771 superius
1458 2700 1693 2764 dixerat,
1746 2712 1873 2752 ecce
1927 2696 2123 2750 iterum

533 2804 679 2859 dicit.
709 2798 957 2869 Amplius
982 2795 1075 2850 tibi
1119 2808 1224 2848 non
1255 2791 1429 2862 potuit
1457 2786 1826 2844 commendari
1867 2786 2121 2850 charitas,

532 2912 698 2968 quam
729 2902 788 2948 ut
824 2892 1095 2947 diceretur
1119 2886 1280 2941 Deus.
1312 2883 1478 2937 Forte
1504 2896 1701 2936 munus
1727 2879 1821 2934 Dei
1847 2887 2125 2949 contemp-

532 3002 690 3046 turus
709 3001 855 3052 eras,
899 2981 1141 3051 nunquid
1185 2987 1241 3033 et
1270 2977 1438 3032 Deum
1484 2972 1821 3030 contemnis?
1872 2991 1890 3023 ι
1925 2970 1993 3026 Ει
2030 2970 2123 3042 qui

538 3105 557 3137 ι
588 3091 773 3140 manet
818 3082 870 3134 in
898 3077 1186 3141 charitate,
1215 3074 1269 3128 in
1302 3073 1414 3128 Deo
1440 3078 1625 3126 manet
1650 3078 1705 3125 et
1730 3069 1874 3125 Deus
1899 3070 1952 3124 in
1980 3084 2066 3125 eo.
2096 3087 2115 3121 ι

2242 501 2464 557 mundo.
2503 521 2522 555 ›
2547 502 2813 557 lmitando
2832 502 3084 559 videlicet
3107 503 3495 574 perfectionem
3526 505 3880 563 dilectionis

2242 594 2296 650 in
2332 595 2556 661 mundo,
2598 596 2752 664 cujus
2787 596 2876 652 ille
2911 596 3215 666 exemplum
3248 598 3404 652 nobis
3431 599 3680 669 quotidie
3710 615 3873 669 pra:-

2240 686 2332 743 bet
2356 688 2421 744 de
2449 685 2607 745 celo.
2641 690 2716 745 De
2740 704 2846 760 qua
2877 688 3127 745 Salvator
3168 690 3222 745 in
3252 690 3545 762 Evangelia
3588 705 3605 745 :
3659 711 3680 743 ι
3716 690 3877 747 Dili-

2239 778 2368 850 gite,
2409 799 2428 833 ι
2461 779 2654 850 inquit,
2686 798 2705 832 ι
2744 780 2995 836 inimicos
3022 789 3254 847 vestros,
3298 789 3354 837 et
3387 791 3544 836 orate
3572 797 3679 852 pro
3711 796 3869 852 per-

2238 873 2590 942 sequentibus
2615 887 2711 927 vos
2752 882 2811 927 ut
2856 873 2976 928 sitis
3005 873 3096 927 lilii
3121 873 3301 930 Patris
3328 875 3494 931 vestri
3525 877 3619 945 qui
3643 876 3704 931 in
3744 886 3871 930 ca:-

2230 965 2437 1032 lis'est,
2462 966 2554 1036 qui
2583 966 2750 1022 solem
2768 981 2929 1020 suum
2950 967 3082 1021 oriri
3103 967 3231 1022 facit
3263 982 3427 1037 super
3450 967 3625 1033 bonos
3650 979 3713 1022 et
3734 983 3867 1021 ma-

2235 1057 2338 1124 los,
2358 1067 2422 1113 ‘et
2446 1058 2582 1129 pluit
2608 1074 2771 1128 super
2797 1058 2978 1128 iustos
3009 1069 3065 1114 ct
3097 1058 3328 1128 injustos
3361 1059 3583 1129 (Matth.
3612 1062 3697 1132 v).
3753 1081 3777 1113 ι

2311 1169 2330 1203 ι
2367 1151 2556 1207 Timor
2593 1166 2699 1207 non
2726 1159 2811 1207 est
2855 1151 2909 1206 in
2939 1152 3228 1216 charitate,
3268 1171 3287 1204 ι
3332 1152 3395 1206 in
3453 1152 3547 1207 tali
3576 1152 3861 1209 videlicet

2233 1241 2519 1305 charitate,
2570 1256 2691 1311 quae
2739 1242 2806 1296 ad
2868 1242 3226 1297 imitationem
3279 1242 3476 1296 divinae
3550 1243 3857 1305 bonitatis.

2230 1332 2394 1387 etiam
2434 1332 2677 1388 inimicis
2720 1330 3072 1396 benefacere,
3109 1340 3165 1387 et
3220 1332 3318 1387 hos
3369 1332 3595 1404 diligere
3654 1334 3854 1398 novit,

2222 1440 2255 1473 υ(
2292 1423 2387 1478 sed
2431 1423 2671 1493 perfecta
2698 1424 2941 1478 charitas
2990 1423 3135 1478 foras
3172 1423 3339 1477 mittit
3398 1424 3679 1480 timorem.
3720 1445 3744 1477 ι
3778 1425 3853 1478 ιι-

2229 1519 2338 1572 lum
2370 1513 2577 1568 scilicet
2607 1514 2874 1579 timorem,
2921 1513 2989 1569 de
3014 1529 3129 1583 quo
3158 1514 3357 1569 dicitur
3384 1533 3396 1568 :
3438 1533 3457 1564 ι
3498 1515 3731 1569 Initium
3762 1530 3855 1569 sa.

2227 1605 2444 1675 pientiae
2475 1604 2636 1658 timor
2670 1603 2882 1658 Domini
2925 1603 3099 1675 (Psal.
3130 1602 3242 1675 cx).
3289 1623 3308 1655 ι
3342 1604 3461 1671 Quo
3492 1594 3655 1659 timet
3679 1606 3847 1675 quis-

2229 1711 2354 1766 que.
2393 1695 2655 1764 incipiens
2697 1709 2860 1765 opera
2886 1694 3131 1765 justitiaa,
3180 1709 3250 1749 ne
3282 1696 3465 1749 veniat
3502 1693 3743 1765 iustitiae
3765 1697 3849 1751 di-

793 1802 811 1834 c
850 1781 907 1836 Si
957 1780 1244 1849 diligamus
1275 1777 1527 1840 invicem,
1561 1776 1704 1829 Deus
1732 1774 1785 1827 in
1831 1773 1987 1850 nobis
2015 1789 2127 1827 ma-
2160 1770 2201 1830 Β
2230 1787 2455 1843 strictus
2503 1785 2690 1854 judex,
2724 1793 2780 1839 et
2824 1800 2883 1841 se
2929 1785 3108 1839 minus
3154 1784 3482 1855 castigatum
3544 1786 3845 1857 inveniens

2230 1879 2470 1932 damnet.
2502 1877 2591 1930 Illa
2637 1877 2876 1931 charitas
2909 1875 3060 1945 pellit
3093 1873 3242 1930 foras
3278 1876 3550 1941 timorem,
3579 1892 3712 1948 quae
3740 1893 3845 1948 pro

2228 1971 2424 2026 merito
2444 1970 2668 2040 justitize
2711 1968 2965 2023 ﬁduciam
2999 1967 3162 2022 habet
3190 1968 3244 2021 in
3279 1965 3597 2036 diejudicii.
3626 1967 3752 2023 Sed
3784 1979 3842 2024 et

2226 2052 2575 2133 praesentium
2604 2060 2991 2114 adversitatum
3028 2059 3275 2113 timorem
3307 2056 3546 2128 perfecta
3580 2058 3840 2114 charitas

2227 2154 2368 2224 ejicil
2394 2168 2461 2208 ex
2488 2153 2693 2219 animo,
2721 2168 2885 2222 quam
2915 2152 3117 2208 habere
3146 2153 3445 2223 quaerebat,
3475 2152 3571 2222 qui
3595 2153 3836 2207 Domino

2230 2247 2560 2319 supplicans,
2607 2246 2721 2300 ait:
2772 2265 2791 2297 ι
2826 2244 2871 2299 Α
2921 2246 3115 2300 timore
3162 2243 3370 2299 inimici
3405 2245 3555 2313 eripe
3585 2244 3832 2298 animam

2227 2359 2401 2400 meam
2429 2341 2601 2415 (Psal.
2635 2342 2814 2415 LXIII),
2846 2362 2864 2394 ι
2893 2358 3055 2413 quam
3087 2343 3325 2398 habebat
3352 2340 3441 2411 qui
3466 2339 3606 2394 dixit
3647 2355 3664 2391 :
3699 2337 3831 2403 Quis

2218 2450 2325 2490 nos
2361 2433 2637 2503 separabit
2657 2450 2688 2487 a
2717 2433 2982 2488 charitate
3023 2431 3266 2488 Christi?
3295 2429 3610 2486 tribulatio?
3632 2445 3712 2482 an
3740 2444 3826 2481 au-

2226 2524 2436 2595 gustia?
2460 2540 2528 2578 an
2554 2524 2899 2593 persecutio?
2923 2540 2991 2577 an
3021 2522 3230 2577 fames?
3254 2538 3325 2577 an
3353 2520 3605 2576 auditas?
3630 2534 3709 2572 an
3742 2532 3829 2588 pe-

2226 2615 2490 2671 riculum?
2509 2630 2577 2669 an
2602 2614 2847 2687 gladius?
2870 2613 3049 2686 (Rom.
3069 2614 3186 2684 vni)
3201 2622 3304 2668 etc.
3336 2631 3354 2663 ι
3379 2611 3640 2678 Quoniam
3662 2610 3828 2664 timor

2219 2726 2251 2760 σε
2284 2722 2500 2779 pmnam
2536 2707 2723 2763 habet.
2762 2726 2781 2759 ι
2814 2705 3053 2777 Torquet
3088 2720 3183 2762 cor
3217 2704 3544 2761 conscientia
3573 2712 3829 2773 peccato-

2224 2813 2366 2865 rum,
2397 2797 2634 2853 nondum
2655 2796 2798 2851 facta
2829 2805 2914 2851 est
2964 2795 3240 2867 cogitatio.
3261 2794 3397 2850 ideo
3427 2794 3480 2848 in
3511 2793 3743 2847 Psalmo
3765 2796 3827 2847 de

2225 2889 2341 2960 ipsa
2380 2888 2711 2959 perfectione
2747 2887 2972 2957 iustitia:
3011 2905 3034 2942 ηε
3083 2906 3101 2939 ι
3155 2885 3513 2948 Convertisti,
3564 2902 3585 2935 ι
3624 2884 3823 2954 inquit,

2226 2966 2555 3053 «planctum
2587 2996 2765 3037 meum
2796 2982 2849 3035 in
2881 2980 3135 3052 gaudium
3171 2980 3328 3042 mihi,
3356 2977 3671 3033 conscidisti
3706 2993 3824 3031 sac-

2212 3091 2349 3131 ‘cum
2386 3091 2567 3130 meum
2594 3083 2649 3129 et
2679 3074 3007 3146 prtecinxisti
3042 3086 3127 3127 me
3158 3072 3347 3127 laetitia
3374 3089 3385 3124 :
3425 3080 3482 3123 ut
3507 3078 3701 3125 cantet
3733 3071 3823 3124 tibi

530 3175 783 3232 Vicissim
811 3173 863 3227 in
893 3186 953 3227 se
995 3168 1264 3232 habitant,
1294 3165 1384 3237 qui
1409 3164 1651 3220 continet
1678 3171 1732 3217 et
1758 3163 1851 3234 qui
1881 3163 2120 3218 contine-
2147 3152 2191 3216 C
2223 3168 2393 3240 gloria
2425 3183 2565 3233 mea,
2595 3176 2652 3223 et
2670 3182 2776 3222 nea
2804 3181 3138 3237 compungar
3166 3162 3340 3235 (Psal.
3370 3163 3539 3235 xxix).
3574 3182 3599 3214 ι
3644 3163 3701 3217 ld
3724 3175 3818 3225 est,

529 3279 636 3326 tur.
669 3266 895 3323 llabitas
922 3263 979 3317 in
1010 3261 1146 3325 Deo,
1183 3258 1277 3314 sed
1320 3264 1379 3311 ut
1412 3252 1750 3311 continearis
1782 3270 1796 3307 :
1827 3251 2037 3308 habitat
2065 3253 2119 3309 in

527 3371 582 3417 te
621 3360 786 3424 Deus,
829 3356 924 3413 sed
953 3362 1011 3410 ut
1032 3351 1317 3409 contineat
1362 3356 1420 3404 te
1463 3361 1531 3402 nc
1559 3346 1744 3412 cadas,
1784 3346 1930 3415 quia,
1978 3344 2120 3400 sicut

521 3450 815 3523 Apostolus
843 3448 909 3503 de
948 3446 1064 3517 ipsa
1092 3443 1361 3499 charitate
1391 3440 1543 3505 dicit,
1579 3438 1819 3494 charitas
1844 3452 2119 3507 nunquam

525 3541 669 3601 cadit
694 3537 746 3612 (1
775 3537 898 3595 Cor.
930 3536 1073 3607 xm).
1121 3532 1401 3601 Quomodo
1446 3530 1613 3597 cadit,
1659 3544 1823 3599 quem
1876 3528 2120 3584 continet

526 3629 707 3691 Deus?

602 3746 623 3780 ι
658 3726 719 3782 ιιι
757 3726 861 3780 hoc
888 3720 1131 3795 perfecta
1160 3728 1244 3774 est
1277 3716 1517 3772 charitas
1551 3714 1857 3780 nobiscum,
1892 3722 1951 3777 ut
1979 3712 2116 3768 ﬁdu-

531 3839 553 3873 ι
587 3819 729 3874 ciam
753 3816 1050 3871 habeamus
1079 3810 1134 3865 in
1166 3809 1253 3866 die
1274 3806 1488 3877 judicii.
1520 3825 1539 3859 ι
1577 3805 1833 3874 Quisquis
1864 3803 2116 3859 fiduciam

526 3911 695 3967 habet
721 3907 777 3962 in
809 3905 898 3962 die
936 3901 1147 3973 iudicii,
1193 3897 1434 3971 perfecta
1481 3904 1565 3952 est
1614 3896 1671 3951 in
1718 3896 1809 3951 illo
1857 3896 2114 3951 charitas.

530 4000 672 4071 Quid
699 4006 787 4054 est
810 3996 1012 4053 habere
1041 3992 1294 4049 fiduciam
1334 3989 1389 4045 in
1414 3988 1502 4044 die
1531 3987 1758 4060 judicii?
1784 4002 1891 4044 non
1926 3987 2118 4056 timere

524 4108 599 4150 ne
616 4090 800 4148 veniat
839 4086 957 4144 dies
974 4076 1183 4158 judicii.
1219 4081 1356 4139 Cum
1380 4081 1525 4137 enim
1554 4078 1732 4150 primo
1758 4078 1825 4133 ad
1848 4079 2119 4149 paeniten-

526 4179 822 4242 dumsede
849 4176 1010 4235 malis
1043 4174 1257 4231 actibus
1297 4171 1648 4235 converterit,
1698 4170 1891 4241 incipit
1920 4169 2117 4224 timere

524 4277 672 4335 diem
695 4273 907 4348 iudicii,
928 4285 999 4328 ne
1024 4269 1278 4327 videlicet
1292 4272 1586 4339 apparente
1605 4265 1755 4336 justo
1770 4263 1972 4335 judice,
2004 4263 2118 4333 ipse

522 4371 831 4428 damnetur.
863 4367 1133 4423 Processu
1165 4378 1295 4420 vero
1342 4363 1498 4419 bona:
1524 4358 1948 4417 conversationis
1995 4358 2117 4413 ani-
2148 4404 2158 4419 κ

522 4472 726 4530 matus,
775 4461 939 4518 discit
989 4473 1096 4515 non
1129 4457 1324 4512 timere
1365 4453 1509 4524 quod
1539 4452 1781 4516 timebat,
1812 4449 1907 4506 sed
1935 4449 2118 4520 potius

522 4567 728 4629 optare,
775 4561 838 4608 ut
886 4551 1071 4606 veniat
1105 4548 1193 4604 ille
1228 4546 1565 4603 desideratus
1612 4542 1820 4599 cunctis
1867 4541 2119 4612 gentibus

524 4646 680 4718 (Agg.
706 4643 792 4716 tt),
819 4656 1044 4712 sperans
1070 4655 1130 4695 se
1160 4653 1283 4694 cum
1310 4636 1515 4691 sanctis
1539 4634 1734 4690 merito
1761 4633 1915 4689 bonae
1946 4633 2119 4688 actio-

522 4737 611 4792 nis
635 4751 758 4793 esse
800 4732 1190 4790 coronandum.
1224 4728 1378 4785 Unde
1404 4736 1585 4782 autem
1610 4724 1861 4781 ﬁduciam
1895 4726 1948 4779 in
1973 4725 2118 4780 diem

517 4827 711 4897 judicii
760 4824 964 4882 habere
1004 4836 1313 4895 possumus,
1369 4819 1579 4891 plenius
1631 4816 1911 4874 subdendo
1945 4817 2130 4872 mani-

526 4911 710 4973 festat.
752 4933 772 4966 ι
817 4914 953 4983 Quia
995 4913 1137 4969 sicut
1179 4912 1269 4969 ille
1298 4921 1402 4978 est,
1433 4919 1488 4966 et
1522 4923 1857 4965 nossumus
1909 4908 1962 4962 in
2012 4909 2117 4963 hoc

532 5029 552 5061 ι
596 5004 814 5063 mundo.
852 5025 871 5057 ι
907 5004 1158 5076 Nunquid
1186 5018 1316 5060 vero
1367 5008 1544 5072 potest
1593 5013 1713 5053 esse
1766 4998 1927 5053 homo
1975 4998 2115 5056 sicut

526 5100 707 5158 Deus?
736 5098 831 5155 sed
855 5107 910 5153 et
936 5096 1249 5152 meminisse
1285 5100 1517 5166 oportet,
1548 5089 1690 5160 quod
1738 5098 1794 5144 et
1823 5105 1984 5159 supra
2034 5091 2113 5145 di-

528 5213 677 5260 ctum
713 5210 816 5267 est,
846 5200 973 5272 quia
1021 5214 1128 5254 non
1173 5209 1387 5264 semper
1413 5193 1481 5248 ad
1520 5191 1882 5262 requalitatem
1911 5191 2111 5248 dicitur

527 5300 682 5361 sicut,
722 5294 815 5351 sed
843 5294 1039 5351 dicitur
1078 5290 1146 5347 ad
1168 5286 1456 5359 quamdam
1486 5284 1914 5342 Similitudincm.
1964 5286 2108 5353 Quo-

525 5372 688 5446 modo
715 5388 859 5445 enim
907 5386 1066 5451 dicis,
1117 5383 1259 5440 sicut
1308 5396 1467 5437 aures
1513 5381 1705 5446 habeo,
1744 5380 1817 5435 ita
1854 5378 2016 5436 habet
2050 5389 2106 5436 et

527 5480 749 5554 imago?
800 5478 1047 5548 Nunquid
1107 5474 1327 5531 omnino
1377 5474 1494 5530 sic?
1545 5473 1651 5530 Sed
1720 5483 1899 5530 tamen
1951 5474 2105 5540 dicis,

527 5573 684 5628 sicut.
707 5570 764 5625 Si
795 5570 939 5626 enim
993 5566 1121 5622 facti
1156 5580 1342 5621 sumus
1370 5564 1437 5621 ad
1463 5565 1750 5636 imaginem
1787 5565 1911 5631 Dei,
1944 5580 2112 5636 quare

528 5676 635 5719 non
660 5664 801 5721 sicut
830 5662 969 5719 Deus
992 5658 1217 5716 sumus?
1246 5657 1362 5712 Non
1394 5659 1460 5712 ad
1481 5658 1862 5728 tequalitatcm,
1893 5659 1984 5713 scd
2014 5673 2112 5728 pro

525 5753 745 5809 modulo
770 5760 977 5810 nostro.
1006 5749 1141 5807 Inde
1162 5763 1292 5821 ergo
1320 5747 1475 5804 nobis
1514 5747 1670 5802 datur
1710 5744 1908 5801 fiducia
1942 5746 1994 5801 in
2026 5746 2111 5803 die

2206 3277 2332 3316 v-non
2357 3262 2429 3316 sit
2452 3260 2598 3330 quod
2627 3259 2867 3315 stimulet
2894 3258 3285 3313 conscientiam
3326 3271 3523 3311 meam.
3560 3254 3823 3309 Stimulat

2220 3355 2405 3417 timor,
2422 3354 2515 3408 sed
2537 3352 2644 3406 noli
2663 3352 2872 3416 timere,
2891 3349 3308 3406 intrateharitas
3326 3363 3447 3417 qua:
3467 3356 3648 3409 sanat,
3664 3363 3820 3416 quem

2222 3446 2468 3500 vulnerat
2497 3430 2661 3499 timor
2709 3464 2727 3495 ι
2759 3443 2863 3511 Qui
2890 3452 3071 3497 autem
3099 3441 3275 3505 timet;
3306 3455 3411 3495 non
3434 3449 3515 3494 est
3544 3439 3819 3510 perfectus

2223 3536 2278 3590 in
2312 3535 2594 3590 charitate.
2641 3551 2661 3584 ι
2706 3532 2841 3600 Quia
2876 3531 3129 3587 nimirum
3171 3530 3334 3584 timor
3370 3543 3583 3599 poenam
3638 3529 3820 3592 haLet,

2222 3626 2471 3696 quamvis
2489 3626 2630 3681 sicut
2650 3625 2947 3680 sectionem
2962 3621 3157 3678 medici
3180 3620 3326 3677 salus
3341 3630 3519 3691 optata
3532 3663 3546 3686 ,
3563 3620 3641 3674 ita
3669 3622 3821 3675 timo-

2221 3733 2336 3773 rem
2359 3717 2596 3772 charitas
2614 3715 2925 3771 desiderata
2941 3714 3311 3783 subsequitur.
3330 3711 3438 3768 Nec
3459 3712 3638 3782 putari
3661 3713 3819 3767 debet

2210 3812 2306 3866 his
2328 3809 2471 3865 beati
2496 3807 2725 3864 Joannis
2747 3807 3089 3862 sermonibus
3118 3820 3241 3861 esse
3274 3805 3609 3887 contrarium
3633 3846 3649 3869 ,
3678 3805 3817 3874 quod

2214 3902 2506 3959 Psalmista
2533 3901 2667 3957 dicit
2700 3918 2713 3955 :
2750 3920 2769 3953 ‹
2807 3899 2994 3956 T-imor
3033 3899 3248 3956 Domini
3290 3880 3509 3954 sanctus
3533 3906 3833 3968 permanet-

2220 3998 2275 4054 in
2305 3995 2559 4052 saeculum
2582 3994 2766 4051 saeculi
2794 3993 2972 4064 (Paul.
3005 3993 3188 4064 xvm).
3229 4012 3248 4044 ι
3288 3993 3403 4047 Duo
3431 4007 3667 4062 namque
3693 4000 3818 4046 sunt

2223 4088 2467 4143 timores.
2510 4082 2682 4151 Unus,
2713 4100 2820 4155 quo
2864 4085 3057 4139 timent
3099 4083 3344 4139 homines
3368 4083 3545 4139 Deum
3582 4098 3659 4138 ne
3691 4085 3814 4138 mit-

2220 4187 2404 4235 tantur
2432 4178 2486 4232 in
2514 4177 2837 4248 gehennam.
2860 4176 2987 4248 {pse
3011 4184 3094 4232 est
3121 4177 3285 4231 timor
3318 4175 3408 4231 ille
3443 4176 3537 4247 qui
3562 4175 3815 4231 introdu-

2219 4271 2295 4327 cit
2338 4269 2682 4336 charitatem,
2741 4270 2835 4325 sed
2895 4270 2976 4325 sic
3039 4269 3188 4324 venit
3231 4277 3291 4323 ut
3337 4277 3512 4324 exeat.
3568 4267 3627 4323 Si
3670 4270 3813 4324 enim

2220 4361 2399 4418 adhuc
2430 4371 2652 4432 propter
2697 4374 2885 4431 ptenas
2938 4359 3099 4415 times
3136 4359 3330 4426 Deum,
3376 4360 3613 4415 nondum
3663 4376 3815 4414 amas

2222 4467 2382 4523 quem
2412 4452 2492 4507 sic
2527 4452 2687 4507 times
2718 4468 2730 4504 :
2764 4466 2869 4506 non
2900 4451 3042 4506 bona
3079 4450 3379 4516 desideras,
3416 4450 3509 4506 sed
3552 4451 3697 4505 mala
3727 4466 3813 4505 ca-

2149 4514 2197 4574 D
2225 4560 2342 4605 ves.
2370 4534 2478 4599 Sed
2500 4560 2567 4599 ex
2589 4558 2655 4598 eo
2685 4543 2828 4614 quod
2855 4542 2996 4598 mala
3026 4557 3225 4597 cavens
3250 4542 3484 4613 corrigis
3512 4551 3583 4606 te,
3617 4543 3813 4612 incipis

2198 4649 2280 4715 'et
2329 4641 2469 4695 bona
2499 4636 2826 4693 desiderare.
2867 4636 3004 4693 Cum
3046 4638 3186 4693 bona
3213 4637 3522 4693 desiderare
3557 4639 3808 4707 coeperis,

2224 4733 2329 4789 erit
2354 4733 2408 4786 in
2455 4740 2507 4787 te
2534 4732 2696 4786 timor
2739 4740 2983 4797 sanctus,
3017 4729 3107 4786 ille
3150 4729 3378 4796 scilicet,
3423 4746 3493 4787 ne
3520 4732 3636 4801 ipsa
3672 4733 3809 4787 bona

2223 4824 2462 4888 amittas,
2495 4837 2562 4877 ne
2606 4822 2839 4878 mittaris
2869 4822 2922 4877 in
2945 4822 3274 4893 gehennam,
3322 4822 3417 4878 sed
3442 4833 3497 4877 et
3520 4838 3587 4877 ne
3613 4824 3733 4893 ipsa
3763 4838 3813 4880 te

2222 4915 2438 4970 deserat
2486 4914 2775 4983 prasentia
2828 4914 3065 4980 Domini,
3110 4928 3271 4984 quem
3307 4913 3671 4984 amplecteris,
3704 4931 3816 4990 quo

2220 5013 2481 5061 aeternum
2511 5003 2616 5059 frui
2638 5005 2933 5061 desideras.
3224 5078 3227 5081 _

2295 5117 2312 5148 ι
2346 5094 2455 5151 Nos
2479 5111 2610 5165 ergo
2638 5095 2923 5168 diligamus
2965 5096 3157 5169 Deum,
3205 5096 3459 5166 quoniam
3491 5097 3609 5167 ipse
3658 5098 3807 5168 prior

2220 5209 2241 5243 ‹
2282 5189 2469 5246 dilexit
2516 5187 2634 5243 nds.
2683 5207 2703 5240 ι
2746 5187 2879 5242 Nam
2940 5189 3086 5243 unde
3131 5189 3498 5259 diligeremus,
3560 5191 3665 5245 nisi
3720 5190 3805 5244 ille

2212 5284 2364 5356 prior
2405 5284 2680 5341 dilexisset
2717 5281 3014 5339 nos?llinc
3061 5285 3205 5339 enim
3253 5284 3366 5353 ipse
3418 5284 3472 5338 in
3514 5284 3806 5354 Evangelia

2210 5377 2341 5433 dicit
2383 5394 2396 5431 :
2431 5397 2450 5428 ι
2489 5376 2605 5433 Non
2651 5392 2748 5432 vos
2790 5392 2878 5432 me
2915 5376 3178 5446 elegistis,
3217 5377 3311 5432 sed
3354 5392 3457 5446 ego
3501 5375 3639 5447 clcgi
3685 5391 3803 5430 vos.

2214 5469 2396 5540 (Joan.
2420 5471 2530 5539 xv).
2563 5488 2581 5520 ι
2612 5468 2687 5525 lta
2710 5479 2889 5524 autem
2910 5469 3135 5541 perfecti
3155 5470 3359 5525 erimus
3378 5468 3432 5523 in
3449 5470 3738 5531 charitatc,
3758 5466 3806 5520 si

2211 5554 2666 5633 quemadmodum
2699 5562 2898 5620 nullius
2943 5563 3186 5629 alterius,
3225 5564 3328 5618 nisi
3377 5562 3571 5618 salutis
3602 5572 3804 5617 nostra;

2212 5654 2406 5724 gratia,
2459 5654 2609 5725 prior
2652 5654 2841 5710 dilexit
2878 5671 2976 5711 nos
3019 5655 3132 5721 illc,
3164 5656 3417 5711 nimirum
3461 5669 3564 5709 nos
3590 5664 3806 5722 quoque

2214 5746 2285 5800 ita
2311 5760 2433 5803 eum
2467 5746 2663 5803 nullius
2688 5748 2786 5813 rei,
2834 5748 2938 5803 nisi
2970 5748 3054 5804 sui
3085 5757 3291 5804 tantum
3320 5747 3525 5804 amoris
3552 5743 3805 5802 dilexeri-
