4014 6354
284 206 400 264 589

1502 207 1814 267 llOMlLlE
1856 207 1945 264 DE
1987 209 2337 268 TEMPORE.

3448 216 3555 272 596

288 335 416 377 mus
439 327 683 377 ootentu.
710 319 908 377 Verum
937 321 1065 392 quia
1087 329 1212 378 sunt
1234 322 1327 393 qui
1352 320 1515 378 verbo
1529 330 1685 379 tenus
1702 322 1870 378 Deum
1899 322 1947 383 A
1975 319 2298 376 Vestimenta
2344 324 2413 377 ad
2457 323 2673 381 inanem
2718 322 2965 398 gloriam.
3001 324 3107 382 Sed
3154 340 3261 397 quo
3303 327 3467 386 ditior
3502 331 3559 390 in

289 417 544 491 diligunt,
568 416 811 473 consulte
838 417 1180 488 subjungitur
1210 435 1224 472 :

369 528 390 562 ι
436 510 493 566 Si
523 512 648 581 quis
675 511 890 575 dixerit,
939 510 1196 581 quoniam
1226 509 1390 581 diligo
1434 510 1606 566 Deum
1676 516 1731 564 et
1773 507 1880 562 l'ra-

292 619 316 653 (
350 610 488 658 trem
520 617 678 658 suum
707 603 903 667 oderit,
935 602 1167 658 mendax
1195 610 1298 657 est.
1336 620 1355 655 ι
1393 600 1547 657 Unde
1590 602 1883 671 probamus

282 693 419 764 quia
439 691 677 767 mendax.
722 694 842 750 est?
881 694 1026 748 audi.
1065 693 1223 762 c.Qui
1249 694 1393 749 enim
1422 709 1529 748 non
1572 685 1883 765 diligitfra-

293 802 317 836 ο
355 792 493 840 trem
539 799 694 840 suum
724 799 885 855 quem
933 785 1100 851 videt,
1139 786 1304 841 Deum
1361 801 1521 856 quem
1576 801 1682 839 non
1715 786 1877 850 videt,

292 891 313 925 ε
354 875 627 943 quomodo
659 884 840 945 potest
867 876 1135 948 diligere?
1177 895 1194 928 ι
1228 876 1365 944 Quid
1391 876 1556 946 ergo?
1579 876 1680 943 Qui
1708 875 1882 946 diligit

282 963 517 1022 fratrem
546 982 724 1033 suum,
770 975 827 1023 et
857 983 963 1024 non
1008 967 1182 1038 diligit
1211 968 1402 1033 Deum,
1436 982 1658 1023 necesse
1710 975 1795 1023 est
1824 975 1883 1022 ut

282 1059 479 1131 diligat
500 1060 669 1115 Deum
696 1069 751 1114 et
780 1060 967 1131 diligat
989 1061 1159 1132 ipsam
1186 1060 1547 1117 dilectionem.
1575 1060 1715 1115 Deus
1736 1061 1881 1115 enim

280 1151 511 1208 dilectio
536 1160 640 1208 est.
666 1152 732 1207 Et
753 1153 959 1223 nequis
981 1153 1162 1209 dicere
1178 1152 1401 1208 auderet
1425 1168 1439 1207 :
1460 1152 1677 1224 Et'quid
1703 1153 1882 1207 obstat

279 1245 517 1320 diligere
561 1245 755 1312 Deum,
809 1245 1026 1302 etiarnsi
1072 1260 1179 1300 non
1220 1245 1386 1316 diligo
1436 1244 1680 1307 fratrem,
1731 1252 1879 1298 recte

281 1335 530 1392 subdidit
557 1351 571 1390 :
603 1354 621 1388 ‹
662 1336 729 1391 Ει
759 1337 864 1392 hoc
891 1335 1205 1391 mandatum
1232 1335 1493 1391 habemus
1513 1351 1544 1389 a
1573 1334 1684 1389 Deo
1708 1334 1880 1403 utqui

279 1426 464 1501 diligit
494 1426 683 1493 Deum,
716 1426 904 1499 diligat
934 1434 993 1485 et
1049 1424 1271 1482 fratrem
1326 1441 1502 1481 suum.
1548 1444 1566 1477 ι
1604 1423 1882 1501 Quomodo

278 1521 433 1575 enim
461 1521 640 1592 diligis
676 1536 822 1587 eum,
855 1519 1008 1590 cujus
1030 1518 1190 1576 odisti
1238 1515 1590 1575 mandatum?
1627 1486 1760 1583 Quis
1796 1524 1883 1571 est

278 1612 383 1682 qui
425 1606 593 1680 dicati,
644 1612 809 1685 diligo
854 1614 1235 1684 imperatorem
1287 1613 1381 1668 sed
1428 1613 1514 1673 odi
1553 1612 1697 1683 leges
1731 1605 1882 1679 ejus?

1978 409 2362 478 facultatibus,
2389 428 2455 469 eo
2480 414 2717 472 deterior
2758 417 2813 472 in
2862 418 3209 476 cruciatibus.
3246 440 3265 473 ι
3304 420 3560 480 Potentes

1979 503 2147 568 enim,
2176 522 2194 556 ι
2229 505 2306 559 ait
2335 503 2636 577 Scriptura,
2668 528 2685 560 ι
2720 517 2968 579 potenter
2991 517 3257 568 tormenta
3287 516 3563 583 patientur

1983 592 2136 664 (Sap.
2168 595 2266 665 vr).
2302 614 2321 648 ι
2357 595 2495 650 Sunt
2519 597 2662 652 enim
2700 599 2968 663 nonnulli,
2995 601 3086 670 qui
3117 611 3310 672 putant
3334 604 3388 659 in
3415 605 3561 662 cultu

1981 685 2342 755 pretiosarum
2386 686 2617 742 vestium
2664 699 2946 760 peccatum
2992 707 3098 747 non
3146 708 3288 750 esse.
3320 693 3473 762 Quod
3516 698 3561 756 si

1979 775 2201 830 omnino
2240 791 2345 831 non
2376 784 2540 841 esset,
2572 793 2910 848 nequaquam
2946 780 3205 839 Dominus
3233 786 3559 848 mentionem

1979 868 2260 937 purpurati
2284 868 2487 935 divitis,
2509 869 2600 939 qui
2624 868 2677 924 in
2704 869 2914 926 inferno
2938 875 3311 944 torquebatur,
3335 877 3557 949 faciens,

1981 963 2355 1033 prmmitteret,
2383 964 2569 1019 dicens
2600 982 2612 1017 :
2645 981 2664 1016 ι
2701 964 2873 1021 Homo
2898 966 3116 1038 quidam
3148 978 3267 1025 erat
3298 970 3480 1036 dives,
3509 985 3562 1033 ft

1983 1052 2307 1108 induebatur
2334 1070 2568 1125 purpura
2599 1063 2654 1109 et
2682 1057 2864 1127 bysso.
2892 1077 2912 1109 ι
2942 1058 3007 1112 Et
3036 1060 3139 1119 nisi
3176 1062 3230 1117 in
3256 1062 3399 1117 cultu
3430 1078 3558 1134 pre-

1985 1143 2241 1200 tiosarum
2275 1148 2502 1203 vestium
2531 1156 2811 1218 peccatum
2839 1149 3057 1212 fuisset.
3086 1166 3424 1223 nequaquam
3458 1153 3561 1209 Pe-

1983 1243 2099 1292 trus
2122 1236 2352 1294 feminas
2379 1250 2767 1310 compesceret,
2798 1241 2985 1297 dicens
3020 1258 3033 1294 :
3063 1259 3082 1294 ι
3122 1241 3237 1298 Non
3266 1245 3336 1300 sit
3356 1247 3559 1301 extrin-

1982 1342 2139 1383 secus
2177 1329 2493 1398 capillatura
2514 1370 2529 1396 ,
2562 1340 2657 1387 aut
2700 1332 3056 1387 circumdatio
3096 1334 3246 1401 auri,
3278 1346 3371 1390 aut
3401 1337 3567 1393 induc

1970 1420 2147 1473 menti
2178 1421 2626 1477 vestimentorum
2651 1423 2828 1479 cultus
2852 1422 2907 1495 (Ι
2930 1422 3076 1479 Pctr.
3104 1426 3207 1497 Ill).
3231 1446 3249 1478 ι
3274 1428 3338 1481 Ει
3364 1428 3561 1486 Paulus

1983 1509 2258 1578 apostolus
2297 1511 2350 1565 iu
2380 1512 2605 1582 epistola
2647 1513 2715 1568 ad
2746 1513 3087 1591 Timotheum
3113 1532 3127 1568 ε
3156 1534 3184 1566 .σ
3215 1516 3282 1569 Ει
3307 1518 3563 1578 mulieres

1983 1599 2106 1653 volo
2138 1614 2269 1669 esse
2314 1601 2366 1655 in
2398 1602 2582 1657 habitu
2612 1591 2835 1670 ornato,
2863 1620 2985 1660 cum
3015 1607 3342 1661 verecundia
3373 1619 3430 1663 et
3467 1623 3557 1665 so-

276 1678 406 1756 Non
448 1702 524 1757 ita
553 1678 636 1757 eg;
677 1678 837 1758 vepus
871 1678 967 1758 Ι)έί
1000 1710 1232 1768 amator,
1277 1702 1374 1757 sed
1410 1720 1427 1753 ι
1465 1701 1588 1757 vide
1606 1678 1875 1771 ⁷ηυηέιιιίίι
1906 1678 1953 1739 Β
1980 1689 2211 1748 brietate
2261 1700 2518 1748 ornantes
2562 1709 2654 1759 se,
2700 1709 2807 1749 non
2858 1695 2911 1749 in
2961 1696 3115 1751 tortis
3166 1697 3433 1763 crinibus,
3467 1710 3561 1754 aut

290 1810 312 1843 α
351 1793 476 1863 quia
524 1793 781 1848 mandata
812 1801 900 1848 tua
927 1792 1109 1858 dilexi,
1141 1784 1388 1858 Domine,
1424 1810 1441 1844 ι
1471 1801 1525 1847 et
1564 1790 1685 1847 ideo
1709 1791 1876 1847 conli—

278 1883 481 1940 denter
529 1884 792 1957 adjungit,
826 1904 846 1938 ι
878 1886 933 1941 in
984 1894 1072 1942 tua
1108 1885 1481 1942 misericordia
1529 1884 1742 1940 viviﬁca
1790 1898 1876 1939 me

280 1975 469 2048 (Psal.
499 1978 708 2049 cxvrn).
747 1998 767 2030 ι

864 2104 1143 2160 IlOMlLlA
1181 2104 1291 2159 CX.

506 2232 754 2273 DOAIX‘ZICA
801 2232 1039 2273 SECUNDA
1078 2233 1209 2273 POST
1264 2230 1660 2272 PENTECOSTES.

369 2328 521 2399 (Luc;
555 2329 691 2399 xvi.)
727 2347 746 2379 ι
786 2328 843 2382 In
884 2328 974 2383 illo
1006 2336 1245 2399 tempore
1267 2326 1577 2384 dixitJesus
1599 2327 1877 2397 discipulis

290 2438 314 2469 ε
358 2420 511 2473 suis:
545 2419 716 2474 Homo
768 2419 989 2489 quidam
1052 2430 1170 2474 erat
1221 2421 1391 2486 dives,
1450 2426 1505 2475 et
1558 2420 1879 2475 induebatur

290 2530 315 2564 ς
356 2528 595 2584 purpura
626 2523 680 2569 et
706 2513 886 2585 bysso.
932 2533 949 2566 ι
1005 2513 1072 2568 Et
1110 2513 1336 2584 reliqua.
1393 2512 1672 2585 Scriptura
1722 2529 1877 2569 sacra

285 2605 550 2660 divinitus
590 2605 875 2675 inSpirata,
935 2620 1040 2659 non
1096 2605 1271 2659 solum
1323 2606 1587 2661 bonorum
1638 2604 1878 2683 actiones

288 2695 359 2750 ad
391 2694 710 2749 imitandum
744 2704 1153 2760 commemorat,
1182 2696 1275 2751 sed
1296 2695 1460 2749 etiam
1498 2703 1763 2749 tormenta
1795 2708 1880 2749 re-

288 2788 587 2860 proborum
631 2797 819 2842 narrat
859 2804 873 2840 :
918 2795 978 2841 ut
1003 2802 1139 2857 quos
1163 2788 1231 2840 ad
1276 2786 1414 2840 bene
1452 2785 1739 2840 vivendum
1770 2801 1875 2840 non

287 2886 587 2949 provocant
615 2877 859 2949 exempla
901 2878 1133 2948 piorum,
1163 2877 1352 2933 saltem
1385 2886 1624 2933 terreant
1674 2877 1878 2931 denun-

1978 1797 2143 1847 auro,
2176 1795 2270 1839 aut
2307 1783 2614 1857 margaritis
2637 1825 2652 1848 ,
2683 1783 2767 1839 vel
2802 1794 2946 1839 veste
2976 1785 3212 1855 pretiosa
3233 1827 3248 1853 ,
3277 1788 3371 1843 sed
3415 1789 3561 1858 quod

1976 1875 2131 1931 decet
2178 1876 2463 1943 mulieres,
2518 1875 2892 1948 promittentes
2941 1876 3193 1945 pietatem
3241 1892 3338 1947 per
3391 1894 3558 1948 opera

1975 1964 2114 2019 bona
2146 1964 2206 2035 (I
2257 1964 2391 2020 Tim.
2424 1965 2518 2037 ιι).
2579 1985 2597 2017 ι
2640 1967 2707 2021 Et
2753 1968 2798 2022 si
2832 1968 2933 2022 hoe
2975 1967 3369 2021 observandum
3410 1977 3493 2024 est
3525 1984 3559 2024 a

1976 2054 2313 2122 mulieribus,
2349 2066 2553 2126 quanto
2602 2058 2773 2129 magis
2814 2074 2843 2112 a
2873 2059 3037 2114 viris?
3068 2057 3367 2131 Unicuique
3410 2059 3554 2115 enim

1975 2163 2073 2202 sua
2103 2148 2433 2204 conscientia
2462 2148 2614 2204 testis
2640 2160 2724 2204 est
2745 2190 2760 2215 ,
2787 2151 2911 2221 quia
2939 2152 3176 2221 pretiosa
3220 2154 3388 2208 vestis
3415 2166 3556 2209 aon—

1977 2238 2079 2294 nisi
2127 2249 2348 2309 propter
2385 2240 2599 2296 inanem
2646 2240 2873 2312 gloriam
2911 2243 3226 2313 requiritur.
3267 2243 3401 2311 Quia
3429 2260 3553 2300 cum

1965 2334 2033 2390 in
2063 2346 2274 2392 secreto
2298 2337 2390 2404 sit,
2413 2337 2505 2394 ubi
2527 2353 2557 2391 a
2587 2337 2801 2393 nemine
2822 2339 3085 2404 videatur,
3111 2355 3217 2395 non
3243 2350 3394 2394 curat
3420 2357 3556 2411 qua-

1977 2425 2328 2498 libuscuuque
2373 2428 2592 2484 indutus
2636 2429 2707 2484 sit
2753 2429 3013 2484 vestibus.
3060 2430 3132 2484 At
3164 2445 3290 2485 vero
3332 2447 3454 2486 cum
3497 2433 3553 2491 in

1977 2516 2245 2587 publicum
2275 2519 2620 2587 processerit,
2650 2520 2886 2589 pretiosa
2931 2520 3250 2575 vestimenta
3294 2522 3550 2591 requirit,

1977 2620 2082 2660 non
2118 2614 2176 2660 ut
2219 2607 2484 2673 sanctior,
2513 2608 2607 2663 sed
2654 2618 2713 2663 ut
2743 2609 3105 2665 honorabilior
3130 2612 3344 2666 caeteris
3380 2627 3550 2682 appa-

1978 2704 2112 2751 reat.
2146 2696 2280 2765 Quia
2309 2714 2438 2753 vero
2464 2699 2635 2755 virtus
2662 2708 2745 2755 est
2784 2700 2980 2756 vilibus
3009 2701 3347 2757 vestimentis
3379 2703 3541 2765 indui,

1974 2801 2006 2840 e
2033 2787 2246 2842 diverso
2277 2787 2575 2859 colligimus
2606 2801 2886 2859 peccatum
2933 2806 3039 2845 non
3088 2791 3276 2847 deesse
3318 2793 3552 2860 pretiosa

1974 2879 2294 2934 vestimenta
2338 2879 2632 2955 requirere.
2677 2881 2735 2936 Si
2774 2881 2919 2937 enim
2968 2881 3022 2937 in
3067 2882 3272 2938 vilitate
3318 2884 3549 2940 vestiqu

291 2974 422 3028 tiata
454 2972 712 3044 supplicia
746 2973 1115 3043 reproborum.
1161 2971 1314 3039 Quod
1360 2979 1652 3041 utrumque
1689 2970 1741 3024 in
1773 2970 1876 3025 hac
1907 3033 1947 3046 ⁸
1975 2970 2147 3025 virtus
2174 2986 2281 3025 non
2320 2979 2496 3038 esset,
2527 2987 2869 3043 nequaquam
2895 2972 3224 3044 evangelista
3252 2973 3320 3031 de
3350 2976 3556 3046 asperi-

288 3033 534 3121 lectione.
550 3033 871 3129 ostenditur,
896 3063 1111 3133 quando
1133 3033 1239 3118 non
1269 3062 1441 3118 solum
1469 3033 1682 3132 requies
1710 3061 1876 3116 Laza-
1900 3033 1948 3098 (ἶ
1982 3067 2091 3114 tate
2143 3060 2225 3114 sui
2276 3061 2582 3117 vestimenti
2612 3033 2890 3119 .Joa-nnem
2939 3033 3231 3121 laudasset.
3274 3065 3317 3120 E
3358 3033 3554 3137 quibus

293 3157 341 3210 ri
371 3165 846 3221 commemoratur,
869 3155 962 3211 sed
987 3155 1149 3210 etiam
1176 3169 1333 3226 paena
1362 3154 1575 3225 superbi
1600 3155 1781 3209 divitis
1807 3154 1876 3209 ad

298 3248 611 3303 memoriam
660 3247 953 3310 reducitur,
1007 3254 1066 3299 ut
1105 3243 1159 3300 in
1211 3260 1317 3300 uno
1347 3245 1581 3299 habeant
1612 3260 1875 3315 pauperes

297 3338 439 3408 quod
474 3338 772 3403 imitentur,
821 3337 875 3391 in
917 3336 1087 3391 altero
1130 3344 1310 3391 autem
1361 3336 1554 3391 divites
1581 3336 1724 3390 unde
1768 3343 1874 3389 ter-

291 3437 529 3482 reantur.
560 3427 692 3482 Nam
718 3441 840 3483 cum
871 3426 1119 3496 superius
1145 3416 1402 3482 Dominus
1422 3438 1611 3482 contra
1634 3425 1875 3480 avaritirc

287 3518 478 3572 vitium
514 3517 835 3588 disputaret,
879 3517 1219 3573 admonendo
1277 3518 1576 3586 subjunxit,
1638 3517 1869 3571 dicens:

289 3625 309 3657 ι
348 3606 534 3662 Facite
583 3607 736 3662 vobis
803 3606 1010 3661 amicos
1067 3606 1134 3661 de
1203 3620 1507 3660 mammona
1549 3604 1869 3675 iniquitatis,

285 3706 347 3751 nt
383 3711 507 3753 cum
532 3696 864 3765 defeceritis,
890 3697 1158 3769 reeipth
1175 3712 1273 3753 vos
1312 3698 1366 3752 in
1393 3705 1594 3752 :ntcrna
1626 3697 1874 3751 taberna-

284 3786 413 3842 cula
438 3786 593 3859 (Lac.
620 3783 753 3859 xvi).
795 3807 816 3842 ι
854 3787 971 3843 Sed.
992 3787 1121 3857 quia
1164 3787 1365 3851 omnis,
1395 3787 1486 3858 qui
1513 3803 1581 3843 ex
1613 3787 1743 3841 vitio
1765 3801 1870 3841 non

283 3878 405 3934 vult
420 3880 642 3951 corrigi,
692 3896 760 3935 ex
809 3880 1149 3951 correptione
1195 3880 1432 3936 deterior
1474 3879 1561 3946 lit,
1597 3879 1875 3951 subiunxit

284 3973 643 4045 evangelista,
675 3965 860 4029 dicens
891 3990 904 4026 :
950 3992 968 4025 ι
1005 3973 1310 4029 Audiebant
1360 3974 1540 4028 omnia
1588 3973 1702 4029 hzec
1735 3971 1874 4027 Pha-

282 4065 449 4131 riszei,
502 4065 594 4134 qui
642 4074 797 4121 erant
837 4066 1018 4130 avari,
1046 4073 1102 4120 et
1145 4065 1460 4121 deridebant
1503 4079 1645 4119 cum.
1687 4085 1704 4117 ι
1736 4065 1871 4133 Quia

280 4169 409 4207 eum
459 4152 721 4207 malorum
769 4154 1096 4224 perversitas
1142 4154 1370 4218 crescit,
1413 4153 1724 4224 praedicatio
1764 4152 1870 4209 nuit

281 4239 458 4298 solum
493 4241 661 4298 minui
698 4258 803 4299 non
832 4242 1011 4311 debet,
1055 4243 1150 4301 sed
1189 4242 1351 4303 etiam
1392 4244 1594 4318 augeri.
1642 4243 1706 4297 Ut
1744 4258 1873 4301 cuu-

1975 3153 2239 3223 excmplis
2266 3167 2591 3223 cognoscere
2634 3170 2948 3224 possumus,
2980 3156 3104 3224 quia
3151 3164 3299 3211 tanta
3327 3172 3390 3212 ac
3426 3156 3553 3212 talia

1974 3241 2294 3296 vestimenta
2315 3257 2558 3311 quaerere
2578 3243 2855 3311 debemus,
2881 3260 3001 3314 quae
3023 3247 3319 3302 nuditatem
3345 3248 3555 3316 possint

1974 3332 2186 3402 operire
2225 3343 2288 3386 ac
2322 3333 2491 3403 frigus
2519 3348 2728 3389 arcere.
2776 3334 2929 3402 Quod
2978 3334 3239 3391 Dominus
3282 3338 3548 3402 ostendit,

1974 3420 2188 3490 quando
2214 3421 2266 3474 in
2294 3420 2450 3475 initio
2474 3421 2675 3491 primos
2701 3423 2946 3478 homines
2973 3438 3081 3478 non
3110 3439 3425 3496 purpuram,
3456 3427 3552 3483 sed

1976 3512 2184 3568 tunicas
2211 3512 2462 3582 pelliccas
2500 3511 2693 3567 induit.
2728 3513 2881 3570 Unde
2919 3513 3116 3571 Paulus
3145 3529 3244 3570 nos
3273 3515 3548 3581 admonet,

1973 3603 2201 3659 dicens:
2240 3622 2258 3654 ι
2296 3602 2441 3658 Nihil
2488 3603 2768 3660 intulimus
2814 3604 2870 3659 in
2917 3606 3062 3661 hunc
3114 3606 3405 3671 mundum,
3457 3608 3552 3661 sed

1973 3709 2147 3764 neque
2191 3695 2394 3765 aliquid
2427 3694 2641 3751 auferre
2686 3710 3006 3766 possumus,
3058 3698 3322 3754 habentes
3367 3706 3545 3754 autem

1970 3786 2171 3841 victum
2204 3795 2258 3841 et
2284 3786 2556 3852 vestitum,
2579 3786 2665 3843 his
2688 3788 2929 3843 contenti
2950 3788 3122 3844 simus
3151 3787 3202 3859 (I
3234 3787 3370 3843 Tim.
3398 3788 3495 3860 vi).
3522 3807 3545 3839 η»

1973 3874 2112 3930 Sunt
2146 3884 2328 3931 autem
2378 3875 2500 3941 alii,
2549 3876 2641 3946 qui
2688 3888 2952 3948 praecepta
2981 3877 3192 3933 Veteris
3218 3876 3548 3937 Testamenti

1972 3952 2272 4020 austeriora
2292 3980 2415 4020 esse
2436 3973 2649 4035 putant,
2674 3980 2835 4036 quam
2860 3965 3013 4022 Novi.
3040 3965 3148 4023 Sed
3174 3966 3228 4022 hi
3250 3965 3546 4039 improvida

1972 4055 2402 4111 consideratidne
2426 4056 2704 4121 falluntur,
2720 4062 2843 4111 dum
2861 4064 3211 4127 utrorumque
3232 4056 3547 4112 Testamen-

1973 4152 2147 4199 torum
2193 4154 2462 4215 percepta
2508 4145 2757 4200 subtilius
2802 4162 2908 4201 non
2956 4146 3268 4203 discutiunt.
3315 4147 3450 4202 Nam
3490 4148 3546 4202 in

1928 4284 1934 4289 .
1973 4240 2155 4299 Veteri
2193 4240 2539 4298 Testamento
2563 4240 2796 4298 dicittu':
2832 4261 2851 4293 ι
2889 4241 3087 4311 Diliges
3111 4242 3345 4300 amicum
3373 4248 3543 4306 tuum,

284 4332 529 4388 ﬁrmaret
581 4333 839 4390 Dominus
890 4335 1149 4405 exemplis
1173 4375 1189 4401 ,
1247 4336 1388 4406 quod
1445 4338 1702 4391 docuerat
1752 4351 1873 4392 ver-
1896 4385 1947 4406 η
1973 4341 2028 4389 et
2047 4333 2172 4389 odio
2196 4333 2418 4389 habebis
2438 4330 2713 4389 inimicum
2737 4342 2885 4388 tuum
2910 4332 3094 4406 (Leuit.
3118 4333 3256 4406 xix).
3282 4353 3301 4386 ι
3320 4333 3376 4388 ln
3398 4332 3548 4388 Novo

282 4425 389 4490 bis,
417 4426 661 4495 adiunxit
704 4428 805 4482 hoc
825 4442 924 4497 per
953 4428 1381 4495 similitudinem,
1431 4430 1571 4498 quod
1599 4428 1650 4482 in
1687 4431 1863 4499 capite

282 4518 446 4589 hujus
474 4518 721 4574 lectionis
762 4508 1085 4586 audivimus,
1115 4519 1299 4576 dicens
1327 4536 1340 4572 :
1388 4538 1408 4572 «
1443 4519 1615 4576 Homo
1645 4521 1861 4591 quidam

287 4628 308 4659 ι
344 4617 464 4665 erat
502 4610 674 4677 dives,
717 4611 809 4681 qui
863 4610 1186 4665 induebatur
1228 4626 1466 4682 purpura
1505 4624 1560 4666 et
1586 4611 1769 4683 bysso,
1807 4622 1862 4668 et

287 4719 307 4753 ι
344 4701 661 4772 epulabatur
689 4701 929 4773 quotidie
956 4700 1251 4771 splendide.
1291 4722 1310 4755 ι
1344 4702 1645 4757 Ostendens
1672 4718 1862 4773 super-

280 4793 411 4847 bum
441 4794 660 4849 divitem
702 4809 823 4850 esse
850 4795 1287 4861 condemnatum,
1319 4796 1444 4864 quia
1491 4796 1593 4852 sibi
1626 4797 1859 4850 amicum

184 4891 189 4896 ‘
282 4883 548 4940 Lazarum
591 4887 659 4942 de
702 4904 1007 4942 mammona
1062 4888 1365 4958 iniquitatis
1425 4889 1608 4944 facere
1668 4888 1866 4943 noluis-

281 4984 387 5031 set.
448 4973 617 5032 Valdc
685 4978 832 5033 enim
892 4978 1054 5034 homo
1110 4979 1212 5034 iste
1257 4979 1407 5034 dives
1459 4978 1623 5034 fuisse
1674 4988 1861 5035 osten-

240 5076 243 5081 '
283 5064 430 5119 ditur
458 5107 474 5131 ,
520 5082 643 5121 cum
706 5082 940 5137 purpura
1009 5078 1065 5123 et
1114 5069 1273 5140 bysso
1329 5069 1547 5125 indutus
1594 5083 1863 5124 memora-

284 5161 391 5208 tur.
420 5153 664 5225 Purpura
712 5158 858 5212 euim
912 5159 1073 5230 regia:
1128 5158 1406 5229 dignitatis
1452 5168 1536 5214 est
1579 5159 1792 5214 habitus
1846 5173 1861 5211 :

280 5246 478 5315 byssus
526 5262 691 5311 vero,
750 5262 918 5319 genus
983 5258 1067 5304 est
1136 5250 1404 5318 quoddam
1460 5249 1552 5304 lini
1610 5250 1867 5304 suavissi-

280 5336 358 5391 mi
407 5341 464 5391 et
516 5339 882 5394 candidissimi
920 5341 1174 5397 decoris:
1215 5341 1297 5396 Ad
1338 5350 1684 5412 augmentum
1730 5355 1865 5409 quo-

280 5441 388 5496 que
418 5429 728 5499 temporalis
776 5431 981 5502 glorise,
1031 5434 1272 5503 quotidie
1316 5434 1637 5504 epulabatur
1681 5433 1864 5503 splen-

283 5519 405 5575 dide
419 5520 647 5578 diversis
670 5524 911 5581 ciborum
936 5527 1283 5595 apparatibus
1300 5528 1472 5583 ventri
1497 5526 1857 5584 satisfaciens.

284 5608 468 5682 Epulae
510 5614 653 5670 enim
697 5617 764 5673 ad
806 5617 1082 5689 crapulam
1120 5619 1426 5688 pertinent,
1455 5621 1687 5688 pretiosa
1732 5634 1863 5676 vero

1896 4385 1948 4445 D

1972 4431 2152 4478 autem
2186 4422 2444 4478 Dominus
2471 4422 2582 4476 ait:
2615 4441 2634 4474 ‹
2666 4421 2881 4492 Diligite
2910 4422 3156 4478 inimicos
3176 4431 3415 4485 vestros,
3450 4421 3542 4477 be-

1966 4517 2197 4573 nefacite
2246 4518 2331 4573 his
2363 4518 2453 4587 qui
2500 4517 2732 4572 oderunt
2774 4532 2901 4581 vos,
2944 4525 2996 4572 et
3027 4527 3181 4573 orate
3215 4532 3313 4587 pro
3353 4532 3542 4589 perse-

1965 4609 2253 4680 quentibus
2300 4616 2355 4662 et
2397 4606 2850 4663 calumniantibus
2897 4622 2993 4663 vos
3037 4606 3264 4678 (Matth.
3292 4613 3381 4680 v).
3428 4628 3450 4661 ι
3484 4610 3543 4665 ln

1965 4699 2145 4756 Veteri
2210 4698 2557 4754 Testamento
2622 4698 2966 4753 homicidium
3042 4711 3219 4755 morte
3289 4700 3545 4770 plectitur

1963 4790 2143 4863 (Deut.
2176 4790 2360 4861 xxxv).
2386 4789 2443 4844 In
2467 4788 2617 4845 Novo
2634 4789 2892 4845 Dominus
2915 4789 3048 4847 dicit
3072 4808 3085 4844 :
3119 4809 3138 4842 ι
3166 4791 3266 4859 Qui
3290 4789 3546 4848 irascitur

1963 4884 2117 4940 fratri
2161 4900 2292 4949 suo,
2326 4898 2448 4939 reus
2492 4883 2598 4938 erit
2618 4882 2820 4954 judicio
2844 4882 3057 4956 (Matth.
3099 4885 3175 4954 v).
3219 4903 3237 4936 ι
3275 4883 3331 4939 1η
3358 4884 3547 4943 Veteri

1964 4977 2161 5033 dicitur
2206 4995 2219 5031 :
2257 4996 2274 5028 ι
2312 4975 2537 5032 Oculum
2581 4990 2678 5045 pro
2718 4975 2907 5043 oculo,
2956 4976 3173 5035 dentem
3219 4990 3317 5047 pro
3351 4984 3542 5041 dente,

1966 5084 2182 5123 manum
2231 5082 2331 5139 pro
2377 5082 2537 5144 manu
2586 5065 2764 5137 (Deut.
2811 5067 2947 5139 xix).
2999 5085 3019 5120 ι
3062 5066 3120 5121 ln
3169 5064 3320 5122 Novo
3358 5066 3546 5137 praeci-

1964 5158 2110 5229 pitur
2136 5175 2148 5212 :
2187 5177 2205 5209 ι
2240 5156 2296 5213 Si
2324 5157 2445 5230 quis
2471 5157 2618 5227 quod
2659 5166 2805 5211 tuum
2836 5165 2921 5213 est
2963 5156 3177 5221 tulerit,
3208 5170 3277 5211 ne
3305 5165 3540 5227 repetas.

1968 5249 2034 5303 Et
2061 5249 2151 5319 qui
2179 5248 2408 5305 voluerit
2436 5256 2615 5305 tecum
2641 5249 2968 5305 contendere
2995 5250 3049 5304 in
3067 5248 3289 5321 judicio,
3316 5256 3372 5305 et
3394 5248 3538 5309 tuui-

1968 5354 2087 5395 cam
2124 5347 2268 5393 tuam
2299 5338 2509 5405 tollere,
2552 5339 2762 5395 dimitte
2802 5340 2853 5395 ei
2888 5347 2944 5396 et
2989 5338 3230 5409 pallium.
3263 5336 3330 5391 Et
3359 5336 3449 5405 qui
3484 5343 3539 5389 te

1967 5432 2330 5504 angariaverit
2356 5433 2449 5487 mil
2469 5446 2499 5487 c
2522 5448 2733 5503 passus,
2758 5432 2897 5488 vade
2925 5431 3045 5487 cum
3077 5430 3168 5486 i'i'lo
3209 5429 3321 5489 duo
3347 5426 3536 5481 millia.

1967 5527 2035 5582 Et
2057 5540 2156 5597 ego
2186 5526 2306 5582 dico
2332 5526 2502 5590 vobis,
2528 5525 2690 5586 nolite
2720 5526 2974 5582 resistere
3008 5522 3148 5578 malo
3182 5537 3195 5573 :
3228 5518 3319 5575 sed
3349 5518 3393 5572 si
3417 5517 3540 5588 quis

1971 5627 2022 5674 te
2040 5619 2371 5686 percusserit
2401 5618 2453 5673 in
2476 5617 2752 5674 dexteram
2779 5616 3066 5679 maxillam,
3090 5612 3269 5676 prtebe
3290 5609 3364 5665 illi
3389 5616 3444 5665 et
3465 5607 3542 5662 al-
