4014 6354
525 246 623 304 591

1155 240 1506 297 HAYMONIS
1545 238 2021 298 HALBEBSTAT.
2059 239 2273 297 EPISC.
2314 239 2465 297 OPP.
2501 238 2680 296 PARS
2713 238 2776 293 Il.
2816 266 2886 277 —
2921 237 3151 293 HOMIL.

3686 237 3802 293 592

524 372 695 417 teram
725 358 941 431 (Matth.
967 354 1042 428 v).
1072 376 1091 408 ι
1109 355 1165 410 lu
1181 353 1359 410 Veteri
1384 355 1692 426 praecipitur
1715 374 1728 409 :
1755 376 1774 408 ι
1803 354 1918 411 Νοιι
1949 356 2099 411 adul-
2128 361 2175 418 Α
2205 356 2367 409 vitem
2396 354 2676 424 splendide
2697 352 2926 424 cpulari,
2957 366 3016 408 se
3041 368 3170 408 vero
3193 318 3467 409 mearum
3486 354 3802 424 fragmenta

524 452 725 508 terabis
751 458 974 505 uxorem
1005 445 1235 517 proximi
1265 445 1342 500 tui
1381 443 1578 513 (Exod.
1613 445 1727 514 xx).
1768 465 1787 497 ι
1811 445 1869 501 ιιι
1900 444 2049 501 Νονο
2084 464 2097 499 :

525 564 545 595 ι
599 540 700 608 Qui
748 538 945 594 viderit
994 535 1272 590 mulierem
1313 534 1380 588 ad
1424 534 1909 605 concupiscendam
1948 550 2099 600 eam,

515 633 629 704 jam
660 632 959 687 moechatus
991 637 1075 684 est
1103 644 1220 683 eam
1251 629 1305 683 in
1332 629 1493 683 corde
1520 644 1617 685 suo
1645 630 1856 702 (Matth.
1879 630 1956 698 v).
1989 651 2008 682 ι
2044 631 2101 685 lu

521 724 700 782 Veteri
718 723 1082 783 Testamento,
1114 719 1289 775 aliena
1320 735 1408 775 res
1431 719 1637 783 invasa,
1668 722 1718 774 in
1744 721 2098 791 quadruplum

521 816 825 871 restuititur
854 828 870 867 :
901 813 991 867 hic
1013 820 1215 876 autem,
1249 810 1401 867 dives
1432 825 1537 865 non
1563 810 1737 865 aliena
1781 810 1974 882 legitur
2015 828 2103 866 ra-

518 910 721 981 puisse,
748 906 842 963 sed
870 907 995 977 quia
1022 906 1240 976 propria
1269 921 1375 960 non
1401 906 1569 969 dedit,
1594 906 1734 974 apud
1760 904 1962 960 inferos
1992 915 2101 959 tor-

518 1010 733 1072 quetur.
789 998 940 1056 Unde
992 996 1403 1069 cognoscimus,
1466 996 1591 1067 quia
1652 1004 1918 1067 praecepta
1967 994 2100 1051 Novi

519 1091 889 1159 Testamenti,
926 1100 1130 1163 quanto
1170 1098 1296 1145 sunt
1331 1085 1688 1160 perfectiora,
1729 1096 1878 1143 tanto
1917 1087 2096 1144 distri-

518 1184 711 1240 ctiora.

593 1296 611 1329 ι
631 1277 715 1339 ,Ει
738 1283 859 1332 erat
880 1275 1098 1346 quidam
1123 1274 1422 1340 mendicus,
1453 1272 1671 1329 nomine
1699 1272 1959 1329 Lazarus.
1995 1294 2014 1327 ι
2041 1273 2098 1331 Si

516 1366 788 1423 subtiliter
814 1366 933 1422 haec
961 1366 1129 1422 verba
1156 1366 1366 1421 Domini
1392 1366 1729 1431 discutimus,
1764 1354 2100 1422 inveniemus

516 1457 642 1537 quia
671 1471 792 1526 qua:
830 1455 971 1525 apud
1016 1455 1264 1511 homines
1306 1454 1415 1509 alta
1459 1446 1730 1520 videntur,
1766 1455 1903 1524 apud
1930 1454 2098 1510 Deum

516 1546 831 1617 frequenter
858 1546 914 1601 in
950 1546 1214 1622 imosunt
1245 1562 1259 1600 :
1292 1554 1347 1600 et
1369 1560 1489 1615 qua:
1518 1544 1659 1615 apud
1692 1545 1940 1601 homines
1976 1554 2102 1600 sunt

516 1638 793 1707 despecta,
819 1635 929 1691 Deo
956 1644 1178 1707 accepta
1216 1644 1359 1691 sunt.
1394 1635 1635 1705 Denique
1672 1635 1813 1691 inter
1854 1635 2100 1690 homines

2205 450 2542 505 desiderare:
2567 465 2688 505 cum
2713 457 2959 504 cerneret
2989 448 3139 502 illum
3164 447 3593 518 obsequentibus
3619 449 3801 504 turbis

2203 541 2561 604 circumdari,
2606 556 2667 595 se
2696 548 2875 595 autem
2904 554 2936 592 a
2966 538 3181 594 nemine
3215 539 3445 594 visitari.
3487 538 3611 594 Jam
3645 539 3799 610 quod

2203 632 2272 686 ab
2314 630 2623 687 hominibus
2652 639 2993 699 contemptus
3038 629 3138 692 sit,
3172 644 3338 683 canes
3373 636 3665 694 testantur,
3698 629 3798 698 qui

2202 720 2428 777 licenter
2450 720 2631 776 ulcera
2652 719 2767 789 ejus
2793 719 3087 792 ﬁngebant.
3119 717 3269 784 Quod
3294 717 3446 787 justo
3466 718 3561 773 Dei
3582 714 3800 789 judicio

2205 813 2366 884 (sicut
2388 812 2647 884 diximus)
2677 812 2881 867 factum
2922 820 3039 876 est,
3072 820 3132 864 ut
3178 812 3323 866 unde
3375 808 3467 864 uni
3515 810 3796 880 probatio,

2202 905 2325 960 inde
2350 904 2503 959 alteri
2544 913 2814 959 cresceret
2836 902 3130 958 damnatio.
3163 899 3269 956 Sed
3293 901 3538 971 nunquid
3573 918 3803 972 semper

2202 1006 2295 1052 aut
2325 996 2425 1052 iste
2455 996 2508 1051 in
2539 996 2883 1052 tribulatione
2905 1035 2922 1062 ,
2945 1006 3040 1052 aut
3068 994 3157 1049 ille
3186 993 3291 1049 erit
3332 994 3387 1049 in
3418 994 3633 1065 gloria?
3659 1011 3796 1052 non.

2200 1088 2337 1142 Audi
2369 1088 2511 1157 quod
2541 1086 2787 1157 sequitur
2813 1105 2825 1140 :

2278 1198 2296 1231 ‹
2331 1178 2557 1234 Factum
2588 1186 2674 1233 est
2712 1186 2893 1234 autem
2943 1184 3002 1231 ut
3050 1182 3357 1232 moreretur
3399 1175 3707 1241 mendicus,
3738 1186 3795 1231 et

2206 1291 2225 1324 ι
2262 1279 2568 1342 portaretur
2603 1269 2671 1324 ab
2702 1267 2907 1338 angelis
2938 1268 2992 1322 in
3040 1266 3217 1322 sinum
3248 1266 3502 1321 Abrahze.
3544 1265 3797 1323 Mortuus

2207 1381 2226 1414 ι
2267 1370 2351 1418 est
2379 1370 2560 1416 autem
2587 1367 2643 1416 et
2663 1358 2836 1425 dives,
2866 1365 2921 1413 et
2943 1356 3185 1427 sepultus
3212 1365 3299 1412 est
3324 1355 3378 1410 in
3401 1355 3640 1411 inferno.
3679 1377 3698 1410 ι
3733 1357 3794 1412 ιιι

2200 1469 2308 1525 quo
2338 1452 2456 1507 loco
2484 1451 2735 1521 colligere
2764 1465 3069 1521 possumus,
3101 1448 3225 1518 quia
3264 1448 3557 1518 unicuique
3586 1448 3793 1504 electo-

2202 1559 2321 1598 rum
2360 1540 2585 1613 angelus
2623 1541 2693 1595 ob
2719 1540 3020 1595 custodiam
3063 1540 3146 1593 sui
3173 1538 3462 1608 deputatus
3489 1545 3611 1603 est,
3637 1536 3793 1607 juxta

2203 1633 2254 1688 id
2286 1633 2429 1704 quod
2464 1633 2539 1686 ait
2569 1630 2895 1702 Apostolus:
2930 1649 2948 1682 ι
2988 1628 3126 1684 Sunt
3150 1627 3603 1683 administratorii
3635 1629 3794 1699 spiri-

514 1728 737 1783 nomina
776 1727 1001 1782 divitum
1047 1727 1205 1797 longe
1246 1726 1459 1795 lateque
1492 1726 1758 1792 sciuntur,
1799 1742 2095 1797 pauperum
2128 1712 2173 1772 Β
2202 1734 2287 1779 tus
2327 1723 2382 1777 in
2414 1722 2770 1778 ministerium
2799 1720 2948 1775 missi
2979 1727 3198 1791 propter
3237 1734 3369 1784 eos,
3416 1719 3508 1789 qui
3558 1719 3791 1775 heredi.

514 1819 647 1873 vero
679 1818 840 1873 etiam
875 1833 907 1872 a
931 1817 1176 1889 pluribus
1196 1817 1511 1873 concivibus
1530 1827 1585 1873 et
1616 1818 1809 1874 vicinis
1849 1819 2100 1890 ignoran-

516 1919 626 1963 tur.
669 1908 739 1963 At
783 1917 1007 1975 contra,
1043 1908 1302 1963 Dominus
1350 1909 1679 1965 mentionem
1726 1910 1793 1964 de
1840 1910 2009 1965 divite
2045 1916 2101 1965 et

512 2014 752 2071 paupere
773 1998 1000 2067 faciens,
1034 2014 1230 2055 nomen
1260 1998 1443 2055 divitis
1470 2000 1620 2070 quasi
1646 2001 1883 2072 ignotum
1912 2001 2097 2067 tacuit,

515 2105 712 2145 nomen
757 2106 889 2146 vero
917 2090 1201 2161 pauperis,
1250 2091 1403 2159 quasi
1452 2089 1772 2147 familiarius
1821 2093 2135 2158 iudicavit,‘

513 2178 812 2235 ostendens
860 2195 1027 2235 unum
1078 2178 1416 2250 reprobando
1462 2180 1689 2243 nescire,
1731 2181 1960 2237 alterum
1996 2180 2098 2237 eli-

514 2271 691 2343 gendo
720 2287 780 2327 se
811 2271 970 2327 scire.
997 2271 1089 2325 Ait
1118 2271 1263 2326 enim
1291 2270 1359 2326 de
1393 2270 1562 2326 divite
1591 2288 1604 2324 :
1634 2290 1652 2322 ι
1681 2271 1856 2328 Homo
1883 2272 2101 2343 quidam

512 2370 635 2417 erat
685 2360 857 2416 dives.
898 2380 918 2414 ι
950 2361 1027 2417 De
1064 2375 1300 2431 paupere
1342 2370 1523 2417 autem
1573 2378 1585 2416 :
1634 2381 1654 2416 ι
1707 2364 1839 2420 Erat
1881 2366 2102 2435 quidam

513 2452 819 2518 mendicus,
846 2452 1066 2508 nomine
1096 2452 1364 2519 Lazarus,
1402 2472 1419 2505 ι
1454 2469 1518 2510 ac
1546 2454 1592 2509 si
1620 2455 1825 2511 diceret
1852 2472 1866 2508 :
1902 2455 2103 2527 Super-

512 2544 643 2599 bum
671 2544 891 2601 divitem
919 2544 1126 2611 nescio,
1158 2544 1413 2599 humilem
1439 2559 1730 2616 pauperem
1753 2536 1885 2602 scio.
1912 2546 2103 2603 Excel-

496 2648 609 2690 'sus
626 2633 771 2688 enim
793 2633 1073 2700 Dominus,
1089 2649 1212 2689 cum
1235 2649 1340 2689 non
1361 2634 1430 2689 sit
1453 2650 1803 2705 personarum
1827 2647 2099 2707 acceptor,

516 2724 625 2778 alta
677 2724 746 2779 de
788 2724 946 2796 longe
995 2725 1291 2794 conspicit,
1321 2733 1377 2779 et
1422 2726 1647 2781 humilia
1693 2728 1760 2782 de
1805 2743 1992 2799 prope.
2033 2727 2103 2785 Ut

516 2817 745 2872 suscitet
768 2817 836 2871 de
882 2817 1102 2886 pulvere
1144 2831 1409 2887 egenum,
1440 2826 1494 2873 et
1534 2818 1601 2874 de
1649 2827 1890 2874 stercore
1929 2819 2102 2875 elevet

514 2922 807 2979 pauperem
832 2904 1007 2978 (Psal.
1032 2907 1186 2979 cxn).
1210 2905 1370 2962 Novit
1393 2922 1522 2978 ergo
1544 2907 1805 2964 Dominus
1825 2923 1962 2979 quos
1993 2909 2101 2966 ele-

513 3001 615 3070 git,
654 3007 709 3054 et
734 2999 946 3070 ignorat
967 3014 1103 3068 quos
1142 2998 1417 3070 reprobat.
1455 2998 1605 3055 Unde
1632 2999 1685 3054 iu
1718 3000 1823 3054 ﬁne
1857 3002 2101 3070 mprobis

515 3065 909 3145 dicturusvest:
944 3106 962 3140 ι
985 3065 1314 3143 Nescio—vos
1340 3087 1481 3143 unde
1501 3087 1639 3153 sitis,
1667 3065 1931 3144 discedite
1954 3104 1985 3142 a
2015 3104 2102 3146 me
2128 3065 2173 3128 (ἶ

514 3181 747 3252 operarii
790 3180 1090 3251 iniquitatis
1135 3179 1359 3252 (Matth.
1394 3179 1512 3250 vn).
1563 3197 1582 3232 ι
1610 3179 1681 3233 At
1718 3177 1957 3249 perfecto
1986 3182 2102 3237 viro

512 3273 685 3345 Moysi
715 3274 945 3329 dicitur:
969 3291 988 3325 ι
1008 3271 1143 3327 Novi
1175 3280 1227 3326 te
1253 3287 1323 3327 ex
1351 3272 1571 3326 nomine
1596 3269 1794 3342 (Exod.
1826 3272 2044 3345 xxxiii).
2076 3292 2096 3327 ι

504 3360 583 3422 Et
624 3368 767 3423 sicut
801 3364 1091 3438 Apostolus
1127 3364 1206 3419 ait
1236 3379 1250 3418 :
1280 3379 1299 3415 ι
1337 3360 1499 3419 Novit
1543 3360 1802 3418 Dominus
1850 3363 1942 3434 qui
1978 3372 2105 3419 sunt

504 3459 632 3530 'ejus
676 3459 761 3533 (Il
792 3459 928 3515 Tim.
956 3458 1045 3531 ιι).
1076 3477 1096 3510 ι
1126 3458 1196 3512 At
1239 3472 1338 3528 per
1378 3457 1482 3511 hoc
1526 3454 1708 3525 magni
1750 3456 1931 3511 meriti
1982 3455 2102 3512 illos

513 3567 636 3609 csse
663 3552 955 3619 credimus,
990 3564 1219 3620 quorum
1248 3547 1469 3604 nomina
1501 3547 1646 3611 Deus
1689 3548 1830 3603 scire
1857 3547 2057 3603 dicitur
2084 3568 2097 3602 .

590 3666 607 3697 ι
642 3645 748 3713 Qui
785 3644 1002 3714 jacebat
1023 3644 1090 3699 ad
1126 3640 1351 3712 januam
1397 3640 1514 3711 ejus
1562 3640 1836 3697 ulceribus
1879 3641 2098 3711 plenus,

520 3758 539 3790 ι
587 3738 811 3809 cupiens
834 3734 1069 3792 saturari
1102 3736 1170 3791 de
1196 3734 1353 3789 micis
1374 3749 1494 3804 quae
1531 3732 1797 3788 cadebant
1820 3732 1888 3787 de
1913 3746 2100 3787 mensa

517 3850 537 3881 ι
585 3829 790 3893 divitis,
816 3836 873 3882 et
902 3842 1063 3882 nemo
1088 3826 1161 3880 illi
1197 3825 1378 3890 dabat,
1409 3823 1504 3879 sed
1534 3830 1591 3878 et
1620 3838 1785 3879 canes
1812 3824 2102 3879 veniebant

518 3939 539 3971 ι
587 3926 643 3973 et
670 3917 950 3989 lingebant
977 3915 1157 3969 ulcera
1185 3912 1325 3984 ejus.
1363 3932 1382 3966 ι
1407 3942 1477 3954 -—
1512 3932 1531 3965 ι
1563 3911 1711 3969 Vasa
1731 3912 1878 3985 ﬁguli
1906 3913 2103 3984 probat

512 4010 733 4075 fornax,
761 4026 781 4060 ι
819 4006 895 4060 ait
934 4004 1236 4074 Scriptura,
1266 4023 1284 4057 ι
1312 4014 1369 4060 et
1396 4003 1640 4060 homines
1662 4004 1838 4073 justus
1875 4003 2099 4059 tentatio

513 4096 880 4153 tribulationis
903 4091 1094 4167 (Eccli.
1124 4093 1318 4167 χχιιι).
1353 4113 1375 4148 ι
1404 4094 1558 4161 Quod
1594 4094 1723 4148 huic
1744 4093 1964 4164 pauperi
1993 4092 2099 4148 La-

514 4204 645 4245 zaro
674 4187 966 4260 contigisse
985 4186 1277 4252 cernimus,
1303 4184 1387 4241 cui
1413 4185 1482 4241 ad
1504 4194 1852 4255 augmentum
1876 4182 2097 4249 doloris,

511 4299 638 4340 cum
685 4290 926 4353 egestate
968 4280 1215 4337 ciborum
1256 4278 1457 4335 accidit
1501 4276 1789 4332 inﬁrmitas
1828 4276 2093 4331 ulcerum.

512 4375 639 4432 Sola
689 4375 833 4430 enim
883 4380 1093 4445 egestas
1126 4372 1202 4426 illi
1233 4368 1523 4435 suﬁiceret,
1557 4368 1770 4424 etiamsi
1810 4367 2096 4425 inﬁrmitas

508 4460 790 4522 defuisset.
822 4464 890 4520 Et
918 4478 1129 4530 rursus,
1164 4461 1279 4519 sola
1306 4460 1593 4517 inﬁrmitas
1617 4456 1861 4513 sufﬁcere
1888 4466 2094 4528 posset,

509 4558 557 4612 si
596 4555 889 4627 indigentia
920 4551 1199 4608 defuisset.
1247 4551 1354 4606 Sed
1388 4550 1456 4605 ad
1482 4557 1831 4620 augmentum
1873 4548 2094 4614 doloris,

500 4662 637 4702 cum
677 4644 990 4700 inﬁrmitate
1016 4642 1196 4697 addita
1231 4650 1318 4697 est
1350 4639 1665 4712 indigentia,
1698 4646 1758 4693 ut
1792 4648 1941 4696 tanto
1969 4654 2097 4711 pro-

511 4738 745 4792 babilior
766 4751 952 4791 coram
997 4733 1166 4790 oculis
1204 4733 1298 4788 Dei
1324 4740 1485 4795 esset,
1516 4740 1717 4802 quanto
1760 4732 1947 4788 durius
1973 4732 2097 4804 igne

508 4828 877 4883 tribulationis
897 4825 1087 4883 fuisset
1110 4834 1387 4881 excoctus.
1414 4825 1513 4881 Ubi
1535 4825 1990 4881 considerandum
2011 4834 2097 4881 est

509 4919 638 4989 quia
668 4918 926 4975 Dominus
947 4918 1292 4989 omnipotens
1324 4918 1666 4988 aequissimus
1690 4916 1879 4984 judex,
1911 4918 1963 4970 in
1989 4932 2095 4972 una

512 5011 815 5080 eademque
844 5024 902 5066 re
942 5009 1047 5065 duo
1067 5006 1272 5079 judicia
1301 5017 1554 5080 operatus
1584 5015 1688 5070 est,
1729 5013 1789 5059 ut
1822 4996 1963 5061 unde
2004 5007 2097 5061 uni

511 5100 822 5193 pj-aemium,
851 5100 975 5157 inde
994 5100 1151 5156 alteri
1172 5110 1444 5157 cresceret
1463 5095 1803 5169 supplicium.
1830 5096 2100 5154 Fortassis

513 5192 663 5251 enim
688 5193 839 5251 dives
866 5193 970 5251 iste
1011 5193 1079 5250 de
1101 5193 1474 5250 misericordia
1498 5192 1904 5248 excusationem
1934 5192 2100 5248 habe.

510 5296 628 5354 ret,
664 5286 783 5341 nisi
796 5301 1090 5358 pauperem
1130 5284 1387 5341 alilictum
1413 5291 1539 5340 ante
1579 5282 2099 5355 januamjaceutem

510 5374 796 5437 vidisset:
838 5394 962 5436 cum
1006 5380 1195 5435 autem
1237 5377 1371 5433 vidit
1412 5380 1667 5435 miserum
1713 5379 1808 5436 sed
1851 5377 2101 5434 misereri

510 5475 724 5539 noluit,
758 5489 992 5530 omnem
1044 5474 1245 5528 aditum
1295 5472 1658 5528 excusationis
1709 5472 1813 5529 sibi
1846 5471 2099 5529 exclusit.

510 5567 726 5640 Pauper
752 5580 1039 5623 vero-cum
1070 5564 1291 5635 penuria
1339 5564 1602 5633 corporis,
1634 5565 1896 5635 majorem
1930 5565 2102 5619 tribu-

481 5657 768 5717 .‘htionetn
817 5655 1073 5714 sustinuit
1102 5655 1299 5712 mentis
1320 5696 1334 5721 ,
1365 5669 1487 5710 cum
1520 5654 1721 5711 videret
1746 5653 1984 5725 quotidie
2011 5655 2092 5709 di-

2200 1822 2365 1869 tatem
2410 1814 2631 1881 capiunt
2670 1811 2857 1867 salutis
2882 1809 3068 1883 (Hebr.
3094 1809 3158 1882 ι).
3191 1829 3209 1860 ι
3246 1809 3315 1863 Ει
3341 1809 3483 1864 sicut
3523 1808 3791 1864 Dominus

2200 1906 2265 1961 de
2289 1903 2527 1976 parvulis
2553 1904 2661 1958 ait:
2682 1921 2700 1954 ι
2728 1901 2914 1974 Angeli
2936 1916 3123 1957 eorum
3146 1914 3360 1969 semper
3384 1900 3573 1956 vident
3595 1899 3788 1956 faciem

2198 1994 2378 2051 Patris
2403 1993 2620 2067 (Matth.
2654 1994 2832 2065 xvm),
2868 2012 2886 2044 ι
2915 2007 3040 2046 nam
3070 1999 3125 2046 et
3156 1991 3223 2045 de
3256 1990 3419 2046 Petro
3447 1989 3687 2061 pulsanti
3722 1992 3788 2045 ad

2192 2084 2435 2157 januam,
2465 2086 2666 2140 dictum
2695 2092 2780 2139 est
2805 2100 2819 2137 :
2856 2101 2876 2135 ι
2908 2082 3145 2155 Angelus
3171 2079 3290 2149 ejus
3318 2091 3401 2137 est
3429 2080 3572 2152 (Act.
3602 2083 3725 2152 χιι).
3763 2100 3783 2133 ι

2199 2177 2449 2246 Quandiu
2464 2175 2607 2232 enim
2623 2174 2780 2231 electi
2802 2174 2854 2229 in
2870 2173 3122 2246 pnesenti
3138 2174 3247 2227 vita
3263 2181 3502 2238 manent,
3521 2173 3612 2228 ubi
3634 2192 3652 2224 ι
3674 2188 3787 2228 cor-

2199 2288 2301 2344 pus
2338 2270 2482 2341 quod
2529 2270 2890 2341 corrumpitur
2925 2278 3181 2341 aggravat
3219 2270 3455 2325 animam
3479 2309 3494 2335 ,
3536 2267 3787 2339 deprimit

2200 2371 2416 2419 terrena
2447 2361 2765 2417 inhabitatio
2808 2376 3028 2417 sensum
3072 2360 3238 2415 multa
3267 2359 3604 2431 cogitantem
3637 2356 3782 2428 (Sap.

2203 2452 2303 2524 ιχ),
2338 2471 2358 2505 ι
2388 2466 2609 2508 necesse
2647 2450 2847 2506 habent
2877 2448 3189 2522 angelorum
3228 2448 3432 2504 auxilio
3469 2446 3780 2506 confortal'i.

2201 2540 2493 2598 secundum
2523 2541 2667 2612 quod
2703 2539 2961 2612 scriptum
2999 2550 3083 2595 est
3128 2540 3182 2594 in
3220 2553 3451 2610 persona
3484 2537 3588 2593 viri
3616 2535 3785 2609 justi:

2207 2654 2226 2686 ι
2245 2633 2465 2706 Angelis
2479 2634 2592 2691 suis
2619 2633 2896 2688 mandavit
2924 2633 2990 2689 de
3013 2643 3064 2689 te
3090 2642 3149 2688 ut
3169 2633 3475 2689 custodiant
3504 2643 3558 2687 te
3588 2632 3643 2687 in
3670 2647 3785 2688 om-

2202 2724 2360 2780 nibus
2390 2723 2491 2779 viis
2532 2724 2656 2779 tuis.
2702 2724 2768 2777 Et
2812 2723 2865 2778 in
2902 2724 3150 2780 manibus
3198 2723 3387 2779 tollent
3429 2732 3520 2789 te,
3551 2740 3622 2779 ne
3654 2723 3783 2778 forte

2201 2815 2440 2872 offendas
2469 2816 2535 2871 ad
2560 2815 2790 2885 lapidem
2821 2815 3008 2886 pedem
3047 2823 3196 2869 tuum
3226 2812 3398 2885 (Psal.
3431 2815 3557 2889 xc).
3601 2836 3619 2870 ι
3655 2815 3779 2872 Cum

2200 2907 2344 2962 enim
2386 2907 2575 2963 oculus
2616 2905 2810 2961 divina:
2852 2906 3150 2977 majestatis
3209 2922 3425 2979 semper
3476 2918 3533 2964 et
3588 2911 3781 2980 ubique

2203 3010 2387 3056 nostra
2437 3014 2601 3071 opera
2646 3009 2704 3056 et
2747 2999 3101 3071 cogitationes
3149 3001 3452 3067 intueatur,
3512 3002 3783 3057 credimus

2205 3101 2383 3148 tamen
2412 3091 2601 3164 dignas
2640 3093 2983 3162 operationes
3028 3102 3082 3148 et
3104 3090 3282 3161 justas
3311 3092 3688 3166 eleemosynas
3719 3094 3781 3148 ab

2206 3186 2411 3258 angelis
2434 3184 2543 3241 Deo
2572 3186 2831 3251 nuntiari,
2855 3186 3008 3258 juxta
3040 3186 3166 3242 illud
3196 3188 3341 3259 quod
3368 3190 3594 3259 angelus
3615 3188 3783 3244 Tobiae

2204 3278 2321 3333 ait:
2350 3297 2368 3329 ι
2398 3275 2531 3333 Cum
2576 3279 2844 3343 oraretis,
2894 3293 2993 3348 ego
3040 3279 3208 3334 obtuli
3255 3279 3533 3335 orationes
3583 3288 3781 3334 vestras

2204 3376 2327 3422 ante
2372 3366 2542 3422 Deum
2591 3366 2743 3439 (Tob.
2774 3367 2895 3439 χιι).
2930 3387 2948 3418 ι
2981 3367 3119 3423 liinc
3168 3378 3254 3435 est
3302 3369 3446 3440 quod
3492 3367 3561 3422 ab
3603 3368 3784 3440 angelo

2202 3458 2400 3515 dicitur
2431 3458 2636 3514 Danicli
2669 3477 2683 3513 :
2721 3479 2739 3512 ο
2772 3458 2851 3514 Ex
2876 3459 2963 3514 die
2991 3473 3097 3529 qua
3142 3460 3371 3530 posuisti
3417 3467 3696 3529 cortuum
3713 3460 3782 3519 ad

2202 3548 2642 3620 intelligendum,
2668 3556 2728 3603 ut
2760 3558 2812 3605 te
2840 3547 3104 3619 allligcres
3128 3550 3200 3605 .in
3230 3558 3523 3620 conspectu
3553 3549 3781 3613 Domini,

2201 3640 2452 3696 exaudita
2480 3650 2608 3696 sunt
2648 3639 2810 3697 verba
2856 3648 2946 3695 tua
2969 3680 2985 3707 ,
3025 3649 3081 3696 et
3126 3655 3226 3712 ego
3252 3641 3374 3695 veni
3408 3648 3641 3710 propter
3676 3654 3785 3695 ser-

2203 3746 2390 3788 mones
2421 3742 2543 3788 tuos
2573 3731 2735 3804 (Dan.
2766 3732 2844 3807 χ).
2876 3752 2895 3787 ι
2928 3733 3029 3801 Qui
3064 3743 3244 3788 autem
3282 3742 3575 3802 operantes
3606 3733 3660 3788 in
3689 3733 3782 3787 hac

2200 3822 2315 3878 vita
2340 3824 2539 3880 electos
2569 3824 2843 3895 adjuvant,
2869 3841 2899 3881 a
2921 3840 3149 3897 corpore
3169 3833 3434 3881 exeuntes
3462 3823 3782 3896 suscipiunt,

2201 3915 2343 3985 quod
2367 3915 2421 3969 in
2446 3916 2695 3986 praesenti
2719 3916 2964 3987 exemplo
2985 3917 3390 3987 comprobatur,
3414 3932 3539 3971 cum
3561 3918 3779 3973 dicitur:

2207 4023 2226 4056 ι
2273 4004 2494 4060 Factum
2524 4013 2608 4060 est
2629 4014 2809 4062 autem
2839 4013 2897 4061 ut
2923 4015 3229 4062 moreretur
3250 4007 3555 4075 mendicus,
3585 4016 3641 4063 et
3662 4022 3783 4078 por-

2207 4118 2227 4150 ι
2272 4106 2479 4153 taretur
2505 4098 2572 4153 ab
2594 4098 2798 4170 angelis
2827 4099 2879 4153 in
2904 4099 3080 4154 sinum
3102 4099 3353 4155 Abrahae.
3381 4119 3399 4153 ι
3424 4097 3589 4154 Sinus
3613 4108 3783 4153 autem

2199 4188 2433 4244 Abrabaa
2477 4188 2530 4243 in
2572 4189 2675 4244 hoc
2718 4188 2836 4245 loco
2875 4190 3115 4259 requiem
3166 4189 3436 4262 signiﬁcat
3481 4179 3782 4251 beatorum,

2194 4276 2350 4349 juxta
2370 4278 2513 4349 quod
2542 4278 2667 4334 alibi
2696 4280 2801 4333 ait:
2834 4298 2852 4331 ι
2874 4278 3024 4334 Multi
3052 4279 3272 4335 venient
3293 4282 3360 4337 ab
3383 4282 3599 4347 oriente
3628 4292 3784 4338 etoc.

2200 4371 2433 4436 cidente,
2455 4379 2511 4426 et
2532 4373 2842 4428 recumbent
2861 4388 2983 4427 cum
3006 4372 3283 4429 Abraham
3300 4384 3356 4430 et
3377 4373 3532 4431 Isaac
3552 4383 3607 4431 et
3626 4373 3783 4431 Jacob

2201 4463 2256 4517 ln
2297 4474 2462 4532 regno
2490 4462 2751 4517 cmlorum
2792 4461 3009 4535 (Matth.
3043 4464 3185 4533 vui).
3225 4483 3244 4517 ι
3276 4465 3430 4520 Sicut
3454 4466 3605 4521 enim
3634 4466 3701 4522 de
3724 4480 3783 4522 ea

2199 4569 2282 4616 re,
2313 4568 2474 4623 quam
2515 4554 2569 4608 in
2599 4555 2720 4608 sinu
2747 4554 3010 4610 habemus
3028 4594 3043 4623 ,
3071 4556 3530 4627 certi'securique
3556 4572 3744 4613 sumus
3768 4573 3781 4611 :

2199 4645 2279 4700 sic
2308 4644 2465 4725 electi
2511 4631 2751 4700 caelestis
2778 4646 2928 4715 regni
2958 4648 3166 4718 gremio
3204 4647 3449 4714 collecti;
3468 4658 3673 4704 atterna
3701 4663 3782 4706 se-

2198 4736 2431 4792 curitate
2460 4736 2761 4790 ﬁrmantur.
2808 4735 2914 4792 Sed
2950 4739 3090 4794 sicut
3118 4739 3240 4795 [aito
3268 4739 3430 4796 corde
3459 4742 3783 4797 audiendum

2187 4837 2283 4884 est
2306 4829 2447 4898 quod
2472 4827 2708 4883 dicitur:
2740 4848 2758 4881 ι
2795 4828 3020 4884 Factum
3049 4840 3134 4886 est
3172 4840 3353 4886 autem
3392 4840 3454 4886 ut
3479 4841 3786 4888 moreretur

2203 4920 2500 4985 mendicus,
2516 4928 2571 4975 et
2582 4930 2890 4991 p0rtaretur
2904 4921 2973 4977 ab
2993 4921 3197 4993 angelis
3211 4924 3266 4978 in
3286 4923 3461 4980 sinum
3478 4923 3714 4979 Abrahae
3728 4942 3778 4977 τι

2203 5012 2277 5068 ita
2306 5012 2465 5067 valde
2494 5013 2787 5070 timendum
2820 5022 2903 5070 est
2928 5015 3071 5085 quod
3098 5014 3471 5073 subinfertur:
3499 5036 3518 5068 ι
3550 5014 3784 5072 Mortuus

2201 5112 2285 5162 est
2310 5114 2491 5161 autem
2522 5114 2579 5160 et
2609 5106 2782 5173 dives,
2812 5116 2869 5163 et
2894 5108 3134 5179 sepultus
3161 5116 3247 5165 est
3273 5108 3327 5164 in
3364 5107 3599 5165 inferno.
3620 5129 3655 5162 »ι
3690 5108 3782 5165 Se-

2202 5195 2383 5270 pullus
2411 5206 2589 5254 autem
2621 5199 2675 5255 in
2706 5198 2918 5255 inferno
2952 5199 3170 5266 dicitur,
3208 5215 3329 5256 cum
3357 5200 3581 5271 spiritus
3608 5198 3782 5270 sepul.

2206 5298 2327 5344 tura
2377 5305 2483 5345 non
2515 5289 2791 5361 indigeat,
2840 5297 2899 5344 ut
2932 5291 3246 5360 magnitudo
3274 5306 3560 5362 pt‘enarum
3603 5299 3781 5347 osten-

2204 5381 2382 5437 datur.
2417 5383 2626 5437 Mortuo
2670 5381 2815 5436 enim
2848 5382 3120 5452 sepultura
3151 5382 3395 5445 debetur,
3426 5390 3482 5437 et
3510 5382 3632 5437 ideo
3664 5380 3781 5451 quia

2205 5485 2449 5530 mortuus
2469 5474 2661 5530 eratin
2687 5490 2936 5544 corpore,
2954 5475 3008 5530 in
3030 5476 3210 5531 anima
3231 5475 3471 5546 sepultus
3492 5476 3546 5530 in
3576 5476 3784 5530 inferno

2203 5565 2421 5631 dicitur,
2453 5566 2579 5635 quia
2604 5566 2725 5621 sine
2771 5567 2874 5623 ﬁne
2913 5567 3268 5622 crueiabitur.
3300 5564 3449 5622 Sicut
3479 5566 3624 5622 enim
3666 5577 3780 5636 pre

2204 5657 2339 5713 tiosa
2369 5665 2453 5713 est
2484 5656 2537 5712 in
2580 5664 2869 5727 conspectu
2904 5656 3117 5733 Domini
3161 5671 3307 5713 mors
3343 5664 3652 5712 sanctorum
3674 5649 3783 5720 ejus
