4014 6354
210 474 339 551 '595

1446 493 1749 557 HOMILIJE
1786 493 1873 548 DE
1906 492 2250 551 TEMPORE.

3373 494 3482 549 594

228 606 407 678 (Psal.
436 608 559 679 cxv)
578 650 593 675 ,
634 607 721 669 sic,
759 614 979 664 econtra
1021 620 1186 672 mors'
1217 609 1502 681 impiorum
1549 612 1803 685 pessima.
1833 614 1883 673 Α
1909 610 2140 679 spiciunt
2173 610 2227 663 in
2256 623 2385 680 requ
2411 623 2457 675 e,
2492 589 2597 667 non
2621 610 2802 672 solum
2830 609 2953 683 quia
2981 618 3361 680 peccaverunt,
3388 611 3483 665 sed

210 702 431 756 ‘Audiat
480 703 584 757 hoc
636 716 860 760 avarus.
926 702 1110 756 audiat
1163 703 1511 771 pecuniarum
1561 702 1805 773 cupidus.

210 789 371 856 ‘Quid
399 790 546 845 enim
571 790 790 861 prodest
818 805 980 844 avaro
1023 791 1197 855 diviti,
1225 791 1368 861 quod
1398 793 1451 847 in
1485 793 1641 848 bonis
1662 795 1811 848 ducit

224 880 351 936 dies
394 896 542 947 suos,
569 882 783 952 quando
826 881 877 935 in
919 890 1115 952 puncto
1152 882 1220 937 ad
1264 882 1473 937 inferna
1501 882 1810 939 descendit?

228 970 341 1026 Ubi
368 985 399 1026 e
424 970 635 1026 diverso
655 971 906 1041 colligere
933 988 1238 1041 possumus,
1264 989 1383 1043 qua:
1414 989 1573 1043 paena
1602 991 1809 1047 praepa-

225 1072 356 1117 rata
404 1063 476 1117 sit
511 1063 843 1131 raptoribus,
892 1065 1103 1133 quando
1146 1065 1293 1121 dives
1340 1066 1471 1131 iste,
1513 1069 1604 1136 qui
1640 1068 1811 1122 aliena

224 1151 433 1223 legitur
460 1168 567 1207 non
593 1154 853 1224 rapuisse,
886 1155 978 1210 sed
1008 1171 1104 1210 sua
1132 1171 1237 1211 non
1261 1157 1494 1224 dedisse,
1527 1159 1579 1213 in
1603 1159 1813 1214 inferno

223 1244 479 1315 sepultus
503 1259 623 1300 esse
651 1257 919 1302 narratur.
946 1246 1004 1303 Si
1026 1248 1168 1303 enim
1196 1248 1250 1303 in
1280 1250 1489 1306 inferno
1519 1253 1811 1318 cruciatur,

227 1334 330 1404 qui
353 1349 449 1389 sua
469 1350 577 1390 non
600 1335 766 1403 dedit,
783 1351 887 1407 qua
907 1353 1066 1409 poena
1086 1341 1512 1410 puniendus-est,
1530 1342 1619 1411 qui
1642 1341 1817 1395 aliena

228 1430 414 1486 tollit?
442 1429 690 1500 qualibus
730 1448 827 1503 per
866 1433 1060 1488 lsaiam
1104 1435 1306 1490 dicitur
1346 1453 1358 1489 :
1391 1454 1409 1487 ι
1446 1422 1657 1506 ναί(ιυί
1691 1451 1820 1489 con-

220 1513 462 1596 jungitis
482 1523 698 1578 domum
727 1524 795 1579 ad
824 1524 1062 1590 domum,
1092 1534 1147 1580 et
1172 1541 1360 1597 agrum
1398 1541 1527 1595 agro
1556 1524 1819 1595 copulatis

228 1626 415 1682 usque
440 1611 509 1667 ad
532 1613 820 1668 terminum
846 1613 947 1669 loci
976 1614 1110 1682 (ιτα.
1140 1616 1236 1685 ix).
1274 1634 1292 1667 ι
1331 1614 1445 1670 Non
1475 1615 1649 1693 solum
1673 1615 1817 1669 cnim

228 1704 451 1774 rapina,
480 1705 574 1760 sed
597 1705 760 1761 etiam
792 1704 1060 1777 superflua
1093 1708 1352 1763 tenacitas
1380 1707 1573 1768 inferni
1604 1721 1818 1781 pmnam

231 1804 506 1863 meretur,
547 1796 688 1852 sicut
729 1798 842 1877 ipse
865 1797 1030 1866 judex
1078 1813 1374 1875 pauperum
1422 1813 1609 1854 curam
1656 1799 1822 1869 negli-

232 1885 491 1957 gentibus
520 1887 761 1943 dicturus
786 1887 1092 1965 estwatm.
1125 1889 1285 1951 xxv):
1319 1908 1337 1941 ι
1370 1888 1637 1945 Discedite
1660 1905 1690 1943 a
1713 1903 1819 1956 me,

1908 699 2069 755 etiam
2101 715 2222 755 cum
2249 712 2343 755 eos
2377 701 2712 755 remunerari
2737 701 2937 773 vident,
2986 716 3120 770 quos
3148 700 3482 771 contemptui

1909 790 2230 847 habuerunt.
2268 790 2421 847 Unde
2457 791 2511 845 in
2543 790 2647 848 ﬁne
2672 793 2786 847 visa
2818 791 3028 847 illorum
3063 792 3256 865 gloria,
3285 792 3485 853 dicturi

1911 892 2035 938 sunt
2060 901 2073 937 :
2102 901 2120 934 ι
2148 882 2212 937 Hi
2241 891 2365 937 sunt
2392 897 2529 953 quos
2543 882 2828 952 aliquando
2851 884 3135 938 habuimus
3162 884 3216 939 in
3249 885 3485 940 derisum

1911 982 1966 1030 et
1992 974 2045 1027 in
2085 973 2487 1029 similitudinem
2518 973 2848 1043 improperii.
2896 973 3001 1029 Nos
3032 974 3293 1030 insensati
3324 976 3487 1031 vitam

1913 1064 2127 1119 illorum
2172 1064 2573 1120 :cstimabamus
2624 1064 2913 1130 insaniam,
2966 1073 3019 1119 et
3068 1065 3227 1121 ﬁnem
3275 1066 3490 1122 illorum

1915 1156 2032 1211 sine
2077 1156 2302 1211 honore.
2346 1154 2625 1222 Quomodo
2668 1170 2798 1225 ergo
2840 1157 3135 1225 computati
3184 1166 3311 1212 sunt
3353 1157 3496 1214 inter

1914 1245 2055 1301 ﬁlios
2101 1246 2218 1312 Dei,
2264 1255 2320 1300 ct
2361 1247 2504 1302 inter
2548 1257 2763 1301 sanctos
2797 1262 2917 1301 sors
2948 1247 3159 1303 illorum
3202 1250 3327 1305 est?
3352 1249 3495 1318 Ergo

1916 1337 2100 1392 miseri
2146 1338 2447 1393 erravimus
2488 1353 2517 1392 a
2561 1338 2646 1392 via
2689 1338 2933 1393 veritatis
2977 1336 3223 1411 (Sap.v).
3280 1359 3299 1392 ι
3357 1338 3496 1395 fusti

1920 1440 2097 1486 autem
2138 1439 2292 1485 tanto
2319 1431 2597 1487 uberiores
2630 1432 2833 1504 gratias
2857 1431 2966 1489 Deo
2996 1430 3255 1498 referunt,
3296 1439 3499 1505 quanto

1920 1523 1987 1577 de
2015 1520 2308 1591 majoribus
2345 1523 2643 1590 tormentis,
2675 1537 2781 1578 non
2814 1523 2927 1578 suis
2951 1522 3179 1587 meritis,
3204 1522 3297 1578 sed
3323 1522 3498 1594 gratia

1922 1614 1988 1669 de
2016 1628 2074 1669 se
2107 1615 2451 1669 considerant
2476 1615 2757 1681 liberatos,
2782 1614 2924 1686 quod
2952 1630 3120 1687 usque
3149 1616 3214 1670 ad
3238 1613 3498 1684 judicium

1922 1703 2161 1758 futurum
2187 1704 2309 1759 erit.
2338 1703 2472 1759 Nam
2498 1715 2707 1775 postea,
2735 1703 2958 1760 sublatis
2980 1704 3158 1775 impiis
3188 1720 3255 1761 ne
3285 1705 3505 1764 videant

1924 1782 2150 1865 gloriam'
2177 1794 2293 1861 Dei,
2324 1796 2498 1851 sancti
2530 1797 2789 1866 rcprobos
2819 1796 3161 1868 conspecturi
3190 1805 3339 1863 sunt,
3374 1797 3507 1867 quia.

1925 1884 1998 1940 illi
2022 1885 2367 1956 quiCreatori
2395 1902 2491 1942 suo
2500 1884 2673 1954 juncti
2688 1896 2868 1953 erunt,
2894 1886 3145 1943 nihilerit
3166 1887 3505 1958 in.creaturis

233 1977 538 2045 maledicti,
567 1980 618 2034 in
641 1980 817 2051 ignem
842 1989 1126 2046 aeternum,
1153 1981 1243 2050 qui
1267 1988 1484 2058 paratus
1505 1988 1589 2035 est
1610 1979 1823 2034 diabolo
1852 1971 1897 2030 B
1926 1978 2067 2047 quod
2089 1993 2195 2032 non
2230 1979 2463 2032 videant.
2485 1979 2529 2032 A
2559 1979 2715 2050 longe
2739 1979 2889 2039 dives
2923 1980 3197 2035 Abraham
3220 1980 3504 2055 conspicit,

233 2076 300 2122 et
344 2068 549 2139 angelis
575 2067 691 2137 ejus
724 2087 737 2123 :
782 2068 979 2125 esurivi
1008 2069 1174 2135 enim,
1204 2079 1258 2126 et
1291 2085 1397 2124 non
1441 2069 1663 2125 dedistis
1691 2067 1823 2123 mihi

237 2157 577 2215 manducare
609 2175 621 2211 :
654 2158 796 2212 sitivi
828 2166 884 2212 et
912 2174 1019 2213 non
1052 2158 1279 2215 dedistis
1305 2160 1437 2214 mihi
1467 2168 1651 2230 potum
1683 2175 1697 2212 :
1728 2160 1825 2214 ho-

235 2263 373 2320 spes
397 2264 566 2313 eram,
595 2257 649 2304 et
675 2264 780 2303 non
802 2249 1096 2322 coiiegistis
1119 2266 1203 2306 me
1228 2270 1240 2305 :
1272 2250 1465 2317 nudus,
1491 2261 1545 2306 et
1570 2267 1675 2305 non
1705 2265 1826 2305 coo-

230 2330 507 2410 peruistis
535 2354 619 2394 me
645 2354 661 2393 :
684 2340 928 2395 inﬁrmus
958 2348 1014 2395 et
1033 2342 1086 2395 in
1108 2355 1348 2405 carcere,
1368 2349 1549 2395 etnon
1571 2339 1827 2395 visitastis

240 2416 359 2491 me.
382 2427 533 2482 Tunc
559 2429 954 2499 respondebunt
976 2429 1026 2485 ei
1056 2437 1111 2486 et
1138 2430 1260 2501 ipsi,
1289 2431 1559 2486 dicentes:
1577 2429 1824 2495 Domine,

238 2516 466 2594 quando
506 2526 556 2572 te
595 2517 826 2573 vidimus
865 2520 1229 2585 esurientem,
1278 2526 1333 2575 et
1382 2518 1686 2584 sitientem,
1735 2525 1828 2572 aut

239 2609 538 2679 hospitem,
568 2617 661 2664 aut
684 2610 907 2677 nudum,
940 2620 1034 2666 aut
1061 2611 1353 2677 inﬁrmum,
1384 2620 1478 2666 aut
1506 2611 1558 2666 in
1586 2625 1823 2676 carcere,

239 2709 303 2756 et
337 2716 444 2756 non
500 2702 931 2759 ministravimus
968 2704 1098 2759 tibi?
1126 2703 1277 2759 Tunc
1318 2704 1663 2773 respondebit
1702 2703 1824 2768 illis,

241 2795 473 2850 dicens:
498 2793 671 2850 Amen
698 2795 818 2850 dico
850 2796 1024 2862 vobis,
1053 2794 1298 2863 Quandiu
1337 2795 1480 2850 enim
1514 2796 1604 2849 uni
1637 2811 1701 2851 ex
1732 2797 1830 2848 uii-

241 2883 413 2939 uimis
437 2884 555 2939 istis
576 2901 683 2940 non
715 2883 937 2949 fecistis,
963 2900 1061 2940 nec
1084 2885 1216 2940 mihi
1244 2884 1465 2939 fecistis.
1490 2903 1508 2936 i
1528 2915 1597 2924 —
1616 2904 1633 2935 ι
1656 2884 1827 2939 Radix

245 2975 395 3030 enim
416 3015 431 3040 ,
475 2983 534 3029 ut
557 2974 631 3029 ait
657 2974 974 3044 Apostolus,
1007 2975 1247 3030 omnium
1276 2974 1538 3032 malorum
1565 2984 1647 3031 est
1674 2977 1827 3046 cupi—

236 3064 396 3121 ditas
425 3065 475 3137 (I
506 3065 642 3121 Tim.
666 3066 763 3137 vr).
784 3087 816 3143 ID
853 3065 1005 3123 Unde
1027 3066 1286 3122 Dominus
1306 3067 1382 3122 ait
1410 3067 1464 3121 in
1488 3067 1776 3140 Evangelio
1810 3084 1825 3123 :

256 3180 276 3213 ι
304 3160 398 3217 Va:
427 3161 578 3217 vobis
612 3161 896 3226 divitibus,
922 3161 1014 3231 qui
1045 3161 1253 3216 habetis
1282 3159 1703 3217 consolationem
1732 3177 1826 3216 ve-

250 3259 422 3306 stram
448 3250 599 3322 (Luc.
629 3250 723 3315 vi).
749 3272 766 3304 ι
787 3251 853 3306 Et
876 3251 1070 3307 iterum
1097 3266 1111 3306 :
1143 3271 1160 3303 ι
1188 3250 1425 3317 Diﬂicile,
1453 3252 1542 3321 qui
1573 3253 1829 3323 pecunias

1926 2066 2051 2136 quia
2079 2082 2176 2137 per
2199 2067 2550 2123 imitationem
2576 2065 2691 2141 ejus
2712 2068 2990 2146 proximus
3012 2068 3128 2123 ﬁeri
3152 2067 3343 2123 noluit.
3374 2067 3507 2122 Mul-

1925 2169 2038 2213 tum
2068 2169 2245 2214 autem
2276 2160 2343 2213 ad
2372 2174 2429 2215 se
2452 2158 2876 2230 refrigerandum
2912 2160 3177 2216 Lazarum
3207 2161 3347 2216 mitti
3388 2175 3509 2230 pro-

1926 2259 2099 2317 catur,
2142 2259 2202 2305 ut
2244 2251 2361 2322 ejus
2402 2251 2570 2324 gloria
2612 2254 2661 2308 ei
2706 2251 2860 2311 ﬁeret
2903 2254 3309 2319 detrimentum,
3356 2251 3511 2328 cujus

1926 2355 2099 2412 poenae
2150 2341 2264 2413 ipse
2307 2342 2478 2398 noluit
2523 2344 2767 2415 praebere
2817 2344 3089 2401 solatium.
3144 2345 3202 2405 In
3251 2344 3509 2403 omnibus

1928 2434 2072 2488 enim
2098 2436 2355 2505 operibus
2400 2438 2511 2492 suis
2530 2437 2867 2509 justissimus
2894 2447 2977 2494 est
2997 2440 3279 2503 Dominus,
3308 2439 3361 2492 in
3405 2439 3508 2493 hoc

1930 2531 2109 2591 tamen
2132 2527 2249 2597 ejus
2266 2527 2469 2595 justum
2488 2528 2751 2599 judicium
2773 2529 3097 2597 declaratur,
3126 2546 3249 2586 cum
3272 2530 3467 2585 dicitur
3492 2547 3507 2581 :

1935 2634 1955 2667 ι
1998 2615 2149 2671 Mitte
2189 2616 2472 2684 Lazarum,
2523 2627 2580 2674 ut
2617 2620 2848 2691 intingat
2888 2630 3188 2676 extremum
3235 2621 3386 2691 digiti
3429 2621 3512 2676 sui

1930 2705 1984 2759 in
2009 2721 2228 2776 aquam,
2266 2716 2325 2761 ut
2360 2708 2641 2780 refrigeret
2670 2710 2905 2783 linguam
2952 2727 3149 2767 meam.
3194 2731 3212 2762 ›
3256 2710 3313 2765 lu
3361 2726 3513 2766 men-

1931 2797 2006 2852 sis
2023 2800 2164 2853 enim
2187 2800 2410 2855 divitum
2439 2802 2593 2857 mica:
2617 2803 2898 2872 superﬂua:
2928 2818 3046 2859 esse
3067 2804 3337 2869 videntur,
3362 2811 3513 2874 gutta

1930 2900 2109 2945 autem
2148 2906 2300 2961 aqum
2326 2893 2488 2947 etiam
2522 2895 2847 2964 pauperibus
2886 2896 3078 2964 exigua
3118 2905 3220 2951 est.
3252 2895 3350 2964 Qui
3383 2910 3513 2965 ergo

1931 2981 2153 3036 minima
2201 2994 2509 3055 negaverat,
2546 2985 2767 3040 minima
2810 2986 3100 3056 impetrare
3139 2987 3512 3057 nequitzquia

1932 3073 2022 3144 qui
2051 3066 2414 3144 micas—panis
2449 3075 2655 3132 Lazaro
2686 3077 2817 3133 dare
2844 3078 3034 3145 noluit,
3064 3079 3115 3133 in
3154 3078 3346 3134 ardore
3371 3078 3515 3148 posi—

1934 3172 2019 3219 tus
2042 3165 2247 3234 guttain
2272 3181 2423 3236 aqua:
2444 3182 2509 3222 ex
2531 3166 2646 3237 ejus
2672 3168 2839 3238 digito
2864 3169 3197 3225 decidentem
3223 3152 3515 3239 impetrare

1934 3269 2041 3308 non
2071 3256 2262 3326 potuit.
2297 3257 2533 3311 Audiant
2560 3258 2661 3312 hoc
2695 3259 2864 3324 avari,
2894 3259 2985 3329 qui
3009 3257 3276 3329 superflua
3307 3256 3516 3313 divitia-

258 3340 477 3407 habent,
505 3331 558 3396 in
599 3357 824 3413 regnum
850 3342 1111 3397 caelorum
1156 3342 1435 3397 intrabunt
1471 3341 1664 3413 (Marc.
1689 3342 1765 3412 ι).
1801 3362 1820 3394 ι
1855 3328 1899 3389 C
1933 3358 2051 3397 rum
2079 3359 2299 3398 suarum
2325 3345 2497 3416 magis
2518 3345 2570 3399 in
2597 3328 2938 3416 putredinem
2961 3328 3093 3403 verti
3124 3348 3329 3410 sinunt,
3351 3361 3518 3423 quam

258 3431 367 3488 illis
403 3432 659 3502 denique,
689 3433 783 3504 qui
824 3431 1050 3488 sollicite
1095 3432 1367 3502 inquirere
1410 3433 1617 3497 solent,
1649 3441 1830 3487 utrum

252 3522 435 3578 anima
461 3524 527 3579 ad
557 3522 963 3578 similitudinem
986 3522 1228 3592 corporis
1254 3522 1494 3577 membra
1518 3521 1732 3587 habeat,
1765 3537 1833 3577 an

240 3622 361 3670 ‘non
379 3655 395 3682 ,
416 3630 657 3686 praesens
684 3615 844 3671 lectio
874 3613 1157 3671 satisfacit.
1195 3613 1281 3668 Ait
1313 3612 1456 3668 enim
1485 3612 1742 3669 Dominus
1768 3612 1833 3668 dc

242 3708 417 3764 divite
443 3727 459 3766 :

330 3818 348 3849 ι
395 3798 626 3853 Elevans
666 3807 845 3854 autem
880 3798 1069 3855 oculos
1113 3813 1262 3866 suos,
1305 3812 1427 3853 cum
1467 3805 1611 3853 esset
1638 3797 1690 3852 in
1722 3804 1832 3852 tor-

256 3908 275 3942 ι
321 3889 544 3955 mentis,
570 3890 698 3945 vidit
725 3890 995 3945 Abraham
1021 3906 1050 3945 a
1078 3890 1252 3962 longe,
1279 3897 1333 3944 et
1350 3888 1613 3943 Lazarum
1639 3888 1690 3943 in
1714 3888 1833 3943 sinu

255 4003 275 4036 ι
325 3982 462 4053 ejus.
486 3985 553 4039 Et
582 3985 693 4055 ipse
716 3985 955 4041 clamans
978 3986 1149 4041 dixit:
1176 3984 1335 4040 Pater
1357 3982 1652 4051 Abraham,
1676 3983 1836 4038 misc-

254 4094 275 4127 ι
325 4091 447 4130 rere
476 4076 603 4142 mei,
639 4085 695 4131 et
722 4077 877 4132 mitte
902 4076 1163 4131 Lazarum
1200 4085 1259 4130 ut
1282 4076 1508 4147 intingat
1529 4083 1831 4130 extremum

254 4187 273 4220 ε
321 4167 473 4239 digiti
513 4168 594 4223 sui
642 4169 694 4222 in
723 4184 939 4238 aquam,
971 4177 1029 4222 ut
1062 4167 1341 4239 refrigeret
1368 4167 1605 4238 linguam
1632 4180 1829 4233 meam,

241 4254 274 4311 ἰ
325 4261 452 4331 quia
479 4261 691 4315 crucior
721 4261 773 4315 in
799 4261 901 4316 hac
926 4260 1158 4316 ﬂamma.
1194 4280 1212 4312 ι
1243 4260 1383 4331 Ergo
1405 4269 1459 4314 et
1486 4258 1834 4314 divesoculos

247 4363 307 4410 et
332 4354 565 4423 linguam
595 4354 845 4419 habebat,
871 4363 925 4408 et
951 4352 1189 4408 Lazarus
1217 4353 1440 4425 digitum
1467 4370 1480 4406 :
1508 4352 1631 4422 quia
1654 4352 1832 4407 anima

247 4446 551 4501 secundum
605 4461 756 4500 suam
813 4444 1064 4499 subtilem
1119 4452 1173 4499 et
1229 4442 1526 4514 spiritalem
1585 4453 1833 4498 naturam

250 4537 500 4590 membra
550 4534 788 4591 creditur
838 4536 1065 4601 habere,
1119 4550 1239 4603 qum
1261 4527 1453 4589 'habet
1502 4543 1557 4589 ct
1614 4549 1831 4606 corpus.

249 4627 408 4695 Quod
426 4626 479 4680 in
506 4641 569 4680 eo
587 4624 742 4681 facile
765 4624 1167 4695 comprobatur,
1185 4623 1310 4694 quia
1334 4624 1577 4695 corporis
1594 4624 1834 4679 membra

1936 3434 1990 3488 in
2030 3436 2442 3491 necessitatibus
2488 3452 2783 3508 pauperum
2827 3440 3074 3509 expendi,
3118 3454 3225 3494 non
3265 3439 3515 3492 timentes

1937 3526 2085 3588 illud,
2116 3528 2258 3597 quod
2285 3529 2599 3584 terribiliter
2624 3532 2704 3586 eis
2728 3531 2959 3586 Iacobus
2996 3532 3269 3602 apostolus
3288 3530 3513 3587 commi-

1934 3626 2116 3681 natur,
2143 3618 2362 3674 dicens:
2392 3638 2409 3671 ι
2437 3620 2595 3692 Agite
2624 3638 2769 3678 nunc
2810 3622 3025 3693 divites,
3055 3623 3262 3694 plorate
3308 3622 3518 3678 ululan—

1936 3713 2018 3760 tes
2088 3707 2141 3762 in
2188 3709 2424 3765 miseriis
2474 3712 2693 3773 vestris,
2749 3727 2869 3782 quae
2915 3714 3296 3785 supervenient
3337 3712 3517 3773 vobis.

1930 3795 2145 3851 Divitize
2169 3807 2361 3854 vestra:
2385 3798 2704 3871 putrefacta:
2746 3809 2891 3867 sunt,
2919 3802 3241 3857 vestimenta
3282 3811 3458 3864 vestra
3482 3817 3526 3865 λ

1937 3888 2097 3944 tineis
2140 3900 2378 3945 comesta
2429 3898 2575 3946 sunt.
2623 3891 2830 3947 Aurum
2858 3901 2913 3947 et
2941 3902 3224 3963 argentum
3271 3901 3514 3950 vestrum

1935 3978 2271 4050 aeruginavit,
2313 3990 2367 4036 et
2410 3997 2594 4054 zerugo
2619 3998 2807 4039 eorum
2848 3984 2902 4039 in
2951 3985 3319 4042 testimonium
3363 3984 3516 4042 vobis

1935 4073 2127 4135 erit,et
2141 4072 2482 4131 manducabit
2498 4090 2689 4131 carnes
2708 4085 2918 4133 vestras
2939 4079 3079 4133 sicut
3095 4078 3235 4151 ignis
3256 4076 3512 4149 (Jac.v).i

1937 4159 2083 4216 Talis
2134 4170 2251 4218 erat
2291 4162 2380 4217 ille
2419 4164 2601 4230 dives,
2648 4166 2742 4236 qui
2797 4166 3011 4223 diccbat
3050 4168 3102 4222 in
3156 4168 3319 4224 corde
3360 4182 3459 4225 suo
3501 4187 3516 4224 :

1942 4270 1964 4304 ι
2005 4253 2288 4309 Destruam
2333 4255 2527 4311 horrea
2577 4272 2718 4322 mea,
2749 4266 2806 4313 et
2829 4255 3033 4327 majora
3063 4256 3278 4315 faciam.
3315 4278 3332 4311 ι
3362 4258 3460 4314 Cui
3487 4275 3519 4314 a

1935 4342 2166 4425 Domino
2193 4344 2395 4400 dictum
2439 4353 2559 4400 est:
2590 4364 2609 4397 ι
2648 4344 2844 4413 Stulte,
2892 4346 2995 4404 hac
3040 4357 3197 4403 nocte
3246 4347 3522 4402 auferetur

1937 4442 2115 4497 anima
2160 4450 2249 4496 tua
2288 4457 2320 4497 a
2375 4450 2462 4497 te:
2487 4441 2604 4498 hac
2634 4451 2815 4497 autem
2859 4457 2979 4513 quze
3007 4443 3341 4513 praeparasti,
3368 4439 3522 4513 cujus

1936 4542 2096 4590 erunt
2118 4532 2268 4606 (Luc.
2291 4533 2435 4607 xu)?
2466 4554 2484 4586 ι
2513 4565 2581 4574 -
2607 4552 2626 4584 ι
2656 4534 2790 4600 Quia
2814 4549 2965 4605 ergo,
2989 4553 3008 4587 ι
3035 4542 3097 4589 ut
3116 4535 3193 4588 ait
3210 4531 3523 4602 Apostolus,

1942 4642 1962 4676 ‹
2001 4622 2137 4679 nihil
2179 4622 2456 4678 intulimus
2484 4623 2538 4677 in
2570 4623 2719 4686 hunc
2756 4614 3033 4690 mundum,
3058 4623 3175 4695 .sed-
3205 4609 3380 4690 neque
3425 4619 3523 4685 ali:

249 4715 388 4772 nihil
421 4723 645 4786 possunt
674 4714 790 4771 sine
824 4716 1025 4769 anima.
1057 4714 1156 4768 Ubi
1182 4714 1387 4791 pariter
1412 4715 1831 4782 demonstratur,
1860 4709 1913 4768 Ι)
1939 4714 2065 4785 quid
2087 4714 2302 4769 auferre
2329 4727 2639 4784 possumus,
2659 4712 2919 4781 habentes
2936 4711 3135 4767 victum
3166 4718 3220 4767 et
3244 4712 3519 4770 vestitum.

250 4805 380 4877 quia
408 4820 515 4861 non
543 4804 717 4860 solum
755 4804 895 4859 boni
921 4806 1094 4860 bonos
1122 4804 1175 4859 in
1204 4805 1398 4873 gloria,
1442 4807 1535 4862 sed
1564 4807 1697 4861 mali
1716 4822 1833 4861 ma-

248 4895 332 4951 los
363 4904 760 4965 recognoscunt
812 4895 865 4948 in
896 4909 1077 4965 paena.
1130 4893 1264 4949 Nam
1314 4895 1464 4952 dives
1509 4912 1615 4952 non
1663 4896 1836 4952 solum

250 4986 539 5050 Lazarum,
572 5000 732 5055 quem
755 4987 904 5056 prius
933 4985 1163 5050 viderat,
1191 4988 1518 5058 recognovit,
1551 4989 1644 5043 sed
1671 4988 1835 5043 etiam

250 5072 550 5143 Abraham,
594 5092 752 5146 quem
784 5091 1058 5146 nunquam
1098 5077 1328 5140 viderat,
1372 5094 1433 5134 se
1464 5080 1839 5151 recognovisse

252 5178 505 5234 testatur,
533 5184 655 5224 cum
678 5169 754 5223 ait
778 5186 791 5223 :
822 5186 839 5219 ι
869 5168 1032 5223 Pater
1051 5167 1347 5233 Abraham,
1374 5170 1633 5225 miserere
1659 5172 1784 5225 inci.
1813 5190 1830 5223 ι

252 5262 321 5317 Et
356 5278 479 5317 cum
510 5261 738 5316 fratrum
766 5276 986 5316 suorum
1011 5262 1312 5317 absentium
1335 5262 1602 5327 meminit,
1634 5262 1837 5332 liquido

254 5354 418 5407 datur
447 5351 693 5421 intelligi,
726 5352 851 5423 quia
878 5367 992 5418 eos,
1039 5368 1175 5423 quos
1204 5352 1621 5424 praesentialiter
1667 5354 1838 5409 malos

253 5444 491 5510 videbat,
538 5460 928 5518 recognoscere
975 5453 1205 5516 poterat.
1248 5444 1307 5500 in
1356 5461 1463 5516 quo
1509 5445 1627 5500 loco
1675 5445 1836 5501 etiam

255 5535 577 5599 ostenditur,
612 5536 737 5606 quia
765 5542 869 5591 non
891 5536 1060 5591 solum
1086 5538 1230 5601 boni,
1255 5552 1380 5593 cum
1410 5537 1518 5591 sint
1552 5536 1605 5591 in
1633 5545 1837 5593 mterna

260 5628 447 5696 requie
468 5629 691 5698 recepti,
715 5627 888 5683 malos
913 5629 1249 5699 conspiciunt
1280 5629 1333 5683 in
1357 5642 1539 5700 pmna,
1565 5626 1657 5684 sed
1678 5628 1838 5685 etiam

259 5718 394 5772 mali
430 5717 600 5774 bonos
648 5720 699 5773 in
741 5719 929 5791 gloria.
972 5720 1124 5787 Quod
1167 5718 1262 5775 Dei
1294 5718 1500 5790 judicio
1544 5720 1751 5793 agitur,
1787 5730 1844 5776 ut

210 5860 225 5879 ,
257 5816 407 5870 unde
431 5816 633 5870 sanctis
676 5815 869 5886 gloria,
900 5816 1026 5871 inde
1069 5809 1314 5887 repro'bis
1362 5810 1628 5887 augeatur
1658 5830 1843 5888 poena.

258 5906 558 5973 Dupliciter
585 5908 728 5962 enim
760 5907 967 5978 reprobi
994 5909 1308 5966 cruciantur
1336 5924 1456 5965 cum
1478 5918 1695 5968 sanctos
1716 5924 1844 5973 con,-

1939 4805 2025 4861 his
2052 4805 2293 4861 contenti
2333 4806 2502 4860 simus
2537 4803 2587 4876 (Ι
2615 4803 2763 4859 Tim.
2783 4803 2882 4876 vi).
2916 4822 2935 4856 ›
2968 4802 3108 4871 Quid
3128 4811 3211 4883 est
3230 4804 3373 4873 quod
3397 4816 3522 4871 spe-

1939 4895 2148 4951 cialiter
2174 4895 2415 4977 linguam.
2442 4895 2954 4967 refrigerari-rogat,
2981 4909 3103 4950 cum
3138 4894 3263 4949 hinc
3290 4890 3413 4949 inde
3437 4893 3527 4947 ul-t

1939 4986 2165 5043 tricibus
2189 4989 2369 5058 poenis
2396 4987 2813 5058 circumsepltur
2857 4995 3003 5043 totus
3029 4995 3192 5057 atque
3219 4986 3533 5055 cruciaturL
3616 4980 3629 4991 ”

1941 5079 2045 5135 nisi
2071 5080 2198 5150 quia
2235 5079 2290 5134 in
2318 5095 2380 5135 ea
2411 5080 2530 5153 plus
2560 5095 2618 5135 se
2643 5080 2835 5135 ardere
2857 5079 3103 5150 judicat?
3132 5078 3235 5135 Ubi
3263 5079 3421 5143 datur
3446 5078 3531 5145 in;

1943 5170 2129 5243 telligi,
2163 5173 2287 5243 quia
2317 5186 2419 5243 pro
2450 5172 2709 5242 qualitate
2744 5180 2800 5227 et
2826 5172 3126 5242 quantitate
3153 5181 3528 5243 peccatorum,

1940 5267 2186 5322 redditur
2222 5252 2483 5338 'rcprobis
2533 5283 2693 5340 pmna
2749 5278 3158 5326 tormentorum.
3214 5269 3331 5325 Non
3378 5269 3524 5325 enim

1940 5357 2161 5435 aequalis
2189 5370 2346 5429 ptena
2391 5358 2618 5415 debetur
2641 5360 2713 5425 ei,
2738 5360 2829 5430 qui
2868 5375 3058 5430 parum
3098 5361 3364 5431 peccavit,
3395 5358 3525 5421 etei

1941 5438 2306 5520 qui-multum.
2332 5449 2468 5517 Quia
2493 5451 2634 5506 sicut
2658 5450 2758 5506 sub
2773 5466 2879 5507 uno
2901 5452 3052 5507 radio
3065 5450 3192 5507 solis
3215 5464 3320 5505 non
3338 5463 3526 5511 omnes

1942 5541 2224 5611 aequaliter
2245 5542 2472 5607 urimur,
2503 5542 2574 5597 ita
2602 5542 2816 5613 reprobi
2846 5541 2901 5597 in
2931 5539 3213 5612 gehennali
3237 5554 3394 5609 poena
3418 5553 3525 5595 non

1942 5648 2133 5689 omnes
2166 5631 2444 5703 aequaliter
2483 5633 2811 5689 cruciantur.
2856 5631 3028 5686 Habet
3056 5630 3200 5686 enim
3228 5630 3327 5684 hoc
3356 5618 3528 5694 subtif

1942 5724 2070 5778 litas
2087 5722 2413 5792 iudiciorum
2447 5724 2561 5789 Dei,
2591 5733 2649 5779 ut
2668 5740 2769 5795 per
2799 5723 2941 5793 quod
2978 5722 3278 5777 membrum
3297 5720 3540 5793 amplius,

1942 5824 2136 5885 peccat
2197 5815 2343 5886 quis,
2398 5815 2451 5869 in
2503 5830 2569 5870 eo
2624 5817 2883 5884 majorem
2937 5810 3228 5871 vindictam
3278 5808 3524 5895 recipiat.

1944 5905 2085 5964 Cum
2131 5908 2275 5963 enim
2323 5908 2572 5978 superius
2621 5906 2773 5962 dives
2821 5905 2923 5968 iste
2966 5902 3240 5974 splendido
3284 5903 3539 5974 epulatus.
