4014 6354
516 434 621 492 5‘95

1141 437 1493 494 “AYMONIS
1533 436 2009 494 HALBERSTAT.
2053 434 2264 491 EPISC.
2307 434 2455 491 ΟΡΡ.
2498 434 2678 492 PARS
2713 436 2775 491 Il.
2814 468 2882 481 σ-
2917 436 3149 497 IIOMIL.

3699 440 3818 498 596

513 527 681 605 fuisse
713 548 930 614 dicitur,
960 557 1011 603 et
1034 565 1175 605 nunc
1199 550 1250 604 in
1282 550 1462 623 lingua
1489 568 1547 608 se
1570 553 1803 608 cruciari
1826 552 2095 623 perhibet,
2126 556 2172 614 Δ
2201 548 2495 604 timendum
2541 558 2625 605 est
2671 566 2740 606 ne
2772 550 2837 606 de
2861 550 3002 605 bono
3028 548 3170 622 quod
3207 549 3448 622 agimus,
3493 553 3814 610 mercedem

508 642 814 697 ostenditur
832 642 955 712 quia
985 658 1096 713 pne
1125 644 1336 699 creteris
1361 644 1620 700 membris
1648 646 1699 699 in
1730 644 1912 715 lingua
1936 645 2096 699 arde-

508 741 610 787 mt.
637 734 694 787 lo
727 733 986 788 conviviis
1014 735 1157 788 enim
1186 734 1455 805 superﬂua
1498 744 1554 791 et
1580 736 1755 792 inanis
1797 736 2098 807 loquacitas

507 825 788 880 abundare
824 825 999 881 solet:
1027 826 1284 897 quoniam
1327 829 1416 883 ubi
1449 837 1639 884 venter
1684 823 1915 885 diversis
1961 829 2097 886 cibis

504 925 557 969 et
588 916 804 986 potibus
831 914 1099 971 distentus
1126 916 1312 984 fuerit,
1341 919 1526 973 statim
1562 919 1743 991 lingua
1778 920 1844 974 ad
1873 921 2094 976 cachin-

505 1022 622 1071 nas,
651 1007 794 1078 joca,
831 1007 1272 1074 maledictiones,
1301 1010 1667 1066 detractiones
1693 1019 1745 1067 et
1775 1020 1970 1068 uetera
2007 1012 2095 1068 his

503 1096 699 1151 similia
729 1096 1037 1163 resolvitur,
1073 1098 1213 1153 sicut
1238 1099 1499 1170 scriptum
1540 1110 1625 1155 est
1651 1119 1664 1154 :
1693 1121 1712 1153 ι
1743 1100 1894 1157 Sedit
1919 1117 2091 1172 popu-

502 1188 586 1244 lus
645 1190 972 1246 manducare
1027 1198 1083 1245 et
1135 1190 1345 1257 bibere,
1398 1201 1455 1248 et
1501 1204 1856 1277 surrexerunt
1906 1194 2093 1250 ludere

501 1279 701 1345 (Exod.
726 1280 919 1352 xxxii).
955 1300 974 1334 ›
996 1283 1070 1337 ‘Et
1090 1282 1217 1352 quia
1244 1282 1297 1337 in
1321 1284 1587 1340 conviviis
1615 1285 1669 1339 in
1695 1284 1874 1356 lingua
1901 1300 2095 1356 pecca-

500 1378 680 1437 verat,
725 1371 781 1426 in
811 1373 1099 1427 tormentis
1128 1373 1180 1428 in
1211 1373 1392 1447 lingua
1422 1374 1670 1430 ardebat.
1700 1394 1718 1427 ι
1748 1375 2037 1444 Quoniam,
2068 1397 2088 1430 ρ

506 1463 647 1519 sicut
677 1464 754 1519 ait
785 1463 1062 1534 Salomon,
1090 1485 1108 1518 σ
1140 1482 1237 1538 per
1262 1483 1380 1537 qua:
1401 1479 1593 1539 peccat
1613 1468 1756 1539 quis,
1784 1485 1881 1539 per
1900 1470 2017 1526 base
2039 1478 2095 1527 et

504 1568 791 1627 torquetur
846 1561 1001 1632 (Sap.
1055 1560 1153 1630 xi).
1206 1581 1224 1613 ι
1280 1559 1388 1617 Sed
1433 1562 1575 1619 forte
1623 1571 1828 1634 quaeret
1875 1563 2094 1633 aliquis,

501 1656 685 1703 utrum
710 1649 848 1720 ignis
863 1650 1177 1723 gehennalis
1198 1668 1492 1723 corporeus
1516 1655 1604 1718 sit,
1626 1669 1693 1709 au
1722 1655 2092 1725 incorporeus.

503 1739 585 1795 Ad
607 1740 747 1809 quod
772 1741 1078 1805 dicendum.
1107 1745 1232 1813 quia
1260 1745 1338 1800 sic
1360 1761 1656 1816 corporeus
1682 1760 1804 1801 esse
1830 1746 2097 1812 creditur,

506 1840 566 1885 ut
609 1832 849 1887 animam
896 1833 1266 1905 ineorpuream
1307 1837 1553 1892 cruciare
1580 1836 1772 1906 possit.
1814 1834 1965 1904 Quod
1999 1852 2096 1891 au-

2205 642 2258 697 in
2310 642 2567 711 praesenti
2612 642 2807 698 saeculo
2842 643 3190 713 recipiamus,
3238 656 3305 698 ne
3342 641 3482 698 forte
3527 643 3582 699 in
3621 643 3813 703 futuro

2197 732 2354 786 nobis
2382 731 2599 787 dicatur
2644 751 2657 786 :
2695 751 2713 784 ι
2742 732 2911 789 Amen
2956 733 3080 788 dico
3115 733 3299 799 vobis,
3338 734 3629 805 recepistis
3663 750 3813 791 mer-

2196 824 2383 881 cedem
2419 834 2654 880 vestram
2684 824 2897 897 (Hatth.
2929 824 3030 897 γι).
3070 844 3090 877 ι
3135 823 3578 896 Quotiescunque
3616 835 3809 883 autem

2196 926 2289 971 aut
2331 925 2622 988 paupertas
2655 931 2752 972 nos
2788 914 2993 989 alﬂigit,
3023 924 3117 972 aut
3155 915 3365 987 ﬂagella
3403 932 3504 972 nos
3534 926 3808 982 atterunt,

2194 1008 2536 1078 gaudendum
2560 1017 2643 1063 est
2667 1017 2723 1063 et
2742 1008 3121 1079 gratulandum
3147 1026 3160 1062 :
3186 1008 3312 1079 quia
3337 1005 3550 1079 ﬂagella
3582 1008 3683 1063 Dei
3710 1018 3810 1063 aut

2198 1102 2264 1157 ad
2298 1103 2792 1159 remunerationem
2819 1104 2972 1159 nobis
3000 1103 3320 1175 contingunt
3340 1142 3356 1168 ,
3386 1110 3482 1157 aut
3503 1103 3574 1157 ad
3600 1101 3804 1173 proba-

2196 1196 2417 1251 tionem.
2443 1195 2671 1266 Propter
2682 1196 2824 1266 quod
2848 1211 2946 1252 nos
2969 1195 3247 1266 Scriptura
3270 1195 3551 1259 admonet,
3570 1194 3797 1249 dicens:

2200 1304 2218 1337 ι
2268 1283 2395 1351 Fili,
2418 1300 2487 1340 ne
2521 1285 2786 1356 despicias
2814 1285 3152 1356 disciplinam
3180 1284 3400 1339 Domini
3428 1283 3529 1339 Dei
3558 1284 3663 1351 tui,
3706 1299 3802 1340 ue-

2197 1391 2303 1447 que
2329 1375 2576 1448 [aligeris
2604 1392 2728 1433 cum
2759 1378 2827 1433 ab
2854 1392 2923 1433 eo
2946 1377 3255 1447 corriperis.
3286 1375 3459 1442 Quem
3485 1375 3635 1430 enim
3674 1374 3800 1429 dili-

2196 1469 2274 1541 git
2302 1469 2584 1533 Dominus,
2618 1469 2877 1539 corripit:
2902 1467 3133 1540 ﬂagellat
3160 1475 3340 1523 autem
3366 1481 3591 1524 omnem
3622 1466 3799 1522 ﬁlium

2197 1575 2357 1632 quem
2390 1560 2581 1633 recipit
2603 1560 2784 1631 (Prov.
2812 1559 2915 1633 ut).
2947 1582 2966 1614 ι

2272 1672 2293 1705 ι
2334 1652 2403 1708 Et
2440 1652 2492 1707 in
2531 1652 2615 1708 bis
2645 1652 2902 1710 omnibus
2937 1654 3077 1709 inter
3107 1668 3209 1710 nos
3243 1660 3299 1710 et
3335 1668 3434 1709 vos
3472 1653 3647 1710 chaos
3680 1670 3797 1709 ma-

2204 1757 2221 1789 ι
2270 1753 2436 1809 gnum
2468 1737 2745 1793 firmatum
2768 1746 2868 1804 est,
2899 1748 2959 1792 ut
2984 1738 3039 1793 hi
3069 1739 3161 1809 qui
3191 1738 3380 1794 volunt
3407 1739 3537 1794 hinc
3565 1739 3799 1795 transire

2207 1851 2225 1882 ς
2270 1831 2337 1885 ad
2369 1845 2486 1895 vos,
2512 1846 2617 1885 non
2644 1830 2870 1901 possint,
2901 1845 3075 1901 neque
3101 1830 3358 1887 indebuc
3383 1839 3747 1886 transmeare.
3767 1850 3787 1882 ι

501 1934 609 1978 tem
639 1939 728 1979 res
752 1939 1009 1996 corporea
1036 1926 1274 1982 animam
1301 1927 1677 1999 incorpoream
1700 1929 1948 1984 cruciare
1965 1944 2090 1999 pos-
2122 1911 2166 1972 Β
2195 1920 2371 1977 Chaos
2418 1920 2619 1976 (ιίυίιυΐ
2650 1928 2867 1991 Pactum
2909 1920 2993 1974 νει
3041 1920 3339 1987 ﬁrmatum,
3376 1921 3494 1977 sive
3536 1919 3786 1976 confusio

500 2015 592 2078 sit,
631 2015 827 2072 mirum
877 2032 983 2071 non
1028 2028 1133 2080 est,
1167 2034 1290 2074 eum
1327 2020 1543 2076 vivente
1591 2019 1833 2090 quolibet
1875 2021 2095 2078 homine

501 2110 725 2178 sp'ritus
748 2110 801 2165 in
832 2126 1060 2181 corpore
1094 2120 1323 2167 tenetur.
1374 2112 1510 2168 Nam
1559 2122 1835 2182 apostatas
1877 2117 2096 2187 angelos

500 2199 624 2267 quis
652 2200 1000 2271 incorporeos
1030 2203 1254 2272 spiritus
1276 2218 1396 2259 esse
1416 2204 1659 2260 dubitet?
1685 2215 1739 2262 et
1769 2215 1948 2262 tamen
1973 2208 2098 2279 igne

501 2289 787 2358 gehennali
815 2291 932 2346 sine
973 2291 1378 2349 intermissione
1408 2295 1741 2361 cruciantur,
1763 2297 1914 2363 sicut
1935 2295 2097 2352 Veri-

503 2392 590 2434 tas
641 2382 885 2451 reprobis
912 2382 1124 2439 dictura
1159 2394 1245 2441 est
1274 2405 1286 2440 :
1322 2404 1339 2437 ι
1368 2385 1464 2451 lle,
1518 2387 1814 2455 maledicti,
1838 2388 1891 2443 iu
1917 2389 2096 2460 ignem

502 2480 785 2539 a‘ternum,
837 2473 925 2544 qui
976 2483 1199 2545 paratus
1251 2484 1335 2530 est
1389 2477 1603 2533 diabolo
1652 2488 1709 2534 et
1750 2479 1959 2551 angelis
1981 2478 2098 2549 ejus

507 2563 725 2631 (Matth.
756 2566 904 2638 xxv).
936 2586 955 2619 ι
987 2567 1102 2623 Νοη
1133 2578 1368 2641 estergo
1391 2569 1636 2638 dubium,
1665 2572 1903 2628 animam
1926 2573 2101 2628 incor-

510 2672 733 2727 porcam
763 2668 889 2714 ante
927 2658 1185 2727 iudicium
1216 2662 1284 2716 ab
1314 2663 1436 2733 igne
1468 2664 1732 2736 corporali
1774 2679 1934 2734 posse
1989 2673 2101 2719 tor—

510 2748 690 2817 queri,
714 2765 836 2804 eum
882 2750 985 2806 hoc
1012 2752 1064 2806 in
1095 2753 1375 2823 spiritibus
1406 2756 1696 2812 immundis
1726 2757 1978 2828 possibile
2004 2758 2100 2815 de-

508 2849 857 2894 monstretur.
906 2839 1118 2897 Justum
1168 2851 1251 2898 est
1297 2846 1461 2906 enim,
1508 2854 1568 2900 ut
1602 2848 1692 2916 qui
1734 2847 1786 2902 in
1815 2848 1993 2902 anima
2034 2850 2103 2904 si-

511 2930 622 2985 mul
671 2940 726 2985 et
774 2948 1002 3005 corpore
1046 2946 1292 3007 peccant.
1350 2948 1476 2995 ante
1522 2941 1783 3012 judicium
1815 2942 1868 2997 in
1896 2944 2096 3005 anima,

506 3033 632 3094 post
661 3023 926 3093 judicium
954 3044 1084 3084 vero
1118 3031 1171 3085 in
1213 3032 1392 3087 anima
1419 3042 1472 3089 et
1500 3049 1730 3105 corpore
1765 3036 2096 3090 crucientur.

590 3134 609 3167 ι
653 3117 721 3171 Et
765 3117 902 3173 dixit
930 3118 1007 3173 illi
1034 3120 1307 3179 Abraham
1338 3143 1351 3179 :
1388 3124 1510 3192 Fili,
1547 3127 1834 3182 recordare
1861 3128 1986 3198 quia
2016 3144 2103 3184 re-

2199 2011 2609 2067 elementorum.
2658 2012 2869 2093 Dicitur;
2911 2012 3056 2066 enim
3100 2013 3266 2068 chaos
3303 2028 3509 2083 vorago
3558 2014 3790 2084 vclpro-

2199 2100 2444 2156 fundum.
2478 2100 2584 2157 Sed
2612 2102 2666 2156 in
2710 2101 2812 2157 hoc
2838 2101 2960 2157 loco
2985 2103 3216 2158 dicimus
3243 2104 3370 2174 quia
3396 2103 3675 2168 infernus,
3703 2104 3786 2159 ubi

2198 2193 2353 2248 dives
2407 2193 2782 2265 torquebatur,
2832 2192 2992 2264 longe
3037 2193 3266 2250 inferius
3290 2202 3432 2261 erat,
3461 2194 3610 2250 unde
3636 2194 3785 2266 paulo

2200 2283 2447 2354 superius
2474 2284 2708 2339 dicitur:
2745 2303 2763 2336 ι
2795 2284 3030 2340 Elevaus
3056 2293 3237 2340 autem
3262 2286 3448 2341 oculos
3476 2300 3631 2351 suos,
3664 2287 3787 2341 vidit

2199 2376 2476 2431 Abraham
2524 2393 2556 2432 a
2599 2378 2774 2448 longe,
2826 2393 2951 2434 cum
2980 2387 3128 2435 esset
3168 2379 3224 2435 in
3261 2379 3572 2435 tormentis.
3604 2399 3625 2432 ι
3655 2377 3788 2435 Ante

2200 2484 2231 2523 a
2254 2472 2487 2523 {ventum
2517 2470 2657 2524 enim
2690 2469 2908 2525 Domini
2938 2470 3134 2526 animae
3159 2479 3499 2533 sanctorum,
3523 2468 3654 2540 quia
3668 2484 3785 2539 pro-

2200 2572 2321 2633 pter
2344 2562 2605 2633 originale
2630 2574 2911 2633 peccatum
2930 2563 3152 2634 januani
3171 2563 3320 2634 regni
3337 2562 3585 2618 cmlestis
3614 2562 3785 2631 ingue-

2203 2654 2257 2709 di
2293 2671 2403 2710 non
2451 2655 2723 2723 valebant,
2746 2656 2800 2710 in
2829 2656 3215 2715 secretioribus
3237 2656 3370 2711 locis
3398 2655 3609 2726 absque
3636 2669 3785 2725 poena

2203 2755 2380 2813 erant,
2411 2749 2478 2803 ad
2503 2763 2733 2818 quorum
2774 2749 3232 2820 comparationem
3279 2747 3526 2803 infernus
3560 2747 3787 2817 poenalis

2210 2840 2373 2912 longe
2403 2838 2624 2895 inferius
2649 2847 2786 2905 erat,
2818 2841 2959 2895 unde
2987 2838 3276 2895 Psalmista
3307 2847 3563 2908 precatur
3588 2855 3602 2890 :
3635 2855 3654 2888 ι
3685 2836 3788 2890 Eri-

2202 2933 2365 3003 puisti
2385 2931 2622 2987 animam
2644 2946 2817 2987 meam
2835 2932 2903 2986 ab
2919 2930 3129 2986 inferno
3143 2928 3384 3005 inferiori
3399 2928 3516 3000 (Ps.
3535 2929 3780 2997 anv).a

2201 3023 2380 3079 Chaos
2421 3038 2550 3093 ergo
2599 3039 2855 3095 maguum
2900 3021 3171 3078 firmatum
3227 3029 3332 3088 est,
3386 3022 3500 3075 sive
3531 3022 3786 3076 terminus

2203 3115 2664 3173 intrausmeabilis
2690 3115 3029 3171 districtione
3053 3114 3184 3185 justi
3225 3112 3417 3186 judicii
3454 3113 3570 3175 Dei,
3604 3121 3664 3166 ut
3693 3127 3785 3166 nec

515 3228 536 3257 α
572 3209 764 3280 cepisti
785 3210 924 3267 bona
949 3213 1003 3268 in
1026 3214 1134 3273 vita
1159 3225 1270 3283 tua,
1298 3218 1605 3275 etLazarus
1620 3221 1870 3276 similiter
1885 3221 2045 3276 mala.
2071 3242 2091 3275 ι

2204 3211 2292 3266 isti
2333 3210 2401 3265 ad
2448 3210 2589 3275 illos,
2616 3226 2716 3266 nec
2753 3209 2828 3263 illi
2854 3209 2923 3263 ad
2948 3209 3083 3264 istos
3106 3208 3340 3263 transire
3363 3207 3598 3277 possint.
3637 3204 3784 3273 Quod

2204 3310 2373 3323 ___.-_..
2416 3302 2487 3323 :ll!
2519 3302 2603 3323 .__-:
2636 3301 2685 3323 ε..
2713 3300 3013 3323 ..μηΑΙΒΙιηκ
3045 3300 3173 3323 ΙΑΑΞ-
3200 3306 3450 3323 ι-..-..ι....
3490 3297 3756 3323 Ala-“Aen

509 3300 645 3356 Cum
676 3304 924 3373 superius
950 3306 1225 3366 Abraham
1252 3321 1462 3382 patrem
1492 3321 1669 3380 vocat,
1701 3324 1757 3369 et
1792 3329 1935 3370 nunc
1966 3331 2090 3371 cum

507 3392 780 3450 Abraham
809 3395 976 3453 ﬁlium
1004 3414 1127 3455 eum
1154 3402 1417 3469 nominat,
1450 3418 1778 3476 cognoscere
1809 3420 2095 3476 possumus

511 3497 579 3538 ex
607 3486 794 3541 eodem
832 3489 1049 3560 populo,
1086 3491 1177 3562 qui
1213 3507 1282 3548 ex
1313 3495 1482 3565 stirpe
1517 3494 1794 3551 Abraham
1827 3496 2092 3566 originem

509 3574 758 3644 ducebat,
788 3579 936 3636 illum
965 3582 1150 3639 fuisse.
1182 3584 1290 3641 Sed
1318 3601 1661 3658 summopere
1690 3587 1819 3642 illud
1848 3588 2091 3643 conside-

510 3667 738 3723 randum
766 3679 873 3736 est,
898 3674 1023 3742 quia
1053 3691 1212 3745 quem
1258 3677 1424 3731 lilium
1448 3678 1713 3743 nominat,
1741 3693 1772 3732 a
1801 3692 1959 3748 pinna
1988 3694 2091 3733 non

509 3755 707 3814 liberat
753 3778 766 3813 :
804 3763 1060 3831 quoniam
1117 3766 1169 3819 in
1221 3767 1559 3824 districtione
1596 3770 1730 3839 justi
1777 3768 1967 3839 judicii
1999 3772 2095 3829 Dei

508 3856 662 3905 tanta
686 3852 966 3921 tequalitas
984 3853 1205 3922 justitia:
1227 3858 1349 3924 erit,
1376 3868 1434 3914 ut
1459 3875 1557 3915 nec
1584 3859 1725 3917 filius
1749 3871 1974 3932 patrem,
1993 3880 2094 3922 nec

510 3946 669 4010 pater
690 3938 855 3996 filium
886 3942 1117 3999 liberare
1137 3946 1339 4013 valeat,
1363 3948 1457 4004 sed
1479 3952 1848 4023 unusquisque
1871 3954 2093 4024 recipiet

510 4030 805 4084 secundum
836 4047 997 4102 opera
1028 4050 1144 4099 sua,
1178 4049 1337 4108 prout
1370 4040 1559 4110 gessit,
1587 4042 1702 4097 sive
1728 4043 1947 4110 bonum,
1981 4046 2094 4101 sive

512 4118 737 4175 malum.
785 4122 918 4190 Quia
953 4136 1206 4196 peccator
1253 4128 1306 4183 in
1336 4142 1560 4201 peccato
1601 4150 1699 4189 suo
1728 4135 2005 4200 morietur,
2041 4146 2095 4194 et

504 4206 686 4276 justus
714 4211 765 4265 in
784 4212 991 4283 justitia
1019 4232 1136 4281 sua,
1160 4234 1322 4289 quam
1344 4232 1598 4292 operatus
1621 4234 1726 4291 est,
1754 4227 1914 4282 vivet.
1941 4226 2095 4284 Unde

509 4309 567 4356 et
592 4315 688 4371 per
714 4302 1051 4363 Ezechielem
1081 4310 1398 4380 prophetam
1428 4312 1709 4380 Dominus,
1736 4330 1859 4370 cum
1893 4324 2093 4373 terram

510 4389 710 4461 gladio,
740 4403 892 4463 peste
910 4404 965 4450 et
984 4396 1128 4452 fame
1150 4400 1449 4469 perituram
1472 4404 1807 4473 praediceret,
1829 4405 2093 4475 adiunxit,

509 4482 699 4540 dicens
724 4504 736 4541 :
766 4506 785 4538 ι
813 4485 947 4544 Vivo
973 4505 1093 4561 ego,
1119 4490 1249 4547 dicit
1273 4492 1551 4561 Dominus,
1573 4496 1699 4566 quia
1715 4496 1758 4552 si
1784 4496 1896 4555 Noe
1921 4506 1974 4555 et
1993 4499 2094 4557 Job

508 4584 565 4629 et
601 4576 786 4635 Daniel
834 4580 1036 4637 fuerint
1069 4582 1124 4639 in
1170 4586 1349 4642 medio
1394 4586 1529 4657 ejus,
1578 4588 1720 4646 filios
1746 4600 1802 4646 et
1826 4592 1965 4649 ﬂlias
1988 4609 2094 4650 non

508 4664 837 4739 liberabant,
884 4676 977 4730 sed
1029 4676 1129 4747 ipsi
1169 4676 1380 4746 justitia
1425 4696 1520 4735 sua
1547 4680 1853 4739 liberabunt
1884 4664 2142 4742 animas:

509 4772 640 4814 suas
675 4760 891 4832 (Ezeclt.
922 4767 1057 4837 xiv).
1092 4786 1109 4820 ι
1138 4767 1356 4839 Absque
1381 4769 1650 4826 oblivione
1676 4781 1855 4827 autem
1886 4789 2094 4831 memo-

512 4849 609 4905 ria:
652 4856 1139 4913 commendandum
1177 4869 1281 4927 est,
1326 4862 1468 4931 quod
1516 4862 1669 4918 diviti
1694 4879 1827 4920 voce
1862 4864 2096 4922 Abrahae

513 4938 751 4996 dicitur:
780 4960 799 4993 ‹
829 4942 949 5009 Fili,
982 4949 1270 5005 recordare
1297 4952 1424 5021 quia
1454 4953 1703 5024 recepisti
1732 4955 1872 5010 bona
1898 4956 1952 5010 in
1986 4958 2094 5012 vita

515 5040 632 5097 tua,
675 5039 729 5088 et
769 5031 1010 5092 Lazarus
1052 5039 1300 5096 similiter
1343 5042 1501 5099 mala.
1531 5061 1551 5094 ι
1575 5073 1647 5084 -
1672 5062 1691 5095 ι
1723 5044 1874 5102 Nunc
1914 5057 2094 5103 autem

520 5138 541 5171 ι
579 5120 668 5177 hic
694 5124 1025 5193 consolatur,
1064 5137 1120 5185 tu
1149 5146 1281 5187 vero
1306 5132 1586 5189 cruciaris.
1619 5153 1638 5189 δ
1667 5134 1725 5190 ln
1753 5137 1946 5207 quibus
1975 5154 2097 5194 vcr-

515 5209 604 5267 bis
630 5210 976 5285 intelligimus
1005 5227 1060 5273 et
1098 5219 1318 5274 divitem
1366 5220 1581 5291 aliquod
1624 5224 1823 5280 bonum
1884 5226 2094 5292 fecisse,

515 5317 617 5372 pro
643 5318 751 5375 quo
779 5304 836 5361 in
879 5306 981 5363 bac
1010 5309 1120 5365 vita
1151 5311 1289 5366 bona
1330 5314 1535 5385 recepit
1556 5334 1571 5370 :
1595 5325 1649 5371 et
1678 5331 1971 5389 pauperem
2000 5319 2099 5373 ali-

517 5392 661 5459 quod
700 5395 1123 5466 reprehensibile
1158 5400 1356 5470 egisse,
1399 5419 1497 5474 pro
1536 5421 1643 5476 quo
1667 5408 1949 5477 praesentis
1975 5408 2099 5465 vitae

518 5480 744 5553 ﬂagellis
772 5497 1031 5559 purgatus
1054 5498 1156 5545 est.
1185 5489 1550 5563 Equissimus
1576 5497 1720 5552 enim
1738 5496 1903 5566 judex
1933 5498 2095 5567 Deus,

519 5573 661 5630 sicut
687 5578 890 5635 malum
925 5580 1130 5635 nullum
1161 5581 1481 5651 impunitum
1511 5586 1751 5653 dimittit,
1785 5588 1866 5645 sic
1894 5588 2098 5644 nullum

520 5663 721 5722 bonum
732 5668 937 5740 absque
948 5673 1196 5728 mercede
1213 5674 1464 5745 relinquit
1486 5695 1499 5730 :
1523 5678 1644 5748 quia
1658 5688 1746 5733 aut
1762 5680 1812 5734 iu
1826 5681 2102 5750 praesenti,

523 5766 618 5815 aut
653 5760 707 5814 in
737 5760 921 5845 futuro
960 5764 1226 5821 retribuit.
1256 5767 1476 5835 Quoties
1506 5785 1635 5841 ergo
1661 5780 1754 5825 aut
1775 5773 2104 5843 prosperitas

522 5851 807 5920 praesentis
844 5854 965 5911 vitae
1003 5856 1156 5913 nobis
1185 5857 1476 5927 blanditur,
1515 5868 1606 5916 aut
1637 5861 1835 5917 divitia:
1861 5862 2103 5930 aﬂluuut,

2200 3310 2377 3358 autem
2415 3302 2488 3357 illi
2513 3302 2607 3374 qui
2635 3301 2688 3356 in
2713 3300 3016 3372 poenalibus
3045 3300 3177 3355 locis
3200 3306 3469 3363 tenentur,
3488 3297 3556 3353 ad
3574 3307 3783 3352 sancto-

2198 3407 2317 3446 rum
2344 3392 2584 3462 requiem
2610 3391 2846 3447 transire
2874 3390 3062 3454 velint,
3106 3389 3238 3445 nulli
3269 3389 3490 3445 dubium
3521 3396 3626 3444 est.
3656 3387 3786 3444 Justi

2197 3490 2376 3537 autem
2408 3481 2461 3536 in
2495 3480 2682 3552 requie
2712 3480 3020 3547 constituti,
3043 3479 3149 3535 etsi
3191 3493 3287 3550 per
3312 3478 3512 3534 mentis
3541 3491 3784 3547 compas-

2196 3571 2404 3627 sionem
2435 3573 2502 3626 ad
2523 3571 2643 3627 illos
2665 3572 2901 3626 transire
2924 3570 3132 3633 volunt,
3176 3578 3356 3624 tamen
3382 3568 3507 3639 quia
3529 3568 3599 3623 ab
3620 3582 3787 3638 aequa-

2196 3664 2346 3719 litate
2385 3663 2516 3733 justi
2552 3664 2750 3733 judicis
2792 3664 3105 3719 discordare
3151 3678 3259 3718 non
3305 3668 3555 3732 possunt,
3596 3677 3786 3731 nequa-

2195 3769 2355 3825 quam
2406 3756 2475 3811 ad
2521 3770 2617 3811 eos
2667 3754 2900 3811 transire
2943 3754 3145 3810 valent.
3179 3753 3288 3809 Sed
3335 3752 3524 3808 infelix
3548 3753 3698 3808 dives
3723 3753 3785 3806 de

2195 3845 2369 3902 salut:
2425 3861 2525 3901 sua
2580 3846 2937 3917 desperatus,
2992 3848 3059 3900 ad
3106 3844 3334 3899 fratrum
3387 3843 3781 3905 liberationem,

2195 3953 2332 4009 quos
2361 3937 2413 3991 in
2460 3937 2655 3993 saeculo
2699 3937 3015 4008 reliquerat,
3056 3936 3477 3992 sollicitudinem
3519 3936 3782 3991 convertit

2197 4044 2318 4084 cum
2350 4028 2465 4082 ait:

2272 4139 2291 4172 ι
2335 4120 2489 4191 Rogo
2513 4134 2643 4191 ergo
2686 4128 2757 4186 te,
2786 4128 2974 4192 pater,
3002 4128 3061 4176 ut
3099 4120 3284 4175 mittas
3309 4134 3439 4174 eum
3476 4118 3534 4173 in
3565 4118 3782 4174 domum

2201 4233 2220 4265 ι
2250 4212 2421 4283 patris
2446 4212 2573 4268 mei.
2600 4211 2783 4268 Habeo
2807 4213 2950 4267 enim
2967 4212 3208 4283 quinque
3233 4209 3455 4276 fratres,
3483 4218 3543 4264 ut
3567 4217 3786 4265 testetur

2202 4324 2221 4359 ι
2256 4306 2381 4373 illis,
2397 4322 2463 4362 ne
2475 4315 2530 4362 et
2545 4306 2646 4376 ipsi
2661 4306 2882 4361 veniant
2902 4306 2953 4359 in
2971 4304 3145 4360 locum
3171 4305 3314 4359 hunc
3335 4310 3749 4359 tormentorum.
3762 4319 3779 4351 ι

2197 4397 2296 4453 Cui
2318 4396 2465 4467 justo
2498 4396 2703 4468 judicio
2729 4396 2821 4451 Dei
2863 4396 2930 4451 ad
2961 4394 3237 4451 cumulum
3264 4409 3377 4449 suae
3399 4391 3783 4455 damnationis,

2198 4506 2306 4548 non
2355 4490 2527 4547 solum
2552 4489 2810 4562 cognitio,
2859 4488 2956 4544 sed
3006 4488 3169 4543 etiam
3209 4485 3473 4541 memoria
3516 4493 3784 4541 reservata

2200 4591 2410 4640 estzut
2434 4600 2541 4640 non
2570 4583 2744 4639 solum
2789 4598 2889 4653 pro
2937 4581 3140 4645 sersed
3185 4580 3350 4635 etiam
3381 4593 3483 4649 pro
3530 4577 3784 4632 fratribus

2202 4681 2571 4744 torqueretur,
2618 4687 2755 4741 quos
2795 4671 3046 4726 similiter
3073 4670 3252 4740 perire
3278 4667 3574 4723 metuebat.
3607 4666 3786 4735 Neque

2200 4767 2347 4821 enim
2383 4763 2623 4834 perfecta
2654 4771 2797 4819 esset
2826 4763 2879 4817 in
2912 4762 3080 4818 divite
3121 4760 3252 4815 ultio
3287 4759 3561 4830 pauperis,
3616 4758 3662 4813 si
3692 4757 3786 4813 La-

2198 4872 2383 4913 zarum
2444 4871 2550 4912 non
2597 4855 2975 4925 cognovisset;
3021 4867 3197 4924 neque
3240 4849 3479 4922 perfecta
3526 4864 3688 4921 pa-na
3735 4850 3786 4904 iu

2201 4948 2507 5013 tormentis,
2555 4948 2602 5005 si
2656 4945 2910 5010 fratrum,
2948 4960 3086 5016 quos
3123 4945 3178 5000 in
3226 4942 3425 4999 sreculo
3467 4941 3780 5011 reliquerat,

2201 5054 2308 5095 non
2339 5038 2694 5093 meminisset.
2723 5036 2842 5104 Quo
2871 5034 3119 5106 exemplo
3149 5047 3248 5088 nos
3276 5032 3630 5097 instruimur,
3663 5030 3783 5101 quia

2206 5131 2399 5186 animae
2427 5138 2740 5186 sanctorum
2758 5129 2810 5182 in
2831 5137 3032 5182 mterna
3049 5124 3381 5180 beatitudine
3408 5131 3665 5193 receptm,
3692 5134 3785 5191 pro

2205 5221 2379 5277 salute
2404 5221 2713 5284 eharorum,
2742 5234 2881 5289 quos
2922 5218 3063 5272 inter
3083 5214 3264 5271 sarculi
3292 5213 3531 5284 pericula
3562 5212 3785 5281 relique-

2206 5322 2356 5379 runt,
2392 5312 2727 5368 intercedere
2754 5310 3071 5366 creduntur.
3114 5308 3181 5364 Et
3212 5307 3336 5378 quia
3359 5305 3513 5375 juxta
3541 5304 3785 5375 Scriptu-

2208 5421 2283 5461 τω
2330 5403 2731 5467 auctoritatem,
2779 5400 2872 5470 qui
2931 5399 3033 5455 sibi
3057 5413 3286 5468 nequam
3334 5405 3439 5459 est,
3460 5395 3592 5449 nulli
3617 5395 3783 5448 bonus

2205 5496 2312 5550 erit
2341 5493 2531 5566 (Eccli.
2568 5490 2700 5564 xiv),
2727 5491 2878 5546 diviti
2909 5505 3009 5562 pro
3040 5488 3296 5544 fratribus
3321 5487 3531 5558 roganti
3563 5500 3777 5555 respou-

2206 5589 2363 5644 detur
2393 5605 2406 5640 :

2284 5698 2301 5729 ι
2339 5676 2550 5733 [labent
2594 5674 2812 5746 Moysen
2857 5684 2913 5731 et
2950 5673 3262 5746 prophetas,
3312 5671 3538 5727 audiant
3591 5670 3724 5725 illos.
3758 5686 3779 5719 ι

2210 5770 2279 5824 At
2326 5768 2415 5824 ille
2462 5767 2646 5823 dolore
2696 5767 3021 5823 constrictus
3071 5785 3083 5819 :
3130 5784 3149 5816 σ
3198 5763 3348 5830 Non,
3383 5762 3597 5835 (inquit,
3639 5770 3788 5832 pater

2219 5881 2235 5914 ι
2270 5861 2564 5931 Abraham,
2598 5860 2691 5918 sed
2718 5860 2764 5917 si
2800 5861 2921 5931 quis
2950 5875 3015 5915 ex
3044 5858 3273 5916 mortuis
3296 5855 3415 5937 ierit
3441 5855 3510 5910 ad
3535 5868 3652 5922 eos,
3674 5864 3787 5924 pm-
