4014 6354
237 368 372 427 597

1464 357 1765 419 HOMILIE
1808 361 1894 416 DE
1934 358 2277 415 'l‘EMPORE.

3416 358 3520 414 59S

251 503 280 534 ε
328 483 608 540 nitentiam
657 487 835 553 agent.
874 500 893 533 ι
946 479 1012 534 Et
1041 479 1165 549 quia
1194 456 1275 550 (ut
1315 477 1389 532 ait
1416 476 1688 545 Salomon)
1739 475 1912 534 necA
1937 471 2237 541 Aliquando
2273 470 2441 525 malos
2482 472 2757 532 doctotes,
2800 444 2939 524 sicut
2973 484 3068 538 per
3099 468 3412 540 prophetam
3441 470 3532 524 dia

243 590 424 645 opus,
453 588 553 628 nec
581 573 737 638 ratio,
782 586 883 627 nee
911 571 1165 633 scientia,
1218 582 1392 636 neque
1438 567 1720 636 prudentia
1757 575 1841 620 est

246 666 412 734 apud
441 664 642 720 inferos
683 663 877 735 (Eccle.
912 662 1010 732 Ix),
1042 661 1217 716 adhuc
1244 658 1487 715 subditur
1519 677 1532 711 :
1562 677 1580 709 ί
1613 657 1670 712 Si
1699 656 1841 726 Moy-

255 775 284 808 c
340 772 436 812 seu
479 764 531 810 et
561 755 850 825 prophetas
890 768 997 807 non
1025 751 1264 814 audiunt,
1314 764 1490 819 neque
1523 749 1567 803 si
1604 748 1725 818 quis
1772 762 1842 801 ex

254 866 287 899 ς
337 846 566 903 mortuis
588 844 967 909 resurrexerit,
991 843 1228 899 credent.
1260 859 1279 893 ι
1297 841 1410 909 Qua
1434 840 1698 896 sententia
1722 840 1849 895 luce'

246 938 474 993 clarius
500 945 666 1006 patet,
720 934 846 1006 quia
870 936 959 1004 qui
987 932 1201 1005 Moysen
1224 941 1280 988 et
1309 932 1602 1002 prophetas
1654 932 1842 985 audire

244 1036 743 1100 contempserunt,
788 1026 1061 1084 Christum
1117 1043 1148 1082 a
1202 1025 1430 1081 mortuis
1473 1032 1841 1093 resurgentem

248 1126 494 1181 credere
526 1121 849 1177 noluerunt:
880 1120 964 1176 vel
1006 1119 1097 1189 qui
1120 1126 1386 1190 praecepta
1415 1114 1625 1171 Veteris
1652 1115 1844 1169 Testa-

249 1213 442 1270 menti
480 1218 846 1274 contemnunt,
894 1209 1080 1278 utique
1128 1207 1410 1263 veritatem
1464 1204 1601 1261 Novi
1654 1204 1847 1260 Testa-

251 1305 465 1371 menti,
490 1316 615 1375 "qua:
633 1301 835 1359 Christi
860 1300 1307 1358 resurrectionem
1334 1298 1611 1367 pmdicat,
1625 1296 1845 1351 minime

253 1396 499 1467 implere
524 1401 766 1465 possunt.
800 1390 907 1448 Sed
930 1391 1057 1461 quia
1082 1391 1199 1445 haec
1233 1388 1509 1445 moraliter
1550 1387 1617 1441 ad
1644 1394 1852 1442 terrens

252 1489 396 1545 dam
420 1487 646 1543 divitum
661 1484 966 1547 avaritiam,
988 1489 1044 1538 et
1068 1495 1362 1551 pauperum
1390 1478 1624 1548 inopiam
1648 1491 1846 1532 οοιιςοι-

253 1577 488 1634 landam
517 1575 771 1641 diximus,
802 1573 928 1628 hinc
953 1572 1189 1627 breviter
1212 1568 1341 1639 quid
1365 1566 1647 1638 allegorice
1675 1565 1851 1637 signi-.

256 1670 456 1735 licent,
484 1668 775 1725 videamus.
800 1665 911 1727 Her
936 1662 1159 1718 divitem
1181 1661 1324 1716 enim
1345 1668 1400 1714 et
1427 1658 1715 1729 pauperem
1741 1656 1846 1711 duo

252 1768 538 1834 praecepta
568 1756 748 1829 populi
775 1754 1167 1827 signiﬁcantur,
1211 1749 1518 1812 Juda'orum
1566 1746 1773 1803 scilicet
1791 1754 1913 1834 ει»-
1947 1743 2120 1800 denda
2153 1753 2300 1810 sunt,
2340 1745 2493 1834 utad
2541 1744 2831 1798 sanitatem
2876 1742 3071 1797 animae
3098 1740 3219 1812 quis
3245 1743 3529 1812 pervenire
3630 1744 3639 1755 ‘

1937 564 2079 620 citur
2109 581 2121 616 :
2160 582 2179 614 ι
2222 561 2599 631 Speculatores
2635 562 2752 632 ejus
2789 562 2914 616 (ξιιιεί
2951 576 3170 627 omnes,
3213 563 3530 618 nescierunt.

1937 652 2176 708 universi
2205 667 2369 708 canes
2397 651 2552 717 muti,
2596 669 2699 707 non
2729 652 2968 706 valentes
3020 651 3239 714 latrare,
3272 652 3522 706 videntes

1938 753 2166 801 vana'et
2194 753 2438 798 amantes
2493 742 2701 797 somnia
2735 742 2869 812 (Isa.
2917 732 3100 813 131)..
3155 742 3222 795 Et
3276 743 3517 797 iterum:

1946 856 1966 889 ‹
1986 837 2162 893 Canes
2189 833 2595 904 impudicissimi
2621 833 2929 888 nescierunt
2961 833 3301 887 saturitatem
3333 832 3463 905 (1b.)
3497 854 3515 884 ι

1940 929 2006 984 Ει
2035 926 2271 1005 Joannes
2302 926 2353 981 in
2374 924 2694 995 Apocalypsi
2723 939 2737 977 :
2769 942 2785 976 ι
2816 923 2970 979 Foris
2998 938 3162 980 canes
3195 934 3248 979 et
3272 923 3518 987 veneﬁci,

1940 1030 1996 1076 et
2040 1020 2312 1089 impudici,
2350 1025 2403 1073 et
2432 1017 2608 1071 omnis
2635 1016 2724 1086 qui
2753 1025 2898 1069 amat
2932 1024 2986 1070 et
3014 1015 3144 1071 facit
3180 1016 3521 1071 mendacium

1944 1112 2125 1184 (Apoc.
2153 1113 2313 1181 xxii).
2352 1131 2371 1163 ι
2419 1109 2526 1165 Sed
2558 1111 2611 1164 in
2640 1110 2742 1163 hoc
2769 1108 2889 1164 loco
2924 1108 3095 1164 bonos
3143 1110 3524 1178 prmtlicatores

1942 1203 2265 1272 signiﬁcant,
2293 1204 2359 1259 de
2382 1202 2577 1272 quibus
2602 1217 2699 1271 per
2722 1200 3064 1255 Psalmistam
3088 1201 3318 1256 dicitur:
3354 1220 3372 1252 ι
3402 1202 3525 1256 Lin-

1942 1306 2046 1363 gua
2066 1307 2259 1347 canum
2288 1300 2502 1347 tuorum
2530 1306 2595 1345 ex
2621 1290 2853 1346 inimicis
2867 1291 2935 1345 ab
2955 1290 3073 1360 ipso
3089 1289 3261 1362 (Paul.
3284 1292 3475 1363 van).
3499 1314 3517 1343 ι

1944 1379 2104 1437 Canis
2140 1382 2285 1436 enim
2312 1380 2505 1436 vulnus
2534 1379 2678 1450 quod
2731 1380 2907 1451 lingit,
2943 1380 3103 1436 citius
3139 1380 3204 1435 ad
3234 1383 3523 1437 sanitatem
3560 1367 3569 1380 ’

1944 1473 2211 1544 perducit.
2262 1472 2401 1540 Quid
2458 1482 2635 1527 autem
2682 1481 2809 1527 sunt
2850 1472 3070 1527 vulnera
3122 1474 3223 1527 nisi
3263 1475 3529 1544 peccata?

1946 1563 2098 1618 Sicut
2136 1564 2279 1617 enim
2329 1562 2522 1617 vulnus
2570 1563 2637 1617 ab
2666 1562 3014 1618 interioribus
3048 1562 3343 1618 visceribus
3378 1563 3527 1620 foras

1945 1652 1999 1707 in
2035 1661 2156 1707 cute
2181 1652 2415 1723 erumpit
2439 1684 2452 1716 δ
2482 1652 2560 1708 sic
2586 1659 2806 1721 peccata
2851 1666 2949 1722 per
2971 1650 3366 1708 confessionem
3394 1668 3529 1722 pan-
3550 1696 3551 1699 η
3575 1674 3579 1678 ι

253 1825 533 1920 ὲειιιὶιιιιι.
570 1825 679 1901 Per
702 1825 921 1901 divitem
944 1841 1252 1897 Iudaeorum
1282 1837 1512 1910 populus
1540 1834 1843 1906 prmﬁgura-
1873 1825 1918 1884 Β
1944 1836 2135 1907 possit.
2167 1836 2339 1906 Igitur
2374 1830 2505 1891 nihil
2538 1835 2683 1890 aliud
2720 1844 2803 1891 est
2834 1843 3180 1905 peccatorum
3229 1835 3527 1899 confessio,
3597 1908 3604 1915 ,

255 1950 385 2005 tur,
416 1939 508 2008 qui
534 1953 637 1993 non
668 1936 839 1992 solum
869 1932 1114 1991 carnales
1142 1930 1376 1993 divitias,
1409 1928 1503 1983 sed
1535 1927 1695 1982 etiam
1725 1924 1841 1994 spi-

256 2030 461 2088 ritales
484 2045 582 2101 per
610 2029 743 2100 legis
771 2027 1017 2084 notitiam
1050 2024 1279 2093 accepit,
1321 2020 1515 2091 quibus
1565 2017 1736 2089 magis
1779 2016 1845 2071 ad

254 2122 526 2184 nitorem,
569 2134 729 2189 quam
758 2119 826 2172 ad
851 2116 1134 2171 utilitatem
1176 2127 1307 2167 usus
1331 2120 1431 2167 est.
1479 2109 1580 2179 Qui
1609 2122 1845 2180 purpura

257 2214 494 2270 indutus
519 2220 604 2266 est
628 2212 681 2265 in
710 2209 1060 2279 martyribus,
1090 2206 1251 2277 bysso
1292 2205 1348 2259 in
1374 2203 1699 2272 virginibus:
1731 2200 1845 2253 sive

256 2317 511 2374 purpura
548 2302 601 2354 in
637 2301 784 2369 regia
808 2298 1087 2370 dignitate,
1116 2297 1277 2367 bysso
1305 2294 1356 2348 in
1386 2292 1554 2365 gloria
1596 2289 1849 2346 sacerdo-

259 2393 391 2447 tali.
423 2391 753 2462 Epulabatur
795 2387 1033 2459 quotidie
1061 2385 1369 2457 splendide,
1403 2383 1457 2438 in
1488 2383 1709 2437 Palmm
1738 2379 1849 2435 elo-

256 2482 415 2551 quiis
447 2480 795 2537 meditando.
819 2478 921 2533 Per
947 2490 1235 2547 pauperem
1267 2490 1394 2529 vero
1424 2472 1689 2529 Lazarum
1715 2484 1847 2540 gen-

256 2573 382 2631 tilis
404 2571 631 2643 populus
665 2571 996 2643 designatur,
1028 2569 1119 2638 qui
1145 2582 1347 2638 pauper
1373 2566 1599 2628 exstitit,
1637 2562 1849 2639 quando

260 2679 319 2720 ει.
350 2662 486 2733 legis
528 2661 723 2716 notitia
768 2669 824 2715 et
858 2659 1163 2731 cognitione
1189 2658 1285 2712 Dei
1315 2657 1521 2712 alienus
1547 2655 1666 2710 fuit.
1693 2653 1849 2709 Jace-

261 2758 368 2812 bat
388 2754 455 2809 ad
476 2753 698 2823 januam
725 2751 862 2822 ejus,
887 2752 1013 2823 quia
1039 2751 1179 2805 intra
1205 2748 1425 2817 januam
1455 2747 1694 2803 scientiae
1718 2745 1851 2814 legis

263 2845 484 2917 ingredi
528 2860 634 2901 non
682 2849 915 2913 poterat.
960 2840 1243 2895 Ulceribus
1288 2837 1514 2909 plenus,
1564 2836 1615 2890 id
1645 2844 1727 2891 est
1762 2834 1847 2888 di-

262 2935 444 2991 versis
472 2941 817 3005 peccatorum
847 2928 1165 2985 criminibus
1210 2926 1462 2983 foedatus.
1494 2923 1729 2994 Cupiens
1757 2939 1848 2977 sa-

265 3024 398 3080 tiari
429 3023 496 3078 de
534 3022 713 3087 micis,
756 3036 877 3091 quae
927 3019 1191 3073 cadebant
1240 3014 1307 3070 de
1330 3029 1514 3070 mensa
1543 3013 1747 3078 divitis,
1796 3020 1851 3068 et

269 3127 435 3171 nemo
464 3110 538 3166 illi
563 3111 755 3176 dabat;
795 3109 920 3179 quia
950 3107 1035 3162 ille
1055 3105 1317 3175 superbus
1340 3103 1645 3158 Judteorum
1676 3117 1848 3173 popu-

1946 1928 2049 1985 nisi
2095 1928 2339 1997 quaedam
2395 1928 2678 1983 vulnerum
2722 1928 2921 1997 ruptio.
2981 1926 3047 1981 Et
3075 1941 3327 1997 nosergo
3361 1928 3530 1982 conli~

1946 2018 2106 2074 tendo
2130 2029 2346 2089 peccata
2374 2019 2507 2074 nihil
2533 2018 2677 2075 aliud
2709 2019 2937 2087 agimus,
2990 2018 3093 2073 nisi
3130 2019 3272 2089 quod
3308 2018 3529 2088 pestife-

1945 2127 2063 2165 rum
2091 2112 2145 2165 in
2198 2119 2378 2166 mente
2408 2111 2627 2176 latebat,
2678 2110 2968 2179 aperimus.
3005 2110 3140 2177 Quia
3179 2124 3307 2180 ergo
3354 2096 3529 2164 sancti

1945 2201 2324 2270 praedicatores
2354 2201 2608 2272 gentilem
2632 2199 2883 2272 populum
2922 2199 2987 2257 ad
3019 2208 3361 2270 peccatorum
3391 2216 3526 2255 con-

1946 2289 2234 2346 fessionem
2265 2299 2613 2355 vocaverunt,
2646 2291 2807 2360 quasi
2822 2290 3092 2361 spiritales
3118 2306 3282 2346 canes
3304 2291 3527 2345 vulnera

1948 2379 2141 2443 Lazari
2167 2376 2415 2455 tingendo
2440 2392 2785 2438 curaverunt.
2827 2383 2980 2438 Unde
3009 2384 3146 2459 bene
3173 2384 3314 2437 idem
3355 2382 3530 2437 Laza-

1951 2489 2062 2535 rus,
2093 2473 2309 2544 adjutus
2338 2473 2729 2544 interpretatur
2753 2491 2766 2528 :
2803 2475 2928 2543 quia
2959 2474 3034 2528 illi
3062 2475 3131 2528 ad
3152 2474 3380 2528 salutem
3404 2490 3528 2529 eum

1951 2564 2290 2633 adjuverunt,
2343 2564 2432 2634 qui
2467 2572 2687 2635 peccata
2747 2580 2842 2619 sua
2878 2580 3000 2620 eum
3050 2565 3294 2620 conﬁteri
3327 2565 3532 2619 docue-

1952 2664 2095 2711 runt.
2131 2656 2197 2710 Et
2240 2657 2365 2726 quia
2394 2658 2624 2726 gentiles
2649 2670 2746 2727 per
2774 2656 2931 2711 ﬁdem
2963 2657 3054 2711 ﬁlii
3083 2656 3317 2712 Abrahae
3352 2654 3530 2712 eﬂ'ecti

1950 2756 2094 2812 sunt,
2120 2756 2264 2802 recte
2291 2748 2632 2820 subjuugitur
2654 2766 2722 2807 ες(
2756 2748 2979 2804 Factum
3009 2756 3093 2804 est
3121 2757 3299 2803 autem
3331 2758 3387 2803 ut
3416 2763 3532 2801 mo-

1952 2844 2161 2891 reretur
2189 2838 2466 2893 mendicus
2493 2846 2548 2893 et
2597 2846 2906 2909 portaretur
2936 2840 3004 2892 ab
3040 2839 3250 2906 angelis
3273 2839 3324 2892 in
3352 2838 3531 2894 sinum

1951 2926 2199 2986 Abrahae.
2242 2945 2259 2977 ι
2293 2925 2505 2997 Pauper
2533 2936 2713 2983 autem
2756 2928 2809 2982 in
2850 2929 3025 2983 sinum
3068 2927 3298 2982 Abraha:
3342 2937 3555 2998 porta--

1953 3023 2060 3081 tur,
2108 3017 2235 3086 quia
2261 3033 2360 3087 per
2387 3017 2548 3072 ﬁdem
2596 3018 2810 3087 gentilis
2865 3018 3091 3090 populus
3119 3020 3185 3073 ad
3214 3020 3527 3074 societatem

1952 3109 2379 3178 patriarcharum
2410 3109 2707 3180 colligitur,
2764 3112 2991 3173 Domino
3019 3111 3268 3167 dicente:
3327 3130 3343 3162 ι
3382 3110 3531 3165 Multi

273 3205 358 3259 lus
388 3202 570 3269 verba,
615 3216 735 3272 quae
761 3202 827 3257 de
872 3200 1006 3272 legis
1027 3199 1250 3254 scientia
1277 3195 1633 3267 proﬁuebant,
1679 3194 1851 3266 genti-
1877 3180 1921 3240 C
1954 3200 2170 3254 venient
2190 3200 2258 3254 ab
2286 3201 2577 3257 orienteet
2602 3203 2909 3264 occidente,
2960 3213 3013 3258 et
3040 3205 3354 3257 rccumbent
3407 3219 3531 3257 cum

278 3296 382 3351 bus
408 3296 535 3350 dare
561 3294 832 3350 nolebant.
874 3293 941 3347 Et
962 3291 1086 3346 dum
1112 3289 1391 3360 pmeceptis
1422 3287 1555 3359 legis
1593 3285 1763 3357 magis
1784 3284 1851 3339 ad

275 3386 579 3451 elationem,
630 3400 794 3461 quam
836 3384 905 3439 ad
930 3382 1261 3439 cbaritatem
1292 3389 1348 3436 et
1393 3379 1675 3434 utilitatem
1724 3392 1854 3432 usus

272 3486 377 3541 est,
420 3476 572 3545 quasi
599 3490 666 3530 ex
697 3474 931 3545 acceptis
976 3470 1445 3543 dapibustumuit.
1500 3469 1682 3524 Mensa
1707 3467 1850 3523 enim

273 3569 609 3638 Scripturam
639 3552 881 3623 sanctam
909 3554 1210 3637 signiﬁcat,
1248 3552 1385 3618 Sicut
1415 3561 1676 3631 scriptum
1728 3567 1847 3616 est:

276 3681 305 3711 ι
332 3658 539 3714 Parasti
575 3660 628 3713 in
664 3664 955 3728 conspectu
1007 3668 1130 3710 meo
1158 3668 1400 3710 mensam
1451 3650 1713 3707 adversus
1757 3662 1853 3705 eos

269 3750 364 3822 qui
396 3748 654 3809 tribulant
693 3763 779 3803 me
819 3745 992 3819 (Paul.
1038 3745 1196 3816 XXII).
1230 3763 1248 3796 ι
1281 3743 1431 3799 Mica:
1483 3750 1684 3806 autem,
1732 3755 1853 3811 qum

268 3842 543 3897 cadebant
559 3841 625 3897 de
647 3844 832 3894 menSa
854 3835 1057 3902 divitis,
1082 3837 1246 3892 verba
1277 3843 1424 3899 sunt,
1460 3849 1581 3904 quze
1616 3833 1682 3887 de
1721 3831 1852 3901 legis

268 3932 522 3995 scientia,
568 3939 629 3986 ut
659 3931 915 3994 diximus,
940 3927 1298 4000 proﬁuebant.
1336 3926 1444 3981 llas
1473 3924 1724 3995 cupiebat
1756 3939 1849 3978 ac-

268 4022 454 4091 cipere
474 4020 577 4075 iste
619 4034 843 4090 pauper,
872 4017 1085 4089 gentilis
1112 4016 1322 4072 scilicet
1356 4014 1602 4085 populus,
1636 4014 1701 4067 de
1725 4012 1849 4082 qui-

267 4115 376 4171 bus
403 4123 521 4169 erat
554 4112 640 4167 illa
668 4111 863 4167 mulier
890 4110 1192 4165 Chananara
1220 4124 1340 4178 quae
1368 4107 1597 4162 Domino
1620 4105 1721 4162 sibi
1771 4103 1851 4158 di-

272 4204 442 4270 centi,
481 4222 500 4255 ι
537 4203 652 4259 Non
678 4213 760 4258 est
784 4203 983 4258 bonum
1007 4214 1220 4256 sumere
1261 4213 1453 4269 panem
1489 4197 1744 4261 ﬁliorum,
1796 4202 1867 4250 et.

273 4298 491 4360 mittere
536 4295 776 4360 canibus,
808 4316 828 4349 ι
862 4293 1138 4365 respondit
1166 4293 1387 4348 dicens:
1443 4310 1462 4343 ‹
1500 4290 1714 4360 Utique,
1746 4289 1851 4344 Do-

243 4389 441 4452 .mine,
472 4402 596 4441 nam
620 4395 676 4442 et
714 4385 890 4441 catelli
912 4384 1080 4441 edunt
1104 4384 1170 4439 de
1195 4384 1371 4449 micis,
1407 4398 1527 4453 quae
1554 4382 1754 4437 cadunt
1781 4382 1849 4459 de

270 4494 461 4534 mensa
488 4476 826 4534 dominorum
863 4491 1083 4533 suorum
1112 4474 1325 4549 (Matth.
1360 4475 1473 4547 xv).
1505 4493 1524 4527 ι
1559 4474 1666 4530 Sed
1689 4488 1872 4543 quem,

273 4569 427 4625 dives
466 4562 780 4631 centemnit,
819 4567 960 4621 Deus
1000 4581 1106 4620 non
1152 4565 1399 4635 despicit.
1442 4563 1667 4632 Quando
1704 4565 1874 4629 enim,

271 4655 523 4714 excelsus
547 4656 689 4713 Deus
730 4655 948 4733 humilis
982 4654 1159 4711 factus
1184 4664 1268 4711 est
1298 4656 1491 4723 homo,
1539 4671 1647 4712 non
1677 4655 1850 4714 solum
1895 4686 1910 4699 ο

274 4748 347 4803 ad
388 4746 694 4805 Judaaorum
722 4747 997 4816 populum,
1028 4748 1122 4803 sed
1146 4746 1311 4803 etiam
1345 4747 1413 4802 ad
1440 4748 1676 4817 gentium
1712 4762 1852 4818 prae,-

273 4839 549 4894 dicatores
576 4853 704 4893 suos
723 4838 938 4892 mittere
975 4836 1224 4907 dignatus
1263 4846 1366 4893 est.
1422 4837 1576 4894 Unde
1603 4839 1741 4894 bene
1770 4836 1853 4892 di-

274 4929 454 4985 citur:
492 4949 511 4980 ι
542 4927 648 4983 Sed
671 4935 725 4982 et
758 4942 928 4984 canes
947 4928 1232 4987 veniebant
1276 4936 1331 4983 et
1370 4928 1645 5000 lingebant
1671 4928 1853 4984 ulcera

274 5018 415 5087 ejus.
449 5037 467 5069 ›
507 5018 680 5073 Canes
712 5017 767 5073 in
802 5017 1121 5087 Scripturis,
1153 5018 1334 5073 varias
1362 5019 1563 5075 habent
1584 5019 1853 5090 signiﬁca-

278 5111 472 5166 tiones.
502 5110 804 5180 Aliquando
833 5110 1085 5180 populum
1113 5108 1421 5166 Judteorum
1441 5110 1765 5183 signiﬁcant,
1792 5121 1855 5168 ut

278 5203 332 5257 in
360 5202 573 5258 Psalmo
602 5203 825 5274 legitur:
858 5222 877 5253 ‹
896 5202 1379 5261 Circumdederunt
1400 5218 1486 5259 me
1516 5218 1677 5260 canes
1701 5205 1855 5260 multi

278 5291 457 5365 (Psal.
513 5295 649 5367 ut).
691 5315 710 5347 ι
759 5294 1273 5364 Aliquandofalsos
1332 5293 1667 5361 catholicos,
1717 5295 1857 5353 sicut

278 5399 377 5454 per
402 5385 853 5455 sapientissimum
882 5384 1223 5447 Salomonem
1252 5387 1487 5441 dicitur:
1531 5404 1550 5437 ‹
1590 5385 1741 5440 Sicut
1766 5401 1857 5442 ca-

279 5474 367 5530 nis
398 5476 489 5545 qui
521 5476 810 5530 revertitur
828 5475 1178 5536 advomitum
1209 5490 1384 5540 suum,
1419 5474 1493 5529 ita
1528 5472 1724 5530 stultus
1763 5475 1854 5545 qui

281 5567 449 5622 iterat
487 5568 770 5622 stultitiam
817 5582 989 5621 suam.
1050 5564 1231 5639 (Prov.
1273 5566 1443 5639 XXVI).
1491 5586 1510 5620 ι
1555 5565 1856 5636 Aliquando

284 5660 592 5727 haereticos,
609 5660 749 5715 sicut
775 5657 1064 5729 Apostolus
1082 5658 1192 5713 ait:
1220 5676 1239 5709 ι
1259 5657 1449 5715 Videte
1473 5673 1657 5724 canes,
1683 5657 1859 5714 videte

287 5754 456 5809 malos
480 5755 778 5825 operarios,
814 5753 991 5809 videte
1029 5753 1388 5809 concisioncm
1431 5748 1649 5825 (Philip.
1682 5752 1786 5819 ιιι),
1834 5772 1852 5804 ι

1951 3288 2224 3344 Abraham
2247 3298 2301 3346 et
2320 3289 2471 3346 Isaae
2493 3300 2547 3346 et
2573 3290 2740 3347 Jacob
2763 3292 2815 3347 in
2841 3308 3005 3362 regno
3026 3293 3282 3348 coelormu
3312 3293 3531 3363 (Manli.

1956 3378 2094 3449 vni).
2133 3400 2151 3430 ι
2186 3380 2407 3435 Atvero
2432 3379 2740 3437 Judmorum
2772 3384 3023 3453 populus,
3062 3385 3152 3453 qui
3192 3384 3420 3452 credere
3443 3401 3535 3438 no-

1952 3467 2074 3531 luit,
2108 3479 2329 3538 propter
2363 3470 2639 3539 perﬁdiam
2687 3472 2980 3542 repellitur.
3035 3473 3529 3533 Unde-benedici:

1955 3566 2078 3612 tur:
2131 3578 2149 3610 ι
2183 3558 2424 3615 Mortuus
2451 3570 2535 3617 est
2583 3560 2761 3618 autem
2803 3564 2971 3631 dives,
3004 3574 3058 3619 et
3093 3565 3334 3636 sepultus
3361 3574 3444 3620 est
3476 3566 3528 3620 in

1952 3650 2182 3707 inferno.
2217 3673 2245 3704 »μ
2298 3652 2464 3709 Recte
2504 3654 2559 3710 in
2599 3655 2774 3726 capite
2803 3656 2964 3726 hujus
2993 3656 3242 3714 lectionis
3296 3658 3530 3727 primum

1954 3743 2132 3812 posuit
2175 3742 2417 3809 divitem,
2458 3744 2652 3800 deinde
2697 3761 3029 3823 pauperem:
3067 3764 3208 3804 nunc
3242 3764 3371 3804 vero
3422 3750 3532 3819 pri-

1954 3847 2100 3886 mum
2132 3847 2444 3903 pauperem,
2493 3834 2687 3890 deinde
2716 3836 2959 3905 divitem,
2987 3847 3045 3892 ut
3068 3840 3376 3903 ostenderet
3407 3841 3534 3911 quia

1951 3922 2205 3979 Judaicus
2232 3924 2480 3996 populus,
2531 3927 2623 3997 qui
2661 3927 2841 3984 fuerat
2884 3930 2936 3985 in
2969 3931 3142 4001 capite
3173 3932 3531 4001 superhieudo

1950 4024 2005 4071 et
2031 4030 2092 4071 se
2115 4015 2419 4085 exaltando,
2462 4018 2638 4077 factus
2666 4029 2749 4077 est
2778 4023 2832 4076 in
2861 4024 3031 4079 cauda
3056 4041 3068 4077 :
3110 4025 3328 4095 gentilis
3352 4041 3411 4101 se
3433 4027 3533 4081 hu.

1950 4109 2228 4175 miliando,
2274 4110 2366 4182 qui
2415 4122 2533 4167 erat
2559 4113 2904 4179 novissimus,
2946 4114 3259 4177 factusest
3299 4121 3531 4188 primus.

1950 4198 2096 4268 quia,
2129 4199 2271 4254 sicut
2299 4215 2393 4269 per
2421 4200 2882 4271 sapientissimum
2912 4204 3257 4262 Salomonem
3287 4207 3485 4265 dicitur
3514 4221 3539 4264 ει

1957 4306 1975 4340 ι
2015 4289 2314 4360 Superbum
2342 4294 2586 4362 sequitur
2615 4295 2931 4365 ignominia,
2964 4306 3020 4354 et
3047 4298 3308 4354 humilem
3341 4301 3533 4369 spiritu

1950 4379 2118 4449 gloria
2145 4378 2326 4453 (Prov.
2352 4381 2524 4455 XXIX).
2556 4403 2575 4436 ι
2617 4383 2765 4441 Unde
2793 4393 2849 4442 et
2881 4387 3140 4444 Dominus
3162 4389 3215 4442 in
3243 4388 3536 4458 Evangelio

1954 4471 2074 4526 ait:
2144 4488 2164 4523 α
2198 4470 2386 4528 Omnis
2428 4474 2521 4544 qui
2555 4489 2617 4531 se
2667 4475 2902 4543 exaltat,
2953 4478 3325 4535 humiliabitur
3376 4479 3532 4550 (Luc.

1955 4577 2071 4627 xxv,
2102 4562 2280 4634 xvm).
2314 4583 2334 4615 ι
2394 4563 2462 4618 Et
2488 4565 2682 4620 iterum
2713 4585 2726 4621 :
2767 4584 2786 4617 ι
2819 4567 2990 4625 Erunt
3022 4569 3181 4639 primi
3229 4570 3541 4637 novissimi,

1957 4662 2014 4711 et
2044 4654 2323 4709 novissimi
2373 4655 2785 4727 primi,(Mauh.
2812 4659 2945 4729 xu).
2976 4678 2999 4712 ι
3052 4658 3152 4727 Qui
3183 4661 3457 4719 Abraham
3504 4681 3536 4717 a

1956 4747 2112 4818 longe
2139 4749 2427 4820 conspicit,
2459 4752 2585 4819 quia
2612 4752 2662 4807 ei
2681 4768 2795 4823 .per
2832 4753 3211 4821 imitationem,
3242 4763 3303 4808 ut
3331 4757 3362 4811 d
3386 4771 3535 4811 etum

1954 4846 2060 4904 est,
2093 4839 2369 4908 proximus
2393 4839 2511 4897 ﬁeri
2539 4841 2725 4897 noluit.
2754 4843 2854 4910 Qui
2879 4844 2999 4914 plus
3026 4846 3083 4900 in
3120 4845 3300 4918 lingua
3323 4861 3384 4901 se
3413 4862 3538 4902 cru-

1958 4928 2092 4985 ciari
2138 4931 2409 5003 perbibet,
2436 4932 2562 5003 quia
2587 4934 2750 4988 verba
2777 4934 2938 5005 legis,
2968 4951 3089 5007 quae
3120 4936 3173 4992 in
3217 4952 3311 4993 ore
3343 4939 3533 5000 tenuit,

1951 5038 2115 5094 opere
2140 5023 2363 5093 implere
2388 5025 2728 5096 contempsit.
2758 5026 2925 5082 Recte
2952 5028 3116 5082 etiam
3142 5029 3194 5082 in
3219 5028 3401 5098 lingua
3427 5044 3537 5085 ma-

1952 5112 2035 5183 gis
2078 5112 2272 5168 ardere
2320 5114 2537 5180 dicitur,
2599 5115 2727 5184 quia
2778 5115 2948 5172 Judrei
3005 5128 3268 5181 acuerent
3325 5119 3537 5190 linguas

1954 5216 2085 5258 suas
2114 5204 2254 5259 sicut
2281 5207 2842 5281 serpentes,,quando
2868 5216 3056 5264 contra
3107 5219 3382 5264 auctorem
3414 5210 3536 5262 vita:

1955 5293 2206 5352 dixerunt
2234 5312 2248 5350 :
2288 5314 2306 5347 ι
2335 5295 2622 5368 Cruciﬁge,
2665 5290 2921 5371 cruciﬁge
2943 5315 3087 5357 eum.
3128 5300 3242 5357 Non
3275 5300 3539 5358 habemus

1959 5399 2140 5456 regem
2158 5385 2261 5440 nisi
2283 5384 2552 5441 Cmsarem
2575 5386 2758 5459 (loan.
2781 5394 2916 5462 nx).
2945 5411 2963 5444 ι
2991 5390 3091 5458 Qui
3110 5392 3178 5447 ab
3193 5399 3441 5449 extremo
3457 5390 3549 5442 di-.

1958 5476 2070 5548 gito
2091 5476 2282 5533 Lazari
2329 5493 2388 5532 se
2414 5477 2718 5550 refrigerari
2739 5492 3029 5552 precatur,
3072 5484 3199 5552 quia
3232 5482 3302 5539 illi
3355 5481 3447 5551 qui
3481 5480 3551 5541 ill.

1959 5579 2163 5624 aeterno
2187 5570 2448 5641 supplicio
2475 5581 2602 5626 sunt
2633 5571 2905 5640 damnati,
2943 5574 3181 5628 minimis
3227 5580 3549 5631 sanctorum.

1960 5660 2237 5730 operibus,
2268 5662 2310 5716 si
2348 5661 2467 5718 ﬁeri
2496 5672 2720 5735 posset,
2759 5674 3009 5735 optarent
3054 5678 3174 5721 esse
3226 5662 3533 5735 participes.
3608 5685 3621 5695 ·

1963 5750 2114 5821 Quod
2145 5752 2268 5821 quia
2296 5761 2416 5824 post
2439 5763 2672 5811 mortem
2700 5755 2813 5811 ﬁeri
2840 5771 2942 5810 non
2971 5763 3177 5825 potest,
3210 5764 3353 5814 recte
3385 5754 3535 5812 diviti

2180 6008 2217 6041 «i-
