4014 6354
521 357 630 421 599

1156 358 1508 417 llAYMONlS
1544 360 2022 421 HALBERSTAT.
2066 364 2280 423 EPISC.
2321 366 2473 424 OPP.
2516 367 2696 425 PARS
2732 368 2796 424 11.
2825 399 2895 409 —
2930 368 3162 427 HOMIL.

3701 377 3816 436 600

512 490 647 531 voce
673 474 901 529 Abrahae
947 473 1182 528 dicitur:
1230 492 1249 525 ί
1288 472 1575 539 Memento,
1610 474 1709 542 lili,
1739 475 1866 547 quia
1900 475 2104 546 recepi-
2130 477 2182 536 A
2213 495 2232 529 ι
2272 478 2361 534 bet
2388 479 2554 565 vitam
2583 479 2638 537 in
2662 494 2725 535 se
2750 487 3077 535 manentem.
3117 498 3135 530 ι
3189 476 3325 549 Nam
3367 481 3459 539 ubi
3485 484 3811 550 retributio-

513 566 580 619 sti
613 565 749 619 bona
778 565 830 619 in
859 564 965 618 vita
995 573 1109 629 tua,
1133 572 1188 619 et
1215 563 1453 620 Lazarus
1474 565 1725 625 similiter
1753 566 1914 622 mala.
1942 565 2113 631 Nunc.

513 668 694 717 autem
726 658 814 713 hic
859 657 1188 721 consolatur,
1222 665 1278 711 tu
1309 674 1438 712 vero
1467 659 1749 720 cruciaris.
1790 678 1809 712 ι
1851 660 2100 730 Quinque

512 760 691 807 autem
721 748 913 804 fratres
942 747 1093 804 dives
1139 765 1200 807 se
1237 750 1437 813 habere
1476 754 1809 819 testabatur,
1848 754 1973 824 quia
2006 770 2100 824 po-

513 844 670 914 pulus
692 842 948 899 .lndaicus
977 844 1217 916 quinque
1241 845 1408 903 libros
1442 847 1611 920 Moysi
1659 851 1887 919 accepit.
1943 850 2099 906 Unde

509 945 656 992 recte
691 950 791 1006 per
837 935 1112 991 Abraham
1164 937 1400 993 dicitur:
1464 959 1483 991 ‹
1521 940 1732 997 Habent
1779 941 1997 1014 Moysen
2042 950 2098 996 et

508 1030 821 1099 prophetas:
862 1050 880 1081 ι
920 1030 1014 1086 Vel
1051 1031 1177 1100 quia
1207 1030 1447 1099 ejusdem
1479 1049 1605 1104 pars
1632 1034 1845 1106 populi,
1888 1035 1977 1106 qui
2002 1034 2097 1089 ad—

509 1122 615 1177 huc
641 1122 697 1175 in
721 1122 974 1191 prarscnti
1013 1122 1122 1176 vita
1154 1123 1422 1188 subsistit,
1456 1124 1510 1178 in
1560 1125 1801 1195 quinque
1845 1125 2094 1181 sensibus

506 1214 752 1283 corporis
779 1222 1008 1277 constat,
1057 1230 1193 1284 quos
1223 1229 1421 1271 sensus
1440 1216 1532 1285 qui
1575 1217 1642 1271 ad
1678 1217 1978 1288 spiritalem
2008 1218 2092 1279 in-

504 1304 776 1360 tellectum
822 1302 1038 1359 flectere
1079 1305 1289 1372 nolunt,
1317 1314 1473 1362 recte
1494 1306 1564 1362 de
1590 1322 1777 1362 eorum
1808 1317 2095 1364 contuma-

501 1400 586 1455 cia
622 1399 991 1456 subinfertur:
1027 1420 1044 1453 ε
1083 1399 1139 1454 Si
1188 1400 1406 1472 Moysen
1435 1410 1490 1458 et
1521 1403 1814 1472 prophetas
1860 1414 1966 1458 non
1992 1417 2092 1456 au-

501 1494 676 1559 diunt,
721 1507 899 1561 neque
960 1492 1005 1546 si
1056 1492 1179 1561 quis
1208 1507 1272 1546 ex
1296 1494 1526 1547 mortuis
1555 1493 1917 1553 resurrexerit
1967 1507 2091 1547 cne-

499 1584 647 1637 deut.
682 1602 700 1634 ι
744 1581 868 1638 ldeo
899 1582 1044 1637 enim
1076 1583 1129 1636 in
1156 1581 1460 1649 Christum,
1512 1583 1604 1653 qui
1631 1598 1698 1638 ex
1724 1581 1955 1637 mortuis
2000 1597 2089 1637 re—

498 1674 758 1737 surrexit,
783 1688 888 1727 non
916 1673 1161 1735 credunt,
1189 1674 1315 1742 quia
1343 1673 1561 1745 Moysen
1604 1680 1658 1729 et
1704 1674 2087 1744 prophetarum

499 1767 641 1820 dicta
673 1764 988 1835 spiritaliter
1020 1781 1125 1820 non
1158 1765 1482 1836 intelligunt.
1534 1764 1687 1825 Unde
1735 1764 1984 1820 Salvator
2012 1763 2090 1817 ait

2204 570 2290 632 nis
2333 579 2546 643 tempus
2595 573 2893 649 advenerit,
2945 587 3069 628 cum
3111 569 3244 637 Cain
3300 573 3391 644 qui
3433 589 3501 632 ex
3557 576 3808 651 maligno

2202 671 2337 727 erat,
2366 664 2710 720 damnabitur
2734 665 2897 725 etiam
2926 664 3017 733 qui
3046 664 3148 719 hoc
3172 664 3448 721 homicidii
3475 684 3683 739 genere
3726 679 3808 725 te-

2202 764 2361 815 netur
2404 752 2556 824 (Gen.
2593 754 2690 826 IV),
2717 764 2775 808 ut
2801 753 3075 810 discordet
3100 761 3156 809 et
3184 754 3464 822 dissideat,
3514 766 3570 812 et
3600 772 3805 828 pacem

2200 860 2323 903 cum
2373 845 2631 901 fratribus
2686 860 2791 901 non
2841 844 3062 900 habeat.
3110 844 3416 901 Notandum
3460 848 3609 901 enim
3649 849 3801 919 quod

2200 949 2306 997 non
2336 934 2413 995 ait
2438 933 2703 999 absolute,
2751 953 2768 984 ι
2801 932 3071 991 homicida
3097 948 3203 987 non
3246 933 3413 988 habet
3435 934 3605 989 vitam
3649 937 3710 990 in
3738 951 3801 992 se

2197 1033 2507 1087 manentem
2540 1044 2553 1080 :
2595 1048 2612 1079 ι
2648 1026 2740 1081 sed
2768 1025 2964 1090 omnis,
3016 1026 3212 1095 inquit,
3243 1026 3538 1094 homicida,
3579 1029 3800 1088 scilicet

2198 1133 2303 1173 non
2330 1116 2502 1174 solum
2531 1116 2620 1172 ille
2635 1117 2730 1194 qui
2759 1116 2923 1185 ferro,
2959 1132 3148 1183 verum
3189 1126 3246 1173 et
3271 1116 3359 1185 ille
3382 1119 3478 1189 qui
3511 1119 3643 1177 odio
3683 1120 3797 1178 fra-

2197 1217 2333 1265 trem
2362 1207 2687 1278 insequitur.

2270 1341 2289 1374 (
2333 1321 2388 1376 1η
2415 1322 2519 1378 hoc
2543 1321 2890 1394 cognovimus
2914 1321 3236 1379 charitatem
3256 1322 3375 1391 Dei,
3406 1326 3677 1396 quoniam
3701 1326 3794 1385 ile

2201 1431 2221 1466 σ
2258 1429 2357 1485 pro
2387 1415 2542 1470 nobis
2570 1415 2807 1470 animam
2848 1430 2999 1470 suam
3032 1402 3229 1486 posuit.
3269 1437 3289 1470 ι
3324 1417 3513 1485 Qualis
3546 1419 3791 1491 perfecta

2194 1505 2433 1559 Charitas
2461 1518 2582 1559 esse
2609 1504 2805 1559 debeat
2849 1505 2903 1559 in
2945 1507 3122 1571 nobis,
3169 1507 3464 1565 Dominica:
3516 1512 3789 1580 passionis

2193 1595 2442 1665 exemplo
2462 1595 2769 1651 didicimus.
2805 1614 2823 1648 ι
2860 1595 3115 1665 Maiorem
3140 1613 3376 1670 namque
3410 1601 3517 1657 hac
3541 1602 3789 1660 dilectio-

2194 1700 2317 1741 nem
2350 1701 2509 1742 nemo
2530 1671 2713 1755 habet,
2742 1703 2905 1758 quam
2941 1695 3001 1742 ut
3024 1689 3259 1744 animam
3287 1706 3441 1747 suam
3468 1694 3593 1763 quis
3619 1705 3786 1765 ponat

2194 1795 2294 1852 pro
2318 1779 2508 1836 amicis
2547 1781 2661 1837 suis
2701 1780 2883 1854 (Joan.
2931 1780 3046 1851 xv).
3088 1801 3107 1833 ›
3165 1782 3319 1840 Unde
3347 1793 3401 1841 et
3431 1784 3637 1843 Paulus
3665 1789 3783 1844 ait:

498 1857 553 1911 in
577 1856 904 1927 Evangelio:
940 1856 996 1911 Si
1024 1856 1320 1911 crederetis
1343 1856 1531 1927 Moysi,
1556 1854 2089 1912 crederetisforsitan
2121 1869 2166 1927 Β
2202 1893 2220 1927 ς
2261 1875 2611 1931 commenda.
2658 1885 2839 1931 autem
2870 1876 3014 1931 Deus
3041 1890 3195 1931 suam
3239 1876 3565 1933 οιητίιθιεω
3606 1878 3662 1933 in
3690 1893 3785 1936 ηο,

497 1956 554 2008 et
574 1946 727 2002 mihi.
757 1946 832 2007 De
864 1962 949 2002 me
969 1947 1113 2003 enim
1138 1947 1227 2002 ille
1249 1948 1469 2018 scripsit
1500 1948 1682 2020 (Jonn.
1715 1948 1790 2020 γ).

1078 2078 1357 2152 liOMlLlA
1388 2077 1520 2136 CXI.

736 2209 991 2250 DOMIN‘ICA
1036 2210 1233 2261 TERTIA
1264 2208 1396 2251 POST
1434 2204 1834 2255 PENTECOSTKN.

532 2356 537 2360 .
566 2306 786 2382 (Heu.
814 2307 921 2377 ιιι).
958 2327 975 2360 ι
1011 2306 1187 2364 Nolite
1211 2309 1415 2375 mirari,
1445 2309 1491 2365 si
1519 2310 1633 2367 odit
1656 2325 1753 2365 vos
1779 2308 2033 2366 mundus.
2060 2327 2081 2362 ι

494 2400 562 2457 Et
611 2399 838 2480 reliqua.
878 2399 1158 2482 Mundum,
1217 2399 1507 2457 dilectores
1544 2402 1730 2457 mundi
1773 2402 1922 2457 dicit.
1974 2399 2086 2459 Nec

493 2492 799 2547 mirandum
853 2491 981 2562 quia
1038 2492 1130 2563 qui
1180 2501 1364 2547 amant
1424 2492 1724 2559 mundum,
1779 2492 2004 2549 fratrem
2053 2508 2084 2549 a

495 2581 680 2637 mundi
704 2596 891 2637 amore
912 2590 1223 2652 separatum
1269 2594 1325 2637 et
1353 2582 1663 2639 coelestibus
1692 2591 1897 2638 tantum
1941 2583 2085 2638 desi-

492 2672 661 2729 deriis
687 2672 975 2738 intentum,
1001 2688 1188 2727 amare
1218 2688 1323 2727 non
1353 2673 1582 2743 possint.
1628 2673 1972 2729 Abominatio
2002 2680 2086 2728 est

492 2764 639 2818 enim
668 2764 939 2833 peccaturi
971 2763 1182 2835 religio,
1222 2773 1279 2818 ut
1310 2763 1587 2833 Scriptura
1619 2771 1867 2818 testatur.

531 2878 539 2907 :
570 2874 587 2905 ι
620 2854 727 2909 Nos
756 2854 960 2909 scimus
981 2854 1107 2924 quia
1132 2854 1374 2909 translati
1406 2870 1593 2909 sumus
1615 2853 1682 2908 de
1707 2862 1879 2908 morte
1908 2852 1976 2907 ad
1998 2852 2083 2906 vi-

498 2966 527 2997 ι.
564 2954 693 3010 uini,
721 2947 975 3016 quoniam
1007 2946 1278 3017 diligimus
1303 2944 1521 3000 fratres.
1555 2965 1574 2996 ι
1609 2943 1779 3000 Nemo
1800 2958 1859 2999 se
1880 2944 1946 2999 de
1971 2944 2083 2997 vir-

492 3040 702 3096 tutibus
732 3039 865 3096 falso
890 3039 1132 3105 extollat,
1188 3054 1348 3095 nemo
1373 3055 1593 3095 suarum
1618 3039 1815 3094 virium
1846 3051 2080 3110 pauper-

445 3170 457 3178 .
499 3142 665 3188 tatem
693 3132 833 3187 ultra
866 3134 1081 3189 modum
1110 3142 1335 3189 metuat.
1391 3134 1650 3205 Apertum
1679 3134 1771 3188 dat
1800 3132 2080 3199 indicium,

2194 1967 2299 2032 his,
2323 1967 2580 2039 quoniam
2608 1982 2730 2022 cum
2753 1967 2931 2023 adhuc
2968 1978 3287 2039 peccatores
3326 1984 3597 2036 essemus,
3627 1972 3783 2027 Chri-

2190 2068 2304 2112 sms
2329 2073 2428 2128 pm
2449 2058 2607 2114 nobis
2638 2066 2883 2114 mortuus
2903 2069 2985 2115 est
3019 2059 3191 2131 (Rom.
3221 2061 3320 2133 vi).
3358 2080 3377 2114 ι
3411 2061 3568 2118 Hanc
3595 2062 3781 2120 beatus

2188 2148 2403 2205 Petrus.
2435 2149 2638 2205 habere
2699 2150 3039 2219 monebatur,
3091 2168 3215 2209 cum
3274 2152 3505 2210 Domino
3550 2154 3772 2219 dictante,

2195 2260 2212 2292 ‹
2258 2240 2436 2307 Petro,
2484 2256 2636 2297 amas
2679 2242 2817 2296 me?
2860 2257 3023 2312 pasce
3044 2258 3176 2299 oves
3221 2258 3391 2308 meas,
3428 2262 3449 2297 ι
3502 2246 3775 2316 respondit

2188 2348 2247 2390 se
2283 2349 2487 2401 amare,
2517 2333 2812 2404 statimque
2833 2335 3074 2390 audivit:
3104 2354 3124 2387 ι
3145 2336 3280 2391 Cum
3306 2345 3488 2391 autem
3511 2339 3777 2402 senueris.

2186 2426 2446 2481 extendes
2474 2440 2667 2481 manus
2696 2434 2835 2492 tuas,
2884 2434 2939 2481 et
2990 2427 3127 2482 alius
3171 2435 3223 2483 te
3270 2429 3471 2499 cinget,
3522 2437 3582 2485 et
3625 2431 3777 2485 ducet

2186 2533 2294 2587 quo
2344 2526 2397 2572 tu
2442 2533 2546 2573 non
2585 2517 2687 2572 vis.
2728 2516 2842 2573 Hoc
2880 2526 3057 2573 autem
3087 2519 3224 2574 dixit
3263 2519 3373 2591 (ait
3393 2519 3780 2591 Evangelium)

2185 2607 2497 2678 significans
2555 2622 2662 2678 qua
2720 2615 2895 2664 morte
2954 2607 3352 2665 clarificaturus
3408 2618 3557 2665 esset
3614 2609 3775 2665 Deum

2187 2698 2374 2771 (Joan.
2428 2698 2563 2770 xxi).
2602 2717 2621 2751 ι
2677 2698 2812 2754 Cum
2858 2699 3002 2754 enim
3043 2714 3283 2755 amorem
3331 2701 3615 2756 conﬁtenti
3657 2714 3777 2755 suas

2187 2793 2590 2849 commendaret
2635 2807 2765 2848 oves
2792 2833 2808 2859 ,
2857 2808 2982 2848 eum
3032 2794 3085 2848 in
3132 2794 3505 2850 testimonium
3554 2793 3773 2865 perfecti

2187 2884 2388 2939 amoris
2416 2884 2655 2939 animam
2701 2900 2799 2955 pro
2826 2884 3029 2940 eisdem
3068 2885 3261 2942 ovibus
3283 2900 3487 2956 ponere
3528 2885 3767 2942 docebat.

2192 2995 2221 3043 σ⁵
2249 2975 2314 3029 Et
2361 2990 2460 3031 nos
2489 2967 2747 3031 debemus
2787 2991 2886 3046 pro
2941 2973 3202 3032 fratribus
3235 2978 3443 3033 animas
3498 2992 3721 3048 ponere.
3748 2995 3766 3028 ι

2187 3065 2295 3121 Sed
2325 3066 2457 3121 dicit
2501 3066 2696 3138 aliquis
2745 3067 2925 3123 forte:
2977 3068 3043 3122 Et
3086 3069 3356 3139 quomodo
3398 3084 3625 3139 possum
3675 3070 3767 3125 ba-

2186 3156 2316 3210 here
2345 3155 2505 3210 istam
2543 3156 2913 3230 charitatem?
2966 3155 3083 3212 Noli
3127 3158 3239 3213 (ito
3265 3159 3561 3228 desperare
3592 3159 3660 3214 de
3701 3168 3768 3223 te,

498 3244 515 3272 ‘
557 3222 812 3320 quoniam
855 3222 1127 3320 ξῙίίίείπξυδ
1155 3224 1375 3291 fratres:
1406 3246 1455 3320 ’_
1480 3226 1602 3320 (ἰοί-³
1633 3224 1941 3320 (Ιυίθυίξίιυθ
1975 3222 2081 3279 Ῐτθ·
2110 3225 2153 3287 C
2187 3246 2325 3317 forte
2356 3257 2481 3302 nata
2506 3257 2610 3313 cst,
2642 3226 2737 3303 sed
2763 3248 2999 3303 nondum
3026 3247 3268 3320 perfecta
3296 3222 3412 3316 est,
3456 3252 3604 3304 nutri
3632 3264 3770 3311 eam,

495 3326 648 3370 terna
697 3315 984 3372 dilectione
1012 3316 1204 3386 plenus
1234 3326 1341 3381 est,
1390 3316 1459 3371 ad
1503 3316 1731 3371 salutem
1782 3317 2079 3372 electorum

490 3406 746 3474 pertinet,
797 3406 922 3477 quia
948 3407 1249 3477 portionem
1278 3406 1477 3463 habere
1527 3408 1579 3462 in
1611 3415 1752 3463 terra
1785 3408 2080 3462 viventium

468 3526 471 3531 ι
491 3500 709 3555 meruit.

567 3613 588 3647 ι
620 3595 723 3663 Qui
755 3611 860 3650 non
892 3596 1086 3669 diligit,
1120 3595 1378 3651 manetin
1410 3604 1603 3651 mor-te.
1644 3614 1661 3646 ο
1695 3593 1921 3652 Mortem
1950 3593 2082 3649 dicit

492 3686 705 3744 animai.
772 3707 789 3738 ι
817 3688 1012 3742 Anima
1066 3703 1188 3759 qua:
1244 3688 1585 3757 peccaverit,
1646 3687 1760 3757 ipsa
1818 3686 2084 3742 morietur

491 3782 710 3851 (Emit.
764 3783 934 3855 xviii).
971 3803 989 3836 ι
1028 3782 1150 3839 Vita
1200 3784 1400 3855 quippe
1440 3784 1643 3850 carnis,
1692 3783 1917 3838 anima:
1970 3780 2081 3834 vita

494 3874 712 3939 animte,
744 3874 883 3928 Deus
910 3882 1011 3929 est.
1046 3874 1189 3930 Mors
1211 3874 1476 3945 corporis,
1518 3875 1769 3929 amittere
1792 3873 2029 3927 animam
2059 3887 2074 3925 :

492 3978 643 4031 mors
672 3962 884 4026 animm,
913 3965 1162 4019 amittere
1185 3964 1374 4019 Deum.
1425 3963 1578 4020 Unde
1602 3972 1835 4025 constat,
1864 3960 1992 4033 quia
2025 3962 2078 4017 in

493 4054 673 4108 anima
706 4054 901 4109 mortui
930 4069 1121 4110 omnes
1155 4055 1210 4109 in
1240 4054 1378 4110 hanc
1405 4054 1578 4109 lucem
1624 4053 1921 4118 nascimur,
1970 4060 2080 4108 tra-

492 4148 685 4202 hentes
733 4162 799 4203 ex
836 4147 1008 4202 Adam
1053 4147 1315 4219 originale
1369 4155 1675 4217 peccatum,
1732 4148 1828 4203 sed
1873 4145 2076 4203 Christi

490 4239 664 4311 gratia
692 4240 939 4297 ﬁdelibus
988 4244 1359 4311 regenerando
1388 4240 1582 4312 agitur,
1608 4249 1668 4295 ut
1697 4240 1756 4294 in
1782 4240 1964 4294 anima
1992 4239 2076 4293 vi-

486 4324 619 4391 vere
643 4334 870 4406 possint.
923 4334 1120 4392 Verum
1145 4335 1487 4406 baptismatis
1513 4342 1586 4391 et-
1609 4332 1732 4390 fidei
1758 4333 2077 4405 mysterium

488 4428 594 4482 illis
630 4427 804 4483 solum
828 4427 1068 4499 prodest,
1101 4425 1222 4484 illos
1248 4426 1316 4482 de
1364 4432 1541 4481 morte
1570 4423 1737 4479 trahit
1780 4424 1849 4478 ad
1889 4424 2071 4484 vitam,

486 4518 580 4589 qui
626 4500 1048 4589 sincera’mente
1095 4516 1325 4590 diligunt
1353 4515 1570 4572 fratres.
1604 4515 1781 4584 Atque
1808 4513 1930 4569 ideo
1976 4528 2076 4568 no-

2187 3338 2558 3411 neolfocetur.
2609 3339 2678 3417 Et
2708 3340 2852 3395 unde
2898 3340 3063 3405 novi,
3108 3341 3316 3411 inquit,
3366 3351 3551 3396 natam
3587 3342 3645 3397 in
3690 3356 3772 3396 me

2184 3448 2304 3489 esse
2333 3432 2672 3501 charitatem,
2696 3448 2870 3504 quam~
2896 3433 3133 3498 nutriam
3155 3434 3179 3487 ?
3202 3433 3342 3513 Audi
3365 3432 3653 3505 sequentia
3678 3449 3692 3485 :

2260 3585 2278 3623 ι
2323 3566 2424 3635 Qui
2455 3565 2705 3622 habuerit
2733 3566 3090 3635 substantiam
3119 3568 3279 3639 huius
3301 3566 3510 3632 mundi,
3532 3574 3587 3622 et
3616 3567 3760 3623 video

2188 3677 2207 3710 ι
2264 3658 2333 3711 rit
2358 3656 2583 3712 fratrem
2608 3672 2765 3712 suum
2792 3657 3187 3725 necessitatem
3204 3657 3407 3714 habere
3426 3699 3442 3724 ,
3475 3664 3531 3712 et
3561 3657 3762 3713 clause-

2190 3770 2207 3799 ι
2256 3748 2324 3803 rit
2349 3748 2556 3803 viscera
2586 3763 2682 3803 sua
2711 3749 2779 3803 ab
2808 3762 2894 3813 eo,
2911 3748 3185 3818 quomodo
3209 3744 3452 3816 Charitas
3470 3748 3569 3804 Dei
3590 3755 3770 3804 manet

2191 3859 2213 3897 ι
2257 3840 2312 3895 in
2350 3840 2451 3896 eo?
2486 3859 2504 3891 ι
2539 3839 2679 3896 Ecce
2713 3839 2855 3895 unde
2887 3840 3077 3911 incipit
3122 3840 3380 3897 charitas.
3432 3839 3489 3901 Si
3533 3841 3767 3896 nondum

2181 3949 2241 3987 es
2269 3932 2498 3995 idoneus
2525 3932 2661 3987 mori
2687 3946 2787 4002 pro
2813 3931 3001 3997 fratre,
3025 3930 3141 4000 iam
3197 3933 3427 3989 idoneus
3475 3942 3596 4001 esto
3645 3935 3771 3997 dare

2182 4024 2246 4078 de
2271 4023 2376 4078 tuis
2405 4022 2750 4085 facultatibus
2794 4022 2972 4079 fratri.
3026 4022 3083 4078 Si
3135 4025 3279 4079 enim
3319 4025 3629 4082 molestiam
3673 4041 3768 4097 pa-

2182 4116 2341 4171 tienti
2372 4131 2477 4172 non
2512 4118 2862 4186 compateris,
2908 4131 3015 4172 non
3048 4117 3237 4188 utique
3277 4121 3522 4189 pateris:
3556 4135 3626 4174 ex
3667 4133 3771 4192 quo

2182 4207 2341 4264 ambo
2371 4206 2676 4276 regenerati
2702 4207 2855 4275 estis,
2880 4207 3124 4264 Charitas
3149 4218 3332 4264 manet
3371 4210 3427 4264 in
3460 4219 3534 4265 te.
3566 4260 3571 4267 ι

2258 4317 2291 4357 ι
2324 4297 2497 4358 Filioli
2526 4297 2657 4364 mei,
2688 4313 2796 4357 non
2824 4297 3115 4370 diligamus
3147 4300 3313 4355 verbo
3350 4315 3529 4372 neque
3567 4300 3765 4373 lingua,

2187 4409 2206 4441 ι
2254 4391 2348 4447 sed
2373 4406 2537 4462 opere
2557 4399 2612 4446 et
2643 4391 2890 4455 veritate.
2925 4410 2945 4444 ι
2971 4391 3146 4462 Opere
3169 4392 3581 4459 videlicet,cum
3606 4394 3770 4450 frater

2181 4492 2276 4539 aut
2309 4499 2466 4539 soror
2493 4484 2623 4541 nudi
2657 4492 2785 4540 sunt
2827 4490 2884 4540 et
2932 4482 3176 4553 indigent
3225 4484 3369 4541 victu
3428 4486 3769 4557 quotidiano,

487 4575 733 4677 tandum,
762 4609 915 4680 quod
941 4625 1048 4665 non
1076 4607 1152 4663 ait
1172 4575 1315 4675 τυροὶ
1346 4622 1451 4662 non
1481 4605 1673 4677 diligit,
1694 4575 1974 4659 .venturus
1995 4611 2081 4657 est
2110 4593 2158 4653 D
2184 4576 2374 4632 dem”
2412 4578 2500 4680 ἐξ
2538 4592 2668 4680 ﬂum
2730 4575 3040 4680 ξ’ίῗθξθδδπίθ
3090 4586 3223 4635 sum»
3245 4577 3481 4680 θθφίξτξο
3511 4576 3773 4633 Similiter

492 4702 549 4754 in
574 4709 824 4766 mortem,
855 4698 1010 4770 quasi
1037 4699 1104 4755 de
1124 4712 1285 4770 poena
1316 4705 1578 4769 perpetua
1606 4695 1941 4764 loqueretur,
1963 4707 2083 4764 qnze

484 4799 663 4848 restat
708 4791 1090 4862 peccatoribus
1140 4790 1194 4845 in
1229 4788 1440 4855 futuro;
1478 4787 1572 4843 sed
1625 4806 1642 4838 ι
1681 4786 1782 4853 Qui
1812 4800 1917 4840 non
1963 4783 2083 4840 dili-

484 4885 591 4953 git,
631 4882 843 4953 inquit,
889 4890 1074 4937 manet
1122 4883 1177 4937 in
1230 4889 1435 4946 morte,
1486 4899 1505 4933 ›
1551 4879 1619 4935 de
1666 4892 1771 4948 qua
1815 4877 1979 4932 etiam
2028 4876 2083 4931 in

491 4978 595 5031 hac
622 4975 754 5040 vita,
783 4974 829 5029 si
872 4973 1069 5030 fratres
1104 4972 1346 5044 perfecte
1374 4978 1604 5036 amaret,
1644 4984 1938 5039 exsurgere
1960 4984 2084 5039 pos-

490 5076 592 5122 set.
623 5064 760 5121 llinc
786 5066 986 5122 etenim
1013 5066 1210 5121 dicitur
1236 5065 1289 5120 in
1311 5062 1634 5134 Apocalypsi
1660 5077 1674 5114 :
1732 5079 1750 5111 ‹
1781 5061 1981 5116 Beatus
2024 5068 2103 5116 et'

489 5167 734 5223 sanctus,
765 5157 857 5227 qui
893 5158 1056 5214 habet
1082 5171 1231 5229 spem
1261 5157 1315 5211 in
1349 5153 1749 5209 resurrectione
1780 5154 1979 5222 prima,
2025 5153 2078 5207 in

486 5249 572 5304 his
597 5250 831 5304 secunda
857 5265 1005 5305 mors
1025 5265 1131 5304 non
1159 5248 1323 5303 habet
1352 5252 1679 5316 potestatem
1705 5244 1890 5317 (Apoc.
1916 5243 2032 5314 xx).
2055 5263 2074 5297 ι

567 5363 584 5394 ι
620 5342 812 5399 Omnis
848 5343 944 5414 qui
972 5343 1087 5400 odit
1131 5340 1355 5396 fratrem
1385 5354 1566 5409 suum,
1607 5337 1878 5393 homicida
1908 5345 2011 5392 est.
2057 5355 2075 5388 ι

489 5432 547 5491 Si
578 5426 958 5489 contemnebat
980 5432 1210 5504 quisque
1254 5430 1438 5486 odium
1468 5427 1794 5496 fraternum,
1834 5427 2076 5499 nunquid

488 5532 549 5593 et
577 5525 925 5581 homicidium
952 5525 1007 5579 in
1034 5514 1196 5579 corde
1235 5536 1333 5577 suo
1372 5526 1780 5591 contempturus
1808 5520 1933 5575 est?
1968 5534 2075 5575 non

490 5616 672 5691 movet
695 5633 887 5674 manus
926 5618 993 5673 ad
1021 5614 1373 5672 occidendum
1402 5613 1697 5679 hominem,
1724 5621 1781 5668 et
1808 5610 2076 5668 homicida

488 5712 601 5783 iam
628 5718 840 5766 tenetur
865 5727 893 5765 a
918 5711 1049 5773 Deo,
1096 5708 1227 5763 vivit
1257 5707 1366 5773 ille,
1390 5715 1447 5761 et
1473 5706 1575 5762 iste
1595 5706 1709 5776 iam
1757 5702 2075 5760 interfector

483 5788 781 5887 indicatur.
830 5822 849 5887 ς
886 5803 951 5859 Et
988 5802 1139 5858 scitis
1167 5801 1289 5872 quia
1320 5800 1497 5858 omnis
1528 5796 1794 5855 homicida
1835 5811 1942 5854 non
1980 5795 2075 5852 ha-

2186 4686 2309 4725 cum
2346 4669 2681 4740 spiritalibus
2718 4669 2876 4726 donis
2911 4684 3006 4725 eos
3033 4683 3196 4741 cgere
3221 4670 3610 4741 conspicimus,
3637 4687 3775 4741 pra:-

2188 4768 2393 4827 stemus
2423 4774 2611 4815 eorum
2649 4760 2963 4815 necessitati
2997 4776 3119 4830 qua:
3164 4777 3474 4832 possumus.
3529 4762 3773 4819 Veritate

2186 4862 2387 4917 autem,
2413 4861 2473 4905 ut
2515 4851 2705 4907 eadem
2755 4852 2847 4908 eis.
2880 4851 3144 4916 beneficia
3198 4854 3432 4924 simplici
3472 4854 3772 4910 intentione

2184 4944 2499 5014 largiamur,
2549 4953 2605 5000 et
2652 4961 2760 5000 non
2806 4953 3026 5016 propter
3070 4944 3286 5000 laudem
3318 4948 3639 5012 humanam,
3665 4962 3771 5001 non

2186 5047 2410 5108 propter
2448 5036 2795 5107 iactantiam,
2841 5051 2948 5091 non
2987 5036 3055 5091 ad
3085 5035 3338 5104 iniuriam
3377 5038 3632 5101 aliorum,
3681 5039 3770 5109 qui

2184 5126 2482 5196 majoribus
2503 5126 2715 5198 praediti
2742 5126 3063 5182 substantiis
3090 5127 3164 5182 nil
3196 5128 3304 5183 tale
3330 5127 3583 5185 fecerint.
3615 5129 3771 5196 Qua-

2184 5235 2397 5289 cunque
2422 5219 2566 5274 enim
2598 5234 2753 5275 mens
2774 5217 3081 5289 huiusmodi
3108 5220 3276 5275 naevis
3299 5220 3560 5285 inficitur.
3590 5221 3644 5276 in
3670 5223 3769 5276 hac

2183 5311 2400 5381 puritas,
2425 5310 2670 5365 veritatis
2700 5309 2949 5365 habitare
2974 5324 3084 5364 non
3122 5310 3285 5375 valet,
3339 5310 3555 5366 tametsi
3608 5326 3767 5381 opera

2185 5400 2491 5457 dilectionis
2520 5400 2781 5471 proximis
2806 5399 3118 5471 impendere
3147 5401 3411 5456 videatur.

2259 5537 2278 5570 ε
2322 5518 2378 5573 ln
2408 5517 2513 5573 hoc
2536 5515 2885 5587 cognovimus
2907 5516 3163 5584 quoniam
3186 5530 3251 5571 ex
3268 5501 3723 5579 veritatesumus,
3744 5535 3762 5567 ι

2184 5612 2236 5668 id
2268 5620 2371 5677 est,
2400 5626 2520 5666 cum
2557 5623 2723 5679 opera
2754 5608 2974 5679 pietatis
3002 5609 3056 5663 in
3087 5608 3317 5665 veritate
3345 5606 3598 5672 facimus,
3627 5616 3771 5679 patet

2184 5702 2309 5773 quia
2333 5716 2400 5756 ex
2450 5700 2677 5756 veritate
2709 5713 2917 5764 sumus,
2949 5713 3071 5769 quae
3115 5697 3258 5753 Deus
3298 5706 3404 5763 est,
3450 5706 3636 5769 utpote
3678 5694 3767 5765 qui

2186 5794 2302 5865 eius
2327 5790 2716 5867 perfectionem
2750 5806 2854 5863 pro
2880 5789 3096 5846 modulo
3124 5797 3310 5846 nostro
3341 5789 3642 5845 imitamur.
