4014 6354
72 419 198 475 ὅθι
225 449 228 454 -
791 463 794 466 .
1125 459 1134 468 ρ
1330 417 1633 475 ΗΟΜΠΔᾸΞ
1674 420 1722 474 D.

1822 418 2144 475 ['EMPORE‘.
2487 429 2490 434 '
3287 423 3392 480 602

1737 549 1786 604 Α
1814 537 2050 592 dicitur:
2086 558 2102 590 ι
2142 537 2481 596 Annuntiavi
2527 549 2580 598 et
2628 543 2840 599 loeutus
2883 558 3023 610 sum,
3049 543 3395 614 multiplicati

1817 636 1942 683 sunt
1976 627 2138 698 super
2181 645 2464 700 numerum
2504 631 2676 703 (Psal.
2710 636 2816 706 ιιι).
2852 654 2870 688 ι
2901 634 3076 704 Super
3104 650 3396 692 numerum

1817 720 2032 787 reprobi
2063 719 2510 789 multiplicantur,
2532 724 2659 792 quia
2687 735 2842 780 extra
2873 741 3159 782 numerum
3186 727 3392 782 electo-

1815 825 1934 863 rum
1985 811 2353 867 inveniuntur.
2399 812 2549 868 Multi
2594 815 2738 870 enim
2777 826 3063 883 vocantur,
3093 817 3190 872 sed
3233 819 3393 887 pauci
3441 806 3443 808 ’

1813 901 2071 956 veniunt:
2099 904 2222 972 quia
2248 904 2402 958 multi
2436 905 2639 960 intrant
2664 907 2716 960 in
2747 907 3044 963 Ecclesiam
3079 925 3176 979 per
3209 910 3388 975 ﬁdem,

1815 994 1910 1048 sed
1933 996 2091 1064 pauci
2116 995 2395 1050 salvantur
2420 1011 2519 1066 per
2540 999 2930 1066 operationem.
2961 999 3029 1054 Et
3056 1015 3124 1055 ne
3146 1002 3212 1056 de
3236 1001 3390 1072 igno-

1815 1089 1994 1144 rantia
2026 1090 2271 1146 homines
2297 1091 2701 1146 excusationem
2735 1092 3023 1159 haberent,
3054 1112 3072 1144 ι
3102 1095 3251 1150 misit
3277 1111 3392 1150 scr-

1814 1195 1940 1234 vum
1971 1195 2125 1234 suum
2153 1181 2282 1236 hora
2310 1197 2478 1237 cinna:
2501 1182 2680 1237 dicere
2705 1183 2948 1239 invitatis
2967 1193 3030 1238 ut
3055 1187 3325 1242 venirent.
3367 1206 3385 1239 ι

1818 1270 2020 1326 Servus
2047 1271 2148 1326 iste
2171 1272 2262 1340 qui
2288 1273 2355 1327 ad
2379 1273 2685 1328 invitandos
2705 1273 2840 1328 alios
2868 1274 3122 1342 mittitur,
3143 1277 3391 1354 ordinem

1814 1362 2231 1431 praedicatorum
2262 1364 2551 1436 signiﬁcat.
2587 1365 2689 1434 Qui
2732 1367 2861 1422 dum
2899 1368 3124 1422 verbum
3153 1370 3395 1426 divinum

1816 1454 1960 1509 intra
1981 1453 2276 1510 Ecelesiam
2305 1457 2654 1520 annuntiant,
2679 1457 2833 1526 quasi
2873 1458 3134 1527 plurimos
3177 1461 3245 1515 ad
3285 1476 3396 1515 ete-

1815 1565 1938 1604 nam
1963 1559 2176 1604 vocant.
2220 1549 2338 1605 Non
2385 1551 2557 1606 solum
2595 1551 2742 1606 enim
2783 1551 2976 1607 divina:
3025 1553 3215 1622 pietati
3264 1555 3398 1610 satis

1816 1639 1940 1706 fuit,
1970 1641 2111 1711 quod
2161 1649 2396 1698 internas
2446 1643 2667 1698 delicias
2718 1644 2874 1698 nobis
2915 1646 3257 1715 praeparavit,
3299 1646 3397 1700 sed

677 539 956 595 HOMHJA
1007 537 1163 594 CXII.

374 671 627 732 nouimcx
666 692 861 732 TERTIA
901 691 1030 730 rosr
1067 689 1459 731 rsnrscosrsx.

178 809 361 879 (Luc.
391 810 526 881 xiv.)
561 829 578 860 ‹
623 810 679 864 lu
712 808 800 864 illo
829 819 1067 879 tempore
1096 809 1230 864 dixit
1253 808 1410 864 Jesus
1437 807 1715 878 discipulis

87 917 116 974 ἰ
169 901 316 955 suis
376 901 780 955 similitudinem
829 902 970 956 hanc
1017 918 1031 954 ς
1091 901 1265 955 Homo
1313 899 1531 969 quidam
1589 897 1722 954 fecit,

95 1006 118 1038 ε
171 1005 416 1043 ccenam
455 1005 726 1060 magnam,
757 997 811 1044 et
843 990 1053 1044 vocavit
1083 989 1299 1043 multos.
1335 1009 1353 1042 ι
1396 989 1460 1043 Et
1485 988 1712 1058 reliqua.

88 1075 489 1148 Omnipotens
525 1078 668 1133 Deus
705 1079 758 1132 in
798 1079 1019 1134 exordio
1042 1080 1325 1134 mundanae
1356 1077 1710 1140 formationis,

91 1168 173 1222 ad
202 1184 277 1224 se
305 1169 943 1240 eognoscendum,seque
964 1169 1349 1240 perpetualiter
1367 1168 1712 1233 laudandum,

92 1260 258 1313 duas
289 1260 642 1315 rationabiles
669 1269 964 1326 creaturas,
986 1260 1281 1330 angelicam
1304 1259 1510 1315 scilicet
1532 1266 1588 1314 et
1614 1258 1715 1311 bu-

92 1361 376 1415 manam,
404 1350 664 1404 condidit.
693 1349 798 1404 Sed
828 1350 954 1418 quia
982 1349 1221 1419 angelica
1249 1363 1450 1418 magna.
1472 1364 1537 1403 ex
1563 1355 1717 1417 parte

91 1455 211 1508 per
242 1439 564 1509 superbiam
608 1439 755 1509 lapsa
783 1449 893 1503 est,
921 1441 1170 1501 humanae
1199 1449 1408 1501 natura:
1435 1439 1598 1494 stanti
1637 1439 1718 1490 in-

95 1528 282 1594 vidit,
340 1545 568 1600 eamque
621 1531 688 1586 ad
746 1531 953 1601 lapsum
1017 1533 1275 1602 peccandi
1328 1531 1512 1595 traxit,
1555 1541 1717 1600 atque

99 1623 378 1689 paradisi
405 1623 618 1680 deliciis
646 1625 894 1695 privavit.
939 1626 1088 1681 Unde
1127 1627 1384 1696 scriptum
1412 1635 1538 1706 est:
1577 1644 1596 1676 ι
1631 1625 1717 1679 Ιη-

98 1714 273 1769 vidia
348 1717 548 1772 diaboli
607 1734 754 1775 mors
804 1719 1052 1774 introivit
1103 1721 1156 1774 in
1207 1720 1394 1777 orbem
1447 1727 1718 1777 terrarum
1815 1734 1979 1790 etiam
2013 1733 2185 1788 servis
2203 1734 2413 1799 missis,
2445 1749 2634 1789 earum
2671 1714 3194 1792 ἀυιεεάίηέηιίηοιιίε
3226 1752 3398 1791 εηυη-

102 1804 282 1897 (Σαρ.
322 1807 407 1876 ιι).
441 1828 460 1860 ι
489 1807 598 1867 llas
624 1810 846 1866 delicias
870 1813 1076 1882 primus
1094 1812 1256 1867 homo
1277 1812 1475 1875 amisit,
1501 1809 1714 1880 quando

1822 1826 1987 1880 tiavit.
2017 1825 2097 1879 Ex
2126 1825 2322 1896 quibus
2356 1842 2495 1882 unus
2533 1835 2652 1882 erat
2675 1827 2785 1893 ille,
2811 1827 2911 1897 qui
2932 1827 3147 1883 dicebat
3175 1843 3190 1882 :
3231 1847 3250 1880 ι
3292 1827 3398 1884 Pro

100 1895 162 1958 in
195 1898 469 1964 paradiso
499 1909 764 1971 praaeepta
795 1903 918 1959 vitae
945 1903 1287 1973 contempsit.
1330 1903 1596 1973 Expulsus
1623 1917 1716 1956 au-

1822 1919 2038 1975 Christo
2063 1919 2336 1989 legatione
2386 1919 2684 1990 fungimur,
2728 1895 2988 1989 tanquam
3042 1919 3157 1975 Deo
3203 1921 3401 1975 exhor-

107 1994 229 2038 tem
271 2001 308 2040 a
334 1990 606 2058 paradiso,
642 2001 750 2046 tam
776 1993 930 2064 longe
959 1994 1028 2049 ab
1049 1995 1166 2064 ejus
1195 1995 1403 2050 deliciis
1440 1995 1714 2065 peccando

102 2074 360 2133 effectus
383 2088 486 2145 est,
525 2090 583 2136 ut
613 2083 701 2137 vix
739 2099 832 2139 eas
877 2086 1184 2144 nominatas
1230 2087 1504 2142 recordari
1546 2087 1718 2156 possit

106 2176 301 2238 atque
327 2172 600 2242 spiritales
625 2185 848 2244 paratus
876 2185 1114 2248 tangere,
1147 2179 1249 2233 nisi
1283 2194 1378 2248 per
1412 2179 1716 2235 similitudi-

101 2276 217 2315 nes
249 2273 318 2316 et
352 2265 659 2332 parabolas.
693 2266 830 2333 Quia
877 2269 980 2324 hoc
1020 2269 1163 2326 inter
1204 2271 1450 2326 carnales
1472 2281 1527 2326 et
1551 2272 1714 2341 spiri-

104 2353 272 2406 tales
311 2353 531 2410 delicias
573 2357 760 2423 distat,
788 2360 1044 2428 quoniam
1069 2361 1316 2417 carnales
1341 2363 1568 2425 deliciaa,
1593 2377 1716 2416 cum

104 2443 430 2509 habentur,
458 2445 510 2499 in
543 2445 760 2503 fastidio
795 2459 920 2504 sunt
945 2469 958 2504 :
987 2467 1109 2506 cum
1142 2466 1268 2508 vero
1293 2468 1398 2507 non
1428 2453 1721 2522 habentur,

108 2533 170 2586 in
230 2533 534 2590 desiderio.
579 2537 650 2592 At
698 2548 908 2605 contra,
955 2541 1225 2610 spiritales
1273 2541 1476 2597 deliciae
1508 2551 1632 2597 tunc
1664 2543 1717 2597 in

115 2624 358 2688 fastidio
381 2637 523 2689 sunt,
551 2643 672 2682 cum
701 2645 808 2684 non
833 2631 1124 2697 habentur,
1141 2633 1373 2687 eduntur
1397 2651 1410 2686 :
1441 2643 1494 2687 et
1516 2643 1718 2702 quanto

116 2715 312 2784 magis
336 2715 710 2784 degustantur,
729 2728 876 2775 tanto
906 2723 1136 2791 amplius
1166 2721 1564 2778 desiderantur.
1583 2722 1718 2779 Hinc

121 2814 178 2862 et
203 2803 499 2862 Psalmis‘ta
538 2807 616 2860 ait
645 2826 658 2861 :
693 2829 709 2860 ι
742 2807 968 2866 Gustate
1009 2821 1064 2866 et
1106 2813 1280 2867 videte
1306 2813 1560 2882 quoniam
1592 2829 1716 2869 sua-

121 2895 210 2949 vis
246 2905 340 2951 est
376 2897 632 2958 Dominus
687 2897 858 2971 (Psal.
921 2903 1135 2973 xxxiii).
1204 2923 1222 2955 ι
1275 2902 1516 2958 Primum
1560 2904 1716 2970 dixit,

127 2995 386 3055 gustate;
429 2987 641 3052 deinde,
683 2989 878 3046 videte.
927 2991 1005 3048 Ac
1041 2993 1087 3048 si
1117 2992 1360 3047 diceret:
1387 2992 1515 3061 Ejus
1539 2995 1720 3052 dulce-

128 3076 319 3137 dinem
348 3079 626 3148 percipere
653 3097 758 3136 non
790 3083 1047 3151 potestis,
1079 3083 1124 3138 si
1178 3083 1320 3140 hanc
1369 3084 1588 3140 minime
1626 3104 1720 3158 gu-

133 3173 346 3229 stastis,
379 3173 451 3228 De
479 3189 586 3244 quo
620 3184 675 3234 et
699 3177 975 3246 apostolus
992 3177 1187 3234 Petrus
1215 3179 1344 3233 dicit
1377 3197 1391 3232 :
1430 3197 1447 3230 ι
1490 3179 1546 3233 Si
1574 3179 1722 3238 enim

1821 2019 1969 2066 tante
1999 2025 2098 2080 per
2126 2026 2243 2066 nos.
2281 2009 2552 2080 Rogamus
2591 2026 2724 2081 ergo
2771 2011 2825 2064 in
2874 2009 3125 2076 Christo,
3157 2011 3400 2065 reconci-

1818 2101 2022 2154 liamini
2073 2101 2184 2156 Deo
2239 2099 2325 2171 (11
2355 2099 2478 2154 Cor.
2502 2101 2579 2172 v).
2638 2121 2656 2153 ι
2703 2099 2847 2155 Hora
2904 2116 3092 2167 coenae,
3145 2101 3270 2157 ﬁnis
3320 2111 3404 2156 est

1817 2194 2021 2260 saeculi,
2056 2194 2145 2250 ille
2167 2193 2396 2258 scilicet,
2424 2193 2494 2248 de
2514 2209 2622 2263 quo
2639 2193 2840 2249 Paulus
2868 2195 2942 2248 ait
2975 2212 2987 2246 τ
3028 2213 3046 2245 ι
3075 2193 3184 2249 Nos
3215 2209 3402 2250 sumus

1820 2286 1871 2340 in
1921 2301 2056 2354 quos
2101 2285 2237 2340 ﬁnes
2281 2283 2600 2340 szeeulorum
2640 2285 2973 2341 devenerunt
3011 2285 3060 2356 (I
3091 2285 3213 2339 Cor.
3247 2286 3325 2358 χ).
3373 2309 3391 2340 ι

1819 2374 2163 2432 EtJoannes:
2189 2394 2207 2426 ι
2233 2374 2430 2441 Filioli,
2445 2376 2739 2431 novissima
2763 2377 2896 2431 hora
2914 2385 2998 2431 est
3021 2376 3073 2447 (1
3088 2375 3249 2432 Joan.
3269 2379 3351 2449 ιι).
3379 2399 3402 2431 ι.

1820 2467 2079 2535 Quamvis
2106 2468 2252 2522 enim
2281 2467 2421 2538 apud
2450 2469 2704 2538 antiquos
2739 2468 3074 2544 consuetudo
3117 2468 3302 2536 fuerit,
3345 2478 3404 2524 ut

1821 2560 1987 2616 semel
2016 2561 2068 2614 in
2097 2560 2184 2614 die
2216 2561 2566 2629 prandercnt,
2593 2569 2647 2615 et
2675 2560 2778 2616 hoc
2805 2560 3112 2616 convivium
3147 2569 3200 2616 et
3230 2577 3400 2632 pran-

1819 2653 1969 2707 dium
1995 2660 2050 2708 et
2072 2666 2226 2708 coena
2256 2661 2559 2717 vocaretur,
2590 2661 2768 2707 tamen
2801 2652 2943 2721 apud
2990 2667 3149 2706 usum
3195 2659 3396 2706 nostra:

1821 2744 2130 2808 locutionis,
2161 2753 2283 2814 post
2309 2745 2594 2815 prandium
2621 2759 2777 2800 creua
2805 2752 2994 2808 restat,
3027 2751 3152 2814 post
3192 2758 3404 2798 cumam

1821 2845 1998 2892 autem
2027 2836 2232 2890 nullum
2249 2837 2557 2892 convivium
2587 2844 2856 2891 remanet.
2892 2835 3044 2892 Unde
3080 2851 3187 2890 non
3219 2836 3408 2890 incon-

1821 2942 1952 2998 grue
1976 2942 2073 2997 per
2109 2926 2248 2981 hanc
2275 2940 2486 2981 ctenam
2517 2925 2866 2994 diesjudicii,
2899 2924 3013 2980 sive
3063 2924 3196 2979 illud
3245 2933 3408 2978 aiter-

1821 3032 1949 3071 num
1973 3017 2276 3072 convivium
2330 3015 2621 3088 ﬁguratur,
2672 3016 2740 3070 ad
2785 3015 2928 3085 quod
2975 3015 3067 3084 qui
3115 3015 3402 3084 pervenire

1821 3107 2150 3172 meruerint,
2191 3124 2210 3157 ι
2262 3122 2370 3162 non
2425 3108 2667 3162 esurient
2716 3121 2891 3176 neque
2938 3105 3124 3161 sitient
3173 3105 3405 3176 amplius

1821 3213 1999 3269 neque
2041 3199 2258 3254 nocebit
2285 3199 2365 3253 eis
2393 3207 2560 3254 :estus
2601 3207 2695 3253 aut
2739 3199 2820 3253 sol
2871 3216 2884 3251 :
2938 3198 3063 3267 quia
3114 3197 3405 3252 miserator

136 3265 403 3358 gustastis
429 3266 685 3334 quoniam
714 3267 888 3325 dulcis
916 3276 999 3323 est
1023 3269 1281 3325 Dominus
1310 3269 1361 3340 (I
1387 3269 1532 3324 Petr.
1562 3272 1648 3342 ιι).
1697 3291 1714 3322 ι
1749 3273 1793 3336 C
1825 3265 2011 3344 οοεῖιηη
2041 3296 2189 3357 reget
2217 3303 2329 3352 eos,
2358 3297 2411 3342 ει
2439 3289 2506 3342 ad
2534 3287 2710 3343 [οηιεε
2736 3265 3000 3358 aquarum
3050 3287 3258 3357 potabit
3306 3302 3403 3342 eos

143 3352 286 3418 Quia
336 3371 460 3426 ergo
509 3359 577 3412 ab
623 3374 811 3413 earum
856 3360 1231 3430 degustatione
1256 3362 1417 3416 homo
1447 3361 1719 3430 peccando

142 3449 306 3513 longe
356 3457 672 3514 recesserat,
714 3449 834 3517 pius
877 3459 931 3503 et
978 3451 1290 3506 misericors
1349 3451 1491 3506 Deus
1533 3451 1722 3508 nolens

139 3533 434 3593 humanam
464 3548 741 3604 naturam,
769 3535 890 3610 qua:
934 3539 1138 3610 aliquid
1183 3540 1377 3611 fragile
1433 3542 1500 3596 ad
1553 3542 1721 3597 delin-

139 3629 413 3695 quendum
458 3630 742 3695 habuerat,
777 3633 957 3701 perire
1001 3642 1286 3703 perpetuo,
1315 3633 1509 3687 iterum
1548 3633 1724 3703 pumi-

140 3718 380 3773 tentibus
425 3720 523 3774 has
569 3721 792 3777 delicias
836 3725 1178 3794 prteparavit,
1221 3733 1385 3794 atque
1427 3726 1493 3778 ad
1533 3741 1722 3779 earum

141 3822 393 3877 saporem
452 3809 760 3867 hominibus
815 3813 1268 3878 denuntiandam,
1303 3829 1520 3868 servum
1566 3830 1728 3869 suum

141 3899 309 3954 misit.
343 3901 500 3966 Nam,
537 3911 595 3955 ut
633 3891 1014 3972 supra‘retulit
1039 3904 1393 3975 evangelista,
1419 3920 1544 3959 eum
1575 3905 1722 3960 dice-

143 3999 225 4044 ret
249 3991 508 4047 Dominus
530 3993 824 4059 Pharisaeo,
852 4010 881 4047 a
913 4010 1020 4064 quo
1049 3994 1226 4050 fuerat
1265 3996 1523 4054 invitatus
1569 3996 1718 4066 (an.

144 4086 253 4156 xiv)
287 4105 299 4140 :
340 4106 358 4136 (
389 4086 522 4141 Cum
549 4087 683 4141 facis
704 4088 989 4155 prandium
1017 4096 1112 4142 aut
1156 4102 1389 4152 coenam,
1429 4088 1537 4142 noli
1587 4088 1724 4142 invi-

149 4183 259 4230 tare
289 4193 386 4231 eos
412 4179 502 4246 qui
535 4187 585 4232 te
621 4178 818 4232 iterum
851 4181 1158 4246 reinvitent,
1192 4189 1247 4235 et
1297 4181 1390 4234 ﬁat
1438 4180 1532 4234 tibi
1566 4182 1725 4235 retri-

147 4264 314 4334 butio,
339 4272 434 4324 sed
465 4285 596 4324 voca
623 4285 887 4340 pauperes
931 4287 990 4326 ac
1025 4273 1252 4338 debiles,
1284 4281 1340 4336 ct
1373 4272 1564 4328 beatus
1590 4275 1722 4340 eris,

149 4360 266 4427 quia
295 4378 405 4416 non
438 4364 659 4428 habent,
686 4364 827 4420 unde
856 4365 1158 4420 retribuant
1209 4366 1337 4431 tibi;
1391 4365 1728 4421 retribuetur

150 4455 284 4508 enim
318 4456 412 4510 tibi
444 4457 495 4510 in
522 4458 874 4515 retributione
894 4459 1188 4529 justorum,
1228 4479 1246 4512 ι
1277 4460 1496 4530 quidam
1526 4460 1592 4514 de
1620 4459 1724 4514 eir-

152 4547 540 4603 Cumstantibus
568 4549 868 4605 dixerunt:
911 4570 929 4602 ι
989 4551 1186 4606 Beatus
1238 4553 1328 4622 qui
1377 4551 1726 4610 manducabit

153 4646 337 4700 panem
368 4638 420 4690 in
448 4652 612 4709 regno
637 4640 748 4694 Dei.
786 4660 804 4694 ι
839 4641 906 4697 Et
927 4641 1185 4696 Dominus
1208 4643 1273 4696 ad
1297 4642 1416 4697 illos
1449 4659 1463 4696 :
1502 4660 1520 4692 ι
1550 4641 1721 4697 Homo
1748 4626 1800 4686 Ῑ)

156 4728 364 4793 quidam
392 4731 518 4785 fecit
544 4746 754 4788 orenam
782 4749 1054 4804 magnam,
1091 4743 1145 4789 et
1179 4735 1392 4790 vocavit
1431 4735 1649 4792 multos.
1702 4753 1719 4786 ι

157 4817 512 4889 Spiritualiter
542 4823 703 4879 homo
727 4825 826 4880 iste
849 4825 990 4880 Deus
1005 4833 1090 4881 est
1111 4827 1511 4896 intelligendus,
1528 4827 1599 4884 de
1619 4841 1726 4895 quo

157 4913 406 4983 scriptum
438 4925 520 4970 est
553 4934 565 4970 ;
597 4936 614 4967 ί
654 4916 830 4972 ι-ιοιιιο
848 4926 949 4980 est,
979 4926 1034 4973 et
1060 4919 1180 4986 quis
1205 4918 1482 4988 cognoscit
1504 4920 1666 4975 eum?
1702 4939 1721 4970 ι

161 5001 220 5055 Et
245 5004 436 5059 iterum
464 5023 476 5058 :
511 5025 528 5056 ι
574 5005 744 5061 Homo
784 5017 943 5063 natus
973 5017 1056 5064 est
1087 5009 1139 5062 in
1170 5018 1325 5073 ea,et
1349 5009 1462 5079 ipse
1486 5009 1728 5066 fundavit

161 5110 268 5152 eam
311 5099 622 5154 Altissimus
668 5097 839 5169 (Psal.
878 5101 1119 5173 Lxxxvt).
1176 5121 1194 5153 ι
1247 5103 1347 5169 Qui
1395 5117 1521 5157 vere
1568 5103 1728 5157 homo

161 5201 372 5245 vocatur
400 5193 466 5245 ab
503 5192 861 5258 humanitate,
893 5193 1020 5261 quia
1073 5193 1518 5264 benignissimam
1572 5194 1730 5264 largi-

161 5288 314 5336 tatem
345 5284 586 5353 quotidie
631 5285 816 5355 generi
871 5287 1108 5342 humano
1158 5287 1398 5342 exhibet.
1453 5286 1552 5353 Qui
1603 5287 1732 5342 fecit

162 5387 361 5430 emnam
394 5392 668 5445 magnam,
695 5378 821 5448 quia
867 5378 1263 5435 indeﬁeientem
1313 5379 1618 5436 satietatem
1673 5379 1728 5433 in

162 5473 353 5521 acterna
381 5467 664 5524 dulcedine
681 5469 885 5523 electis
913 5470 1200 5525 animabus
1230 5471 1575 5540 prmparavit.
1624 5471 1730 5525 Vo-

165 5559 293 5614 cavit
320 5569 500 5616 autem
530 5561 745 5623 mullos,
775 5561 1008 5630 primum
1034 5577 1130 5632 per
1151 5563 1498 5632 semetipsum
1531 5559 1730 5618 Iudaeis

163 5651 522 5717 prmdieando,
546 5652 890 5722 postmodum
921 5668 1016 5722 per
1047 5654 1486 5724 praedicationem
1517 5663 1730 5725 aposto-

166 5735 328 5796 lorum
365 5759 432 5798 ex
465 5753 696 5814 quatuor
723 5744 903 5799 mundi
932 5744 1174 5813 partibus
1206 5744 1458 5815 populum
1486 5745 1724 5817 gentium

167 5831 225 5886 ad
261 5834 412 5890 ﬁdem
447 5835 706 5901 vocando,
729 5836 794 5897 de
822 5851 926 5905 qua
958 5837 1237 5894 vocatione
1269 5852 1365 5908 per
1389 5837 1728 5893 Psalmistam

1823 3377 1958 3448 (13a.
1989 3376 2158 3447 χιιι).
2198 3395 2213 3428 ι
2253 3376 2334 3430 Dc‘
2360 3391 2465 3445 qua
2496 3390 2651 3430 omna
2697 3391 2796 3445 per
2836 3375 3101 3429 Joannem
3147 3375 3347 3434 dicitur
3385 3387 3404 3430 :

1828 3489 1846 3522 ι
1890 3469 2035 3524 Beati
2066 3469 2155 3538 qui
2187 3468 2252 3522 ad
2282 3483 2493 3522 orenam
2528 3468 2837 3537 nuptiarum
2866 3467 2990 3536 agni
3027 3467 3207 3520 vocati
3255 3473 3406 3534 sunt,

1823 3559 1878 3613 in
1913 3559 1999 3614 his
2033 3558 2271 3613 secunda
2301 3573 2447 3612 mors
2489 3573 2596 3610 non
2645 3557 2805 3611 habet
2856 3565 3180 3628 potestatem
3221 3556 3406 3627 (Apoc.

1823 3648 1959 3716 xix).
1997 3667 2014 3698 ι
2043 3646 2208 3716 Cujus
2230 3660 2402 3702 cinna:
2448 3645 2916 3716 participationem
2947 3662 3006 3702 se
3040 3655 3272 3700 noverat
3305 3649 3406 3700 ha-

1823 3741 1974 3802 bere,
2003 3740 2094 3810 qui
2139 3739 2353 3794 dicebat
2386 3757 2398 3792 :
2435 3757 2454 3790 ‹
2498 3737 2761 3792 Dominus
2814 3739 2989 3808 pascit
3030 3752 3118 3792 me
3140 3779 3154 3803 ,
3186 3747 3240 3792 et
3270 3737 3408 3792 nihil

1827 3831 1957 3885 mihi
1983 3828 2180 3895 deerit,
2216 3827 2269 3881 in
2307 3827 2426 3882 loco
2458 3841 2669 3897 pascuae
2693 3826 2766 3881 ibi
2791 3843 2876 3882 me
2900 3826 3184 3881 collocavit
3230 3825 3404 3896 (Psal.

1825 3920 1984 3992 xxii).
2033 3939 2051 3972 ›
2084 3919 2152 3974 Ει
2193 3919 2389 3973 iterum
2421 3936 2433 3971 :
2471 3936 2490 3969 ‹
2526 3917 2783 3972 Satiabor
2815 3918 2940 3971 dum
2973 3915 3412 3970 manifestabitur

1825 4013 1994 4083 gloria
2026 4022 2114 4066 tua
2147 4011 2318 4083 (Psal.
2345 4012 2478 4082 xvi).
2521 4030 2538 4061 ι
2573 4009 2750 4065 Tanto
2773 4024 2902 4079 ergo
2927 4010 2993 4064 ad
3024 4010 3165 4064 hanc
3197 4021 3409 4063 cumam

1827 4086 2177 4158 festinantius
2241 4116 2460 4156 currere
2515 4101 2798 4166 debemus,
2846 4108 3052 4170 quanto
3097 4109 3222 4170 post
3271 4100 3412 4154 hanc

1827 4195 1991 4248 aliam
2050 4194 2295 4249 invenire
2349 4210 2457 4248 non
2503 4194 2781 4257 novimus,
2841 4193 3070 4248 Domino
3115 4201 3410 4247 monente:

1835 4303 1852 4336 ι
1898 4284 2112 4340 Currite
2139 4284 2266 4339 dum
2293 4282 2467 4339 lucem
2488 4285 2612 4339 vitm
2645 4285 2878 4351 habetis,
2907 4300 2976 4339 nc
3003 4285 3239 4339 tenebrm
3265 4297 3410 4338 mor-

1829 4377 1899 4432 tis
1929 4391 2026 4432 vos
2051 4377 2514 4446 comprehendant
2545 4375 2723 4446 (Joan.
2758 4363 2897 4445 xu).
2927 4395 2942 4428 ι
2980 4374 3116 4428 Nam
3157 4383 3217 4427 ut
3262 4372 3413 4427 fasti-

1827 4466 1974 4521 dium
1998 4465 2258 4531 auferret,
2281 4463 2578 4533 subiunxit,
2604 4465 2789 4520 dicens
2815 4481 2830 4518 :
2869 4483 2886 4514 ‹
2922 4463 3055 4529 Quia
3077 4460 3189 4529 jam
3217 4469 3407 4530 parata

1835 4575 1854 4609 ι
1900 4566 2026 4613 sunt
2053 4556 2256 4611 omnia.
2305 4575 2324 4608 ι
2361 4554 2553 4610 Omnia
2584 4553 2726 4609 enim
2776 4560 2966 4623 parata
3005 4559 3150 4615 sunt,
3173 4549 3301 4619 quia
3327 4549 3414 4605 ille

1829 4645 2120 4716 singularis
2146 4659 2323 4714 agnus
2352 4643 2566 4698 occisus
2603 4651 2705 4709 est,
2738 4642 2789 4696 in
2821 4639 2974 4708 cujus
3022 4638 3416 4710 praeparatione

1830 4736 2013 4792 omnia
2050 4741 2462 4805 praecesserunt.
2516 4732 2642 4788 Sive
2673 4732 3069 4802 omnia'parata
3107 4738 3250 4795 sunt,
3285 4730 3411 4800 quia

1831 4829 2035 4884 nullum
2087 4825 2393 4896 exemplum
2445 4825 2660 4880 virtutis
2701 4834 2806 4889 est,
2859 4825 3002 4894 quod
3063 4825 3130 4878 ad
3169 4831 3413 4878 nostram

1831 4919 2186 4975 imitationem
2215 4918 2268 4971 in
2290 4916 2542 4986 operibus
2567 4925 2877 4970 sanctorum
2909 4930 3012 4968 non
3055 4915 3127 4968 sit
3173 4913 3416 4968 declara-

1833 5019 1967 5064 tum.
1994 5009 2112 5064 Jam
2143 5009 2285 5062 enim
2319 5007 2683 5062 innocentiam
2728 5007 2860 5062 Abel
2919 5001 3258 5070 audivimus,
3282 5005 3415 5059 'obe-

1835 5103 2096 5157 dientiam
2147 5101 2400 5164 Abrahm,
2454 5099 2816 5154 constantiam
2871 5098 3038 5162 Isaac,
3072 5096 3414 5151 tolerantiam

1833 5192 2018 5257 Iacob,
2046 5192 2420 5248 castimoniam
2459 5189 2681 5260 Joscph,
2714 5190 2962 5244 militiam
2992 5188 3182 5258 Moysi,
3205 5187 3416 5241 miseri-

1834 5287 2073 5341 cordiam
2130 5285 2318 5349 David,
2371 5283 2691 5354 patientiam
2731 5281 2853 5348 Job,
2907 5290 2962 5336 et
3012 5280 3172 5334 ﬁnem
3201 5279 3393 5334 Domin

1833 5379 2088 5434 vidimus.

1913 5491 1929 5522 ι
1973 5473 2039 5526 Et
2062 5479 2346 5543 creperum
2383 5485 2572 5526 omnes
2619 5470 2777 5525 simul
2829 5484 3110 5524 excusare.
3174 5485 3191 5516 ι
3249 5462 3417 5520 Oﬁ'ert

1831 5563 1976 5620 Deus
2003 5564 2146 5635 quod
2178 5563 2358 5634 rogari
2406 5563 2684 5625 debuerat,
2731 5563 2860 5617 dare
2909 5571 3132 5631 paratus
3179 5566 3262 5610 est
3308 5570 3413 5611 non

1837 5665 2080 5728 rogatus,
2105 5657 2170 5711 de
2200 5671 2311 5726 quo
2338 5656 2427 5710 vix
2460 5656 2605 5712 credi
2637 5653 2990 5726 potnit,quod
3021 5651 3202 5722 largiri
3224 5651 3415 5720 digna-

1836 5755 1987 5801 retur
2017 5787 2031 5808 ,
2074 5746 2236 5801 etiam
2289 5744 2606 5815 postulatus.
2661 5742 3052 5813 lnvestiganda:
3095 5739 3241 5794 enim
3290 5750 3417 5794 sunt

1834 5837 2043 5895 deliciae
2072 5836 2306 5904 Domini,
2359 5836 2572 5893 etiamsi
2603 5836 2832 5893 fuissent
2879 5830 3226 5890 absconditae.
3265 5829 3417 5886 Nunc
