4014 6354
588 395 700 453 603

1194 385 1551 443 llAYMONlS
1588 387 2065 479 HhLBERSTAT.
2106 388 2321 445 EPISC.
2361 386 2512 445 OPP.
2553 384 2737 444 PARS
2774 385 2839 442 ll.
2878 416 2949 427 —
2982 384 3219 444 HOMIL.

3769 385 3881 442 σοι

589 518 771 567 autem
796 504 1086 563 manifeste
1108 512 1315 573 parate
1340 511 1486 569 sunt,
1516 510 1573 558 et
1598 510 1778 560 tamen
1805 504 1873 559 ad
1898 518 1991 558 eas
2036 503 2174 560 aeci-
2198 507 2251 566 Α
2277 502 2553 573 egreditur
2582 499 2738 571 (Gen.
2771 500 2984 569 xxxiv),
3009 500 3063 554 id
3083 507 3169 555 est
3203 513 3239 553 θ
3271 498 3565 569 semetipsa
3602 500 3830 555 recedit
3860 516 3877 554 :

588 599 817 672 piendas
839 596 976 668 pigri
1006 603 1062 650 et
1087 588 1354 650 fastidiosi
1385 610 1592 650 sumus.
1615 595 1769 662 Quod
1798 595 1920 650 ideo
1948 594 2184 666 fit,quia.
2230 654 2235 657 ,

588 691 711 763 plus
742 687 978 743 terrenis
1002 685 1305 750 desideriis,
1323 700 1485 755 quam
1517 684 1836 741 coelestibus
1876 685 2170 740 inhiamus.

592 778 744 834 Unde
777 787 831 831 et
867 775 1119 830 subditur
1151 793 1165 830 :
1222 793 1241 827 ι
1287 774 1502 832 Primus
1531 775 1669 833 dixit
1694 775 1747 831 ei
1774 793 1787 829 :
1819 774 2014 832 Villam
2042 775 2179 841 emi,‘

588 887 608 919 ι
657 877 714 923 et
739 882 966 922 necesse
1003 867 1181 923 habeo
1205 868 1357 923 exire
1381 876 1438 924 et
1476 868 1663 927 videre
1706 867 1852 923 illam
1884 886 1898 922 :
1931 883 2064 939 rogo
2099 876 2171 933 te,

589 977 606 1008 ι
652 958 791 1013 habe
820 972 905 1013 me
930 969 1269 1014 excusatum.
1303 978 1321 1013 ι
1356 958 1495 1026 Quid
1527 974 1624 1029 per
1656 959 1837 1014 villam
1859 1000 1874 1025 ,
1906 959 2013 1015 nisi
2067 968 2175 1017 ter-

590 1064 723 1104 rena
752 1049 1063 1122 designatur
1085 1050 1425 1106 substantia?
1452 1052 1600 1109 Exiit
1617 1068 1746 1123 ergo
1764 1052 1950 1108 videre
1967 1052 2177 1119 villam,

589 1140 684 1210 qui
723 1148 784 1195 ut
828 1149 1097 1197 terrenam
1146 1142 1395 1211 acquirat
1442 1144 1821 1208 substantiam,
1849 1143 1904 1198 in
1933 1143 2175 1199 exterio-

591 1233 745 1289 ribus
796 1235 957 1290 rebus
999 1237 1351 1305 semetipsum
1403 1235 1662 1307 implicat.
1694 1235 1834 1291 Sunt
1859 1236 2008 1292 enim
2034 1251 2175 1292 non-

592 1325 735 1382 nulli.
753 1326 869 1397 qui,
909 1326 1219 1382 divitiarum
1249 1328 1621 1398 temporalium
1666 1328 1962 1397 cupiditate
2007 1328 2173 1398 capti,

589 1425 657 1473 ut
685 1417 911 1474 ditiores
941 1427 996 1475 et
1043 1418 1376 1488 potentiores
1418 1418 1538 1476 aliis
1589 1428 1908 1490 appareant,
1949 1419 2177 1476 diversis

589 1512 804 1568 artibus
853 1521 908 1566 et
957 1512 1221 1582 ingeniis,
1286 1513 1519 1568 terrenis
1567 1513 1800 1584 negotiis
1854 1513 2185 1569 inserviunt.

592 1603 840 1675 Dumque
875 1614 1135 1659 aeternam
1174 1605 1341 1659 vitam
1386 1614 1483 1659 aut
1521 1605 1612 1658 vix
1650 1614 1744 1660 aut
1779 1605 1933 1659 tarde
1961 1605 2030 1660 ad
2060 1619 2178 1661 me-

593 1695 823 1755 moriam
849 1696 1136 1762 reducunt,
1158 1696 1258 1751 etsi
1288 1712 1396 1750 non
1424 1695 1604 1750 verbis
1626 1703 1805 1751 tamen
1831 1695 2085 1765 operibus
2110 1696 2179 1751 ad

589 1786 897 1844 convivium
937 1787 1029 1842 Dei
1053 1788 1236 1844 venire
1258 1787 1528 1859 negligant
1564 1807 1576 1842 :
1604 1788 1730 1858 quia
1758 1788 1899 1844 sicut
1928 1789 2005 1843 ait
2034 1788 2181 1858 Apo-

591 1877 803 1933 stolus:
846 1897 863 1931 ι
898 1877 1069 1934 Nemo
1112 1878 1350 1934 militans
1393 1879 1522 1945 Deo,
1551 1878 1792 1949 implicat
1835 1893 1895 1934 se
1942 1880 2173 1952 negotiis

590 1969 939 2026 smcnlaribus
968 1969 1053 2041 (ΙΙ
1089 1969 1222 2026 Tim.
1254 1970 1337 2038 ιι).
1376 1970 1494 2029 »Ει
1542 1971 1683 2026 sicut
1733 1971 1997 2028 Dominus
2043 1972 2176 2029 dicit

592 2059 647 2119 in
677 2058 990 2130 Evangelio,
1013 2058 1229 2117 difﬁcile
1256 2061 1345 2129 qui
1370 2061 1631 2129 pecunias
1656 2061 1875 2127 habent,
1896 2061 2178 2117 intrabunt

593 2150 649 2203 in
680 2165 901 2220 regnum
934 2150 1195 2206 cuclorum
1238 2149 1455 2223 (Matth.
1506 2151 1858 2225 x1x).,lgitur
1915 2154 2008 2224 qui
2063 2162 2177 2207 toto

592 2238 865 2295 desiderio
898 2242 1219 2311 peragendis
1264 2242 1549 2312 superfluis
1595 2245 1742 2300 curis
1790 2252 1846 2299 et
1888 2243 2180 2301 mundanis

589 2327 843 2394 intendit,
865 2332 1036 2402 magis
1060 2333 1316 2387 smculum
1340 2334 1538 2389 imitari
1565 2335 1778 2391 videtur
1799 2349 1961 2405 quam
1983 2335 2187 2401 Deum,

590 2418 732 2474 sicut
774 2417 1007 2476 Jacobus
1054 2422 1330 2491 apostolus
1357 2425 1434 2478 ait
1465 2442 1479 2479 :
1518 2443 1539 2476 ι
1572 2423 1674 2492 Qui
1705 2424 1941 2481 voluerit
1968 2426 2177 2481 amicus

588 2522 711 2563 esse
725 2508 906 2563 saeculi
923 2508 1105 2579 hujus,
1121 2512 1372 2569 inimicus
1390 2514 1483 2569 Dei
1502 2515 1852 2573 constituitur
1867 2514 2007 2585 (Jac.
2027 2514 2124 2587 ιν).
2149 2534 2175 2568 ι

588 2594 659 2655 Ει
689 2598 924 2654 iterum:
965 2621 983 2652 ‹
1019 2602 1120 2668 Qui
1148 2603 1334 2661 volunt
1380 2605 1576 2661 divites
1629 2606 1769 2672 ﬁeri,
1817 2607 2066 2662 incidunt
2121 2606 2179 2661 in

590 2691 946 2748 tentationem
969 2702 1024 2747 et
1045 2695 1099 2749 in
1127 2696 1378 2765 laqueum
1401 2698 1692 2766 diaboli,et
1712 2699 1983 2756 desideria
2008 2699 2179 2758 multa

592 2791 647 2837 et
676 2780 885 2836 inutilia
910 2781 962 2853 (I
989 2783 1121 2838 Tim.
1152 2787 1250 2857 vt).
1288 2806 1306 2838 ι

669 2892 688 2925 ι
733 2874 799 2928 Ει
830 2874 966 2930 alter
999 2876 1138 2932 dixit
1170 2878 1347 2950 :Juga
1381 2881 1542 2936 boum
1580 2882 1685 2936 emi
1729 2883 1983 2954 quinque,
2016 2891 2073 2938 et
2112 2898 2178 2939 eo

599 2982 617 3013 ι
667 2965 900 3033 probare
925 2966 1047 3033 illa;
1079 2983 1210 3039 rogo
1237 2978 1310 3037 te,
1345 2972 1483 3026 habe
1513 2988 1601 3027 me
1622 2982 1957 3029 excusatum.
1991 2993 2010 3026 ι
2037 2972 2177 3041 Quid

594 3054 650 3109 in
675 3056 911 3127 quinque
928 3058 1074 3130 jugis
1098 3062 1282 3128 boum,
1308 3064 1409 3119 nisi
1434 3064 1672 3135 quinque
1698 3081 1890 3122 sensus
1932 3066 2179 3136 corporis

596 3147 988 3220 intelliguntur,
1013 3152 1162 3208 visus
1186 3139 1460 3222 videlicet,
1486 3157 1721 3222 auditus,
1745 3167 1956 3230 gustus,
1981 3158 2176 3213 odora-

2277 593 2463 662 sicque
2496 592 2697 648 violata
2736 591 3047 661 virginitate
3087 590 3156 645 ad
3197 590 3416 645 domum
3451 600 3756 663 paternam
3784 609 3876 647 re-

2275 684 2527 750 vertitur,
2564 684 2699 754 quiav
2741 683 2881 739 solet
2920 682 3235 753 contingere
3284 690 3355 737 ut.
3392 682 3444 737 in
3487 682 3692 738 iisdem
3724 684 3878 739 vitiis

2276 776 2515 831 deterius
2559 774 2793 838 labatur,
2845 774 2901 829 in
2929 774 3126 844 quibus
3161 772 3356 828 acrius.
3383 772 3519 828 alios
3552 772 3874 844 judicabat.

2276 881 2440 937 quam
2477 867 2725 923 decebat.
2759 866 2829 922 Et
2867 866 3006 921 sicut
3037 863 3173 921 Dina
3200 864 3312 921 filia
3348 863 3543 929 Iacob,
3572 865 3682 920 nisi
3718 874 3879 935 patre

2278 959 2671 1017 interveniente
2718 967 2776 1014 et
2795 957 3058 1013 fratribus
3087 957 3453 1029 pugnantibus
3483 957 3719 1013 liberari
3767 973 3876 1012 non

2276 1060 2505 1123 peterat,
2540 1052 2615 1107 ita
2636 1066 2853 1122 quoque
2879 1051 3022 1105 actio
3045 1050 3376 1107 curiositatis
3403 1050 3542 1121 eripi
3572 1064 3686 1105 non
3718 1061 3878 1120 pote-

2276 1145 2367 1210 rit,
2413 1144 2520 1198 nisi
2550 1142 2797 1198 Domino.
2824 1143 3214 1199 miserante-et
3250 1152 3570 1197 sanctorum
3600 1143 3877 1197 orationi-

2276 1235 2390 1291 bus.
2410 1234 2917 1291 intervenientibus.
2947 1232 3052 1300 Qui
3082 1248 3212 1304 ergo
3233 1232 3411 1288 adhuc
3436 1232 3492 1287 in
3515 1240 3688 1288 aetate
3717 1233 3875 1304 puel-

2278 1329 2399 1390 lari.
2432 1329 2486 1384 id
2519 1336 2602 1384 est
2643 1326 2886 1382 novellus
2913 1326 2966 1381 in
3005 1326 3421 1381 conversatione
3448 1324 3644 1390 fuerit,
3676 1325 3735 1379 in
3772 1331 3870 1394 pa:

2280 1431 2432 1477 terna
2461 1420 2622 1475 domo
2648 1426 2886 1484 maneat,
2923 1418 2976 1473 id
3001 1425 3086 1472 est
3112 1417 3166 1473 in
3201 1426 3412 1473 secreto
3438 1417 3522 1472 sui
3545 1417 3797 1487 pectoris
3817 1430 3872 1470 se

2278 1522 2404 1569 ante
2432 1529 2491 1568 se
2519 1520 2705 1583 ponat,
2738 1520 2794 1567 et
2825 1508 3287 1583 juxta-Evangelii
3330 1518 3673 1580 prmceptum
3704 1508 3868 1562 intret

2279 1608 2334 1663 in
2390 1605 2720 1669 cubiculum,
2765 1613 2820 1659 et
2859 1604 3059 1660 clauso.
3098 1602 3239 1658 oStio
3286 1609 3407 1656 oret
3448 1609 3670 1671 patrem
3715 1614 3867 1655 stium

2281 1698 2496 1770 (Matth.
2552 1697 2649 1767 vt).
2701 1696 2779 1751 llli
2808 1704 2991 1751 autem
3037 1695 3106 1749 ad
3150 1692 3382 1748 aliorum
3414 1692 3674 1747 actiones
3702 1689 3864 1745 corri«

2280 1789 2484 1862 gendas
2514 1788 2663 1844 foras
2685 1788 2982 1858 procedere
3005 1786 3227 1851 debent,
3252 1799 3388 1854 quos
3408 1793 3465 1839 et
3501 1798 3726 1840 morum
3750 1797 3865 1853 gra-

2205 1874 2439 1949 Bvitas,
2483 1892 2539 1937 et
2581 1882 2763 1938 aetatis
2811 1880 3119 1944 maturitas,
3162 1886 3219 1933 et
3264 1878 3524 1933 diuturna
3578 1876 3861 1939 sanctitas,

2279 1982 2443 2044 atque
2468 1979 2766 2041 temperata
2789 1968 3049 2026 discretio
3078 1968 3301 2023 idoneos
3326 1966 3528 2022 reddit.
3555 1963 3860 2019 Notandum

2277 2064 2420 2134 quod
2443 2070 2500 2118 et
2524 2063 2571 2118 is
2589 2062 2689 2133 qui
2709 2070 2934 2133 propter
2957 2059 3162 2125 villam,
3185 2067 3242 2115 et
3270 2059 3318 2115 is
3339 2059 3431 2128 qui
3455 2067 3693 2129 propter
3710 2057 3861 2126 quin-

2278 2170 2385 2226 que
2414 2153 2546 2226 juga
2578 2152 2750 2231 boum
2781 2153 2968 2208 venire
3004 2157 3247 2217 excusat,
3285 2151 3338 2204 in
3379 2149 3745 2205 excusatione
3775 2164 3859 2204 sua

2280 2241 3027 2320 eadem_verbatproferunt,
3072 2257 3196 2299 cum
3241 2242 3431 2297 dicunt
3476 2259 3489 2294 :
3548 2259 3570 2293 ι
3616 2240 3767 2312 Rogo
3793 2250 3857 2303 te,

2278 2339 2418 2395 habe
2448 2352 2534 2394 me
2567 2346 2907 2393 excusatum.
2945 2355 2971 2388 ι
2998 2334 3134 2391 Cum
3158 2334 3304 2390 enim
3326 2334 3480 2398 dicit,
3504 2351 3526 2384 ι
3559 2331 3722 2404 Rogo
3745 2342 3811 2395 te,
3834 2350 3853 2383 ι

2275 2430 2555 2485 humilitas
2612 2436 2771 2485 sonat
2814 2430 2869 2484 in
2915 2442 3083 2493 voce;
3138 2442 3262 2482 cum
3309 2435 3491 2480 autem
3544 2424 3851 2495 subiungit,

2285 2539 2321 2573 ι.
2339 2522 2479 2576 habe
2502 2535 2588 2575 me
2602 2527 2940 2584 excusatum,
2968 2538 2986 2570 ι
3006 2517 3257 2588 superbia
3285 2516 3601 2571 ostenditur
3623 2516 3683 2569 in
3711 2515 3858 2570 actio-

2279 2592 2365 2667 ne.
2407 2610 2546 2666 Sunt
2590 2609 2736 2663 enim
2785 2607 3029 2663 nonnulli
3065 2607 3293 2661 infirma:
3344 2604 3548 2659 mentis
3588 2603 3857 2665 homines,

2279 2703 2371 2773 qui
2393 2700 2760 2772 suavejugum
2786 2699 2989 2755 Christi
3020 2698 3305 2769 suscipere
3321 2705 3593 2760 metuunt,
3612 2704 3673 2750 et
3695 2706 3858 2749 tamen

2279 2795 2337 2851 in
2366 2795 2747 2864 iniquitatibus
2777 2793 2893 2847 suis
2913 2790 3100 2860 jacere
3129 2805 3235 2845 non
3267 2788 3594 2845 formidant.
3627 2787 3790 2842 Tales
3812 2794 3862 2839 ut

2280 2888 2566 2945 Psalmista
2602 2888 2678 2943 ait
2724 2905 2743 2938 ‹
2783 2886 2892 2940 illic
2931 2884 3338 2955 trepidaverunt
3370 2882 3590 2945 timore,
3629 2880 3726 2934 uhi
3766 2893 3859 2933 non

2279 2992 2363 3041 est
2393 2983 2556 3037 timor
2586 2978 2757 3053 (Paul.
2810 2979 2953 3048 xm).
3009 2995 3027 3028 ι
3087 2976 3295 3043 Quibus
3321 2988 3446 3029 cum
3488 2972 3862 3028 adoctoribus

2280 3074 2621 3146 praedicatur,
2653 3079 2714 3125 ut
2731 3071 3027 3141 pravitates
3053 3082 3179 3123 suas
3207 3066 3480 3129 deserant,
3508 3072 3569 3119 et
3590 3061 3863 3119 szecularia

2279 3149 2543 3220 desideria
2575 3163 2860 3231 abnegent,
2891 3157 3220 3228 respondere
3244 3155 3423 3211 solent
3447 3173 3462 3209 :
3495 3154 3653 3225 Rogo
3679 3161 3749 3217 te,
3774 3165 3863 3207 ora

597 3246 685 3297 tus
723 3246 779 3292 et
806 3243 1015 3301 tactus?
1048 3241 1149 3310 Qui
1178 3244 1317 3301 bene
1334 3245 1466 3317 juga
1491 3257 1778 3313 vocantur,
1811 3248 1904 3318 qui
1945 3249 2181 3315 in,utro-
2210 3241 2254 3305 C
2285 3272 2384 3327 pro
2412 3269 2516 3315 me,
2564 3253 2668 3309 hoc
2717 3262 2897 3306 tamen
2944 3263 3104 3323 agere
3150 3263 3260 3304 non
3286 3261 3528 3318 possum.
3572 3246 3713 3302 Cum
3745 3256 3875 3313 ergo-

594 3345 857 3400 quesexu
884 3335 1245 3402 geminantur.
1270 3338 1418 3406 Quos
1446 3355 1638 3396 sensus
1687 3341 1811 3396 ideo
1855 3343 2171 3413 accipimus,

594 3428 656 3476 ut
680 3420 823 3477 inter
848 3423 1048 3479 bonum
1077 3435 1133 3482 et
1157 3428 1359 3483 malum
1384 3429 1695 3487 discernere
1723 3431 2019 3488 valeamus.
2039 3434 2179 3490 Sunt

593 3512 798 3568 etenim
843 3515 1121 3585 nonnulli,‘
1143 3518 1236 3587 qui
1266 3534 1460 3576 sensus
1490 3521 1753 3591 corporis,
1779 3535 1916 3590 quos
1949 3537 2175 3595 accepe-

594 3611 720 3659 runt
746 3604 816 3659 ad
843 3620 998 3661 usum
1022 3615 1248 3674 naturae,
1274 3610 1326 3664 in
1354 3626 1510 3666 usum
1537 3620 1859 3667 convertunt
1884 3612 2090 3682 culpae:
2123 3620 2179 3668 et

594 3692 778 3753 oculos
807 3695 1021 3763 quidem
1049 3698 1117 3752 ad
1137 3699 1651 3769 concupiscentiam,
1667 3710 1722 3756 et
1744 3717 1904 3757 aures
1927 3703 2181 3772 aperiunt

596 3784 665 3838 ad
711 3786 1031 3843 audiendam
1086 3789 1317 3845 libenter
1359 3792 2051 3866 detractionem,»‘linguam
2109 3793 2181 3851 ad

597 3875 1050 3943 maledictionem,
1081 3896 1277 3936 manus
1303 3882 1371 3937 ad
1414 3884 1645 3951 proximi
1687 3883 1985 3949 laesionem,
2016 3900 2179 3942 nares

599 3963 670 4017 ad
700 3963 945 4020 illicitum
972 3968 1216 4023 odorem.
1234 3969 1480 4041 Dumque
1510 3972 1830 4042 semetipsos
1856 3973 2181 4030 obliviscen-

598 4063 701 4120 tes,
727 4054 900 4111 aliena
922 4072 1085 4128 Opera
1107 4060 1175 4121 ad
1193 4060 1557 4134 derogandum
1582 4063 1851 4120 curiosius
1878 4063 2175 4135 inquirunt,

601 4148 812 4205 scilicet
838 4165 944 4206 non
976 4160 1037 4207 ut
1054 4154 1328 4225 corrigant
1354 4165 1447 4212 aut
1471 4158 1774 4222 emendent,
1792 4158 1887 4214 sed
1906 4165 1967 4213 ut
1986 4157 2178 4230 dijudi-

599 4249 725 4295 cent
757 4248 811 4297 et
851 4250 1233 4311 contemnant,
1258 4246 1325 4302 ad
1347 4248 1650 4303 convivium
1678 4248 1774 4303 Dei
1802 4263 1908 4305 non
1934 4249 2175 4306 veniunt.

601 4329 755 4387 Unde
780 4332 918 4388 bene
944 4333 1012 4389 de
1036 4335 1272 4406 quinque
1294 4338 1437 4409 jugis
1465 4340 1628 4395 boum
1659 4340 1879 4406 dicitur,
1911 4360 1931 4392 ι
1965 4355 2032 4396 eo
2058 4357 2180 4411 pm-

598 4423 732 4480 bare
760 4423 866 4480 illa.
907 4445 926 4478 ι
966 4424 1118 4482 Solet
1140 4429 1286 4483 enim
1326 4431 1574 4501 probatio
1596 4431 1885 4502 aliquando
1909 4433 1975 4487 ad
1998 4433 2180 4489 curio-

598 4514 813 4571 sitatem
835 4517 1125 4586 pertinere.
1152 4518 1253 4587 Qui
1277 4521 1424 4577 enim
1452 4522 1521 4578 de
1543 4523 1768 4580 alterius
1812 4524 1969 4581 oculo
2010 4523 2179 4581 festu-

596 4621 715 4661 eam
744 4607 942 4677 ejicere
971 4609 1185 4678 nititur,
1216 4619 1277 4667 ut
1305 4614 1548 4669 sanctior
1592 4622 1649 4670 et
1691 4616 1892 4686 justior
1930 4617 2180 4673 videatur

595 4699 830 4764 cancris,
883 4699 939 4755 in
995 4716 1095 4758 suo
1138 4705 1350 4760 trabem
1389 4721 1498 4762 non
1543 4707 1735 4763 videns
1787 4709 2007 4781 (Matth.
2054 4713 2181 4783 vn),

593 4787 751 4855 quasi
782 4787 850 4843 ad
893 4790 1169 4859 probanda
1208 4792 1338 4865 juga
1367 4796 1531 4851 boum
1555 4798 1861 4869 egrediens,
1890 4801 1957 4856 ad
1989 4802 2179 4857 convi-

592 4878 739 4933 vium
764 4879 980 4937 Domini
1019 4900 1127 4941 non
1157 4888 1324 4943 venit.
1356 4887 1534 4946 Grave
1577 4906 1811 4961 namque
1850 4893 2182 4951 curiositatis

596 4977 677 5024 est
698 4972 911 5039 vitium,
930 4977 1022 5046 qui
1048 4979 1173 5035 dum
1195 4982 1401 5039 alienas
1422 4984 1666 5040 actiones
1687 4984 1966 5053 dijudicat,
1983 4997 2180 5044 semet-

597 5062 772 5131 ipsum
803 5065 1156 5127 obliviscitur.
1183 5073 1341 5132 Tales
1369 5076 1695 5146 signilicavit
1720 5075 1855 5132 Dina
1877 5076 2044 5135 Jacob
2070 5079 2176 5136 filia

598 5152 750 5212 (Cen.
767 5162 945 5229 xun),
961 5178 1081 5234 qua:
1095 5182 1217 5221 eum
1237 5182 1451 5239 egressa
1466 5176 1609 5222 esset
1625 5176 1684 5222 ut
1695 5168 1904 5226 videret
1924 5171 2180 5229 mulieres

598 5252 832 5321 regionis
866 5254 1027 5321 illius,
1059 5256 1610 5327 videlicet-Sicltimis,
1644 5261 1711 5318 ad
1739 5277 1904 5333 quam
1932 5263 2175 5334 ingressa

600 5343 778 5398 fuerat
822 5361 943 5401 cum
983 5359 1136 5418 patre
1183 5358 1239 5404 et
1285 5350 1564 5416 fratribus,
1621 5352 1854 5422 turpiter
1882 5369 1912 5408 a
1952 5351 2174 5410 Sichem

596 5440 761 5497 Emor
793 5441 901 5497 filio
953 5452 1323 5515 constuprata,
1380 5452 1535 5515 patre
1570 5445 1964 5504 interveniente
1991 5454 2045 5503 et
2065 5446 2175 5502 fra-

597 5532 771 5589 tribus
809 5536 1172 5605 pugnantibus
1223 5535 1473 5602 liberata,
1510 5537 1579 5593 ad
1624 5546 1911 5608 paternam
1954 5538 2176 5594 domum

595 5637 819 5681 reversa
862 5632 964 5681 est.
1016 5624 1244 5693 Quando
1269 5627 1415 5682 enim
1455 5642 1609 5685 mens
1651 5628 2045 5685 infirmantium
2082 5645 2177 5685 ac-

604 5716 776 5772 tiones
825 5716 1037 5773 curiose
1084 5727 1474 5788 perscrutatur,
1515 5721 1668 5791 quasi
1708 5720 1842 5776 Dina
1877 5722 1985 5777 illia
2007 5722 2177 5778 Jacob

602 5807 857 5867 mulieres
884 5811 1120 5882 regionis
1141 5811 1325 5871 videre
1350 5813 1684 5879 desiderans,
1712 5829 1740 5869 a
1770 5823 1995 5885 paterna
2017 5816 2178 5872 domo

2278 3347 2442 3402 dicit:
2470 3344 2622 3417 Rogo
2643 3353 2716 3410 te,
2737 3359 2831 3399 ora
2853 3358 2954 3415 pro
2977 3358 3065 3398 me
3093 3360 3106 3396 :
3139 3351 3195 3396 et
3220 3356 3344 3396 cum
3370 3341 3504 3396 dicit
3528 3359 3542 3393 :
3575 3338 3695 3393 Hoc
3716 3352 3860 3409 agere

2277 3453 2384 3494 non
2411 3452 2651 3507 possum,
2684 3437 2811 3507 quid
2845 3436 2989 3491 aliud
3023 3443 3127 3499 est,
3168 3434 3273 3489 nisi
3308 3433 3435 3503 quia
3478 3431 3860 3488 humilitasso~

2277 3536 2371 3581 nat
2399 3527 2455 3582 in
2482 3541 2614 3582 voce
2641 3536 2696 3582 et
2726 3525 2980 3595 superbia
3004 3525 3059 3578 in
3085 3523 3333 3580 actione?
3360 3521 3521 3578 Tales
3542 3519 3859 3591 significavit

2276 3617 2470 3673 Petrus
2502 3616 2678 3672 adhuc
2704 3616 2757 3671 in
2785 3615 3102 3670 infirmitate
3122 3614 3350 3684 positus,
3379 3611 3600 3683 quando
3624 3610 3746 3666 viso
3767 3610 3857 3664 mi-

2278 3708 2463 3764 raculo
2492 3707 2748 3779 piscium,
2780 3706 2919 3763 dixit
2948 3725 2962 3761 :
3004 3726 3023 3759 ι
3056 3707 3157 3762 Exi
3201 3722 3233 3761 a
3260 3721 3369 3767 me,
3396 3704 3525 3774 quia
3556 3703 3728 3758 homo
3749 3715 3858 3772 pec-

2278 3810 2430 3855 cator
2456 3815 2597 3865 sunt,
2623 3799 2851 3854 Domine
2891 3798 3042 3870 (Luc.
3082 3799 3161 3867 v).
3206 3817 3223 3848 ι
3258 3796 3364 3852 Sed
3394 3796 3487 3865 qui
3531 3801 3860 3867 sepeccato-

2282 3907 2396 3947 rem
2426 3891 2756 3956 considerat,
2805 3891 2973 3946 Deum
3014 3905 3044 3944 a
3093 3890 3256 3944 corde
3283 3903 3383 3943 suo
3410 3886 3559 3941 nullo
3586 3887 3752 3941 modo
3781 3901 3857 3939 re-

2278 3984 2462 4055 pellat,
2488 3983 2579 4038 sed
2617 3998 2725 4054 quo
2753 3982 2925 4053 magis
2947 3997 3007 4037 se
3034 3974 3258 4051 impium
3296 3978 3566 4050 intelligit,
3591 3994 3662 4035 eo
3702 3978 3857 4048 magis

2280 4075 2708 4132 misericordiam
2745 4075 2838 4129 Dei
2865 4074 3138 4144 imploret.

2357 4185 2375 4217 ι
2420 4165 2489 4221 Ει
2519 4164 2658 4219 alius
2682 4163 2820 4219 dixit
2852 4182 2865 4218 :
2900 4163 3138 4219 Uxorem
3172 4162 3321 4226 duxi,
3346 4172 3402 4217 et
3433 4162 3556 4218 ideo
3589 4177 3702 4217 non
3744 4176 3857 4233 pos-

2287 4276 2307 4311 t
2350 4272 2469 4313 sum
2510 4256 2717 4312 venire.
2772 4275 2792 4309 ι
2844 4253 2984 4323 Quid
3030 4269 3128 4324 per
3158 4267 3410 4318 uxorem,
3466 4251 3573 4307 nisi
3622 4253 3859 4322 voluptas

2281 4348 2462 4405 carnis
2489 4345 2838 4418 designatur?
2864 4344 2976 4400 Nec
3021 4344 3242 4398 mirum.
3278 4342 3430 4398 Solet
3449 4343 3596 4396 enim
3633 4358 3732 4411 per
3756 4340 3861 4395 lici-

2281 4448 2392 4495 tam
2422 4452 2535 4493 rem
2565 4451 2655 4492 res
2694 4436 2881 4491 illicita
2912 4432 3494 4507 ﬁgttrari.Conjugium
3527 4448 3769 4503 namque
3788 4440 3867 4487 est

2280 4547 2369 4588 res
2389 4531 2556 4596 licita,
2583 4530 2708 4600 quia
2730 4544 2762 4585 a
2797 4528 2909 4584 Deo
2938 4542 3253 4583 concessum
3289 4535 3396 4591 est,
3430 4526 3574 4581 sicut
3610 4527 3862 4596 scriptum

2203 4600 2260 4666 Β
2282 4633 2404 4681 est:
2437 4642 2456 4676 ι
2490 4623 2663 4679 Erunt
2686 4620 2794 4676 duo
2818 4622 2870 4676 in
2901 4635 3066 4676 carne
3092 4636 3198 4675 una
3236 4618 3431 4691 (Marc.
3466 4618 3545 4689 x).
3582 4637 3603 4669 ι
3643 4618 3710 4673 Et
3736 4619 3864 4689 Apo-

2283 4717 2498 4776 stolus:
2533 4734 2553 4770 ι
2590 4714 2736 4783 Quos
2767 4716 2911 4770 Deus
2958 4712 3257 4783 conjunxit,
3307 4712 3473 4766 homo
3516 4727 3628 4765 non
3662 4719 3864 4781 separet

2284 4806 2495 4882 (Ibid.).
2536 4826 2554 4859 ι
2587 4805 2693 4862 Sed
2721 4806 2850 4862 dum
2883 4806 3128 4877 plerique
3154 4819 3261 4860 non
3305 4819 3404 4874 pro
3431 4803 3711 4858 desiderio
3743 4803 3866 4857 tilio-

2283 4915 2426 4964 rum,
2453 4897 2548 4955 sed
2568 4891 2672 4968 'pro
2695 4896 2808 4954 sola
2836 4897 3020 4953 carnis
3058 4894 3421 4952 delectatione
3447 4892 3715 4964 explenda
3746 4889 3864 4947 illud

2284 4989 2603 5060 suscipiunt,
2631 4988 2699 5044 ad
2735 4987 3043 5043 convivium
3074 4985 3173 5041 Dei
3203 4985 3390 5041 venire
3419 4992 3706 5048 recusant,
3730 4995 3865 5038 com-

2282 5080 2455 5152 parati
2484 5077 2749 5149 jumentis
2785 5077 3189 5148 insipientibus,
3239 5087 3298 5132 et
3336 5074 3544 5133 similes
3590 5071 3722 5128 facti
3750 5080 3865 5127 sunt

2285 5170 2412 5235 illis,
2443 5170 2495 5225 in
2524 5184 2756 5240 quorum
2786 5168 3244 5240 vituperationem
3286 5180 3384 5237 per
3428 5165 3758 5236 prophetam
3787 5162 3862 5216 di-

2282 5262 2468 5318 citur:
2507 5280 2525 5313 ι
2577 5261 2712 5332 Equi
2745 5270 3019 5317 amatores
3059 5269 3116 5314 et
3163 5258 3460 5321 emissarii,
3491 5255 3864 5327 unusquisque

2283 5359 2351 5415 ad
2377 5373 2605 5414 uxorem
2634 5356 2866 5428 proximi
2896 5356 2979 5411 sui
3017 5340 3301 5409 hinniebat
3327 5351 3460 5423 (lcr.
3499 5352 3577 5422 v).
3615 5368 3635 5401 ι
3672 5349 3740 5404 Et
3774 5350 3868 5402 ite-

2282 5464 2445 5504 rum:
2485 5467 2502 5501 ι
2535 5448 2775 5516 Quorum
2823 5460 3017 5501 carnes
3046 5445 3188 5500 sicut
3234 5456 3427 5499 carnes
3463 5442 3769 5503 asinorum,
3815 5446 3868 5491 α

2284 5543 2424 5599 sicut
2456 5540 2632 5597 ﬂuxus
2660 5555 2924 5612 equorum
2952 5538 3130 5593 fluxus
3158 5550 3348 5593 eorum
3378 5534 3600 5605 (Ezcht.
3630 5532 3812 5602 xxtn),
3842 5548 3865 5582 ι

2284 5636 2483 5706 quibus
2520 5650 2617 5707 per
2657 5634 2985 5705 Prophetam
3032 5632 3279 5687 dicitur:
3313 5649 3329 5680 ι
3373 5628 3554 5683 Nolite
3584 5627 3702 5682 fieri
3729 5626 3870 5680 sicut

2284 5743 2456 5799 equus
2490 5736 2547 5782 et
2592 5725 2787 5790 mulus,
2824 5725 3018 5795 quibus
3065 5739 3173 5780 non
3211 5733 3295 5779 est
3338 5720 3654 5776 intellectus
3694 5714 3866 5787 (Pul.

2288 5819 2460 5889 xxxi).
2517 5839 2535 5872 ο
2589 5816 2725 5873 Tres
2752 5832 2879 5888 ergo
2921 5816 3138 5871 ordines
3172 5813 3429 5870 Dominus
3457 5809 3875 5865 excusationunt
