4014 6354
135 379 280 435 C05
1404 376 1705 436 HOlllleE
1745 375 1833 431 DE
1872 374 2215 444 TEMPORE.
2964 396 2971 404 λ
3343 376 3451 434 606

134 492 658 559 commemoravit,
690 492 814 563 quia
859 492 961 547 tria
1000 502 1125 548 sunt
1149 491 1466 561 spiritaliter
1505 491 1657 555 vitia,
1710 490 1764 544 in
1794 489 1839 550 Α
1869 487 2220 557 colliguntur;
2251 486 2377 558 quia
2397 486 2615 558 dignum
2636 497 2741 555 est,
2764 497 2823 544 ut
2852 504 2989 560 quos
3013 490 3246 547 mundus
3267 491 3448 562 despi—

137 584 395 653 quibus
441 599 610 655 genus
651 585 944 638 humanum
994 584 1230 649 maxime
1281 583 1612 653 implicatum
1639 622 1660 647 ,.
1703 582 1770 636 ad
1874 581 1968 644 cit,
2002 580 2139 635 Deus
2163 580 2344 650 eligat.
2368 580 2525 647 Quia,
2558 581 2700 637 sicut
2724 584 2799 637 ait
2827 583 3132 653 Apostolus,
3165 603 3184 637 ι
3228 584 3447 640 infirma

138 676 504 730 convivium
534 671 628 728 Dei
672 672 857 727 venire
885 674 1198 738 contemnit,
1232 687 1327 742 per
1351 688 1470 741 quae
1494 681 1549 725 et
1579 671 1768 726 diabo-
1873 675 2056 730 mundi
2084 676 2244 746 elegit
2272 677 2435 742 Deus,
2459 686 2520 732 ut
2549 679 2845 733 confundat
2877 678 3071 745 fortia;
3101 689 3157 735 et
3186 679 3443 750 ignobilia

1872 767 2057 821 mundi
2088 775 2144 821 et
2167 767 2590 837 contemptibilia
2621 768 2799 839 elegit,
2831 778 2885 824 et
2909 784 2972 824 ea
3002 785 3122 840 quae
3156 784 3262 825 non
3292 778 3443 836 sunt,

1870 868 1932 914 ut
1958 875 2020 914 ea
2049 875 2167 929 quze
2200 869 2327 915 sunt
2344 862 2646 917 destrueret
2672 861 2720 933 (I
2750 861 2876 917 Cor.
2908 865 2970 935 ι).
3010 884 3029 916 ι
3060 864 3158 921 Ubi
3192 865 3444 937 colligere

1870 963 2176 1018 possumus,
2207 951 2330 1019 quia
2362 965 2459 1020 per
2486 952 2828 1008 infirmitates
2873 955 3262 1022 membrorum,
3288 955 3444 1011 infir-

1869 1037 2086 1091 mitates
2113 1039 2371 1093 mentium
2422 1054 2694 1109 expressae
2734 1047 2877 1095 sunt.
2910 1040 3183 1112 Pauperes
3207 1044 3354 1101 enim
3384 1051 3442 1099 et

1869 1127 2073 1183 debiles
2117 1138 2263 1195 sunt,
2313 1131 2405 1200 qui
2454 1144 2514 1186 se
2563 1131 2703 1201 apud
2750 1132 3066 1202 semetipsos
3112 1134 3438 1205 despiciunt.

1868 1217 2029 1283 Caeci,
2044 1232 2180 1287 quos
2192 1219 2494 1275 intellectus
2506 1220 2906 1290 Scripturarum
2922 1221 3067 1276 nullo
3088 1223 3300 1293 ingenio
3317 1224 3441 1280 illu-

1867 1305 2056 1361 minat.
2088 1306 2300 1373 Claudi,
2327 1308 2418 1377 qui
2456 1324 2553 1379 per
2582 1308 2915 1366 intellectum
2941 1310 3080 1365 viam
3111 1310 3206 1367 Dei
3237 1313 3441 1377 vident,

1866 1405 1922 1451 et
1952 1406 2131 1452 tamen
2178 1413 2288 1468 prae
2331 1398 2644 1456 infirmitate
2691 1401 2891 1456 mentis
2916 1415 3014 1471 per
3053 1416 3172 1457 eam
3219 1417 3445 1458 currere

1865 1483 2179 1541 formidant.
2225 1487 2294 1541 Et
2322 1488 2378 1543 hi
2411 1502 2539 1559 ergo
2586 1490 2676 1559 qui
2707 1489 3049 1562 colliguntur,
3074 1492 3287 1562 peccati
3315 1492 3437 1550 vin-

1866 1577 1987 1632 culo
2036 1586 2305 1646 tenentur,
2357 1580 2501 1635 sicut
2546 1589 2601 1637 ct
2650 1582 2726 1649 illi
2758 1584 2851 1653 qui
2880 1584 3064 1639 venire
3102 1592 3442 1655 contempse-

140 765 253 818 liis
287 762 492 819 Jesum
539 761 810 817 Christum
839 761 1084 825 tentavit,
1116 762 1166 816 id
1204 770 1303 824 est,
1341 776 1439 831 per
1463 760 1769 825 avaritiam,

140 870 271 922 per
311 853 721 916 curiositatem,
744 866 864 920 qua:
891 852 1163 919 pertinent
1198 851 1265 904 ad
1299 865 1492 903 vanam
1514 848 1764 920 gloriam,

140 952 213 998 et
244 959 373 1013 per
397 942 888 1013 concupiscentiam
935 941 1134 1003 carnis,
1180 940 1232 993 id
1271 948 1355 994 est
1406 954 1502 1008 per
1546 938 1766 1009 gulam:

142 1049 304 1103 qua:
342 1034 573 1090 sollicite
600 1048 698 1088 nos
731 1047 923 1088 cavere
937 1029 1170 1086 Joannes
1197 1031 1469 1101 apostolus
1491 1032 1765 1097 admonet,

143 1142 305 1180 cum
351 1126 484 1181 dicit
528 1142 543 1180 :
596 1144 615 1177 ι
665 1124 1001 1191 Cltarissimi,
1047 1123 1211 1179 nolite
1243 1123 1463 1195 diligere
1486 1124 1765 1188 mundum,

148 1231 370 1286 neque
394 1232 460 1271 ea
492 1230 613 1288 quae
638 1214 694 1268 in
716 1215 915 1269 mundo
961 1222 1087 1270 sunt
1115 1233 1127 1269 :
1161 1214 1288 1283 quia
1326 1229 1486 1268 omne
1533 1214 1675 1283 quod
1710 1214 1770 1270 in

152 1305 397 1360 mundo
443 1313 547 1372 est,
591 1304 1026 1375 concupiscentia
1056 1304 1238 1359 carnis
1278 1313 1378 1367 est,
1422 1312 1479 1358 et
1515 1303 1769 1377 concupi-

146 1398 400 1452 scentia
448 1396 724 1453 oculorum
753 1395 805 1467 (I
844 1396 1005 1451 Joan.
1056 1396 1140 1467 ιι),
1167 1404 1222 1450 ει
1247 1397 1470 1452 ambitio
1498 1396 1700 1452 saeculi.
1741 1415 1760 1448 ι

151 1489 409 1561 Emptio
440 1505 568 1562 ergo
596 1488 732 1544 villae
759 1489 829 1544 ad
857 1489 1204 1544 ambitionem
1234 1489 1412 1544 smculi
1435 1489 1688 1559 pertinet,
1713 1488 1770 1544 id

147 1591 251 1635 est
283 1581 365 1636 ad
392 1582 694 1636 avaritiam.
732 1579 988 1635 Probatio
1028 1580 1266 1650 quinque
1305 1579 1554 1651 iugorum
1580 1579 1765 1647 boum,

149 1673 233 1749 ad
286 1673 793 1744 concupiscentiam
823 1672 1134 1738 oculorum,
1178 1672 1229 1727 id
1262 1670 1445 1727 estad
1479 1672 1767 1727 curiosita-
1864 1674 2004 1722 rant.
2063 1665 2168 1723 Sed
2217 1684 2483 1740 pauperes
2538 1672 2769 1728 humiles
2821 1672 3165 1744 colliguntur,
3217 1674 3442 1743 superbi

151 1773 314 1820 tem.
351 1763 671 1834 Conjunctio
700 1763 904 1827 uxoris,
949 1762 1015 1817 ad
1040 1761 1529 1832 concupiscentiam
1560 1762 1762 1829 carnis,
1863 1769 1993 1812 Vero
2035 1767 2348 1827 peccatores
2392 1760 2782 1831 despiciuntur.
2832 1762 3168 1834 Frequenter
3193 1765 3335 1820 enim
3361 1764 3440 1819 illi

147 1856 217 1911 id
239 1867 349 1913 est
373 1861 439 1913 ad
463 1857 752 1912 luxuriam.
780 1856 932 1912 Alios
958 1856 1103 1911 enim
1129 1855 1379 1928 superbia
1425 1854 1591 1918 inflat,
1627 1854 1762 1910 alios
1793 1840 1836 1900 Β
1865 1845 2076 1903 faeilius
2115 1849 2183 1903 ad
2209 1850 2378 1905 Deum
2409 1861 2816 1921 convertuntur,
2851 1870 2987 1924 quos
3012 1856 3195 1911 mundi
3224 1871 3447 1929 ιιι-οερεη

146 1944 401 2001 luxuria
437 1946 690 2010 maculat,
733 1945 868 2000 alios
914 1945 1179 2016 cupiditas
1220 1944 1305 2000 vel
1354 1945 1642 2000 curiositas
1668 1945 1763 2001 de-
1868 1938 2003 1995 ritas
2032 1939 2261 1997 diversis
2282 1943 2726 2013 occupationibus
2752 1961 2858 2000 non
2897 1945 3055 2017 ligat.

142 2046 382 2091 vastat.
415 2037 493 2092 Ex
518 2053 703 2092 earum
725 2037 866 2092 enim
890 2036 1163 2090 radicibus
1182 2034 1335 2090 multi
1351 2034 1601 2089 vitiorum
1623 2035 1764 2090 rami
1941 2047 1959 2079 ι
2006 2029 2073 2083 El
2092 2030 2168 2083 all
2193 2046 2383 2087 servus
2405 2047 2418 2087 ε
2442 2033 2690 2100 Domine.
2717 2035 2916 2091 faClum
2943 2045 3026 2092 εει
3052 2044 3111 2092 ιιι
3136 2036 3437 2107 imperasti.

145 2127 468 2197 pullulant,
501 2129 593 2198 qui
640 2128 838 2182 multos
866 2142 895 2181 a
938 2127 1185 2182 convivio
1212 2114 1304 2181 Dei
1346 2136 1621 2183 revocant.
1654 2127 1766 2181 Fu-
1871 2136 1893 2169 ι
1934 2127 1989 2175 ει
2028 2120 2205 2176 adhuc
2258 2122 2408 2178 locus
2456 2135 2558 2179 est.
2613 2144 2633 2177 ι
2664 2126 2743 2182 Ac
2781 2128 2828 2181 si
2872 2128 3078 2183 diceret
3114 2147 3129 2184 :
3161 2128 3280 2185 Jam
3310 2124 3475 2200 pars

143 2218 399 2285 gicntcs
426 2233 553 2290 ergo
596 2220 878 2289 superiora
909 2219 1061 2283 vitia,
1105 2233 1211 2272 non
1241 2217 1467 2273 aliorum
1496 2218 1769 2288 nequitias
1866 2212 2112 2283 quaedam
2139 2229 2207 2269 ex
2243 2214 2443 2271 Iudaeis
2470 2218 2719 2282 credidit.
2750 2219 2843 2275 sed
2876 2220 3049 2276 adhuc
3064 2220 3220 2294 locus
3247 2231 3437 2286 restat.

144 2316 609 2375 perscrutelnur,
641 2309 735 2363 sed
782 2309 848 2363 ad
893 2322 993 2363 nos
1036 2308 1261 2373 reversi,
1300 2308 1598 2378 cogitemus
1630 2308 1766 2363 tales
1864 2303 1955 2358 ubi
1980 2303 2267 2361 multitudo
2290 2307 2528 2375 gentium
2557 2307 2912 2365 subintroeat.
2943 2309 3021 2367 De
3045 2310 3240 2382 quibus
3264 2311 3441 2368 adhuc

148 2412 272 2453 uos
305 2395 500 2463 fuisse,
531 2406 625 2453 aut
655 2398 789 2453 tales
834 2413 933 2453 nos
961 2413 1080 2454 esse
1112 2413 1289 2468 posse.
1325 2397 1687 2470 Cupiditatein
1710 2405 1766 2451 et
1865 2396 2112 2451 subditur
2145 2415 2158 2450 :

154 2485 469 2541 avaritiam
518 2487 809 2557 fugiamus,
852 2498 908 2543 et
935 2502 1198 2558 pauperes
1219 2502 1338 2548 esse
1364 2496 1584 2558 propter
1608 2487 1760 2542 Chri-

154 2586 323 2632 stum
356 2578 747 2644 desideremus,
793 2587 851 2634 ut
889 2580 967 2633 ait
1008 2578 1299 2650 Apostolus
1338 2595 1351 2632 :
1397 2577 1663 2633 Habentes
1684 2576 1764 2632 vi-

158 2677 325 2724 ctum
349 2679 406 2722 et
441 2670 846 2737 vestimentum,
884 2689 902 2721 ‹
936 2671 1022 2726 his
1063 2669 1304 2725 contenti
1347 2670 1516 2724 simus
1548 2667 1599 2739 (I
1624 2667 1758 2721 Tim.

161 2759 273 2831 vi).
320 2779 338 2811 ι
370 2759 730 2814 Petulantiam
762 2776 870 2816 non
897 2760 1069 2815 solum
1105 2760 1392 2830 fugiamus,
1426 2759 1520 2813 sed
1543 2759 1708 2813 etiam
1728 2773 1761 2812 a

169 2848 339 2904 licito
370 2864 470 2904 usu
503 2847 735 2921 conjugii
774 2849 1141 2905 abstineamus
1172 2863 1186 2902 :
1214 2858 1269 2905 et
1295 2849 1592 2904 secundum
1617 2847 1761 2918 Apo-

165 2941 376 2998 stolum
403 2959 423 2994 ι
452 2941 715 2997 habentes
737 2956 956 3008 uxores,
978 2941 1147 2997 simus
1165 2950 1418 3012 tanquam
1434 2956 1541 2996 non
1560 2941 1760 2996 haben-

165 3042 255 3088 tes
284 3031 339 3103 (f
373 3032 496 3089 Car.
528 3033 647 3105 vn).
685 3053 704 3087 ι
733 3064 805 3076 —
841 3052 859 3086 ι
894 3034 962 3091 Ει
992 3048 1238 3090 reversus
1267 3049 1457 3091 servus
1492 3033 1762 3090 nuntiavit

178 3142 199 3176 ι
249 3124 368 3178 haec
395 3123 624 3178 Domino
667 3140 787 3180 suo.
829 3144 848 3177 ι
886 3124 1088 3181 Servus
1119 3125 1239 3188 iste,
1268 3134 1327 3179 ut
1363 3139 1524 3194 supra
1549 3124 1756 3180 dictum

1941 2501 1958 2534 ι
2005 2482 2072 2537 Ει
2107 2483 2182 2539 ait
2208 2483 2468 2542 Dominus
2490 2502 2649 2544 servo
2681 2505 2694 2542 :
2733 2487 2834 2543 Exi
2868 2489 2924 2544 in
2945 2490 3063 2546 vias
3088 2499 3143 2546 et
3168 2504 3343 2562 sepes,
3384 2501 3442 2546 et

1869 2590 1887 2623 ι
1935 2573 2195 2643 compelle
2245 2575 2468 2643 intrare,
2530 2588 2590 2633 ut
2641 2579 2928 2650 impleatur
2978 2581 3169 2657 domus
3220 2598 3362 2638 mea.
3412 2602 3432 2635 ι

1862 2661 1996 2754 Cum
2048 2665 2295 2733 superius
2337 2666 2596 2723 Dominus
2630 2669 2695 2723 de
2732 2670 2926 2740 plateis
2957 2678 3012 2726 et
3049 2672 3185 2727 vicis
3228 2672 3441 2754 aliquos

1862 2751 2112 2822 colligere
2157 2757 2432 2826 praecepit,
2479 2758 2734 2828 populum
2782 2758 3088 2815 Iudaeorum
3129 2751 3436 2832 significare

1861 2844 2049 2913 voluit,
2085 2847 2177 2917 qui
2205 2848 2569 2905 suburbanam
2598 2851 2986 2908 habitationem
3018 2845 3228 2923 accepit
3263 2871 3278 2908 :
3309 2854 3436 2923 quia

1856 2934 1917 2992 in
1950 2937 2173 2994 urbibus
2220 2940 2375 3008 quasi
2428 2941 2483 2995 in
2520 2942 2656 2997 vicis
2692 2944 2936 3014 degebat,
2982 2951 3038 2998 et
3077 2944 3128 2999 in
3151 2944 3435 3022 ‘legalibus

1860 3027 2122 3085 institutis
2164 3033 2561 3101 quodammodo
2604 3033 2851 3091 excultus
2890 3034 3009 3090 fuit.
3043 3035 3203 3092 Nunc
3249 3045 3436 3094 autem

1861 3134 1983 3174 cum
2014 3121 2080 3175 de
2100 3121 2202 3178 viis
2225 3132 2282 3178 et
2306 3125 2526 3194 sepibus
2547 3124 2681 3182 alios
2706 3125 2912 3181 intrare
2937 3128 3230 3199 compellit,
3263 3129 3437 3200 genti-

173 3224 292 3279 est,
334 3217 565 3286 speciem
618 3225 767 3273 tenet
793 3218 1093 3274 doctorum.
1139 3217 1363 3275 Nuntiat
1408 3232 1539 3287 ergo
1565 3232 1755 3274 servus
1782 3203 1826 3267 C
1860 3208 1963 3263 lem
1991 3211 2244 3281 populum
2268 3213 2491 3285 intelligi
2530 3215 2643 3270 vult
2671 3225 2937 3288 agrestem
2961 3225 3016 3273 et
3035 3219 3439 3288 quodammodo

182 3306 416 3361 Domino
456 3323 552 3363 suo
600 3309 765 3364 verba
807 3309 1204 3376 excusantium,
1236 3323 1357 3363 cum
1383 3309 1633 3363 doctores
1658 3322 1758 3377 pro

176 3394 393 3451 illorum
416 3399 691 3455 erroribus
718 3399 919 3465 dolent,
949 3409 1110 3470 atque
1131 3400 1448 3471 simpliciter
1470 3399 1756 3455 Dominum

174 3487 558 3557 deprecantur,
591 3506 728 3561 quos
748 3493 973 3546 verbum
1000 3491 1096 3547 Dei
1125 3492 1402 3562 despicere
1423 3500 1758 3563 cognoscunt

170 3586 228 3632 ει
258 3580 326 3634 ad
365 3593 577 3635 caenam
618 3581 824 3636 venire.
859 3580 965 3637 Sed
990 3582 1233 3653 nunquid
1267 3581 1391 3651 quia
1421 3581 1595 3648 avari,
1627 3582 1755 3651 quia

175 3670 417 3736 curiosi,
454 3672 580 3740 quia
627 3672 887 3727 luxuriosi
933 3673 1117 3727 venire
1159 3680 1551 3737 contemnunt,
1604 3672 1753 3727 locus

171 3763 409 3817 convivii
439 3764 646 3819 Domini
678 3779 880 3821 vacuus
924 3766 1262 3822 remanebit?
1307 3764 1447 3821 Non.
1491 3764 1628 3821 Audi
1666 3780 1752 3823 se-

172 3853 396 3923 quentia
427 3871 441 3908 :

250 3962 271 3997 ι
319 3943 472 4000 Tunc
494 3944 663 4001 iratus
689 3945 1097 4016 paterfamilias.
1134 3967 1154 4002 ι
1188 3947 1457 4016 Quaeritur
1480 3948 1752 4020 quomodo

172 4029 279 4087 iste
302 4032 695 4103 paterfamilias
734 4035 895 4092 irasci
942 4037 1159 4104 dicitur,
1206 4054 1366 4109 quem
1398 4038 1626 4111 figuram
1654 4038 1750 4095 Dei

172 4122 407 4181 diximus
438 4133 643 4193 tenere,
686 4144 808 4183 cum
856 4126 909 4184 in
942 4130 1053 4185 Deo
1087 4130 1231 4186 nulla
1264 4132 1342 4187 ira
1384 4131 1568 4198 cadat,
1606 4130 1751 4188 nulla

172 4216 506 4272 mutabilitas
543 4218 632 4272 sit.
660 4217 741 4275 Ad
782 4221 925 4290 quod
970 4221 1278 4288 dicendum,
1315 4222 1442 4292 quia
1475 4237 1627 4278 more
1654 4237 1751 4279 uo-

174 4314 285 4361 stro
330 4305 613 4378 Scriptura
661 4309 917 4379 loquitur,
947 4319 1006 4365 ut
1056 4326 1154 4381 per
1192 4311 1421 4367 visibilia
1456 4312 1747 4368 invisibilia

174 4393 552 4465 intelligamus.
606 4396 790 4469 Neque
815 4398 962 4454 enim
990 4399 1148 4455 aliter
1193 4400 1494 4472 intelligere
1537 4410 1750 4473 potera-

176 4504 311 4544 mus.
342 4488 496 4546 Sicut
534 4492 677 4547 enim
720 4508 809 4548 rex
851 4501 983 4548 tunc
1008 4494 1177 4549 iratus
1200 4494 1416 4560 dicitur,
1446 4495 1662 4564 quando
1687 4494 1741 4549 in

1860 3315 1890 3353 a
1922 3299 2129 3354 cultura
2173 3301 2268 3357 Dei
2298 3302 2555 3358 alienum.
2605 3302 2844 3359 Primum
2875 3320 3004 3376 ergo
3040 3307 3094 3362 in
3142 3308 3350 3378 plateas
3379 3319 3439 3366 et.

1859 3391 2009 3446 vicos
2031 3391 2197 3459 misit,
2229 3393 2357 3462 quia
2387 3393 2541 3469 prius
2572 3396 2638 3450 ad
2665 3403 2881 3467 gentem
2907 3396 3214 3455 Judworum
3241 3400 3436 3470 praedi-

1858 3488 2069 3536 catores
2097 3496 2222 3537 suos
2249 3482 2557 3549 destinavit,
2601 3485 2826 3541 dicens:
2866 3505 2885 3538 ι
2923 3487 2981 3542 1η
3016 3489 3158 3543 viam
3189 3469 3435 3561 gentium
3513 3469 3524 3479 ’

1858 3584 1926 3624 ne
1950 3570 2216 3638 abieritis,
2246 3580 2300 3627 et
2324 3573 2375 3627 in
2399 3572 2645 3630 civitates
2673 3574 3136 3632 Samaritanorum
3164 3595 3231 3634 ne
3267 3579 3434 3633 intra-

1857 3661 2064 3729 veritis,
2097 3662 2188 3717 sed
2219 3662 2291 3735 ite
2316 3664 2496 3734 potius
2531 3666 2599 3719 ad
2628 3680 2757 3721 oves
2787 3682 2907 3737 qua:
2932 3668 3211 3738 perierunt
3240 3669 3434 3725 domus

1854 3752 2018 3808 Israel
2065 3752 2283 3823 (Matth.
2331 3756 2410 3827 x).
2466 3776 2483 3808 ι
2519 3756 2632 3814 lllis
2661 3767 2844 3814 autem
2892 3762 3128 3815 maxima
3162 3776 3229 3816 ex
3278 3770 3434 3831 parte

1855 3861 1959 3902 non
2011 3846 2376 3914 credentibus,
2427 3849 2654 3920 gentiles
2697 3857 2981 3916 vocantur,
3016 3865 3140 3906 cum
3178 3851 3375 3921 dicitur
3412 3868 3428 3906 :

1861 3955 1879 3988 ι
1928 3936 2027 3991 Exi
2055 3936 2111 3992 in
2140 3938 2257 3993 vias
2286 3948 2341 3993 et
2377 3954 2551 4009 sepes,
2600 3947 2658 3995 et
2694 3940 2957 4009 eompelle
2988 3940 3214 4006 intrare,
3244 3949 3303 3996 ut
3332 3941 3433 3999 im—

1853 4027 2067 4098 pleatur
2094 4028 2288 4084 domus
2312 4043 2453 4084 mea.
2486 4049 2509 4082 ι
2528 4029 2586 4084 ln
2615 4030 2698 4084 via
2729 4031 2926 4102 quippe
2956 4031 3064 4087 lata
3095 4043 3149 4086 ct
3170 4032 3429 4103 spatiosa,

1853 4136 1973 4192 quae
2001 4122 2151 4177 ducit
2183 4123 2251 4177 ad
2279 4131 2530 4189 mortem,
2563 4122 2781 4192 gentilis
2823 4123 3049 4194 populus
3075 4135 3209 4188 erat,
3241 4133 3296 4180 et
3322 4133 3433 4183 tor-

1853 4212 2024 4267 tuosis
2069 4210 2296 4267 flexibus
2342 4227 2493 4267 more
2536 4213 2766 4284 scpium,
2810 4214 2978 4270 variis
3023 4213 3341 4269 criminibus
3376 4222 3435 4271 et

1852 4301 2089 4375 peccatis
2138 4300 2404 4374 alligatus.
2454 4302 2581 4358 Sive
2634 4311 2804 4368 certe,
2859 4312 2917 4358 ut
2965 4303 3185 4373 quidam
3225 4302 3430 4369 volunt,

1849 4409 1972 4450 cum
2003 4394 2250 4464 superius
2275 4394 2468 4449 divites
2505 4393 2713 4463 aliquos
2744 4392 2996 4466 colligere
3024 4393 3297 4463 praecepit,
3335 4407 3427 4461 po-

1848 4488 2032 4559 pulum
2059 4486 2367 4542 Iudaeorum
2409 4486 2700 4557 significat,
2735 4494 2794 4540 ut
2823 4485 3028 4541 dictum
3049 4494 3149 4540 est.
3175 4484 3278 4539 Per
3308 4484 3431 4541 illos

174 4589 485 4651 peccatores
517 4582 809 4638 vindictam
839 4593 1077 4650 exercet,
1122 4585 1194 4639 ita
1238 4585 1379 4641 Deus
1403 4586 1746 4656 omnipotens
1772 4569 1823 4629 Ῑ)
1849 4589 2051 4645 autem,
2078 4580 2169 4650 qui
2209 4579 2277 4634 de
2328 4579 2521 4651 plateis
2570 4588 2870 4645 νοοιιηιιπνη
2911 4579 3151 4651 gentium
3200 4578 3433 4649 Populus

179 4671 279 4728 illis
305 4674 477 4730 iratus
504 4676 800 4746 apparebit,
825 4692 961 4746 quos
996 4692 1094 4748 pro
1122 4677 1359 4747 peccatis
1393 4678 1597 4748 puniet.
1623 4676 1741 4733 Ca:—

178 4768 348 4817 terum
373 4778 501 4819 vere
535 4765 590 4819 in
620 4781 715 4819 sua
767 4775 955 4822 natura
999 4765 1349 4821 immutabilis
1371 4775 1477 4831 est,
1498 4775 1551 4822 et
1581 4767 1744 4823 irasci

178 4868 444 4927 nunquam
471 4865 666 4925 potest,
699 4856 839 4911 sicut
881 4857 947 4912 de
985 4871 1048 4910 eo
1075 4857 1294 4926 quidam
1333 4858 1549 4928 sapiens
1581 4867 1744 4914 testa-

181 4950 261 4998 tur
298 4963 312 4999 :
348 4944 426 4999 Tn
450 4955 649 5011 autem,
680 4948 904 5003 Domine
926 4948 1175 5013 sahaoth,
1202 4964 1323 5002 cum
1355 4950 1745 5020 tranquillitate

174 5033 397 5102 iudicas.
422 5037 488 5092 Et
515 5037 787 5107 apostolus
831 5057 843 5091 :
890 5057 909 5089 ι
956 5038 1108 5109 Apud
1134 5054 1294 5111 quem
1323 5055 1429 5094 non
1462 5050 1545 5095 est
1576 5051 1748 5098 trans-

180 5127 398 5181 mutatio
428 5126 635 5198 (Iacob.
671 5130 730 5199 ι).
768 5148 789 5180 ι
834 5130 908 5183 De
936 5144 1045 5199 quo
1077 5130 1241 5183 etiam
1282 5129 1567 5185 Psalmista
1606 5132 1740 5199 ait}:

186 5233 203 5265 ι
244 5216 381 5270 Deus
399 5216 563 5287 judex
585 5214 786 5284 justus,
820 5215 976 5272 fortis
1005 5226 1059 5272 et
1084 5218 1318 5288 patiens,
1358 5219 1600 5289 nunquid
1637 5219 1749 5274 ira-

181 5306 342 5362 scitur
363 5307 533 5379 (Psaf.
556 5308 655 5379 vn)
683 5308 749 5362 de
777 5308 864 5363 die
896 5308 950 5362 in
979 5308 1156 5363 diem?
1193 5329 1213 5362 ι

250 5414 268 5446 ι
316 5395 459 5450 Dixit
502 5411 659 5451 servo
707 5411 805 5452 suo
836 5413 850 5450 :
882 5395 981 5450 Exi
1021 5396 1129 5451 cito
1170 5397 1226 5452 in
1269 5397 1479 5468 plateas
1517 5407 1569 5454 et
1598 5399 1749 5454 vicos

188 5502 204 5536 ι
243 5486 495 5553 civitatis,
517 5498 573 5543 et
592 5504 858 5559 pauperes
894 5503 958 5543 ac
994 5487 1216 5554 debiles,
1251 5506 1423 5547 cmcos
1443 5498 1497 5547 ct
1526 5492 1749 5549 claudos

187 5591 206 5625 ι
244 5579 505 5649 compelle
534 5579 761 5638 intrare.
814 5600 832 5633 ι
863 5579 1061 5635 Plateae
1093 5596 1124 5635 a
1166 5580 1448 5638 latitudine
1469 5584 1745 5650 dicuntur,

183 5671 327 5727 vicus
353 5681 532 5727 autem
560 5687 588 5726 a
612 5673 1022 5730 convivantibus
1061 5691 1258 5731 nomen
1290 5677 1518 5747 accepit.
1551 5675 1748 5747 Super-

185 5759 432 5836 bis'ergo
450 5759 645 5823 venire
671 5766 1162 5835 contemnentibus,
1206 5768 1438 5825 humiles
1482 5783 1745 5840 pauperes

1850 4671 2183 4742 designatur,
2218 4671 2315 4741 qui
2341 4685 2406 4724 ex
2445 4670 2729 4726 altitudine
2777 4670 2864 4726 vel
2907 4670 3244 4742 longitudine
3267 4670 3428 4725 vitio-

1850 4778 1993 4825 rum,
2023 4776 2117 4832 per
2162 4760 2599 4831 praedicationem
2626 4761 3018 4831 apostolorum,
3059 4760 3127 4815 ab
3159 4760 3435 4817 idolorum,

1848 4854 2076 4910 culturis
2110 4855 2174 4908 ad
2204 4869 2387 4908 verum
2433 4856 2599 4909 Deum
2652 4853 2897 4908 conversi
2943 4861 3089 4909 sunt.
3129 4854 3206 4910 De
3231 4853 3430 4922 quibus

1848 4944 2047 4998 dicitur
2078 4960 2090 4997 :
2134 4962 2152 4994 ι
2189 4943 2465 5014 Pauperes
2485 4960 2548 4999 ac
2573 4944 2805 5010 debiles,
2834 4963 2852 4994 ι
2890 4952 2995 5000 etc.
3022 4943 3232 5013 Pauper
3257 4944 3431 5010 enim,

1847 5032 2072 5099 debilis,
2127 5049 2302 5089 cmcus
2351 5044 2405 5088 ct
2452 5033 2697 5099 claudus,
2751 5032 2967 5104 gentilis
3014 5032 3242 5103 populus
3289 5039 3428 5088 erat.

1846 5107 2058 5198 Pauper
2096 5138 2215 5183 erat
2261 5127 2385 5197 quia
2425 5126 2649 5181 delicias
2677 5126 2914 5196 paradisi
2943 5125 3253 5196 perdiderat
3287 5137 3301 5178 :
3330 5124 3425 5180 de-

1848 5224 1996 5288 bilis,
2018 5224 2145 5293 quia
2180 5237 2213 5275 a
2254 5222 2399 5277 bono
2449 5234 2613 5289 opere
2659 5220 2947 5288 torpebat:
2981 5233 3181 5283 catcus,
3210 5217 3336 5287 quia
3370 5216 3427 5271 in

1850 5315 2088 5371 tenebris
2105 5322 2160 5368 et
2193 5313 2385 5366 umbra
2417 5310 2608 5365 mortis
2646 5309 2871 5365 sedebat
2897 5327 2909 5363 :
2942 5309 3186 5375 claudus,
3214 5308 3339 5378 quia
3371 5308 3428 5361 in

1853 5414 2083 5474 utroque
2129 5403 2265 5473 pede
2311 5401 2645 5464 claudicans,
2671 5414 2702 5454 a
2749 5407 2899 5455 recto
2927 5398 3122 5454 itinere
3155 5396 3425 5452 cessabat.

1854 5496 1955 5565 Qui
1983 5511 2112 5567 ergo
2142 5495 2317 5549 lucem
2346 5492 2590 5547 veritatis
2631 5491 2935 5563 ignorabat,
2976 5490 3117 5544 viam
3147 5487 3430 5542 mandato-

1855 5603 1973 5641 rum
2004 5586 2101 5641 Dei
2157 5598 2380 5639 currere
2428 5582 2724 5649 nesciebat,
2756 5581 2977 5637 delicias
3004 5577 3276 5649 spiritales
3302 5574 3433 5633 ami-

1855 5685 2024 5741 serat,
2060 5690 2163 5732 nee
2199 5674 2398 5729 bonum
2440 5672 2652 5744 operari
2698 5679 2942 5730 noverat.
2996 5668 3114 5726 Non
3143 5666 3309 5740 igitur
3331 5664 3433 5727 soli

1855 5768 1932 5825 illi
1964 5774 2192 5824 currunt
2218 5764 2287 5822 ad
2314 5764 2645 5833 convivium,
2672 5764 2764 5835 qui
2792 5762 2999 5822 debiles
3019 5771 3143 5821 sunt
3181 5771 3435 5831 corpore,
