4014 6354
618 398 727 458 607

620 515 715 573 sed
748 525 803 575 et
850 528 1052 577 mente.
1078 520 1465 593 Pauper'enim
1493 541 1598 599 est,
1634 537 1723 604 qui
1755 542 2002 607 quamvis
2040 543 2192 600 dives

620 606 714 672 sit,
741 615 920 664 tamen
949 624 1113 681 egens
1138 613 1427 674 virtutibus
1456 621 1675 681 divitias
1705 606 1977 687 distribuit
2004 645 2061 688 ut
2088 635 2192 692 Do-

616 699 815 763 minus,
843 714 949 754 non
977 709 1156 757 autem
1181 719 1274 762 eas
1295 713 1629 782 concupiscit
1651 726 1711 772 ut
1738 734 1947 777 servus.
1975 722 2051 780 De
2072 727 2192 796 qui-

616 788 718 844 bus
729 789 985 847 Dominus
1006 793 1082 848 ait
1105 812 1118 848 :
1141 813 1159 846 ι
1181 795 1328 853 Beati
1351 800 1615 873 pauperes
1637 809 1826 879 spiritu
1841 811 2055 881 (Matth.
2075 788 2148 888 ὗ).
2163 836 2182 870 ι

613 876 801 933 Caecus
841 888 946 946 est,
990 883 1081 951 qui
1130 885 1260 941 illud
1312 889 1494 948 lumen
1546 876 1788 966 aspicere
1839 876 1946 956 non
1989 876 2186 974 potest,

612 967 703 1034 qui
731 966 867 1025 dixit
896 990 912 1028 ι
946 991 963 1025 ι
1003 974 1117 1045 Ego
1150 994 1271 1034 sum
1299 980 1389 1038 lux
1416 988 1601 1044 mundi
1630 988 1813 1060 (Joan.
1852 966 2005 1065 vm):
2034 1016 2053 1049 ι
2085 966 2190 1055 De;

610 1053 758 1122 bilis,
785 1061 877 1129 qui
900 1061 1059 1119 ﬁdem
1081 1067 1378 1136 perfectam
1397 1090 1503 1131 non
1529 1053 1711 1145 habet,
1742 1096 1904 1151 quam
1929 1053 2189 1145 Dominus

612 1153 1003 1243 commendans
1037 1157 1336 1230 discipulis,
1360 1165 1439 1219 ait
1475 1183 1489 1221 :
1517 1167 1574 1223 Si
1598 1170 1895 1230 habueritis
1919 1174 2102 1243 iidem,
2132 1187 2189 1235 et

614 1236 822 1331 reliqua
839 1242 1058 1313 (Matth.
1076 1250 1232 1321 xvu).
1258 1252 1490 1312 Claudus
1503 1268 1604 1326 est,
1618 1262 1709 1331 qui
1724 1263 1885 1320 habet
1898 1265 2055 1322 ﬁdem
2070 1236 2188 1326 sine

613 1326 787 1397 ribus,
809 1340 901 1387 aut
931 1337 1095 1405 opera
1117 1339 1234 1396 sine
1257 1341 1378 1399 llde.
1399 1346 1532 1413 Quia
1549 1326 1687 1406 sicut
1713 1370 1732 1403 ι
1766 1355 1900 1411 ﬁdes
1923 1356 2039 1412 sine
2054 1374 2186 1430 ope-

609 1419 763 1476 ribus
798 1434 1011 1481 mortua
1040 1438 1125 1485 est
1157 1430 1364 1502 (Iacob.
1404 1437 1486 1509 ιι),
1520 1459 1539 1492 ι
1566 1441 1639 1496 ita
1666 1452 1721 1498 et
1743 1459 1908 1516 opera
1938 1449 2054 1504 sine
2080 1419 2187 1508 fide

606 1511 746 1567 nihil
772 1524 917 1571 sunt.
961 1520 1104 1592 Ergo
1147 1525 1283 1582 tales
1323 1529 1392 1583 ad
1440 1534 1743 1590 convivium
1777 1511 1874 1595 Dei
1902 1551 2180 1610 vocantur,

608 1608 739 1676 quia
758 1627 777 1661 ι
813 1626 918 1667 non
940 1624 1021 1670 est
1040 1632 1176 1688 opus
1203 1622 1349 1678 sanis
1364 1626 1623 1694 medicus,
1653 1632 1745 1688 sed
1771 1634 1910 1690 male
1934 1608 2185 1694 habenti;

605 1696 730 1753 bus.
764 1700 980 1772 (Matth.
1012 1708 1113 1777 ix).
1145 1730 1165 1762 ι
1199 1711 1333 1768 Cum
1363 1725 1541 1772 autem
1566 1721 1643 1775 ait
1672 1739 1685 1775 :
1720 1742 1738 1774 ι
1769 1723 1866 1779 Exi
1895 1725 1948 1780 in
1968 1728 2100 1784 'vias
2130 1722 2189 1784 et

607 1802 785 1860 sepes,
813 1812 833 1844 ι
862 1810 962 1865 per
986 1798 1104 1855 illos
1143 1804 1234 1871 qui
1265 1805 1329 1860 de
1360 1807 1460 1863 viis
1486 1820 1770 1879 vocantur,
1803 1817 2059 1891 populum
2089 1818 2184 1875 Ju-

607 1881 843 1940 dazorum
884 1888 1107 1965 intelligi
1155 1897 1346 1965 voluit,
1397 1903 1488 1972 qui
1536 1906 1688 1974 quasi
1721 1881 1933 1966 exivi‘is
1959 1922 2181 1970 vocatus
2210 1916 2256 1975 Β

605 1981 707 2039 εει,
736 1979 859 2046 quia
903 1980 1075 2054 legem
1123 1987 1375 2058 habebat,
1405 2010 1504 2064 per
1547 2012 1708 2066 quam
1736 2000 1986 2059 incedere
2015 2005 2180 2062 debe-

602 2065 715 2167 bat.
758 2067 861 2126 Per
912 2089 1069 2146 sepes
1117 2095 1265 2147 vero,
1315 2086 1531 2153 gentilis
1563 2090 1793 2161 populus
1838 2093 2175 2167 intelligitur.

605 2146 772 2226 Sepes
801 2175 930 2217 vero
959 2179 1025 2220 ex
1074 2169 1221 2239 sylva
1254 2146 1398 2229 sunt.
1452 2146 1602 2234 Solet
1636 2146 1824 2237 autem
1865 2146 2178 2257 natioogen—

603 2243 735 2300 tium
769 2262 866 2317 per
905 2251 1047 2325 ligna
1091 2258 1365 2327 sylvarum
1402 2265 1696 2338 designari,
1730 2273 1871 2329 sicut
1914 2243 2176 2347 scripulum

600 2342 684 2390 est
712 2353 726 2390 :
756 2336 910 2397 Tunc
945 2346 1296 2407 exsultabunt
1323 2356 1503 2411 omnia
1529 2336 1683 2431 ligna
1706 2363 1999 2434 sylvarum.
2025 2336 2178 2424 Tunc

600 2437 780 2484 autem
808 2431 911 2502 ipsi
960 2440 1153 2495 vocati‘
1184 2454 1329 2512 sunt,
1359 2450 1577 2518 quando
1603 2431 1771 2513 latam
1804 2464 1859 2511 et
1883 2458 2174 2526 spatiosam

599 2517 741 2573 viam
771 2530 936 2593 atque
967 2534 1285 2599 tortuosam,
1330 2517 1452 2606 quae
1502 2542 1649 2597 ducit
1669 2545 1735 2599 ad
1765 2517 2016 2614 mortem,
2051 2550 2176 2606 reli-

600 2624 852 2683 querunt,
909 2626 964 2674 et
994 2620 1099 2677 iter
1147 2637 1353 2684 rectum
1395 2632 1648 2691 incedere
1672 2650 1975 2709 cmperunt.
2020 2642 2175 2700 Unde

596 2700 833 2782 Joaqnes
878 2709 933 2764 in
982 2712 1323 2789 Apocalypsi,
1381 2733 1669 2795 postquam
1726 2700 1951 2786 dixisset
1999 2747 2058 2787 se
2104 2748 2171 2789 ex

597 2792 878 2853 duodecim
903 2802 1149 2861 tribubus
1172 2792 1451 2867 duodecim
1476 2792 1642 2873 millia
1681 2818 1925 2890 signatos
1948 2822 2168 2892 vidisse,

597 2878 863 2954 adjunxit,
888 2891 1076 2950 dicens
1109 2913 1121 2950 :
1162 2914 1181 2947 ι
1214 2898 1342 2956 Ροεῑ
1371 2903 1485 2959 haec
1517 2906 1626 2961 vidi
1653 2910 1867 2965 turbam
1894 2921 2167 2983 magnam.

597 2987 759 3043 quam
794 2979 1138 3040 dinumerare
1187 3003 1293 3044 non
1337 3000 1581 3072 poteram
1622 2998 1802 3069 (Apoc.
1848 2979 2028 3072 νιι).“›
2064 2979 2189 3059 No?

596 3154 825 3226 dicitur,
863 3181 882 3213 ι
937 3179 1089 3231 voca,
1143 3188 1163 3220 ι
1206 3172 1298 3226 sed
1344 3192 1363 3225 ι
1406 3162 1935 3255 εοιηυεηείιιιηιιε.
1974 3204 1993 3238 ι
2030 3187 2165 3244 Sunt

1246 409 1596 475 HAYMONIS
1632 419 2111 485 llALBERSTAT.
2148 429 2362 488 EPISC.
2403 432 2553 490 OPP.
2594 421 2772 495 PARS
2812 440 2875 496 ll.
2910 471 2980 482 -ι
3015 443 3247 503 HOMIL.

3797 459 3906 515 603

2219 547 2271 608 A
2297 532 2447 621 xxx).
2477 540 3043 626 Amaleehites’enim,
3074 543 3165 632 qui
3194 562 3428 622 lambens
3456 571 3689 642 populus
3720 575 3902 633 inter-

2294 648 2557 710 pretatur,
2590 647 2773 700 mundi
2811 658 3082 706 amatores
3110 653 3402 725 significat,
3432 662 3525 730 qui
3547 663 3614 719 de
3649 665 3897 725 aliorum

2295 728 2645 790 facultatibus
2669 736 2831 793 ditari
2872 740 3204 808 desiderant.
3256 745 3397 802 Sunt
3442 728 3586 808 enim
3633 760 3897 814 nonnulli

2290 818 2446 874 electi
2494 823 2586 891 qui
2638 839 2762 880 cum
2815 828 3012 885 talibus
3059 848 3401 893 communem
3462 843 3630 898 vitam
3680 848 3893 904 ducere

2289 920 2501 980 optant,
2528 915 2625 970 sed
2652 917 3020 977 misericordia
3048 924 3142 979 Dei
3170 932 3558 999 przeveniente,
3590 944 3692 991 aut
3735 937 3892 992 infir-

2291 1002 2501 1071 mitate,
2531 1015 2623 1060 aut
2652 1008 2833 1079 aliqua
2878 1016 3203 1072 necessitate
3240 1023 3671 1094 praepediuntur,
3723 1033 3885 1099 quasi

2291 1091 2491 1150 inlirmi
2527 1095 2583 1152 in
2612 1096 2701 1151 via
2726 1112 3029 1169 remanent,
3058 1120 3194 1174 quos
3220 1091 3425 1178 David,
3454 1114 3509 1169 id
3553 1125 3663 1183 est,
3706 1135 3878 1177 manu

2290 1182 2451 1241 fortis
2498 1186 2758 1246 Dominus
2804 1192 3010 1250 scilicet
3057 1195 3212 1253 Jesus
3259 1200 3510 1260 Christus
3560 1210 3876 1280 reperiens,

2289 1276 2520 1346 spiritali
2552 1277 2676 1335 cibo
2719 1288 2774 1335 et
2814 1291 2942 1353 potu
2974 1285 3261 1355 refocillat,
3306 1300 3469 1363 atque
3499 1276 3699 1353 eorum
3730 1276 3874 1357 mea;

2288 1375 2372 1421 tes
2391 1367 2458 1422 ad
2482 1369 2721 1426 ctelestia
2746 1373 2974 1431 sitienda
2997 1381 3262 1436 accendit.
3283 1382 3350 1438 Et
3370 1385 3510 1441 solet
3530 1391 3866 1464 contingere,

2288 1462 2348 1509 ut
2395 1456 2494 1526 ipsi
2537 1467 2723 1529 postea
2774 1464 2841 1517 ad
2889 1463 3054 1520 Deum
3101 1472 3349 1527 conversi
3378 1483 3663 1533 amatores
3690 1456 3867 1538 mundi

2289 1546 2514 1617 spiritali
2541 1551 2720 1622 gladio
2745 1554 3102 1627 increpaudos
3118 1561 3334 1633 feriant,
3358 1583 3480 1623 cum
3504 1571 3713 1640 quibus
3732 1576 3865 1643 prius

2288 1653 2630 1697 communem
2666 1643 2831 1699 vitam
2864 1647 2919 1701 in
2951 1651 3146 1707 saeculo
3190 1653 3391 1712 ducere
3441 1658 3861 1730 desiderabant,

2285 1728 2533 1798 qualibus
2575 1746 2678 1802 per
2713 1734 2851 1791 Osee
2889 1740 3206 1810 prephetam
3244 1745 3332 1814 pie
3374 1750 3766 1819 comminatur,
3797 1728 3864 1809 di

2287 1838 2455 1879 cens:
2488 1825 2628 1882 Ecce
2647 1842 2748 1898 ego
2774 1848 2793 1881 ι
2825 1832 3028 1902 sepiam
3072 1830 3213 1891 viam
3245 1845 3393 1894 tuam
3439 1844 3652 1912 spinis,
3702 1856 3758 1901 et
3790 1864 3863 1903 se-

2283 1914 2427 1984 piam
2451 1930 2572 1971 eam
2620 1920 2876 1984 maceria,
2926 1931 2981 1977 et
3027 1927 3274 1995 sequeris
3314 1939 3597 1988 amatores
3649 1942 3791 2005 tuos,
3814 1948 3863 1993 et

2280 2018 2386 2059 non
2412 2007 2787 2076 apprehendes
2813 2025 2928 2077 eos,
2956 2028 3188 2081 quaeres,
3227 2025 3283 2071 et
3330 2033 3437 2074 non
3470 2020 3730 2080 invenies
3755 2042 3857 2096 eos,

2278 2105 2335 2151 et
2373 2097 2520 2152 dices
2551 2115 2565 2152 :
2590 2116 2610 2149 ι
2644 2098 2910 2156 Revertar
2936 2104 3004 2157 ad
3026 2104 3200 2160 virum
3224 2121 3401 2163 meum
3432 2111 3705 2180 priorem,
3748 2119 3855 2185 quia

2277 2188 2416 2243 bene
2439 2189 2568 2244 mihi
2610 2199 2731 2246 erat
2769 2199 2896 2248 tunc
2925 2196 3098 2265 magis
3137 2212 3298 2267 quam
3328 2216 3472 2257 nunc
3513 2202 3699 2274 (Osee.
3731 2208 3805 2279 ιι).
3833 2229 3851 2260 ι

2278 2279 2447 2361 Valde
2483 2290 2662 2337 autem
2694 2284 2935 2340 terribile
2963 2295 3048 2342 est
3067 2290 3209 2359 quod
3240 2290 3296 2345 in
3322 2295 3684 2354 conclusione
3712 2299 3853 2368 hujus

2276 2356 2544 2442 parabolze
2569 2374 2765 2430 dicitur
2787 2391 2806 2430 :-

2353 2479 2373 2513 ι
2408 2461 2539 2519 Dico
2563 2471 2744 2519 autem
2775 2466 2931 2523 vobis
2950 2469 3094 2538 quod
3124 2485 3284 2527 nemo
3335 2473 3554 2532 illorum
3598 2480 3856 2547 virorum,

2281 2568 2301 2602 ι
2323 2551 2414 2621 qui
2431 2555 2607 2609 vocati
2630 2565 2777 2621 sunt,
2803 2560 3039 2628 gustabit
3060 2575 3271 2622 omnem
3298 2579 3496 2620 meam.
3521 2586 3539 2618 ι
3562 2570 3723 2637 Quod
3743 2589 3843 2627 om-

2274 2655 2372 2696 nes
2385 2642 2527 2697 enim
2557 2645 2731 2700 vocati
2753 2661 2959 2714 sumus,
2977 2651 3180 2708 scimus
3200 2671 3213 2682 ·
3232 2663 3410 2710 utrum
3424 2667 3611 2714 autem
3626 2662 3695 2715 ad
3708 2674 3845 2718 aeter-

2273 2747 2399 2786 nam
2439 2734 2826 2790 beatitudlnem
2862 2740 3249 2811 degustandam
3289 2750 3640 2816 perventuri,
3686 2753 3846 2809 adhuc

2273 2819 2603 2891 ignoramus.
2622 2822 2801 2881 Multis
2819 2827 2961 2881 enim
2979 2830 3151 2886 modis
3164 2844 3432 2891 voeatnos
3464 2837 3638 2906 Deus,
3676 2857 3771 2912 per
3789 2844 3840 2898 li-

2273 2912 2415 2978 dem,
2439 2929 2537 2991 p‘er
2560 2915 2908 2986 baptismum.
2930 2932 3029 2990 per
3059 2924 3298 2993 exempla
3325 2935 3564 2996 patrum,
3590 2946 3694 3000 per
3710 2950 3842 3004 pros-

2270 3016 2400 3075 pera
2421 3013 2473 3060 et
2496 3006 2747 3075 adversa,
2770 3025 2868 3079 per
2882 3014 3089 3068 somnia
3105 3022 3161 3069 et
3174 3017 3548 3076 revelationes.
3569 3022 3711 3095 Quia
3732 3040 3845 3098 ergo

2272 3097 2671 3155 inexcusabiles
2698 3116 2884 3158 sumus
2908 3103 2977 3159 de
3000 3109 3301 3174 vocatione,
3344 3111 3564 3168 solliciti
3598 3117 3844 3172 debemus

2271 3202 2412 3255 esse,
2444 3205 2667 3248 necesse
2700 3201 2801 3258 est,
2836 3193 2890 3248 in
2939 3195 3079 3251 bona
3124 3202 3466 3270 operatione,
3502 3221 3572 3260 ne
3617 3217 3843 3279 tempore

2399 3244 2410 3255 ν
2490 3244 2501 3246 ἡ
2526 3244 2662 3248 κγκή,
2707 3244 2801 3258 --γ’
2836 3244 2889 3248 --ν
2939 3244 3079 3251 -ν--π
3127 3244 3466 3270 νιν-νικ-ινιιυ,
3502 3244 3572 3260 ιιυ
3619 3244 3842 3279 ιυιιιγυιυ

596 3244 741 3301 enim
770 3248 1011 3325 plerique
1035 3258 1125 3326 qui
1156 3276 1261 3316 non
1289 3262 1450 3321 lhcile
1480 3244 1734 3326 ad'Deum
1757 3287 2165 3345 convertuntur,
2195 3265 2241 3328 C
2270 3279 2458 3349 judicii
2486 3297 2515 3336 a
2547 3284 2798 3340 convivio
2821 3284 2917 3342 Dei
2938 3288 3165 3357 exclusi,
3202 3307 3326 3348 cum
3352 3295 3517 3351 fatuis
3552 3300 3844 3369 virginibus

596 3334 697 3369 nini
727 3340 876 3369 nn}...
911 3353 999 3369 η...
1025 3347 1243 3369 :_a.____-.
1292 3364 1302 3369 -
1447 3366 1453 3369 .

595 3334 698 3390 nisi
727 3340 878 3407 prius
909 3353 1002 3399 aut
1024 3347 1340 3411 infirmitate
1368 3366 1461 3412 aut
1502 3374 1824 3432 paupertate
1851 3340 1945 3423 aut
1990 3369 2167 3440 aliqua

516 3492 523 3498 _
594 3429 915 3487 necessitate
958 3440 1234 3495 constricti
1285 3429 1557 3505 fuerint;
1597 3429 1736 3521 quod
1786 3455 1873 3509 illa
1913 3429 2185 3527 parabola.

596 3516 870 3594 Evangelii
900 3528 965 3584 de
1006 3535 1229 3605 prodigo
1258 3538 1366 3594 tilio
1406 3516 1658 3623 os‘tendi—t,
1707 3548 1798 3617 qui
1842 3516 1965 3604 cum
2012 3567 2170 3623 egere

596 3612 870 3681 cmpisset,
898 3619 1053 3691 ad.se
1076 3639 1345 3694 reversus,
1370 3609 1543 3688 dixit:
1576 3653 1594 3686 ι
1628 3634 1832 3711 Quanti
1851 3644 2169 3708 mercenarii

596 3700 651 3754 in
670 3701 831 3760 domo
846 3711 1015 3776 patris
1044 3714 1149 3769 mei
1178 3716 1452 3774 abundant
1474 3723 1723 3800 panibus,
1746 3706 1844 3800 ego
1873 3738 2050 3793 autem
2081 3734 2169 3791 hic

595 3789 739 3847 fame
755 3809 918 3864 pereo
944 3817 957 3853 :
990 3816 1208 3873 surgam
1235 3814 1299 3861 et
1336 3809 1425 3866 ibo
1456 3789 1521 3865 ad
1545 3789 1753 3882 patrem
1773 3789 1949 3875 meum
1967 3862 1981 3887 ,
2005 3832 2060 3878 et
2088 3827 2168 3881 di-

594 3896 715 3940 cam
746 3889 795 3940 ei
828 3906 840 3942 :
875 3889 1055 3958 Pater,
1083 3901 1386 3964 peccavi'in
1409 3902 1605 3960 coelum
1637 3917 1691 3962 et
1720 3924 1901 3966 coram
1933 3922 2017 3981 te,
2052 3918 2165 3988 jam

593 3985 701 4025 non
737 3987 855 4029 sum
900 3978 1093 4048 dignus
1148 3989 1335 4042 vocari
1387 3990 1527 4047 liiius
1575 4003 1725 4064 tuus,
1775 3999 1863 4056 fac
1903 4018 1990 4059 me
2030 3978 2170 4062 sicut

592 4077 759 4118 unum
786 4066 852 4121 de
874 4075 1225 4132 mercenariis
1254 4079 1357 4134 tuis
1377 4080 1527 4152 (Luc.
1561 4087 1672 4160 xv).
1712 4110 1731 4142 ι
1765 4091 1832 4147 Ει
1871 4093 1937 4150 de
1973 4096 2168 4153 talibus

591 4150 878 4212 Psalmista
908 4160 1027 4215 ait-:
1073 4183 1091 4215 ι
1125 4163 1257 4220 Cum
1292 4150 1566 4229 occideret
1594 4190 1709 4244 eos,
1760 4188 1886 4255 tunc
1929 4183 2168 4254 inquire-

588 4241 724 4297 bant
765 4260 889 4301 eum
937 4248 1107 4320 (Psal.
1154 4262 1381 4328 nxxvn).
1416 4280 1435 4313 ›
1466 4263 1533 4317 Et
1554 4241 1810 4339 sicnt‘per
1847 4241 2164 4344 prophetam

589 4333 761 4390 dicit:
794 4356 813 4389 ι
848 4339 1243 4403 Tantummodo
1264 4352 1378 4406 sola
1410 4360 1623 4415 vexatio
1661 4333 1986 4422 intellectum
2017 4370 2168 4428 dabit

586 4429 794 4485 anditui
838 4432 977 4505 (13a.
1024 4440 1245 4514 XXVIII).
1288 4465 1308 4497 ›
1362 4446 1610 4506 Nonnulli
1649 4456 1793 4511 enim
1840 4458 1998 4515 electi
2046 4474 2168 4534 post

586 4521 764 4576 carnis
791 4522 1058 4583 desideria
1089 4545 1309 4590 currere
1336 4536 1667 4610 desiderant,
1688 4560 1811 4602 cum
1833 4553 2171 4611 amatoribus

585 4612 771 4667 mundi
801 4624 1141 4675 communem
1169 4624 1334 4679 vitam
1363 4629 1584 4698 ducere,
1626 4637 1719 4691 sed
1750 4640 1947 4695 ‘oculus
1972 4643 2022 4703 di

582 4700 970 4763 misericordiae
1009 4724 1196 4767 eorum
1247 4716 1441 4788 impias
1497 4725 1739 4782 actiones
1774 4734 2158 4804 praeveniens,

583 4791 719 4848 alios
757 4796 1073 4860 inlirmitale
1110 4807 1314 4881 afﬂigit,
1363 4811 1500 4869 alios
1545 4791 1859 4895 paupertate
1893 4791 2155 4894 attenuat,

582 4883 719 4971 alios
742 4895 1154 4956 necessitatibus
1175 4904 1337 4961 variis
1366 4891 1703 4980 coangustat.
1753 4912 1996 4987 Cumque
2037 4929 2157 4998 post

582 4973 784 4998 an”..-
818 4995 833 4998 _
858 4981 878 4998 .
913 4983 952 4998 ,κ

581 4973 789 5045 ﬂagella
812 4981 880 5035 ad
911 4983 1079 5042 Deum
1111 5006 1525 5064 convertuntur,
1563 5002 1716 5069 quasi
1743 5005 1812 5060 ad
1854 4973 2158 5068 convivium

581 5064 698 5135 ejus
739 5070 945 5135 intrare
987 5083 1398 5153 compelluntur.
1438 5064 1656 5147 Talibus
1698 5111 1797 5165 per
1844 5103 2158 5172 prophetam

581 5157 816 5217 dicitur:
857 5183 876 5215 ι
899 5164 1063 5240 Virga
1095 5182 1149 5226 et
1168 5173 1378 5245 ﬂagello
1397 5157 1747 5251 castigaberi‘s
1770 5157 1879 5244 an}.
1912 5157 2063 5263 Sion,

579 5254 687 5305 που
711 5254 952 5313 discedat
968 5262 1114 5319 zelus
1137 5260 1289 5320 meus
1314 5276 1432 5323 ate.
1459 5290 1476 5323 ι
1501 5270 1658 5331 Tales
1682 5278 2006 5350 significavit
2030 5303 2162 5357 puer

578 5340 669 5397 ille
694 5342 1075 5418 Amalechites,
1102 5354 1168 5427 de
1196 5369 1304 5424 quo
1333 5357 1384 5411 in
1413 5340 1919 5432 Regnorumvlibris
1945 5340 2155 5448 legitur,

577 5437 669 5504 qui
696 5440 858 5497 sociis
884 5441 1210 5513 fugientibus
1231 5446 1478 5510 inﬁrmus
1502 5456 1554 5511 in
1582 5460 1664 5515 via
1689 5467 1973 5533 remansit,
1996 5485 2154 5549 quem

579 5526 915 5549 h-._!.l_-,nn_
1132 5536 1147 5549 ι
1258 5536 1273 5549 ι
1346 5542 1397 5549 --

578 5526 745 5583 David
768 5546 1101 5603 persequens
1119 5536 1486 5600 Amalechites
1522 5554 1742 5620 reperit,
1784 5526 2156 5628 eumque'ciho

574 5626 631 5672 et
657 5627 785 5688 potu
821 5621 1159 5692 refocillavit,
1189 5636 1353 5699 atque
1382 5635 1570 5692 ducem
1618 5643 1700 5697 sui
1749 5621 1959 5704 itineris
2004 5649 2152 5719 fecit,

575 5717 630 5763 et
658 5711 772 5781 ipse
798 5724 986 5784 postea
1014 5734 1135 5775 cum
1168 5722 1338 5781 David
1380 5728 1744 5793 Amalechites
1791 5743 2077 5810 percussit,
2125 5711 2155 5801 a

573 5821 803 5874 quorum
835 5814 1108 5873 consortio
1135 5816 1384 5879 iniimus
1412 5824 1466 5880 in
1508 5826 1592 5884 via
1632 5836 1893 5889 remansit
1936 5834 1991 5904 (f
2027 5836 2153 5906 Req.

2272 3369 2417 3425 fame
2457 3384 2748 3442 pereuntes
2796 3384 2851 3432 et
2901 3378 3233 3450 clamantes,
3276 3384 3543 3454 Domine,
3596 3388 3842 3455 Domine,

2272 3460 2421 3530 aperi
2461 3462 2636 3529 nobis,
2668 3464 2990 3522 audiamus:
3027 3489 3045 3522 ι
3076 3470 3246 3527 Αιηειι
3287 3474 3411 3531 dico
3449 3478 3628 3543 vobis,
3676 3486 3845 3538 nescio

2268 3565 2366 3606 vos
2393 3551 2609 3623 (Matth.
2635 3556 2785 3627 xxv),
2824 3576 2843 3609 ι
2879 3561 2974 3614 sed
3004 3562 3182 3631 potius
3206 3579 3328 3619 cum
3354 3569 3721 3636 prudentibus
3750 3575 3843 3628 vir-

2269 3642 2482 3711 ginibus
2503 3645 2555 3699 in
2578 3654 2778 3703 aeterna
2816 3650 3068 3709 satietate
3101 3654 3169 3710 de
3196 3656 3403 3716 visione
3432 3660 3747 3721 Conditoris
3764 3666 3841 3735 ju-

2270 3733 2410 3802 giter
2433 3736 2732 3807 epulcmur.
3765 3733 3785 3747 ᾖ

2807 3832 3088 3893 IiOMlLIA
3124 3839 3304 3898 CXII}:

2502 3938 2754 3981 DOMINICA
2789 3943 3003 3991 QUARTA
3043 3947 3171 3987 POST
3219 3949 3617 3994 PENTECOSTEN.

2340 4010 2382 4083 (Ι
2413 4009 2694 4087 Ρετιιιγ.)
2748 4033 2767 4066 ι
2819 4016 3160 4084 Charissimi‘,
3202 4024 3563 4083 humiliamiui
3611 4032 3718 4087 sub
3758 4047 3838 4104 po-

2274 4119 2292 4151 ι
2333 4104 2465 4158 tenti
2490 4119 2653 4160 manu
2684 4107 2803 4173 Dei,
2831 4118 2889 4166 ut
2916 4126 3013 4168 vos
3047 4113 3251 4185 exaltet
3296 4117 3349 4172 in
3398 4127 3647 4191 tempore
3674 4120 3841 4180 visita-

2275 4210 2291 4243 ι
2329 4194 2511 4251 tionis.
2543 4216 2561 4249 ι
2591 4197 2658 4253 Ει
2680 4200 2905 4272 reliqua.
2940 4202 3118 4271 Modo,
3137 4204 3334 4264 fratres
3354 4210 3840 4278 charissimi.audio

2266 4287 2444 4345 vimus
2484 4290 2700 4347 beatum
2748 4293 2968 4351 Petrum
3017 4301 3318 4368 apostolum
3364 4306 3432 4360 ad
3481 4306 3841 4364 humilitatem

2266 4381 2771 4447 noscohortantcm
2817 4395 2980 4457 atque
3033 4389 3301 4448 dicentem
3347 4408 3363 4448 :
3418 4415 3437 4447 ι
3480 4396 3842 4455 Humiliamini

2267 4470 2366 4524 sub
2387 4472 2592 4540 potenti
2622 4489 2782 4530 manu
2819 4476 2933 4533 Dei.
2974 4498 2993 4531 ι
3048 4480 3236 4538 Manus
3278 4484 3394 4551 Dei,
3442 4496 3693 4556 potestas
3737 4490 3847 4560 ejus

2269 4559 2426 4615 datur
2452 4563 2723 4636 intelligi,
2750 4568 2875 4639 quia
2923 4569 2976 4625 in
3006 4570 3117 4627 Deo
3140 4577 3539 4647 compaginatio
3580 4583 3846 4639 membro—

2011 4643 2167 4703 ivina:
2194 4634 2245 4693 Ι)
2273 4667 2390 4707 rum
2404 4669 2508 4710 non
2527 4634 2819 4725 invenitur,
2849 4662 2941 4731 qui
2965 4664 3162 4735 ubique
3182 4676 3238 4723 et
3256 4668 3308 4722 in
3339 4671 3754 4730 omnibustotus
3770 4687 3846 4733 est

2264 4745 2472 4813 plenus,
2502 4757 2665 4820 atque
2691 4751 2984 4821 perfectus.
3014 4756 3125 4814 Sub
3148 4775 3298 4818 more
3337 4763 3618 4819 hominum
3643 4769 3711 4825 de
3742 4770 3847 4840 Deo

2265 4832 2854 4910 loquiturJScriptura,
2914 4855 2975 4900 ut
3018 4849 3257 4917 apertius
3291 4850 3633 4920 majestatem
3689 4834 3847 4929 atque

2264 4927 2558 4996 potentiam
2591 4931 2673 4986 sui
2701 4931 2977 4992 Creatoris
2997 4936 3245 4996 homines
3266 4942 3590 5013 intelligant,
3614 4957 3673 5003 et
3695 4927 3846 5004 intel-

2263 5017 2489 5090 ligentcs
2514 5037 2634 5092 qua:
2663 5023 2735 5078 sit
2759 5025 3008 5084 voluntas
3037 5029 3166 5095 Dei,
3195 5047 3360 5103 opere
3397 5037 3676 5108 complere
3716 5055 3847 5096 con—

2266 5110 2510 5175 tendant,
2544 5114 2687 5168 unde
2732 5117 2925 5185 gaudia
2971 5119 3074 5175 sibi
3121 5124 3452 5194 sempiterna
3496 5130 3843 5199 conquirant.

2264 5198 2524 5271 Sequitur
2552 5221 2565 5257 :
2604 5223 2622 5257 ι
2646 5205 2717 5263 Ut
2745 5223 2841 5263 vos
2872 5208 3072 5266 exaltet
3094 5213 3145 5267 in
3174 5221 3415 5285 tempore
3440 5198 3791 5277 visitationis.
3824 5244 3843 5276 ι

2262 5292 2396 5359 Quia
2419 5295 2665 5365 quisquis
2685 5297 2773 5353 hic
2802 5297 2854 5353 in
2874 5305 3128 5369 praesenti
3152 5306 3348 5362 smculo
3375 5307 3573 5377 ejusse
3598 5315 3850 5373 subdide-

2260 5387 2334 5441 rit
2365 5386 2651 5454 voluntati,
2697 5398 2753 5444 et
2801 5391 2855 5446 in
2892 5399 3179 5466 praeceptis
3211 5399 3328 5469 ejus
3373 5416 3657 5472 assensum
3699 5422 3852 5463 com—

2261 5478 2580 5545 modaverit,
2610 5488 2665 5535 et
2692 5495 2776 5547 ea,
2809 5494 3071 5553 quantum
3097 5489 3276 5545 divina
3297 5493 3469 5563 gratia
3496 5510 3653 5563 posse
3687 5496 3853 5552 dede-

2262 5570 2355 5636 rit,
2377 5572 2633 5643 Operibus
2670 5573 2965 5648 adimplere
3004 5582 3282 5652 sategerit,
3313 5584 3496 5640 carnis
3533 5587 3850 5657 superbiam

2261 5666 2615 5733 conterendo,
2641 5667 2696 5722 in
2722 5668 2810 5725 die
2834 5670 3036 5727 ultimae
3066 5673 3436 5731 retributionis
3462 5665 3793 5733 exaltabitur
3819 5696 3851 5733 a

2262 5751 2511 5821 Domino,
2539 5765 2703 5830 atque
2734 5760 2800 5816 ad
2825 5772 3040 5825 aeternae
3070 5763 3425 5825 beatitudinis
3467 5770 3689 5847 prtemia
3720 5786 3855 5842 per;

2262 5842 2503 5901 ducetur.
