4014 6354
134 260 248 317 609

1386 255 1690 314 HOMILUE
1728 257 1818 312 DE
1855 256 2205 314 TEMPORE.

3303 260 3411 318 6l0

218 391 239 424 ι
279 371 510 431 Omnem
542 370 958 429 sollicitudinem
1003 378 1238 428 vestram
1269 371 1617 444 projicientes
1667 372 1725 427 in
1752 377 1804 436 Α
1834 390 1852 423 ι
1887 370 2056 427 illum.
2088 392 2107 424 ι
2140 372 2209 426 Ει
2246 372 2472 444 reliqua.
2518 372 2672 431 Sicut
2704 373 2864 431 unius
2897 376 3200 445 peccatoris
3249 346 3412 435 casus

134 486 156 517 4
196 480 355 531 eum,
378 465 631 535 quoniam
653 465 752 534 ipsi
773 480 899 520 cura
927 474 1009 521 est
1031 465 1097 520 de
1121 464 1274 520 vobis
1301 483 1319 515 ι
1348 463 1418 520 Ut
1439 464 1728 519 Psalmista

134 574 245 614 nos
283 558 558 623 admonet,
586 558 771 614 dicens
821 577 835 611 :
880 577 898 608 ι
943 556 1099 612 Jacta
1140 558 1435 628 cogitatum
1473 566 1622 612 tuum
1673 557 1730 612 in

134 648 398 714 Domino,
425 658 483 703 et
511 648 703 717 ipsete
731 649 966 704 enutriet
1008 647 1180 720 (Psal.
1212 648 1342 719 uv).
1387 668 1405 701 ι
1436 649 1506 702 Et
1553 648 1682 703 alibi
1712 665 1726 703 :

138 760 160 792 ι
200 739 550 810 lnquirentes
599 746 778 793 autem
824 739 1109 793 Dominum
1158 754 1265 793 non
1301 738 1555 794 deﬁcient
1580 736 1730 792 omni

132 832 289 886 bono
314 828 486 903 (Psal.
509 830 726 901 χχχιιι).
750 851 768 883 ι
795 830 863 885 Ει
890 832 1003 901 ipse
1032 831 1291 887 Dominus
1312 831 1369 886 in
1398 830 1689 901 Evangelio
1713 848 1728 887 :

139 940 160 973 ι
198 920 382 977 Nolite
405 920 621 977 solliciti
645 936 766 976 esse
791 922 1063 989 dicentes,
1092 922 1222 992 quid
1262 922 1728 987 mandueabimus,

133 1022 240 1069 aut
262 1014 394 1084 quid
422 1014 704 1070 bibemus?
733 1012 838 1070 scit
878 1014 1025 1069 enim
1067 1014 1231 1070 Pater
1256 1023 1437 1071 vester
1481 1016 1609 1086 quia
1645 1016 1732 1071 his

132 1105 400 1160 omnibus
444 1105 716 1177 indigetis.
766 1106 1004 1173 Quaerite
1044 1122 1174 1178 ergo
1215 1108 1451 1179 primum
1504 1122 1729 1178 regnum

132 1194 241 1250 Dei
265 1205 322 1250 et
348 1196 614 1266 justitiam
642 1195 782 1267 ejus,
805 1203 862 1252 et
895 1196 1011 1253 lucc
1036 1197 1220 1253 omnia
1268 1197 1592 1268 adjiciantur
1635 1213 1731 1254 vo-

130 1284 229 1341 bis
254 1286 471 1357 (Matth.
502 1285 596 1359 v1).
628 1307 648 1341 ι

219 1400 240 1433 ι
278 1380 462 1436 Sobrii
488 1389 682 1446 estote,
711 1390 766 1437 et
792 1381 1028 1454 vigilate.
1064 1401 1082 1434 ι
1114 1381 1345 1453 Semper
1362 1383 1414 1437 in
1439 1382 1732 1438 sobrietate

130 1480 192 1526 et
229 1472 492 1528 modestia
520 1472 686 1526 vitam
716 1482 953 1529 vestram
988 1473 1271 1539 habetote,
1305 1482 1557 1530 caventes
1589 1488 1730 1529 sem-

130 1577 245 1632 per
265 1563 497 1617 astutias
538 1562 759 1628 diaboli,
791 1571 847 1618 et
900 1562 1115 1632 vigilate
1157 1562 1361 1634 jugiter
1389 1563 1442 1617 iu
1483 1563 1730 1618 custodia

132 1651 525 1707 mandatorum
559 1653 671 1720 Dei,
709 1652 849 1709 etin
876 1653 1140 1709 custodia
1171 1654 1475 1708 animarum
1517 1661 1721 1710 vestra-
1754 1691 1769 1697 -

128 1760 290 1800 rum.
328 1744 584 1816 Sequitur
615 1764 629 1800 :

218 1854 241 1889 ¢
281 1836 416 1904 Quia
445 1838 790 1895 adversarius
834 1849 1019 1897 vester
1058 1840 1305 1898 diabolus
1337 1852 1597 1911 tanquam
1646 1841 1732 1897 leo

133 1943 159 1977 ι
197 1927 422 1996 rugiens
442 1928 655 1993 circuit,
689 1944 937 1999 quaerens
959 1946 1118 2002 quem
1142 1931 1384 1989 devoret.
1418 1951 1436 1984 ›
1476 1931 1732 1986 Diabolus

125 2017 292 2071 enim
321 2033 599 2088 nunquam
635 2020 932 2087 dormiens,
967 2038 1242 2093 nunquam
1289 2024 1357 2078 ab
1385 2024 1596 2079 insidiis
1635 2023 1733 2076 ho-

122 2110 352 2166 minum
382 2114 750 2182 requiescens,
780 2115 874 2170 sed
903 2129 1119 2184 semper
1137 2115 1224 2170 die
1250 2124 1305 2170 et
1336 2125 1505 2171 nocte
1535 2116 1733 2171 circuit

122 2205 405 2259 tentando
452 2215 509 2259 et
551 2202 774 2261 insidias
798 2207 1062 2277 ponendo
1115 2207 1452 2271 hominibus,
1499 2208 1733 2277 qualiter

115 2308 479 2364 quemquam
507 2294 742 2360 illorum,
766 2296 859 2366 qui
896 2296 996 2351 Dei
1016 2296 1287 2361 voluntati
1317 2297 1547 2367 subjecti
1580 2308 1743 2373 sunt,

114 2398 245 2440 sua
272 2383 452 2438 valeat
474 2384 818 2456 suggestione
845 2387 1115 2457 decipere,
1134 2405 1163 2438 -ι
1194 2402 1449 2457 quaerens
1463 2403 1626 2458 quem
1644 2389 1731 2443 de-

118 2482 304 2530 voret
338 2493 357 2526 ι
393 2490 499 2530 non
547 2490 808 2545 corpore,
859 2477 957 2532 sed
1001 2477 1211 2543 anima,
1253 2493 1628 2548 quemcunque
1665 2480 1732 2534 ad

119 2564 441 2620 nociva'et
481 2564 695 2621 inutilia
729 2565 908 2622 valeat
953 2567 1271 2637 pertrahere
1310 2567 1549 2623 carnalia
1586 2569 1717 2624 desi-

122 2657 316 2714 deria.

220 2770 239 2803 ι
268 2748 366 2806 Cui
394 2750 652 2818 resistite,
678 2750 846 2809 fortes
867 2753 921 2808 in
944 2752 1071 2809 ﬁde.
1106 2773 1126 2808 ι
1157 2753 1416 2825 Exemplo
1447 2753 1647 2810 Christi
1670 2761 1733 2808 et

130 2842 457 2897 sanctorum
498 2841 614 2911 ejus
650 2853 1056 2902 contemnentes
1100 2845 1439 2917 dulcedinem
1492 2847 1732 2902 carnalis

130 2935 622 3006 concupiscentiae,
677 2937 1029 2994 recordantes
1072 2939 1275 3010 jugiter
1326 2940 1457 3009 quid
1500 2940 1572 2995 sit
1623 2939 1731 2994 illis

135 3027 525 3084 amaritudinis
563 3038 957 3100 pmparatum,
1010 3031 1104 3101 qui
1159 3031 1444 3087 desideriis
1499 3031 1729 3086 terrenis

1828 462 2026 517 multos
2052 464 2141 529 ad
2185 463 2618 534 desperationem
2669 466 2886 522 trahere
2923 466 3100 535 solet,
3140 469 3247 539 'qui
3294 468 3413 539 ejus

1829 554 2032 610 malum
2056 555 2364 626 exemplum
2408 556 2710 623 imitantur,
2743 559 2823 614 sic
2867 559 3029 615 unius
3071 550 3414 631 recuperatio

1828 649 2014 705 multis
2035 650 2258 721 prodest
2283 650 2351 705 ad
2396 651 2644 707 salutem.
2693 653 2846 720 uod
2891 649 2946 709 in
2990 656 3211 711 exordio
3251 657 3414 728 hujus

1830 737 2078 794 lectionis
2125 739 2284 796 facile
2332 742 2783 811 comprobamus,
2831 746 2878 800 si
2925 748 3206 817 superiora
3254 749 3416 820 hujus

1829 831 2106 903 Evangelii
2123 831 2351 887 sollicite
2366 832 2795 891 consideremus.
2815 835 2885 892 Ut
2905 838 3050 892 enim
3073 839 3418 910 evangelicus

1829 938 2009 978 sermo
2035 938 2198 993 supra
2222 924 2436 979 retulit:
2460 924 2752 981 Transieus
2775 925 2953 994 Iesus,
2980 930 3116 984 vidit
3138 930 3414 987 hominem

1829 1015 2106 1070 sedentem
2155 1016 2227 1071 ad
2276 1015 2558 1082 telonium,
2605 1018 2825 1072 nomine
2864 1017 3019 1085 Levi,
3061 1021 3151 1090 qui
3201 1014 3417 1091 et'ipse

1828 1105 2085 1175 princeps
2117 1113 2237 1161 erat
2264 1106 2710 1176 publicanorum,
2742 1115 2797 1161 et
2820 1109 3032 1163 vocavit
3058 1125 3202 1165 eum.
3233 1110 3419 1167 Atille

1830 1196 2035 1252 relictis
2060 1196 2314 1252 omnibus
2343 1212 2593 1269 surgens,
2628 1206 2848 1254 secutus
2875 1208 2959 1254 est
2994 1200 3163 1256 illum.
3194 1202 3262 1256 Et
3287 1202 3418 1259 fecit

1830 1288 1881 1343 ei
1913 1288 2221 1343 convivium
2257 1303 2514 1359 magnum
2558 1289 2620 1343 in
2663 1289 2825 1344 domo
2852 1305 2970 1357 sua,
3014 1299 3070 1345 et
3099 1300 3217 1347 erat
3260 1295 3417 1350 turba

1830 1378 1999 1433 multa
2030 1379 2443 1448 publicanorum
2477 1379 2929 1435 discumbentium
2975 1397 3098 1436 cum
3140 1398 3226 1438 eo.
3273 1384 3421 1456 Ergo

1829 1471 2101 1541 publicani
2152 1479 2206 1526 et
2250 1479 2568 1540 peccatores
2609 1472 2851 1526 videntes
2901 1472 3199 1543 principem
3257 1490 3417 1530 suum

1833 1569 1941 1617 tam
1970 1562 2200 1630 benigne
2228 1577 2259 1616 a
2287 1562 2400 1616 Deo
2426 1577 2533 1617 non
2563 1562 2737 1629 solum
2778 1571 3072 1633 receptum,
3121 1563 3216 1618 sed
3251 1566 3419 1620 etiam

1831 1652 1888 1708 in
1915 1653 2161 1708 ordinem
2208 1653 2543 1723 apostolatus
2578 1662 2845 1719 vocatum,
2881 1654 3099 1708 tandem
3134 1665 3421 1726 resumpta

1756 1738 1807 1800 B
1837 1745 2054 1811 ﬁduma,
2083 1745 2235 1815 quasi
2269 1744 2457 1815 aegroti
2510 1744 2577 1799 ad
2627 1744 2898 1799 medicum
2943 1755 3315 1808 accesserunt,
3362 1756 3421 1802 ut

1832 1839 2083 1894 audirent
2110 1838 2280 1893 illum.
2317 1839 2383 1893 Et
2410 1854 2516 1892 non
2546 1837 2719 1893 solum
2757 1837 2824 1892 ad
2857 1836 3292 1906 colloquendum,
3322 1839 3420 1894 sed

1830 1930 1995 1984 etiam
2026 1929 2094 1984 ad
2120 1928 2549 1983 convescendum
2573 1927 2780 1996 recepti
2810 1935 2956 1986 sunt.
2988 1926 3143 1993 Quod
3170 1929 3416 1985 videntes

1801 2014 2023 2078 scriba:
2069 2030 2126 2077 et
2154 2021 2462 2089 .Pharisaai,
2501 2019 2592 2091 qui
2637 2019 2705 2074 de
2753 2018 2885 2074 falsa
2931 2020 3143 2090 justitia
3184 2020 3287 2076 sibi
3323 2035 3418 2090 ap-

1822 2114 2177 2185 plaudebant,
2208 2129 2314 2168 non
2345 2112 2518 2169 solum
2557 2119 2791 2183 aegrotos
2835 2112 2902 2167 ad
2947 2112 3215 2168 medicum
3264 2127 3418 2168 acce-

1830 2209 2042 2274 dentes,
2093 2207 2191 2263 sed
2232 2206 2397 2263 etiam
2429 2206 2607 2275 ipsum
2654 2205 2924 2275 medicum
2970 2219 3068 2260 ore
3109 2205 3418 2262 contumaci
3485 2266 3491 2272 ,

1825 2298 2323 2369 reprehendebant,
2351 2298 2634 2353 dicentes:

1909 2408 1928 2440 ι
1964 2386 2101 2454 Quia
2131 2388 2220 2444 hic
2252 2398 2580 2457 peccatores
2610 2386 2823 2458 recipit,
2875 2397 2932 2442 et
2968 2386 3265 2461 manduca‘t
3292 2401 3417 2443 cum

1838 2497 1856 2530 ι
1877 2479 2016 2534 illis.
2048 2498 2067 2532 ι
2100 2478 2257 2535 Unde
2282 2480 2687 2549 cognoscimus,
2720 2479 2847 2550 quia
2881 2479 3022 2535 sicut
3058 2494 3186 2535 vera
3206 2478 3417 2550 justitia

1821 2570 2264 2641 compassiouem
2293 2571 2475 2635 habet,
2509 2553 2587 2625 sic
2628 2568 2763 2625 falsa
2809 2569 3264 2642 dedignationem.
3314 2570 3420 2627 Do-

1824 2663 2013 2718 minus
2039 2672 2218 2718 autem
2239 2661 2397 2718 Jesus
2416 2661 2666 2718 Christus
2690 2677 2871 2718 veram
2892 2663 3162 2733 justitiam
3188 2663 3417 2735 habens,

1831 2752 2206 2823 compassione
2230 2761 2286 2807 et
2339 2753 2713 2808 misericordia
2760 2753 3078 2823 publicanos
3122 2762 3180 2809 et
3226 2768 3421 2824 pecea-

1833 2850 1977 2897 tores
1998 2842 2273 2911 suscipere
2293 2856 2399 2896 non
2427 2850 2510 2897 est
2543 2841 2882 2912 dedignatus.
2914 2842 3171 2898 Phariszei
3201 2842 3419 2914 quidem

1830 2931 1923 3003 qui
1951 2931 2085 2987 falso
2122 2946 2181 2988 se
2199 2931 2378 3002 justos
2406 2932 2834 2998 arbitrabantur,
2874 2948 2981 2989 non
3020 2933 3192 2989 solum
3218 2948 3419 3005 pecca-

1833 3033 1980 3079 tores
2007 3022 2395 3093 deSpiciebant,
2436 3025 2533 3078 sed
2580 3024 2757 3094 ipsum
2796 3025 3064 3080 medicum
3094 3033 3413 3095 peccatores

139 3118 480 3186 inserviunt,
504 3134 607 3176 nec
631 3122 872 3176 conveni
911 3136 941 3175 a
972 3122 1174 3177 malitia
1205 3138 1300 3178 sua
1335 3138 1432 3193 per
1463 3121 1733 3194 ρωηὶιεη.
1759 3106 1804 3169 C
1835 3121 2117 3169 vocantem
2148 3112 2629 3183 reprehendebant.
2661 3115 2738 3171 De
2768 3131 3001 3186 quorum
3049 3132 3277 3173 numero
3301 3126 3423 3173 erat

141 3212 283 3267 tiam
296 3214 496 3266 volunt.
514 3211 622 3268 Nos
635 3227 764 3285 ergo
777 3214 1004 3270 ﬁdeliter
1034 3214 1262 3270 Domino
1285 3214 1560 3270 adhaerere
1585 3221 1733 3268 sata-

145 3317 362 3373 gamus,
392 3302 615 3373 ejusque
638 3312 908 3374 praecepta
928 3303 1136 3376 jugiter
1164 3305 1518 3370 meditemur,
1550 3303 1733 3360 carnis

149 3400 352 3449 nostra:
383 3394 644 3450 desideria
673 3400 1038 3462 conteramus,
1065 3405 1121 3452 et
1163 3397 1481 3452 resistamus
1520 3395 1735 3452 fortiter

147 3485 364 3542 diabolo
389 3487 529 3543 hosti
553 3488 903 3558 nequissimo,
941 3489 995 3543 in
1033 3487 1138 3545 ﬁde
1167 3498 1334 3555 recta,
1366 3491 1421 3546 in
1451 3503 1546 3560 spe
1578 3488 1733 3544 ﬁrma

143 3579 218 3633 ad
260 3579 356 3634 Dei
400 3579 788 3651 omnipotentis
834 3580 1296 3648 misericordiam,
1352 3582 1409 3637 in
1462 3574 1732 3638 charitate

141 3670 393 3744 perfecta
419 3672 488 3727 ad
511 3672 795 3727 servitium
838 3670 976 3742 eius,
1014 3673 1068 3728 in
1117 3674 1373 3744 operibus
1419 3673 1730 3729 misericor-

144 3764 251 3820 dia:
279 3772 334 3820 et
355 3765 592 3836 pietatis,
620 3774 681 3820 ut
707 3764 823 3834 ejus
870 3766 1366 3838 largientegratia,
1421 3781 1733 3821 mereamur

143 3866 205 3911 et
232 3857 300 3912 de
326 3858 483 3914 hoste
518 3857 873 3930 triumphum.
903 3866 958 3916 et
976 3868 1194 3915 aeternae
1218 3858 1566 3915 beatitudinis
1581 3873 1734 3929 prte-

143 3948 340 4003 mium.

223 4058 243 4091 ι
279 4040 421 4097 Deus
447 4050 629 4098 autem
666 4046 841 4098 omnis
879 4045 1087 4115 gratiae,
1129 4045 1219 4115 qui
1260 4044 1474 4100 vocavit
1518 4058 1620 4099 nos
1673 4040 1731 4097 in

149 4158 172 4191 ε
202 4147 464 4195 aeternam
495 4154 646 4196 suam
672 4140 896 4211 gloriam
924 4141 977 4195 in
1007 4140 1243 4207 Christo,
1281 4161 1300 4193 ι
1345 4156 1445 4212 per
1481 4139 1733 4195 incarna-

144 4231 352 4285 tionem
401 4230 660 4302 unigeniti
688 4229 810 4284 Filii
841 4231 958 4297 sui,
1004 4245 1164 4301 quem
1210 4247 1311 4303 pro
1355 4231 1539 4286 mundi
1584 4229 1732 4284 misit

145 4322 286 4377 meri
317 4321 510 4377 salute.

223 4431 245 4465 ε
286 4413 551 4470 Modicum
594 4428 805 4484 passus,
844 4432 863 4465 ι
904 4414 995 4484 qui
1026 4413 1079 4467 in
1115 4413 1220 4469 hoc
1251 4415 1450 4469 mundo
1484 4411 1731 4483 quamvis

1834 3202 1923 3257 ille
1953 3218 2091 3258 unus
2111 3201 2445 3270 Pharisaeus,
2484 3204 2703 3260 nomine
2734 3206 2944 3273 Simon,
2975 3208 3068 3277 qui
3111 3223 3235 3262 cum
3278 3209 3422 3264 invi-

1834 3304 2003 3351 tasset
2024 3295 2311 3350 Dominum
2336 3297 2404 3351 ad
2430 3295 2650 3352 domum
2668 3313 2853 3369 suam,
2881 3307 2937 3353 et
2960 3298 3185 3355 vidisset
3225 3300 3421 3355 mulie-

1833 3399 1948 3439 rem
1975 3385 2333 3455 peccatricem
2364 3378 2618 3456 lacrymis
2668 3378 2831 3457 pedes
2870 3387 2987 3457 ejus
3033 3388 3325 3459 rigantem,
3362 3400 3419 3446 et

1833 3478 2042 3550 capillis
2072 3478 2185 3533 suis
2220 3478 2781 3551 tergentem,§dicebat
2808 3480 2865 3536 in
2896 3480 3060 3537 corde
3086 3497 3224 3537 suo:
3262 3501 3281 3534 ι
3318 3481 3418 3539 Hie

1834 3572 1878 3628 si
1908 3582 2055 3628 esset
2084 3558 2347 3643 propheta
2371 3611 2386 3637 ,
2423 3571 2590 3628 sciret
2624 3574 2809 3643 utique
2849 3589 2970 3644 qure
3013 3582 3068 3631 et
3115 3575 3292 3646 qualis
3333 3584 3422 3633 est

1834 3664 1950 3720 haec
1998 3664 2215 3730 mulier,
2248 3680 2368 3734 quae
2415 3665 2586 3736 tangit
2633 3681 2778 3733 eum,
2830 3668 2955 3737 quia
3011 3670 3285 3739 peccatrix
3336 3680 3422 3727 est

1835 3754 1986 3827 (Luc.
2021 3755 2139 3828 vn).
2176 3775 2195 3808 ι
2245 3756 2417 3823 Quem
2458 3758 2806 3828 praeveniens
2847 3759 3131 3828 Dominus,
3180 3763 3258 3818 ait
3292 3763 3415 3819 illi:
3468 3776 3473 3779 ‘

1839 3865 1859 3900 ι
1896 3845 2105 3914 Simon,
2154 3848 2328 3905 habeo
2372 3849 2469 3906 tibi
2515 3850 2717 3921 aliquid
2745 3852 2947 3909 dicere.
2985 3853 3059 3909 At
3102 3840 3195 3911 ille
3241 3856 3416 3912 dixit:

1830 3938 2107 4012 MagiSter,
2138 3942 2245 3997 dic.
2281 3962 2302 3994 ι
2330 3940 2421 3997 Ait
2449 3942 2527 3999 illi
2559 3958 2576 3998 :
2614 3963 2633 4005 ι
2671 3944 2787 4002 Duo
2813 3946 3086 4004 debitores
3121 3958 3280 4004 erant
3305 3950 3420 4007 cui-

1835 4035 1958 4089 dam
1987 4033 2304 4100 l‘eneratori,
2337 4052 2476 4092 unus
2503 4037 2735 4095 debebat
2782 4041 3037 4117 denarios
3070 4044 3418 4114 quingentos,

1821 4135 1890 4182 et
1910 4126 2050 4183 alius
2070 4126 2481 4199 quinquaginta.
2513 4127 2628 4183 Non
2649 4124 2976 4187 habentibus
2998 4132 3105 4189 illis
3136 4135 3278 4190 unde
3298 4135 3422 4190 red-

1832 4219 2044 4287 derent,
2073 4218 2293 4274 donavit
2318 4219 2584 4290 utrisque.
2623 4219 2756 4295 Quis
2801 4236 2931 4293 ergo
2971 4238 3095 4278 eum
3123 4224 3245 4294 plus
3292 4225 3419 4281 dili-

1833 4326 1961 4381 gere
1991 4309 2179 4382 (Ibid.)
2216 4330 2235 4363 ι
2270 4310 2499 4365 habuit?
2524 4311 2596 4366 At
2632 4313 2722 4368 ille
2748 4314 2871 4380 hoc,
2903 4314 3046 4383 quod
3086 4329 3285 4385 negare
3310 4330 3421 4370 non

1824 4403 2025 4473 potuit,
2055 4404 2349 4473 respondit,
2377 4404 2603 4459 dicens:
2644 4423 2661 4456 ι
2699 4404 2932 4460 Ᾱῐειὶιιιο
2950 4406 3076 4475 quia
3110 4406 3156 4461 is
3190 4405 3275 4461 cui
3297 4405 3420 4474 plus

145 4509 347 4564 modici
378 4478 651 4578 temporis,
692 4508 888 4562 multas
908 4478 1161 4561 sustinuit
1186 4523 1284 4578 pro
1301 4507 1456 4561 nobis
1481 4478 1726 4573 injurias,
1755 4478 1809 4541 Ῑ)
1835 4499 2054 4555 donavit
2092 4497 2333 4570 (lbid).‘r
2362 4496 2431 4551 Et
2481 4511 2777 4552 conversus
2810 4497 2877 4551 ad
2926 4497 3239 4562 mulierem,
3283 4497 3421 4552 dixit

147 4603 216 4657 ad
241 4601 488 4656 ultimum
513 4601 678 4656 etiam
707 4600 999 4656 cruciﬁxus
1046 4609 1102 4655 et
1128 4601 1341 4656 occisus
1385 4607 1470 4655 est
1514 4614 1612 4670 pro
1649 4614 1736 4654 re—

147 4695 457 4764 demptione
482 4702 687 4757 nostra,
720 4700 774 4748 et
803 4690 943 4747 mori
989 4691 1241 4762 dignatus
1278 4701 1363 4746 est
1405 4707 1505 4762 pro
1555 4690 1729 4746 nobis.

145 4786 525 4856 Modicumque
551 4785 809 4856 temporis
828 4791 1077 4840 retentus
1101 4799 1131 4837 a
1160 4791 1355 4849 morte,
1396 4782 1579 4839 statim
1610 4798 1729 4838 sur-

147 4882 291 4938 rexit
322 4881 478 4935 tertia
508 4881 614 4935 die.

225 4993 244 5026 ι
276 4973 393 5043 ipse
416 4971 662 5043 perﬁciet
696 4990 716 5025 ι
750 4971 804 5027 in
832 4971 990 5027 nobis
1034 4970 1233 5025 bonum
1269 4970 1411 5039 quod
1464 4978 1727 5040 coeperat,

147 5078 361 5133 nosque
399 5063 455 5117 in
495 5078 594 5117 sua
627 5076 841 5132 semper
874 5061 1172 5127 voluntate,
1210 5070 1265 5117 et
1303 5062 1357 5115 in
1401 5060 1582 5116 divina
1614 5060 1737 5116 reli-

145 5155 311 5227 gione
350 5152 638 5210 conﬁrmet
673 5161 729 5209 et
766 5154 1114 5219 corroboret,
1155 5173 1173 5205 ι
1226 5153 1280 5207 in
1326 5151 1734 5224 perseverantia

146 5248 418 5307 bonorum
446 5262 688 5318 operum.

687 5381 967 5439 HOMILIA
1005 5383 1187 5440 CXIV.

388 5511 643 5553 DOIINICA
676 5512 892 5572 ουΑιιςιᾺ
928 5511 1057 5551 POST
1096 5510 1495 5552 PENTECOSTEN.

223 5611 380 5683 (Luc.
409 5610 525 5681 xv.)
551 5630 570 5663 ι
598 5610 655 5665 ln
685 5609 778 5665 illo
801 5618 1042 5679 tempore
1068 5628 1081 5664 :
1106 5610 1276 5665 Erant
1300 5610 1735 5682 appropinquan-

161 5726 178 5759 ι
210 5714 296 5760 tes
317 5705 387 5760 ad
412 5701 596 5760 Jesum
622 5701 892 5773 publicmi
928 5710 984 5757 et
1011 5711 1359 5773 peccatores,
1393 5711 1452 5760 ut
1487 5703 1736 5760 audirent

1837 4591 2042 4647 Simoni
2067 4604 2081 4644 :
2119 4609 2137 4641 ι
2172 4589 2333 4644 Vides
2359 4589 2500 4644 hanc
2545 4587 2862 4643 mulierem?
2890 4588 3090 4646 Intravi
3118 4588 3172 4642 in
3199 4589 3416 4643 domum

1835 4693 2008 4749 tuam,
2039 4680 2483 4751 aquampedibus
2515 4680 2651 4734 meis
2690 4694 2799 4734 non
2825 4678 3044 4743 dedisti,
3085 4679 3201 4734 haec
3235 4687 3416 4735 autent

1836 4775 2092 4845 lacrymis
2122 4773 2313 4843 rigavit
2332 4772 2496 4841 pedes
2519 4785 2696 4833 meos,
2735 4778 2792 4824 ct
2831 4770 3041 4839 capillis
3081 4770 3196 4826 suis
3240 4771 3413 4825 tersit.

1835 4867 2094 4924 Osculum
2120 4865 2251 4919 mihi
2277 4878 2382 4917 non
2408 4862 2626 4926 dedisti,
2658 4863 2773 4917 haec
2794 4869 2974 4916 autem
3017 4877 3083 4917 ex
3110 4877 3217 4931 quo
3246 4862 3418 4923 intra-

1836 4961 1911 5026 vi,
1955 4974 2062 5014 non
2103 4957 2334 5014 cessavit
2372 4954 2605 5027 osculari
2653 4955 2819 5026 pedes
2858 4970 3029 5011 meos.
3081 4953 3213 5012 Oleo
3254 4962 3417 5033 caput

1839 5067 2018 5109 meum
2034 5068 2139 5108 non
2169 5051 2395 5116 unxisti,
2419 5050 2537 5104 haec
2555 5058 2735 5104 autem
2768 5061 3040 5120 unguento
3069 5049 3225 5107 unxit
3252 5048 3418 5120 pedes

1840 5162 2012 5205 meos.
2038 5144 2430 5216 Propter‘quod
2468 5145 2588 5199 dico
2616 5142 2745 5210 tibi,
2792 5142 3147 5211 remittuntur
3196 5141 3263 5199 ei.
3292 5156 3419 5212 pec-

1841 5251 1962 5298 cata
1990 5240 2159 5296 multa
2184 5238 2371 5311 (Ibid).
2411 5256 2431 5290 ι
2478 5233 2585 5291 Sed
2618 5235 2724 5291 illis
2773 5234 3257 5301 murmurantibus,
3307 5233 3417 5289 Do-

1838 5334 2024 5389 minus
2067 5332 2230 5386 talem
2268 5328 2676 5385 similitudinem
2716 5325 2991 5392 adhibuit,
3024 5333 3085 5382 ut
3125 5333 3182 5381 et
3228 5339 3416 5380 eorum

1839 5425 2319 5483 murmurationem
2340 5420 2425 5488 ex
2456 5422 2667 5478 ratione
2694 5429 3083 5493 compesceret,
3113 5428 3170 5477 et
3195 5417 3310 5489 ipsa
3347 5418 3420 5495 si-

1838 5517 2084 5574 militudo
2108 5517 2176 5572 ad
2206 5517 2378 5587 ipsum
2398 5515 2688 5572 Auctorem
2718 5514 2958 5572 omnium
2972 5511 3285 5584 specialiter.
3303 5524 3420 5581 per-

1839 5610 2055 5667 tineret.
2298 5622 2301 5627 '
3376 5614 3379 5615 ⁷

1915 5722 1935 5754 ι
1975 5703 2065 5758 Ait
2088 5703 2232 5759 enim
2265 5703 2331 5760 ad
2356 5702 2473 5759 illos
2494 5702 2806 5775 parabolam
2832 5703 3013 5768 istam,
3036 5699 3220 5755 dicens
3246 5714 3257 5752 :
3289 5693 3421 5763 Quis
