4014 6354
619 272 716 328 Gll

1197 259 1552 318 HAYMONIS
1590 239 2068 314 liALBERSTAT.
2106 249 2318 307 EPlSC.
2360 251 2511 307 ore.
2552 249 2731 307 rans
2766 249 2829 306 tt.
2867 280 2937 289 —
2977 216 3210 306 HOMIh.

624 407 643 439 ι
683 399 750 441 ex
770 354 927 439 vobis
954 381 1148 444 homo,
1182 377 1272 448 qui
1303 360 1465 431 habet
1488 382 1704 429 centum
1735 384 1884 435 oves,
1909 376 1965 423 et
1993 367 2038 422 si
2076 379 2201 435 per-
2227 365 2276 426 Α
2305 361 2359 433 (Ι
2385 362 2531 418 Petr.
2562 361 2642 434 ιι).
2680 380 2699 414 ι
2732 360 2860 417 Sive
2884 361 3193 432 impositam
3222 360 3276 414 in
3303 359 3543 415 humeris
3572 360 3643 416 ad
3671 376 3921 433 gregem

629 497 648 530 ι
688 475 884 533 diderit
908 487 1068 530 unam
1092 485 1157 525 ex
1182 468 1310 533 illis,
1341 480 1522 520 nonne
1549 462 1772 518 dimittit
1791 459 2082 529 nonaginta
2106 471 2201 511 no-

627 585 646 619 r
684 582 805 622 vcm
849 565 902 618 in
936 563 1180 623 deserto,
1215 567 1270 613 et
1296 556 1442 611 vadit
1472 556 1539 610 ad
1562 553 1728 634 illam
1780 566 1901 621 quae
1944 548 2198 619 perierat.

530 644 533 647 Α
628 680 647 713 r
684 660 854 714 donec
882 654 1120 710 inveniat
1146 651 1328 705 illam?
1360 670 1379 702 ι
1411 649 1487 703 Ac
1507 648 1553 703 si
1575 646 1779 701 diceret
1805 662 1817 698 :
1843 643 1898 698 Si
1921 657 2017 697 vos
2044 655 2200 696 ovem

621 749 887 820 perditam
917 744 1095 800 studio
1126 751 1273 796 tanto
1306 749 1359 795 et
1386 740 1571 794 labore
1619 734 1915 805 inquiritis,
1950 746 2057 786 non
2093 730 2198 793 ovi,

623 842 716 896 sed
747 848 938 893 vestra:
993 834 1235 889 avaritiae
1264 830 1627 892 consulentes,
1658 834 1861 896 quanto
1899 822 2072 894 magis
2103 835 2204 891 ego

625 930 896 985 hominem
926 926 1097 980 debeo
1120 924 1187 978 ad
1226 923 1516 992 imaginem
1559 917 1652 972 Dei
1700 916 1901 971 factum
1939 926 2202 983 qmerere,

624 1030 677 1078 et
717 1022 782 1075 de
808 1017 1111 1089 perditione
1139 1012 1410 1069 liberare?
1438 1011 1573 1077 Quia
1598 1022 1707 1062 non
1732 1006 1857 1061 veni
1877 1018 2203 1075 quemquam

624 1112 884 1183 perdere,
921 1108 1015 1163 sed
1050 1121 1239 1163 omnes
1277 1104 1489 1159 salvare
1536 1100 1688 1172 (Luc.
1718 1098 1818 1170 ix).
1879 1096 2206 1168 Spiritaliter

624 1206 788 1258 homo
817 1203 946 1265 iste,
976 1199 1064 1254 ille
1095 1206 1177 1253 est
1200 1198 1266 1252 de
1296 1211 1402 1265 quo
1428 1194 1691 1264 propheta
1720 1190 1795 1244 ait
1822 1207 1836 1243 :
1873 1208 1892 1241 ι
1926 1188 2066 1243 Ecce
2106 1200 2200 1241 ve-

622 1299 736 1351 niet
760 1297 905 1350 Deus
924 1300 980 1347 et
1000 1292 1162 1346 homo
1183 1290 1249 1344 de
1271 1287 1432 1342 domo
1454 1284 1644 1348 David,
1678 1301 1697 1336 ι
1721 1281 1928 1337 scilicet
1946 1278 2206 1334 Dominus

623 1384 783 1439 Jesus
802 1383 1070 1445 Christus,
1097 1379 1187 1448 qui
1218 1377 1406 1433 habuit
1436 1381 1652 1430 centum
1685 1387 1833 1436 oves,
1864 1367 2078 1440 quando
2106 1383 2206 1422 an-

626 1474 853 1545 gelicam
906 1480 961 1526 et
1010 1470 1301 1524 humanam
1344 1473 1594 1520 naturam
1644 1460 1937 1532 perfectam
1983 1457 2204 1513 creavit.

627 1563 981 1620 Centenarius
1002 1560 1146 1615 enim
1170 1572 1423 1614 numerus
1443 1553 1713 1627 perfectus
1733 1560 1838 1616 est,
1865 1559 1920 1607 et
1948 1551 2062 1620 ipse
2083 1563 2209 1604 cen-

628 1662 741 1708 tum
768 1667 894 1708 oves
945 1650 1164 1715 habuit,
1205 1647 1421 1719 quando
1463 1646 1532 1700 ad
1560 1642 1907 1699 obtinendam
1951 1648 2208 1705 aeternam

2306 453 2635 524 reportavit,
2662 452 2878 522 quando
2924 466 3024 507 nos
3049 453 3115 507 ad
3161 466 3319 506 suam
3341 450 3774 507 similitudinem
3827 468 3920 506 re-

2304 544 2576 599 formavit.
2615 545 2728 599 Hoe
2755 551 2838 599 est
2886 558 3016 614 ergo
3043 556 3199 598 ovem
3248 542 3523 601 inventam
3560 545 3618 600 in
3652 546 3917 600 humeris

2304 637 2602 707 imponere,
2646 638 2791 706 quod
2814 633 2970 704 juxta
3008 635 3168 690 aliam
3199 636 3514 706 parabolam
3548 638 3851 694 hominem
3883 656 3915 694 a

2305 728 2604 785 latronibus
2633 728 2978 784 vulneratum
3003 728 3281 799 imponere
3310 728 3695 799 injumentum
3726 741 3792 788 et
3824 733 3914 788 du-

2304 834 2429 874 cere
2454 819 2511 874 in
2536 818 2828 874 stabulum.

2382 926 2401 958 ι
2440 907 2508 962 Ει
2534 908 2761 964 veniens
2783 908 3022 964 domum.
3057 926 3075 961 ι
3115 908 3348 975 Domus,
3374 911 3443 966 ad
3468 928 3635 983 quam
3677 914 3908 969 inventa

2302 998 2423 1053 ovis
2454 1007 2778 1069 reportatur,
2810 1000 3048 1056 caelestis
3098 1008 3184 1057 est
3224 1002 3422 1071 patria,
3467 1004 3537 1058 ad
3584 1019 3766 1074 quam
3820 1006 3908 1059 illa

2306 1089 2565 1160 spiritalis
2584 1089 2703 1146 ovis
2722 1090 2795 1159 pii
2831 1091 3063 1161 pastoris
3092 1092 3334 1148 humeris
3355 1108 3415 1149 se
3449 1095 3730 1162 reportari
3753 1106 3906 1165 opta-

2309 1179 2441 1244 bat,
2474 1194 2597 1234 cum
2639 1179 2898 1247 dicebat:
2941 1201 2959 1233 ι
3005 1180 3181 1237 Unam
3208 1183 3337 1252 petii
3371 1199 3404 1238 a
3447 1185 3718 1249 Domino,
3764 1186 3902 1241 hanc

2309 1273 2602 1342 requiram,
2632 1280 2693 1328 ut
2738 1274 3032 1330 inbabitem
3064 1274 3118 1329 in
3163 1275 3325 1331 domo
3378 1277 3593 1332 Domini
3643 1281 3902 1334 omnibus

2310 1361 2501 1417 diebus
2525 1361 2650 1417 vita:
2678 1376 2831 1428 mete,
2865 1372 2924 1417 ut
2943 1363 3160 1419 videam
3185 1364 3521 1420 voluntatem
3550 1366 3811 1432 Domini,
3848 1379 3898 1423 et

2309 1452 2528 1507 visitem
2572 1453 2832 1522 templum
2881 1453 2999 1523 ejus
3038 1454 3213 1526 (Psal.
3257 1455 3430 1527 xxvi).
3468 1476 3489 1508 ι
3526 1457 3593 1512 Et
3651 1458 3894 1513 iterum:

2318 1562 2337 1595 ι
2374 1543 2565 1599 Erravi
2591 1544 2866 1601 sicutovis
2889 1562 3010 1616 quae
3037 1546 3219 1616 periit,
3250 1547 3467 1618 require
3485 1564 3712 1604 servum
3730 1559 3893 1617 luum,

2314 1632 2541 1689 Domine
2572 1633 2747 1706 (Paul.
2773 1636 2985 1707 cxvm).
3021 1656 3041 1689 ι
3081 1637 3302 1693 inventa
3327 1653 3459 1709 ergo
3515 1654 3643 1704 ove,
3687 1641 3760 1695 ad
3798 1643 3891 1696 Do-

624 1742 1011 1817 perl‘ectionem
1045 1740 1358 1811 angelorum
1384 1744 1438 1792 et
1474 1736 1749 1792 hominum
1780 1741 2029 1788 naturam
2069 1746 2199 1786 con-
2232 1726 2278 1787 Β
2306 1724 2513 1779 minum
2567 1727 2876 1791 revertitur,
2930 1727 3054 1796 quia
3097 1735 3220 1798 post
3264 1728 3553 1784 liberatam
3602 1731 3889 1785 humanam

624 1835 780 1891 didit.
808 1832 925 1890 Una
956 1832 1100 1888 enim
1123 1831 1240 1886 ovis
1267 1838 1394 1884 tunc
1421 1827 1612 1900 periit,
1643 1824 1857 1896 quando
1880 1824 2087 1895 primus
2111 1830 2208 1878 ho-

625 1941 715 1981 mo
741 1924 1003 1996 peccavit.
1032 1922 1138 1979 Sed
1162 1912 1271 1987 ille,
1295 1920 1449 1991 cujus
1470 1916 1838 1973 misericordia
1863 1922 1946 1970 est
1966 1915 2034 1970 ab
2054 1923 2210 1970 aeter-

622 2033 694 2073 no
724 2026 780 2072 et
805 2030 977 2085 usque
1003 2015 1057 2069 in
1082 2021 1345 2069 aeternum
1378 2025 1542 2080 super
1567 2009 1816 2063 timentes
1842 2020 1986 2071 eum,
2019 2004 2208 2060 nolens

623 2110 913 2164 humanam
960 2114 1212 2161 naturam
1248 2110 1508 2174 perpetuo
1557 2099 1756 2171 perire,
1789 2096 1993 2152 relictis
2036 2110 2205 2151 nona-

516 2204 537 2243 !
624 2203 773 2275 ginta
800 2215 993 2257 novem
1033 2198 1224 2255 ovibus
1258 2196 1314 2250 in
1356 2197 1588 2257 deserto,
1620 2191 1755 2247 abiit
1779 2189 1925 2245 illam
1963 2201 2206 2259 quaerere

622 2310 742 2364 quae
774 2293 1029 2364 perierat.
1065 2291 1349 2346 Desertum
1375 2287 1466 2342 hic
1491 2282 1688 2341 cmlum
1708 2282 2043 2355 intelligitur.
2065 2280 2200 2349 Quia

619 2385 764 2442 enim
792 2384 1066 2439 desertum
1098 2379 1300 2435 dicitur
1324 2376 1641 2433 derelictum
1673 2381 1824 2431 recte
1862 2374 1914 2429 in
1944 2374 2046 2429 hoc
2084 2373 2204 2430 loco

617 2477 813 2534 coelum
862 2476 1135 2531 desertum
1162 2479 1423 2535 vocatur,
1450 2468 1577 2539 quia
1621 2467 1829 2539 primus
1872 2466 2035 2522 homo
2080 2481 2207 2537 pec-

618 2573 792 2628 cando
841 2571 972 2625 illud
1014 2568 1271 2625 d'eseruit.
1310 2566 1463 2634 Quod
1515 2562 1853 2620 manifestius
1898 2559 2205 2632 signiﬁcare

613 2645 805 2718 volens
838 2661 976 2717 alius
1014 2659 1345 2731 evangelista
1388 2672 1489 2729 pro
1535 2656 1772 2720 deserto,
1816 2654 1870 2709 in
1929 2650 2204 2707 montibus

615 2754 815 2823 posuit,
846 2760 904 2807 ut
932 2750 1219 2823 intelligas,
1248 2749 1302 2803 in
1335 2746 1584 2804 excelsis.
1618 2744 1856 2814 Reliquit
1879 2756 2010 2813 ergo
2037 2754 2205 2796 nona-

616 2845 762 2915 ginta
788 2858 979 2897 novem
1006 2841 1061 2896 in
1101 2842 1354 2905 deserto,
1385 2838 1600 2908 quando
1628 2835 1749 2890 illos
1788 2832 2058 2904 angelicos
2094 2830 2201 2900 spi-

617 2937 753 2990 ritus
787 2935 842 2990 in
894 2933 1031 2990 coelo
1086 2932 1418 3002 relinquens,
1471 2937 1693 3001 propter
1737 2941 1838 2982 nos
1881 2932 1936 2981 et
1981 2931 2202 2995 propter

616 3035 859 3081 nostram
902 3024 1133 3080 salutem
1174 3024 1464 3078 humanam
1518 3027 1769 3076 naturam
1825 3027 2195 3087 suscepturus,

2310 1824 2578 1883 naturam,
2611 1826 2733 1887 post
2756 1818 3087 1889 triumphum
3118 1835 3229 1875 sua:
3253 1820 3555 1889 passionis,
3596 1822 3671 1877 ad
3705 1822 3887 1877 etclam

2310 1907 2467 1963 rediit
2492 1923 2592 1978 per
2626 1908 2850 1980 gloriam
2878 1910 3231 1965 ascensionis.
3264 1910 3473 1977 Quanta
3503 1920 3694 1967 autem
3731 1912 3884 1983 gloria

2309 2001 2376 2057 de
2410 2001 2643 2057 hominis
2666 2000 2981 2057 liberatione
3002 2002 3209 2074 angelis
3231 2002 3285 2058 in
3311 2002 3466 2058 cmlis
3500 2012 3630 2058 orta
3652 2004 3747 2071 sit,
3784 2019 3885 2059 ma-

2308 2090 2597 2148 nifestatur
2627 2107 2750 2148 eum
2779 2092 3028 2148 subditur
3056 2107 3072 2147 :
3212 2084 3217 2087 “

2362 2181 2405 2237 ἰ
2435 2182 2606 2238 Vocat
2625 2184 2830 2239 amicos
2858 2191 2914 2239 et
2939 2183 3168 2250 vicinos,
3196 2183 3383 2240 dicens
3412 2184 3525 2241 illis
3550 2204 3565 2239 :
3600 2185 3878 2259 Congratu-

2314 2295 2334 2330 ι
2366 2275 2552 2331 lamini
2598 2276 2754 2342 mihi,
2783 2276 2908 2358 quia
2955 2275 3137 2332 inveni
3185 2291 3343 2332 ovem
3400 2291 3586 2332 meam
3644 2293 3763 2348 qua
3796 2295 3873 2349 pe-

2314 2391 2332 2426 r
2367 2372 2553 2427 rierat.
2584 2389 2603 2424 ι
2634 2370 2810 2426 Amici
2842 2379 2897 2425 et
2925 2369 3086 2427 vicini
3121 2370 3437 2442 angelorum
3474 2372 3711 2442 spiritus
3749 2383 3864 2438 sunt,

2306 2466 2397 2536 qui
2426 2465 2585 2520 amici
2615 2472 2767 2521 recte
2785 2470 3070 2530 vocantur,
3099 2464 3226 2535 quia
3251 2464 3321 2521 ab
3341 2464 3460 2536 ejus
3491 2466 3737 2522 veritate
3757 2482 3867 2521 nua-

2306 2575 2468 2630 qnam
2517 2559 2848 2615 discordant.
2892 2557 3102 2624 Vicini,
3136 2557 3262 2628 quia
3309 2558 3581 2614 visionem
3631 2560 3869 2614 claritatis

2304 2649 2447 2706 illius
2486 2663 2517 2705 e
2554 2650 2802 2720 proximo
2849 2649 3301 2719 contemplantur.
3355 2650 3673 2706 Notandum
3715 2663 3871 2707 autem

2303 2743 2446 2813 quod
2472 2758 2578 2797 non
2601 2741 2694 2806 ait,
2721 2743 3169 2813 congratulamini
3210 2746 3446 2799 inventa
3468 2745 3584 2811 ovi,
3611 2746 3713 2801 sed
3739 2747 3871 2811 mihi,

2304 2835 2596 2891 ostendens
2623 2835 2752 2906 quia
2785 2844 2970 2891 nostra
2991 2835 3138 2891 salus
3165 2835 3308 2891 illius
3335 2846 3420 2892 est
3444 2839 3733 2907 gaudium.
3759 2841 3873 2893 Piis-

2302 2925 2473 2981 simus
2496 2925 2644 2980 enim
2673 2926 2851 2991 Deus,
2904 2927 3146 2982 cum-sit
3190 2926 3568 2993 immutabilis,
3602 2929 3749 2984 sicut
3795 2932 3875 2984 hu-

2302 3033 2463 3075 mano
2524 3014 2675 3074 more
2735 3018 3043 3074 contristari
3090 3033 3189 3090 pro
3240 3018 3520 3074 hominum
3587 3022 3873 3089 perditione

616 3118 839 3173 intravit
861 3124 1092 3177 terram.
1122 3112 1427 3170 Notandum
1459 3120 1637 3168 tamen
1669 3110 1796 3181 quia
1842 3124 1949 3164 non
1993 3108 2075 3164 sic
2103 3120 2197 3162 eos
2224 3108 2270 3171 C
2300 3106 2519 3174 dicitur,
2543 3109 2623 3164 sic
2647 3108 2714 3164 de
2748 3107 2865 3178 ejus
2894 3108 3067 3165 salute
3110 3110 3364 3179 gaudere.
3412 3109 3570 3178 Quod
3600 3120 3786 3167 autem
3821 3114 3874 3166 de

613 3210 869 3276 deseruit,
892 3217 954 3264 ut
987 3221 1200 3279 semper
1233 3222 1332 3278 per
1382 3206 1680 3261 divinitatis
1724 3202 2024 3275 potentiam
2071 3215 2196 3255 cum

614 3300 722 3358 illis
751 3317 857 3356 non
886 3307 1050 3368 esset,
1071 3314 1170 3371 per
1193 3313 1355 3370 quam
1378 3297 1578 3366 ubique
1600 3302 1683 3351 est
1704 3307 1970 3364 praesens,
1998 3291 2199 3360 ubique

614 3398 699 3447 est
726 3399 890 3455 totus,
918 3390 1059 3445 sicut
1083 3399 1140 3445 et
1164 3404 1265 3445 nos
1282 3374 1553 3454 deseruit,
1585 3384 1800 3456 quando
1849 3383 1917 3438 ad
1963 3381 2085 3437 illos
2114 3394 2200 3435 re-

613 3483 734 3539 diit.
777 3481 1040 3549 Quaesivit
1080 3481 1225 3538 enim
1269 3495 1426 3536 ovem
1465 3492 1525 3534 se
1551 3492 1660 3533 non
1685 3482 2041 3558 quaerentem,
2070 3473 2197 3542 quia

611 3583 811 3631 natura
861 3573 1097 3628 humana
1136 3586 1259 3627 cum
1300 3584 1408 3625 non
1453 3575 1637 3638 posset
1675 3565 1934 3621 accedere
1974 3563 2041 3619 ad
2082 3562 2199 3633 ejus

613 3665 975 3729 divinitatem,
1007 3663 1182 3718 factus
1226 3669 1311 3717 est
1335 3660 1491 3715 nobis
1533 3658 1744 3713 vicinus
1766 3670 1865 3726 per
1894 3653 2200 3710 immanita-

614 3768 749 3823 tem,
774 3764 912 3812 teste
940 3754 1201 3824 Apostolo
1224 3793 1240 3819 ,
1267 3752 1362 3823 qui
1388 3752 1465 3805 ait
1491 3769 1505 3804 :
1541 3768 1562 3802 ι
1602 3748 1964 3819 Semetipsum
2010 3746 2199 3801 exina-

614 3848 772 3912 nivit,
798 3845 1026 3901 formam
1062 3844 1203 3900 servi
1232 3841 1536 3912 accipiens,
1568 3841 1622 3896 in
1659 3838 2064 3896 similitudinem
2095 3837 2195 3892 ho-

616 3936 826 3991 minum
853 3935 1026 3991 factus
1058 3933 1224 4007 (Phil.
1255 3933 1339 4001 ιι).
1385 3951 1404 3985 ι
1435 3933 1503 3988 Ει
1524 3932 1756 3988 iterum:
1786 3952 1805 3985 ι
1833 3930 1903 3986 At
1929 3930 2021 3986 ubi
2048 3928 2200 3986 venit

614 4025 894 4096 plenitudo
913 4025 1194 4095 temporis,
1224 4023 1373 4079 misit
1399 4023 1540 4079 Deus
1575 4021 1770 4076 Filium
1797 4036 1953 4077 suum
1992 4018 2196 4075 factum

612 4130 684 4172 ex
728 4115 972 4181 muliere,
1003 4113 1206 4170 factum
1254 4113 1357 4170 sub
1404 4113 1556 4184 lege,
1585 4120 1645 4166 ut
1671 4127 1766 4167 eos
1793 4112 1885 4181 qui
1933 4111 2034 4167 sub
2079 4110 2198 4180 lege

614 4213 773 4261 erant
801 4204 1110 4272 redimeret,
1152 4212 1214 4260 ut
1254 4204 1598 4275 adoptionem
1646 4202 1879 4258 ﬁliorum
1924 4202 2196 4273 recipere-

615 4312 738 4354 mus
760 4294 902 4369 (Gal.
927 4294 1023 4369 ιν).
1063 4315 1083 4349 ο

689 4412 711 4447 ‹
744 4393 955 4449 Etcum
984 4391 1251 4446 invenerit
1272 4405 1413 4457 eam,
1442 4389 1683 4458 imponet
1705 4386 1759 4442 in
1789 4388 2045 4443 humeros
2070 4401 2197 4443 suos

2299 3198 2575 3255 hominum
2600 3199 2903 3270 perditione
2925 3199 3131 3267 doleat,
3163 3202 3274 3270 ipse
3304 3215 3405 3272 per
3432 3203 3765 3272 prophetam
3801 3204 3874 3257 de-

2298 3289 2489 3355 clarat,
2517 3306 2639 3346 cum
2661 3292 2993 3349 enumeratis
3010 3290 3306 3347 Jerusalem
3328 3293 3570 3362 peccatis
3586 3333 3603 3359 ,
3625 3294 3870 3365 adjungit.

2298 3383 2483 3441 dicens
2515 3403 2527 3439 :
2559 3385 2618 3441 In
2655 3384 2906 3441 omnibus
2939 3384 3058 3441 istis
3082 3385 3442 3441 contristabas
3472 3400 3587 3440 me.
3618 3386 3869 3453 Quantum

2300 3477 2480 3533 autem
2506 3480 2573 3534 de
2612 3476 2730 3546 ejus
2759 3476 2931 3532 salute
2976 3477 3207 3548 gaudeat
3251 3476 3587 3547 evangelista
3625 3477 3867 3537 declarat,

2299 3572 2485 3629 dicens
2513 3591 2526 3626 :
2558 3573 2616 3628 ln
2654 3573 2745 3628 illa
2774 3573 2907 3627 hora
2932 3572 3225 3627 exsultavit
3256 3571 3415 3627 .lesus
3453 3573 3689 3643 spiritu,
3723 3584 3779 3627 et
3808 3574 3870 3626 di-

2297 3666 2417 3721 xit:
2455 3684 2474 3716 ι
2503 3663 2776 3721 Conﬁteor
2801 3665 2928 3731 tibi,
2960 3664 3207 3739 Domine,
3255 3662 3419 3719 Pater
3461 3665 3590 3721 coeli
3632 3675 3691 3719 et
3737 3674 3872 3719 terra

2299 3755 2393 3825 qui
2433 3755 2766 3811 abscondisti
2816 3755 2932 3810 haec
2978 3770 3009 3809 a
3039 3755 3375 3824 sapientibus
3416 3764 3473 3812 et
3505 3757 3872 3825 prudentibus.

2298 3853 2353 3900 et
2377 3845 2633 3900 revelasti
2666 3860 2730 3901 ea
2754 3845 2995 3916 parvulis
3024 3844 3242 3916 (Matth.
3280 3846 3383 3918 XI).
3423 3866 3443 3900 ι
3487 3845 3663 3916 Cujus
3711 3847 3871 3921 gaudii

2298 3933 2683 4005 perfectionem
2711 3936 2970 3992 Dominus
2989 3936 3254 4003 declarat,
3279 3953 3402 3994 cum
3431 3955 3723 4010 exponens
3748 3940 3876 3997 sili-

2298 4025 2579 4081 litudinem
2607 4024 2897 4099 subjungit,
2935 4027 3121 4084 dicens
3153 4049 3166 4082 :

2376 4135 2396 4169 ι
2429 4115 2560 4171 Dico
2580 4114 2732 4172 vobis
2754 4117 2897 4187 quod
2939 4118 3014 4173 ita
3042 4118 3299 4190 gaudium
3343 4128 3431 4174 est
3458 4120 3517 4174 iu
3549 4120 3705 4176 celo
3733 4132 3877 4191 sper

2304 4225 2325 4259 ι
2360 4222 2469 4262 uno
2510 4214 2797 4276 peccatore
2828 4208 3203 4278 paenitentiam
3250 4217 3463 4280 agente,
3509 4226 3682 4281 quam
3733 4227 3875 4282 supra

2307 4318 2325 4351 ι
2360 4298 2652 4370 nonaginta
2679 4310 2877 4354 novem
2901 4296 3097 4368 justis,
3129 4300 3223 4370 qui
3263 4313 3370 4355 non
3413 4301 3669 4372 indigent
3720 4303 3875 4374 parui-

2307 4408 2327 4442 r
2360 4391 2549 4445 tentia.
2585 4409 2607 4443 ι
2639 4388 2812 4462 Majas
2838 4404 2969 4458 ergo
2994 4391 3246 4462 gaudium
3266 4400 3348 4447 est
3375 4392 3430 4447 in
3459 4394 3608 4449 caelo
3654 4395 3727 4450 de
3765 4410 3873 4453 cen-

616 4504 641 4541 r
672 4485 926 4557 gaudens.
961 4501 981 4534 ›
1030 4480 1135 4536 Per
1169 4481 1425 4535 humeros
1453 4478 1548 4533 Dei
1575 4478 1728 4533 labor
1768 4476 2039 4547 passionis
2081 4477 2199 4545 ejus
2227 4468 2276 4529 D
2300 4481 2472 4537 versis
2498 4481 2899 4552 peccatoribus,
2928 4497 3088 4552 quam
3121 4484 3186 4538 de
3219 4484 3493 4540 stantibus
3513 4484 3686 4555 justis
3723 4507 3737 4542 :
3768 4488 3875 4558 quia

612 4575 956 4647 exprimitur.
989 4570 1252 4639 Quoniam
1279 4584 1408 4641 ergo
1434 4569 1599 4624 habet
1623 4568 1786 4623 homo
1806 4567 2066 4639 majorem
2087 4566 2197 4623 for-
2296 4580 2353 4628 et
2373 4587 2473 4628 nos
2498 4562 2769 4628 terrenam
2803 4573 3164 4629 substantiam
3211 4575 3481 4643 perditam
3526 4591 3659 4633 cum
3704 4577 3877 4647 majori

614 4668 900 4724 titudinem
952 4665 1007 4718 in
1040 4662 1279 4718 humeris
1308 4663 1375 4717 ad
1404 4677 1572 4717 onera
1612 4660 1899 4732 portanda,
1946 4676 2111 4732 quam
2140 4661 2197 4715 in

613 4758 825 4814 caeteris
880 4754 1159 4818 membris,
1188 4755 1384 4808 merito
1436 4769 1532 4824 per
1562 4754 1819 4809 humeros
1872 4754 2044 4819 virtus
2073 4769 2199 4824 pas-

613 4848 782 4904 sionis
797 4847 1129 4916 designatur,
1148 4844 1467 4899 sicutlsaias
1492 4844 1569 4898 ait
1586 4844 1723 4914 (cap.
1750 4843 1861 4915 ix):
1891 4863 1910 4896 ί
1935 4844 2004 4900 Et
2022 4845 2197 4901 factus

614 4947 699 4994 est
740 4939 1080 5009 principatus
1134 4938 1253 5008 ejus
1300 4951 1462 5006 super
1509 4936 1792 4990 humerum
1821 4934 1956 5004 ejus.
2005 4955 2025 4989 ι
2058 4935 2193 5003 Quia

612 5032 759 5087 enim
784 5032 838 5086 in
870 5031 1111 5086 humeris
1152 5045 1318 5086 onera
1362 5035 1583 5099 portare
1632 5027 1887 5094 solemus,
1918 5030 2193 5085 inventam

614 5136 772 5179 ovem
823 5123 876 5178 in
915 5123 1154 5178 humeris
1198 5121 1394 5193 posuit,
1429 5120 1645 5190 quando
1680 5137 1781 5177 uos
1824 5138 1922 5193 per
1950 5122 2192 5179 laborem

613 5226 727 5269 sua:
748 5212 1016 5284 passionis
1033 5211 1099 5267 ad
1118 5211 1396 5268 cmlestem
1418 5209 1641 5281 gloriam
1664 5214 1958 5267 revocavit.
1988 5212 2064 5268 De
2087 5230 2195 5283 quo

613 5318 713 5377 per
757 5305 977 5361 beatum
1004 5303 1227 5359 Petrum
1254 5301 1488 5358 dicitur:
1522 5320 1542 5354 ι
1583 5302 1813 5359 Pcccata
1860 5313 2042 5360 nostra
2079 5306 2193 5376 ipse

614 5401 838 5475 pertulit
878 5403 933 5456 in
975 5413 1203 5470 corpore
1250 5412 1350 5454 suo
1396 5414 1558 5469 super
1604 5398 1829 5471 lignum,
1859 5406 1918 5453 ut
1955 5400 2197 5469 peccatis

617 5494 837 5559 mortui,
858 5491 1084 5561 justitia:
1110 5490 1375 5555 vivamus,
1409 5490 1563 5561 cujus
1586 5489 1755 5546 livore
1783 5493 1958 5546 sanati
1989 5506 2194 5548 sumus.

613 5585 793 5641 Eratis
830 5584 975 5640 enim
1004 5583 1144 5637 sicut
1170 5595 1299 5663 oves
1326 5591 1607 5649 errantes,
1654 5582 1749 5638 sed
1783 5584 2027 5640 conversi
2066 5586 2198 5640 estis

615 5693 759 5734 nunc
779 5676 846 5733 ad
865 5684 1137 5748 pastorem
1164 5684 1219 5732 et
1238 5674 1548 5747 episcopum
1572 5674 1873 5732 animarum
1896 5686 2195 5734 vestrarum

2298 4665 2493 4737 gaudio
2522 4681 2927 4736 recuperamus,
2957 4681 3122 4736 qnam
3143 4675 3269 4722 ante
3293 4668 3666 4738 perditionem
3708 4684 3877 4741 posse-

2299 4760 2571 4814 deramus.
2624 4757 2781 4825 Quod
2810 4758 3097 4814 manifeste
3149 4758 3239 4813 illa
3291 4759 3555 4829 parabola
3611 4761 3878 4837 Evangelii

2299 4850 2548 4916 indicat,
2593 4850 2685 4906 ubi
2739 4851 3020 4921 prodigum
3080 4850 3252 4905 ﬁlium
3316 4861 3691 4908 revertentem
3746 4863 3880 4924 pater

2303 4957 2425 4997 cum
2456 4957 2652 5014 magno
2676 4942 2873 5013 gaudio
2894 4943 3151 5013 suscepit,
3175 4942 3361 4999 dicens
3391 4960 3406 4999 :
3449 4962 3469 4994 ‹
3504 4942 3762 4999 Proferte
3787 4946 3881 4998 cito

2301 5033 2495 5089 stolam
2524 5034 2772 5104 primam,
2806 5041 2862 5089 et
2895 5033 3020 5090 date
3064 5033 3321 5088 annulum
3367 5033 3422 5088 in
3469 5048 3640 5089 manu
3671 5036 3806 5104 ejus,
3835 5041 3881 5087 et

2303 5125 2667 5182 calceamenta
2691 5126 2746 5180 in
2771 5127 2957 5196 pedes,
2982 5133 3039 5180 et
3057 5125 3289 5181 occidite
3307 5123 3537 5180 vitulum
3560 5127 3878 5197 saginatum,

2301 5227 2357 5274 et
2379 5218 2659 5289 epulcmur
2694 5226 2746 5273 et
2763 5218 3165 5289 jucundemur:
3199 5227 3257 5273 et
3284 5219 3411 5288 quia
3437 5218 3528 5274 hic
3558 5219 3709 5274 ﬁlius
3747 5232 3883 5273 meus

2302 5318 2547 5365 mortuus
2575 5308 2772 5376 fuerat,
2801 5318 2857 5363 et
2880 5309 3073 5365 revixit
3097 5326 3110 5376 ;
3158 5310 3416 5380 perierat,
3445 5320 3503 5365 et
3530 5310 3785 5366 inventus
3812 5318 3887 5363 est

2302 5401 2454 5475 (Luc.
2484 5401 2596 5473 xv).
2644 5421 2662 5454 ι
2700 5400 2809 5458 Sed
2838 5402 2976 5458 forte
3013 5410 3193 5458 movet
3217 5402 3477 5473 aliquem,
3500 5405 3779 5472 quomodo
3805 5418 3888 5455 an-

2302 5493 2405 5564 geli
2427 5494 2539 5553 Dei.
2576 5493 2631 5547 in
2658 5493 2876 5563 quibus
2916 5508 3127 5548 summa
3171 5492 3436 5563 perfectio
3461 5502 3580 5559 est,
3610 5493 3792 5563 magis
3826 5491 3888 5544 de

2304 5588 2656 5643 conversione
2706 5593 3050 5656 peccatorum
3104 5601 3267 5656 quam
3304 5585 3372 5642 de
3414 5594 3563 5641 statu
3620 5584 3890 5655 iustorum

2306 5681 2539 5751 gaudere
2561 5679 2803 5750 possint?
2830 5680 2914 5736 Ad
2931 5678 3074 5750 quod
3097 5677 3407 5743 dicendum,
3437 5678 3567 5748 quia
3598 5684 3729 5732 sunt
3756 5690 3889 5732 nou-
