4014 6354
130 234 308 310 eis

1405 248 1709 308 HUMILLE
1746 249 1834 304 DE
1870 248 2217 309 TEMPORE.

3351 252 3455 309 6M

151 367 332 423 nulli
356 345 545 431 electi,
577 368 670 437 qui
718 365 829 422 Deo
868 381 927 422 se
974 372 1289 437 protegente
1329 364 1475 420 nulla
1524 363 1775 436 capitalia
1802 366 1849 427 Α
1878 361 2033 426 didit,
2055 361 2271 433 quando
2294 342 2503 432 primus
2524 363 2687 420 homo
2705 363 2971 436 peccavit.
2996 362 3104 421 Sed
3126 363 3221 421 Dei
3241 366 3457 436 sapien-

142 458 428 512 crimina
479 456 901 522 commiserunt,
948 465 1001 511 et
1038 464 1218 511 tamen
1272 455 1434 510 nullis
1480 453 1773 510 virtutibus

156 549 587 621 principalibus
621 563 680 604 se
717 557 987 604 exercent.
1017 548 1084 602 Et
1119 547 1244 616 quia
1294 562 1392 602 suo
1435 546 1642 616 judicio
1670 544 1773 600 sibi

150 640 328 711 justi
351 654 470 695 esse
500 637 767 702 videntur,
794 645 945 692 tanto
965 636 1209 691 securius
1241 636 1461 702 vivunt,
1483 644 1688 706 quanto
1714 649 1774 691 se

146 730 381 784 'minus
410 735 723 799 peccatores
745 735 1093 798 cognoscunt.
1117 726 1218 794 Qui
1247 741 1377 781 vero
1414 734 1536 797 post
1563 725 1775 797 publica

140 820 401 891 ﬂagitia
433 826 486 874 et
510 818 713 873 scelera
746 819 811 874 ad
836 818 1207 889 ptenitentiam
1236 818 1504 883 conversi,
1543 826 1695 872 tanto
1715 830 1775 873 se

146 907 678 980 acriusallligunt,
700 917 904 979 quanto
932 910 1149 978 gravius
1176 924 1239 965 se
1280 915 1534 980 pett-asse
1585 908 1776 964 memi-

163 1010 400 1056 nerunt
426 1020 440 1055 :
468 1010 524 1056 et
547 1002 764 1056 sibimet
809 1002 971 1065 irati.
1001 1016 1222 1057 carnem
1258 1015 1414 1056 suam
1461 1016 1561 1070 per
1608 1001 1775 1056 absti-

160 1094 440 1148 nentiam
483 1102 538 1148 et
566 1093 780 1163 vigilias
808 1102 1121 1160 macerant;
1174 1094 1481 1149 voluntates
1526 1094 1775 1165 proprias

160 1183 488 1254 abnegant,
515 1181 735 1253 jejuniis
765 1190 817 1238 et
836 1184 1193 1255 eleemosynis
1217 1186 1545 1251 inserviunt,
1568 1187 1623 1240 in
1647 1202 1774 1241 ora-

160 1275 436 1327 tionibus
456 1281 512 1327 et
536 1273 787 1345 lacrymis
812 1283 1275 1346 compunguntur,
1301 1283 1355 1330 et
1386 1276 1776 1331 mortiﬁcantes

148 1363 535 1431 semetipsos,
571 1380 591 1412 ι
623 1362 947 1433 cruciilgunt
974 1364 1217 1418 membra
1249 1379 1348 1419 sua
1387 1378 1508 1418 cum
1547 1363 1695 1418 vitiis
1720 1372 1775 1418 et

144 1455 818 1527 ‘concupiscentiiswal.
847 1456 951 1527 ιιι).
999 1475 1017 1509 ι
1050 1457 1126 1512 De
1153 1457 1340 1513 talium
1376 1472 1505 1528 ergo
1528 1464 1775 1527 peccato-

162 1565 317 1603 rum
364 1548 714 1603 conversione
746 1546 920 1616 majus
944 1542 1195 1619 gaudium
1231 1557 1316 1603 est
1339 1548 1393 1603 in
1414 1547 1577 1613 'ccelo,
1614 1563 1775 1617 quam

159 1640 247 1695 de
312 1640 525 1694 illorum
564 1637 837 1709 iustorum
886 1647 1053 1704 statu,
1087 1638 1198 1709 qui,
1229 1647 1290 1693 ut
1336 1639 1590 1705 diximus,
1623 1648 1774 1694 tanto

1880 453 1974 518 tia,
2007 453 2196 509 nolens
2235 454 2505 510 hominem
2544 455 2721 527 perire
2766 453 3170 526 perpetualiter,
3210 456 3459 512 accendit

1876 542 2177 598 lucernam.
2209 542 2510 599 Lucernam
2556 545 2753 616 quippe
2803 544 3073 611 accendit,
3098 543 3313 615 quando
3348 546 3455 600 hu-

1874 650 2093 691 manam
2121 646 2391 702 naturam,
2417 650 2580 706 quam
2610 650 2678 691 ex
2706 635 2864 692 nobis
2897 636 3219 708 assumpsit,
3253 635 3460 694 virtute

1874 725 2371 796 miraculorumper
2383 741 2538 781 suam
2550 724 2885 782 divinitatem
2900 725 3235 782 clariﬁcavit.
3252 725 3456 783 Lucer-

1872 831 1945 870 na
1964 816 2108 871 enim
2130 816 2313 873 lumen
2343 824 2427 872 est
2453 817 2508 871 in
2532 824 2692 881 testa,
2717 816 2895 871 lumen
2926 819 2979 873 in
3006 824 3166 885 testa,
3201 818 3457 875 divinitas

1876 906 1931 960 in
1974 908 2328 963 humanitate.
2388 907 2542 964 Sicut
2594 898 2739 963 enim
2788 908 2968 965 lumen
2994 911 3047 964 in
3079 918 3216 967 testa
3245 927 3451 967 conva-

1874 996 2053 1065 lescit,
2083 999 2160 1054 ita
2188 999 2284 1055 Dei
2316 1015 2444 1056 caro
2480 1015 2578 1070 per
2611 1001 2792 1072 ignem
2831 1001 3100 1070 passionis
3137 1004 3204 1057 ad
3241 1003 3460 1060 immor-

1870 1091 2139 1147 talitatem
2194 1093 2464 1159 transivit,
2494 1093 2636 1148 sicut
2687 1093 2802 1164 ipse
2835 1108 2934 1163 per
2977 1093 3303 1165 Prophetam
3334 1097 3408 1150 ait
3438 1112 3452 1149 ε

1871 1204 1902 1237 οι
1937 1186 2164 1242 Exaruit
2211 1187 2357 1243 velut
2404 1196 2541 1242 testa
2568 1187 2742 1242 virtus
2784 1202 2903 1240 mea
2931 1185 3101 1258 (Psal.
3134 1186 3267 1259 χχι).
3296 1207 3316 1241 ι
3350 1186 3459 1244 Sed

1872 1287 2158 1347 postquam
2187 1277 2381 1332 mulier
2408 1277 2653 1333 accendit
2677 1276 2975 1341 lucernam,
2999 1276 3214 1331 domum
3241 1278 3459 1345 evertit,

1875 1369 2001 1438 quia
2042 1385 2165 1425 cum
2196 1369 2458 1425 Dominus
2488 1371 2543 1424 in
2580 1371 2921 1424 humanitate
2949 1370 3235 1439 apparuit,
3273 1371 3458 1426 statim

1868 1475 1970 1516 cor
1998 1461 2291 1516 humanum
2331 1462 2401 1516 ad
2433 1461 2810 1531 paenitentiam
2859 1461 3120 1530 agendam
3170 1463 3459 1527 convertit,

1874 1550 1992 1620 ipso
2033 1551 2288 1607 dicente:
2318 1568 2341 1603 ι
2375 1550 2757 1606 Paenitentiam
2808 1552 2982 1621 agite,
3008 1552 3461 1623 appropinquabit

1871 1641 2021 1697 enim
2048 1657 2281 1713 regnum
2324 1643 2593 1698 caelorum
2648 1640 2869 1711 (Matth.
2923 1642 3042 1713 ιιι).
3099 1661 3120 1695 ι
3186 1643 3461 1697 Evertitur

161 1733 374 1786 minus
400 1747 458 1788 se
487 1732 540 1786 in
571 1731 725 1787 bonis
771 1739 1026 1786 exercent
1054 1730 1323 1801 operibus,
1367 1740 1569 1800 quanto
1596 1731 1774 1787 minus
1800 1718 1848 1778 Β
1875 1734 2073 1805 quippe
2123 1735 2336 1799 domus,
2378 1733 2594 1804 quando
2628 1735 2789 1801 homo
2838 1732 2970 1788 illud
3015 1733 3158 1803 quod
3206 1733 3461 1804 nequiter

158 1838 235 1878 se
287 1821 559 1893 obligatos
585 1821 825 1876 sentiunt
854 1822 907 1875 in
957 1820 1115 1875 malis
1162 1821 1540 1892 gravioribus:
1568 1820 1692 1890 quia
1719 1828 1775 1874 et

160 1931 284 1970 rex
320 1916 444 1970 eum
484 1913 708 1969 militem
741 1913 795 1968 in
826 1911 1014 1983 praelio
1042 1912 1162 1982 plus
1192 1912 1387 1983 diligit,
1413 1912 1507 1982 qui
1533 1920 1657 1981 post
1690 1908 1774 1965 iu-

159 2024 315 2079 gam
351 2024 597 2063 reversus
639 2007 980 2063 adversarius
1008 2007 1237 2061 viriliter
1261 2015 1496 2087 premit,
1519 2022 1678 2076 quam
1711 2006 1773 2061 il-

160 2100 299 2154 lum
338 2101 425 2170 qui
451 2115 726 2169 nunquam
750 2098 871 2152 iniit
897 2097 1100 2168 fugam,
1129 2112 1229 2152 nec
1273 2107 1451 2153 tamen
1486 2098 1773 2167 aliquando

157 2191 397 2260 aliquid
449 2188 664 2244 fortiter
711 2189 901 2259 gessit.
967 2188 1232 2243 Similiter
1268 2196 1326 2243 et
1376 2189 1610 2258 agricola
1651 2205 1772 2243 eam

156 2295 399 2339 terram
428 2282 547 2352 plus
576 2281 768 2351 diligit,
812 2296 932 2351 quae
956 2289 1077 2350 post
1100 2280 1499 2349 excerptionem
1528 2281 1769 2349 veprium

154 2387 223 2431 et
272 2381 554 2445 spinarum
599 2374 875 2429 uberiores
918 2372 1123 2426 fructus
1158 2372 1369 2453 reddit,
1422 2386 1583 2442 quam
1627 2371 1769 2426 illam

160 2483 311 2537 quae
355 2480 630 2534 nunquam
677 2465 861 2535 Spinas
923 2463 1172 2532 protulit,
1217 2478 1319 2517 nec
1363 2470 1547 2516 tamen
1577 2463 1772 2516 uberes

162 2560 400 2612 fructus
432 2554 577 2611 fecit.
613 2552 752 2609 Sunt
781 2554 943 2608 etiam
968 2552 1059 2607 alii
1082 2551 1240 2621 justi,
1271 2553 1363 2622 qui
1390 2568 1511 2608 cum
1544 2551 1772 2621 iustitia:

162 2661 355 2719 opera
393 2646 644 2710 habeant,
692 2660 752 2701 se
798 2654 981 2699 tamen
1014 2644 1235 2699 minime
1276 2644 1377 2713 ipsi
1400 2645 1580 2715 justus
1626 2644 1771 2698 arbi-

167 2750 422 2803 trantur,
452 2747 508 2792 et
553 2738 704 2808 quasi
746 2737 947 2794 conscii
984 2737 1089 2791 sibi
1138 2737 1248 2790 sint
1276 2751 1594 2807 magnorum
1638 2752 1769 2806 pec-

145 2830 458 2895 ‘catorum,
492 2830 565 2884 ita
594 2828 916 2898 semetipsos
950 2835 1241 2891 accusant,
1273 2826 1570 2898 allligentes
1612 2842 1671 2881 se
1691 2826 1771 2894 je-

1861 1826 2064 1898 :gessit,
2087 1826 2325 1898 graviter
2340 1825 2403 1879 in
2432 1825 2612 1895 seipse
2631 1824 2863 1895 puniens
2888 1822 3138 1880 destruit.

1946 1936 1969 1969 ι
2005 1917 2221 1972 Etcum
2268 1916 2564 1981 invenerit,
2590 1923 2858 1970 convocat
2886 1916 3089 1971 amicas
3113 1924 3170 1971 et
3207 1915 3451 1980 vicinas,

1866 2026 1900 2061 -ι
1936 2008 2159 2063 dicens:
2190 2006 2654 2078 Congratulatnini
2692 2006 2823 2060 mihi
2845 2045 2860 2070 ,
2893 2005 3020 2075 quia
3050 2005 3232 2060 iuveni
3257 2006 3456 2060 drach-

1868 2113 1901 2148 -ι
1939 2111 2084 2150 mam
2116 2110 2278 2166 quam
2305 2095 2666 2165 perdideram.
2706 2113 2724 2146 ι
2772 2093 2973 2149 Amicae
3015 2101 3070 2149 et
3110 2094 3330 2159 vicinae,
3364 2108 3457 2147 su-

1871 2202 2057 2257 pernzc
2086 2186 2325 2242 civitatis
2370 2185 2598 2241 virtutes
2639 2194 2767 2241 sunt
2803 2197 2859 2242 et
2898 2185 3211 2257 angelorum
3250 2184 3458 2240 scilicet

1873 2278 2116 2349 spiritus,
2146 2279 2237 2348 qui
2271 2279 2339 2334 ab
2358 2277 2482 2346 ejus
2505 2278 2782 2333 voluntate
2808 2293 3083 2348 nunquam
3111 2277 3455 2344 discordant,

1862 2387 1973 2427 'nec
1999 2373 2069 2427 ab
2097 2372 2238 2428 illius
2260 2372 2472 2428 visione
2498 2372 2678 2442 aliquo
2702 2372 2984 2429 intervallo
3008 2373 3267 2443 temporis
3292 2387 3454 2443 sepa-

1861 2471 2082 2517 arantur.
2099 2460 2625 2533 Congratulabuntur
2637 2477 2870 2531 namque
2881 2462 3056 2533 angeli
3076 2463 3130 2517 in
3148 2461 3457 2518 inventione

1854 2559 1987 2614 ovis
2011 2566 2067 2614 et
2094 2559 2385 2624 drachmai,
2418 2558 2634 2628 quando
2654 2573 2937 2613 numerum
2966 2570 3143 2624 suum,
3177 2572 3341 2627 quem
3354 2571 3457 2626 per

1869 2658 2171 2720 apostatam
2201 2649 2453 2717 angelum
2486 2647 2829 2702 imminutum
2859 2648 3141 2715 viderunt,
3172 2663 3270 2718 per
3292 2662 3457 2703 recu-

1867 2740 2205 2808 perationem
2252 2739 2489 2795 hominis
2537 2738 2795 2807 complcri
2842 2745 3087 2793 eement.
3144 2737 3452 2794 Notandum

1868 2841 2070 2897 autem,
2103 2831 2229 2900 quia
2257 2847 2364 2885 non
2393 2831 2493 2896 ait,
2520 2822 2971 2901 congratulamini
2994 2830 3226 2885 inventae
3251 2830 3452 2885 drach-

163 2921 371 2992 juniis,
402 2919 618 2990 vigiliis,
649 2917 986 2973 orationibus
1011 2936 1025 2970 :
1050 2926 1106 2972 et
1131 2918 1270 2972 sicut
1297 2917 1387 2971 alii
1427 2917 1612 2988 culpas
1640 2933 1769 2986 ope-
1858 2938 1991 2988 uiae,
2027 2922 2120 2978 sed
2155 2921 2308 2988 mihi,
2338 2922 2629 2977 ostendens
2661 2919 2785 2989 quia
2824 2927 3011 2975 nostra
3036 2918 3289 2975 liberatio
3318 2919 3457 2975 libe-

152 3014 284 3077 'ris,
314 3006 385 3066 ita
412 3011 486 3065 illi
518 2996 842 3081 plerumque
866 3009 1148 3080 deplorant
1192 3014 1377 3079 culpas
1401 3008 1762 3078 cogitationis.
1800 3074 1835 3086 _
1861 3016 2072 3071 nitoris
2095 3024 2179 3071 est,
2202 3014 2511 3071 exsultatio.
2537 3014 2732 3083 Magna
2753 3024 2838 3070 est
2861 3015 3004 3070 enim
3026 3030 3152 3086 spes
3180 3015 3461 3071 conversis

150 3074 647 3159 Considerandum
670 3074 798 3172 ergo
820 3074 1088 3169 esu—quia
1116 3099 1158 3153 Si
1192 3099 1259 3153 de
1281 3074 1591 3154 -εοῐινεῖἐίε
1632 3112 1763 3167 pcc-
1793 3074 1837 3136 C
1861 3108 2266 3177 peccatoribus,
2299 3121 2498 3176 magna
2525 3074 2721 3161 ﬁducia
2761 3074 3149 3176 ptcttitentibus
3170 3105 3452 3170 tribuitur,

177 3194 460 3251 catoribus
500 3192 752 3259 gaudium
781 3193 852 3246 sit
878 3192 930 3245 in
975 3190 1137 3253 coelo,
1168 3189 1336 3244 multo
1381 3190 1553 3259 magis
1596 3189 1769 3243 maxi-

155 3290 340 3341 ‘mam
386 3286 637 3357 gaudium
689 3292 774 3340 est
803 3285 869 3340 de
908 3283 1093 3338 talium
1118 3282 1388 3353 justorum
1433 3280 1765 3352 operatione.

183 3377 374 3448 Neque
400 3378 572 3448 angeli
602 3379 654 3432 in
685 3377 883 3447 quibus
931 3376 1285 3447 perfectaest
1330 3374 1602 3438 Charitas,
1649 3372 1767 3426 sine

179 3468 379 3538 gaudio
405 3453 631 3522 salutem
661 3466 940 3522 hominum
966 3464 1148 3520 videre
1168 3470 1418 3534 possunt,
1444 3462 1512 3517 de
1533 3466 1766 3532 qu‘orum

176 3558 407 3612 interitu
441 3557 624 3613 dolere
652 3557 927 3612 dicuntur.
1396 3542 1401 3545 ’

254 3669 275 3702 ι
311 3650 416 3704 Aut
444 3664 564 3720 qum.
589 3649 783 3705 mulier
808 3649 1015 3704 habens
1043 3646 1332 3703 drachmas
1353 3645 1559 3712 decem,
1580 3645 1623 3700 si
1651 3659 1769 3716 per-

181 3762 200 3792 ι
234 3743 435 3799 diderit
459 3743 772 3796 drachmam
795 3756 979 3804 unam,
997 3754 1175 3795 nonne
1200 3739 1450 3794 accendit
1469 3738 1761 3801 lucernam,

180 3854 197 3884 ι
232 3843 291 3889 et
318 3834 515 3889 evertit
540 3833 757 3888 domum
784 3839 838 3887 et
874 3832 1067 3902 quaerit
1091 3830 1380 3903 diligenter
1401 3831 1574 3886 donec
1611 3829 1767 3885 inve-

182 3944 201 3974 ι
237 3924 395 3978 niat?
423 3944 441 3977 ι
461 3923 560 3991 Qui
577 3923 823 3993 superius
843 3937 941 3993 per
966 3929 1261 3992 pastorem,
1287 3922 1400 3993 ipse
1425 3937 1567 3977 nunc
1588 3922 1767 3992 signa-

148 4027 267 4096 .tur
292 4016 390 4089 per
432 4017 744 4082 mulierem,
774 4017 1034 4072 Dominus
1067 4016 1277 4072 scilicet
1300 4015 1464 4072 Jesus
1493 4015 1762 4083 Christus,

176 4110 272 4166 Dei
301 4111 473 4165 virtus
502 4118 556 4165 et
584 4110 678 4165 Dei
707 4110 990 4179 sapientia.
1021 4111 1150 4178 Qua:
1181 4110 1376 4166 mulier
1411 4111 1618 4167 habens
1644 4112 1768 4166 dra-

151 4204 368 4261 ‘chmas
392 4203 599 4270 decem,
631 4205 759 4274 quia
792 4204 1105 4275 angelorum
1128 4213 1181 4259 et
1210 4204 1496 4259 hominum.
1525 4203 1767 4259 rationa-

150 4290 151 4293 “
175 4294 281 4350 lem
307 4304 614 4351 creaturam
637 4296 860 4351 creavit.
891 4295 1093 4350 Novem
1113 4295 1257 4350 enim
1282 4304 1407 4351 sunt
1428 4296 1646 4351 ordines
1668 4311 1765 4350 an-

175 4388 445 4459 gelorum,
473 4387 525 4442 id
553 4396 637 4442 est
666 4387 861 4459 angeli,
887 4387 1217 4458 archangeli,
1249 4386 1425 4442 throni
1449 4397 1503 4442 et
1525 4387 1766 4442 domina-

179 4480 376 4544 tiones,
397 4479 643 4542 virtutes,
673 4478 1006 4549 principatus
1030 4485 1086 4531 et
1119 4485 1438 4546 potestates,
1481 4478 1761 4534 cherubim

176 4578 227 4624 et
247 4570 541 4640 seraphim.
561 4568 811 4624 Decimus
825 4568 968 4623 enim
987 4582 1085 4637 per
1098 4566 1402 4637 superbiam
1420 4568 1634 4623 cecidit.
1655 4568 1760 4624 Sed

177 4672 235 4717 ut
261 4664 558 4720 electorum
593 4675 850 4717 numerus
877 4658 1257 4730 compleretur,
1289 4660 1355 4713 ad
1383 4659 1525 4714 illius
1551 4668 1761 4715 restau-

176 4754 441 4809 rationem
479 4753 640 4807 bomo
682 4751 922 4806 decimus
968 4757 1184 4805 creatus
1220 4757 1323 4803 est.
1368 4749 1501 4815 Quia
1552 4758 1758 4804 tantam

176 4846 573 4901 multitudinem
599 4861 664 4899 ex
690 4844 974 4899 animabus
1003 4842 1239 4897 ﬁdelium
1267 4842 1465 4896 coelum
1486 4843 1758 4897 credimus

178 4952 545 5001 ascensuram,
565 4942 797 5007 quantos
811 4934 919 4989 illic
932 4933 1386 5004 contigitangclos
1410 4935 1754 4999 remansisse,

173 5028 323 5099 juxta
354 5027 649 5099 illudcquod
674 5028 933 5096 scriptum
963 5034 1083 5082 est:
1116 5024 1318 5079 Statuit
1355 5025 1613 5080 terminos
1663 5025 1759 5081 ho-

179 5120 381 5174 minum
408 5119 562 5190 juxta
593 5133 878 5173 numerum
916 5116 1149 5171 ﬁliorum
1172 5115 1361 5181 ,lsrael.
1390 5115 1455 5169 Et
1484 5116 1625 5171 sicut
1650 5115 1758 5170 Do-

178 5211 354 5266 minus
374 5211 449 5265 ait
474 5211 527 5265 in
552 5209 878 5280 Evangelia:
907 5208 961 5263 In
992 5207 1387 5263 resurrectione
1414 5226 1432 5258 ι
1461 5222 1635 5278 neque
1660 5225 1760 5263 nu-

177 5298 320 5367 bent,
353 5315 527 5372 neque
549 5302 822 5356 nubentur
843 5341 857 5366 ,
885 5300 979 5354 sed
1001 5308 1163 5354 erunt
1206 5298 1444 5368 mquales
1469 5299 1675 5368 angelis
1700 5300 1752 5354 in

178 5393 312 5447 etelo
343 5391 538 5463 (Marc.
566 5391 688 5465 xu).
724 5411 742 5444 ι
784 5390 842 5444 In
878 5389 1137 5444 drachma
1186 5390 1330 5443 enim
1385 5391 1564 5458 imago
1610 5389 1755 5459 regis

177 5481 494 5552 exprimitur
520 5499 533 5535 :
561 5490 619 5536 et
643 5480 770 5552 quia
795 5478 1108 5549 angelorum
1141 5486 1197 5531 et
1225 5478 1501 5532 hominum
1532 5478 1755 5548 spiritus

177 5574 241 5627 ad
271 5575 557 5646 imaginem
586 5574 682 5629 Dei
725 5573 893 5628 creati
923 5578 1090 5636 sunt,
1120 5579 1268 5625 recte
1295 5569 1347 5623 in
1374 5570 1752 5625 drachmarum

179 5664 389 5719 nomine
425 5665 821 5736 exprimuntur.
862 5661 1032 5718 Unam
1062 5660 1376 5717 drachmam
1407 5661 1602 5719 mulier
1634 5677 1754 5732 per-

1791 4437 1841 4496 D

1862 3214 1989 3253 cum
2014 3198 2390 3255 subinfertur:

1942 3308 1962 3339 ι
1993 3288 2073 3342 ita
2100 3288 2222 3344 dico
2244 3287 2415 3351 vobis,
2450 3288 2577 3359 quia
2607 3288 2862 3357 gaudium
2896 3287 3005 3341 erit
3024 3301 3214 3342 coram
3243 3286 3452 3358 angelis

1861 3396 1891 3428 ἰ
1928 3377 2025 3432 Dei
2049 3392 2210 3447 super
2232 3393 2340 3434 uno
2358 3387 2643 3449 peccatore
2664 3377 3036 3449 ptenitentiam
3057 3386 3268 3446 agente,
3291 3392 3454 3447 quam

1871 3489 1892 3523 ι
1928 3485 2094 3540 supra
2114 3470 2406 3541 nonaginta
2428 3483 2619 3525 norem
2643 3467 2806 3537 justis
2825 3467 2919 3537 qui
2952 3481 3057 3522 non
3081 3467 3321 3538 indigent
3339 3482 3456 3536 pte-

1864 3581 1893 3614 1
1926 3561 2188 3618 nitentiis.
2222 3581 2241 3613 ι
2272 3561 2405 3630 Quis
2444 3561 2609 3632 igitur
2636 3562 2798 3615 habet
2821 3569 2931 3617 tam
2954 3560 3148 3617 durum
3172 3570 3361 3630 pectus
3399 3570 3456 3617 et

1866 3652 2217 3723 impmnitens
2260 3667 2376 3719 cor,
2421 3660 2482 3706 ut
2515 3652 2629 3707 haec
2655 3651 2884 3706 audiens
2913 3666 3019 3707 non
3061 3653 3455 3707 convertatur?

1868 3742 1939 3799 Ut
1963 3757 2093 3814 ergo
2119 3744 2372 3814 gaudium
2406 3744 2645 3799 habeant
2675 3742 2741 3798 de
2763 3750 2950 3799 nostra
2979 3744 3335 3800 conversione
3361 3760 3454 3799 an-

1866 3833 1993 3904 geli,
2018 3834 2204 3905 utique
2226 3834 2448 3904 dignum
2477 3843 2561 3890 est
2583 3842 2641 3888 ut
2664 3833 2867 3888 luctum
2890 3834 2945 3889 in
2971 3842 3119 3890 terra
3149 3842 3452 3901 teneamus,

1866 3926 2107 3981 dicentes
2136 3942 2259 3983 cum
2289 3926 2579 3981 Psalmista
2609 3943 2622 3980 :
2661 3946 2678 3977 ι
2708 3925 2926 3981 Lavalio
2960 3942 3058 3997 per
3085 3927 3323 3998 singulas
3350 3942 3451 3983 no-

1866 4024 1980 4073 ctes
2001 4016 2195 4071 lectum
2225 4031 2404 4072 meum
2427 4015 2716 4090 (Psal.vt),
2749 4035 2768 4068 ι
2804 4024 2863 4071 ιιι
2906 4017 3191 4089 impleatur
3217 4018 3271 4073 in
3299 4018 3454 4074 nobis

1864 4111 2008 4179 quod
2038 4110 2299 4165 Dominus
2345 4110 2476 4165 dicit
2523 4109 2577 4164 in
2607 4108 2942 4179 Evangelia:
2984 4128 3002 4162 ι
3034 4109 3185 4166 Beati
3230 4111 3322 4181 qui
3372 4111 3453 4166 lu-

1865 4211 2012 4271 gent,
2039 4202 2295 4272 quoniam
2327 4201 2431 4271 ipsi
2457 4200 2884 4258 consolabuntur
2923 4188 3140 4272 (Matth.
3169 4201 3244 4274 v).
3285 4220 3303 4254 ι
3344 4200 3451 4258 Sed

1865 4294 2156 4350 videndum
2201 4302 2285 4351 est
2313 4293 2488 4364 qualis
2532 4293 2727 4350 debeat
2771 4308 2891 4348 esse
2938 4293 3279 4363 pcrnitentia,
3322 4295 3451 4364 quia

1864 4384 2020 4439 multi
2050 4392 2208 4449 sunt,
2235 4385 2326 4455 qui
2361 4399 2420 4440 se
2448 4393 2764 4455 peccatores
2785 4383 3003 4438 assidue
3030 4384 3252 4449 dicunt,
3286 4394 3340 4439 et
3371 4394 3450 4439 ta-

1869 4491 1992 4531 men
2017 4477 2192 4533 adhuc
2214 4476 2445 4531 delectat
2471 4491 2565 4530 eos
2596 4489 2841 4544 peccare.
2873 4472 2977 4527 Alii
3007 4488 3037 4527 a
3058 4474 3185 4539 vino
3203 4482 3259 4528 et
3285 4490 3449 4530 carne

1864 4580 1924 4622 se
1954 4567 2226 4622 abtinent
2248 4606 2264 4631 ,
2312 4565 2402 4620 alii
2431 4565 2609 4636 largas
2634 4563 3007 4632 eieemosynas
3034 4563 3279 4617 tribuunt
3309 4582 3322 4617 :
3353 4565 3448 4620 sed

1863 4658 1989 4726 quia
2017 4673 2047 4711 a
2077 4664 2301 4726 peccato
2327 4671 2431 4710 non
2462 4663 2695 4719 cessant,
2729 4652 2940 4707 fructus
2963 4652 3152 4723 dignos
3178 4654 3449 4722 perniten-

1864 4749 1953 4803 tia:
1982 4763 2088 4802 non
2120 4747 2344 4801 iaciunt.
2372 4746 2639 4813 Quoniam
2662 4758 2845 4798 veram
2867 4726 3238 4812 paenitentiam
3267 4744 3447 4800 facere

1866 4852 1971 4891 non
2007 4845 2223 4906 potest,
2263 4836 2363 4891 nisi
2391 4837 2482 4907 qui
2514 4842 2795 4903 peccatum
2826 4832 2942 4886 odit
2969 4843 3024 4886 et
3051 4833 3218 4887 Deum
3248 4834 3442 4905 diligit.

1860 4927 1955 4983 Ille
1995 4936 2079 4982 est
2116 4928 2261 4982 enim
2295 4927 2564 4997 pmnitens
2589 4924 2849 4979 dicendus
2872 4962 2887 4986 ,
2932 4923 3022 4991 qui
3058 4924 3444 4992 sic\praeterita

1863 5017 2024 5074 deﬂet
2045 5030 2085 5083 ,'
2109 5027 2168 5073 ut
2192 5019 2388 5073 iterum
2415 5016 2592 5071 ﬂenda
2626 5030 2731 5070 non
2763 5014 3085 5071 committat.
3126 5012 3278 5070 Unde
3308 5016 3447 5072 bene

1862 5111 2181 5181 paenitentia
2208 5111 2351 5167 dicta
2380 5118 2487 5175 est,
2516 5108 2670 5178 quasi
2699 5108 2975 5177 punientia
3000 5126 3015 5162 :
3044 5108 3167 5178 quia
3201 5108 3272 5163 ita
3302 5124 3442 5179 pra:-

1864 5206 2022 5261 terita
2049 5203 2189 5259 mala
2217 5203 2410 5274 punire
2435 5199 2745 5272 paenitendo
2766 5199 3047 5267 debemus,
3073 5209 3131 5255 ut
3156 5216 3219 5256 ea
3244 5201 3442 5256 iterum

1862 5296 2172 5368 pmnitenda
2219 5311 2327 5351 non
2369 5295 2792 5351 committamus.
2854 5294 2987 5362 Quia
3034 5296 3124 5365 qui
3172 5295 3442 5364 praeterita

1852 5376 2085 5458 plangit,
2115 5395 2170 5441 et
2190 5385 2371 5440 futura
2397 5395 2573 5449 cavet,
2603 5399 2828 5439 securus
2850 5385 2917 5439 ad
2940 5386 3109 5440 Deum
3139 5385 3304 5440 venit.
3336 5383 3438 5450 Qui

1859 5482 2007 5539 enim
2036 5478 2427 5537 delectabiliter
2452 5488 2507 5534 et
2533 5478 2651 5533 sine
2673 5479 2981 5534 cessatione
3007 5478 3163 5533 malis
3187 5476 3439 5545 operibus

1862 5575 2108 5638 inba'ret,
2140 5581 2194 5628 et
2220 5590 2249 5627 a
2281 5572 2439 5639 cibis,
2470 5587 2605 5642 quos
2633 5571 2776 5627 Deus
2804 5571 3011 5626 creavit
3036 5569 3102 5624 ad
3130 5566 3434 5640 percipien—

1862 5664 1989 5737 dum
2020 5677 2142 5720 cum
2175 5664 2472 5736 gratiarum
2496 5661 2731 5726 actione,
2760 5677 2819 5719 se
2838 5660 3090 5728 abstinet,
3122 5658 3292 5729 magis
3315 5657 3436 5713 irri-
