4014 6354
626 288 729 345 615

1267 280 1618 338 HAYMONIS
1656 280 2133 339 HALBERSTAT.
2171 274 2386 339 EPIS'C.
2424 278 2573 338 OPP.
2612 280 2793 337 PARS
2831 279 2892 335 ll.
2937 272 3253 335 -—ilOMlL.

3829 279 3943 335 6l6

626 418 719 458 sor
766 415 929 472 quam
975 396 1243 468 paenitens
1276 394 1535 450 dicendus
1577 404 1680 450 est.
1727 394 2031 464 Utrumque
2056 394 2200 449 enim
2232 398 2277 457 Α
2305 407 2374 448 ex
2406 394 2562 449 corde
2586 401 2641 449 et
2662 393 2873 448 miseria
2910 393 3269 463 compositum
3295 401 3378 448 est
3412 389 3648 456 nomen;
3697 392 3767 448 in
3818 407 3933 463 qua

624 491 1012 564 pcenitentibus
1031 486 1421 551 necessarium,
1452 494 1512 539 ut
1543 494 1598 539 et
1623 501 1720 555 pro
1746 486 1982 555 peccatis
2007 485 2207 539 amari-

627 585 864 639 tudinem
894 580 1130 635 habeant
1156 577 1209 632 in
1236 577 1417 640 corde,
1438 582 1493 630 et
1518 575 1857 630 afﬁictionem
1880 575 1933 629 in
1958 586 2200 643 corpore,

624 681 686 728 ut
713 686 859 736 caro,
896 684 1017 738 quze
1042 667 1163 721 beta
1194 682 1295 721 nos
1324 666 1489 720 traxit
1518 667 1583 720 ad
1612 666 1824 735 culpam
1848 704 1864 730 ,
1901 663 2095 719 aﬁlicta
2118 678 2199 717 re.

624 764 787 817 ducat
832 761 898 815 ad
925 760 1171 825 veniam,
1210 757 1367 825 juxta
1411 758 1555 812 illius
1600 757 1902 827 exemplum
1948 756 2040 824 qui
2086 754 2200 809 ait:

628 875 646 905 ‹
679 854 984 909 Conversus
1014 867 1132 907 sum
1177 851 1231 905 in
1282 864 1523 904 aerumna
1550 864 1700 915 mea,
1748 850 1874 905 dum
1914 846 2202 915 conﬁgitur

620 946 775 1016 spina
799 941 981 1017 (Paul.
1016 945 1188 1014 χχιι).
1226 960 1243 994 ι
1283 941 1434 997 Unde
1460 940 1587 995 alibi
1621 956 1752 996 voce
1777 941 2094 1010 paenitentis
2115 940 2197 994 di-

620 1037 799 1092 citur:
836 1053 854 1085 ι
893 1033 1281 1088 Manducabam
1311 1033 1448 1086 sicut
1477 1032 1715 1086 cinerem
1750 1045 1943 1100 panem
1983 1045 2195 1094 meum,

613 1135 673 1181 et
698 1125 949 1196 poculum
982 1140 1160 1179 meum
1198 1138 1319 1177 cum
1356 1122 1486 1176 ﬁetu
1513 1122 1823 1176 miscebam.
1868 1121 1909 1173 Α
1940 1118 2077 1175 facie
2102 1120 2196 1175 ira:

616 1226 671 1272 et
714 1216 1100 1287 indignationis
1139 1225 1241 1269 tuae
1264 1213 1441 1285 (Paul.
1471 1212 1566 1285 Cl).
1594 1232 1617 1266 ι
1662 1214 1727 1267 Et
1765 1213 2000 1268 iterum:
2036 1231 2054 1264 ι
2083 1212 2194 1284 Ego

534 1314 539 1319 ”
616 1319 797 1363 autem
844 1307 972 1362 dum
1003 1306 1134 1361 mihi
1167 1306 1376 1360 molesti
1415 1316 1632 1368 essent,
1681 1305 1945 1360 inducbar
1972 1304 2190 1370 cilicio,

612 1407 669 1454 et
723 1398 1077 1453 humiliabam
1135 1397 1187 1451 in
1236 1397 1440 1466 jejunio
1490 1397 1725 1451 animam
1774 1412 1947 1451 meam
2004 1392 2186 1468 (Psal.

612 1488 818 1557 χχχιιι).
846 1507 865 1539 ι
891 1486 1030 1542 Hinc
1052 1486 1413 1541 ecclesiastica
1434 1488 1767 1541 consuetudo
1789 1486 2057 1556 publicam
2079 1500 2191 1555 pm-

613 1578 897 1633 nitentiam
918 1578 972 1632 in
995 1577 1176 1635 cinere
1202 1586 1257 1632 et
1278 1578 1454 1632 cilicio
1475 1577 2027 1642 indicereeonsuevit,
2051 1585 2110 1630 ut
2134 1577 2187 1631 in

610 1671 905 1739 asperitate
934 1669 1094 1726 cilicii
1117 1667 1331 1724 alllictio
1357 1669 1623 1723 sentiatur
1648 1669 1909 1735 exterius,
1937 1678 1993 1725 et
2021 1670 2076 1723 in
2100 1669 2186 1723 vi-

2309 484 2698 556 compositione
2719 484 3039 549 ostenditur,
3064 484 3190 554 quia
3212 483 3519 553 ubicunque
3541 492 3629 556 est
3656 484 3927 549 miseria,

2307 573 2381 628 ibi
2423 552 2647 629 necesse
2671 581 2756 630 est
2792 552 3187 636 misericordia.
3231 552 3450 630 Duobus
3490 552 3681 628 autem
3730 576 3927 630 modis

2304 665 2735 721 misericordiam
2778 663 3128 735 intelligimus
3162 677 3178 717 :
3228 679 3335 718 una
3368 670 3454 719 est
3493 662 3821 734 corporalis
3866 662 3924 719 εὶ

2302 756 2474 812 altera
2497 755 2885 826 incorporalis;
2913 771 3018 810 una
3040 754 3269 810 visibilis
3294 763 3351 810 et
3374 754 3546 810 altera
3578 754 3914 811 invisibilis.

2300 849 2382 903 Ad
2409 848 2745 919 corporalem
2768 862 3002 918 namque
3029 846 3454 902 misericordiam
3482 847 3757 917 pertinet,
3778 862 3913 903 esa-

2294 939 2459 994 -rienti
2489 940 2690 1004 cibum,
2718 939 2920 994 sitienti
2941 948 3127 1009 potum
3148 938 3407 1005 tribuere,
3433 939 3642 994 vestire
3667 939 3906 1005 nudum,

2298 1031 2573 1100 suscipere
2594 1032 2881 1102 hospitem,
2909 1030 3130 1086 visitare
3161 1030 3457 1097 inﬁrmum,
3483 1031 3726 1100 sepelire
3753 1046 3905 1087 mor-

2298 1132 2469 1189 tuum,
2496 1131 2552 1177 et
2569 1121 2917 1193 peccantibus
2946 1122 2998 1176 in
3030 1121 3187 1177 nobis
3214 1136 3279 1175 ex
3313 1121 3479 1176 corde
3507 1121 3818 1187 dimittere,
3846 1132 3898 1177 et

2295 1214 2605 1269 necessitati
2652 1213 3024 1284 proximorum
3067 1211 3222 1280 juxta
3248 1212 3395 1267 vires
3440 1226 3775 1267 succurrere
3799 1253 3816 1278 ,
3839 1222 3893 1268 et

2290 1315 2486 1362 caetera
2514 1306 2598 1361 his
2622 1305 2815 1361 similia
2839 1304 3054 1376 pietatis
3072 1319 3234 1375 opera
3265 1303 3599 1373 impendere.
3625 1303 3739 1357 Aut
3765 1319 3892 1359 vero

2292 1396 2550 1467 spiritalis
2594 1395 2965 1452 misericordia
3002 1403 3086 1450 est
3116 1394 3459 1464 insipientem
3484 1394 3722 1460 docere,
3760 1411 3889 1451 con-

2291 1488 2457 1543 solari
2485 1488 2786 1552 dolentem,
2818 1485 3091 1541 exhortari
3122 1486 3260 1539 bene
3286 1492 3539 1555 agentem
3558 1525 3574 1549 ,
3606 1484 3885 1554 corripere

2291 1578 2677 1649 negligentem,
2703 1587 2758 1634 et
2781 1577 3181 1649 superbientem
3209 1576 3277 1631 ad
3310 1576 3683 1632 humilitatem
3711 1584 3771 1630 et
3801 1592 3883 1631 sa-

2288 1672 2653 1727 tisfactionem
2668 1684 2991 1741 provocare,
3019 1679 3072 1725 et
3097 1678 3289 1729 caetera
3317 1669 3466 1724 talia.
3489 1668 3615 1724 Una
3642 1679 3730 1724 est
3754 1684 3879 1740 ergo

609 1764 763 1817 sione
817 1763 1016 1818 cineris
1061 1762 1365 1818 recordatio
1414 1761 1485 1816 sit
1538 1761 1887 1816 humanitatis
1938 1761 2186 1817 interius.
2225 1747 2265 1806 Β
2295 1764 2454 1829 bona,
2484 1772 2540 1818 et
2564 1761 2735 1818 altera
2764 1761 2993 1817 melior:
3026 1761 3150 1831 quia
3184 1769 3336 1816 tanto
3372 1769 3458 1816 est
3485 1760 3690 1816 melior
3722 1761 3876 1816 mise-

614 1850 748 1907 Hinc
780 1854 832 1907 in
863 1865 994 1907 voce
1020 1852 1162 1908 beati
1194 1850 1293 1906 Job
1319 1851 1375 1905 in
1400 1866 1629 1921 persona
1654 1851 2031 1921 paenitentiam
2061 1852 2189 1907 dici-

604 1952 699 1996 tur
724 1944 863 2013 (cap.
889 1943 1021 2016 nn)
1050 1962 1063 1997 :
1096 1964 1112 1995 ι
1140 1943 1348 1998 Idcirco
1375 1943 1487 2012 ipse
1509 1958 1594 1998 me
1625 1944 1983 2013 reprehendo,
2013 1952 2068 1998 et
2088 1958 2189 2014 ago

608 2033 987 2102 pmnitentiam
1018 2034 1070 2087 in
1099 2032 1276 2089 favilla
1307 2040 1361 2088 et
1387 2034 1589 2089 cinere.
1622 2053 1641 2086 ι
1674 2033 1861 2090 Nullus
1884 2034 1951 2090 de
1977 2036 2187 2106 magni-

606 2123 793 2177 tudine
822 2131 1168 2192 peccatorum
1198 2124 1478 2193 desperet,
1519 2123 1644 2192 quia
1676 2124 1777 2178 etsi
1809 2124 1987 2194 magni
2015 2124 2188 2178 morbi

610 2213 945 2279 animarum,
979 2216 1320 2284 omnipotens
1346 2224 1427 2269 est
1469 2216 1712 2270 medicus
1732 2255 1746 2278 ,
1781 2215 1871 2285 qui
1904 2231 2008 2270 non
2038 2217 2190 2271 venit

608 2318 805 2377 vocare
824 2305 1031 2375 justos,
1066 2307 1160 2360 sed
1186 2314 1499 2375 peccatores
1522 2306 1595 2359 ad
1624 2306 2018 2375 paenitentiam.
2057 2305 2187 2371 Nul-

610 2393 720 2448 lum
764 2397 909 2450 enim
940 2397 1135 2451 vulnus
1168 2397 1378 2467 peccati
1403 2405 1509 2450 tam
1553 2411 1805 2465 magnum
1832 2406 1946 2465 est,
1993 2406 2055 2452 ut
2092 2413 2189 2469 per

608 2489 985 2557 ptenitentiam
1012 2491 1193 2545 sanari
1244 2508 1349 2547 non
1391 2494 1595 2564 possit,
1643 2495 1689 2548 si
1720 2502 1896 2548 tamen
1924 2494 2188 2549 medicina

606 2581 936 2648 ptenitenlia:
983 2579 1089 2637 no‘n
1123 2584 1441 2656 negligatur.
1482 2584 1598 2641 Non
1626 2587 1772 2641 enim
1808 2586 1895 2641 ille
1933 2587 2192 2642 mentitur

608 2673 698 2739 qui
724 2673 828 2727 ait:
850 2693 868 2725 ι
889 2674 947 2728 ln
960 2690 1282 2747 quacunque
1303 2677 1390 2732 die
1410 2688 1666 2748 peccator
1687 2694 1979 2735 conversus
2007 2680 2188 2745 fuerit,

607 2771 661 2815 ct
692 2762 1033 2833 ingemuerit,
1058 2775 1278 2834 peccata
1303 2767 1446 2823 illius
1475 2769 1729 2824 oblivioni
1760 2769 2061 2824 tradentur.
2085 2789 2103 2821 ι
2125 2770 2193 2825 Et

607 2851 849 2907 iterum:
888 2872 907 2904 ι
945 2853 1083 2909 Vivo
1113 2871 1245 2926 ego,
1283 2858 1413 2913 dicit
1452 2859 1745 2927 Dominus,
1786 2862 1911 2918 nolo
1958 2872 2188 2918 mortem

605 2943 930 3009 peccatoris,
960 2945 1052 2999 sed
1068 2954 1126 2999 ut
1139 2952 1488 3003 convertatur
1507 2959 1563 3005 et
1575 2952 1951 3022 vivat(Ezech.
1969 2969 2104 3008 xvut
2130 2963 2191 3009 et

605 3031 821 3103 χχχιιι).
860 3052 879 3085 ι
914 3034 1052 3091 Hinc
1076 3039 1434 3106 peccatricem
1457 3042 1783 3096 aniinam'ad
1806 3045 2186 3113 pmnitentiam

2290 1853 2521 1908 ricordia
2556 1852 2814 1924 spiritalis
2839 1868 3001 1923 quam
3028 1851 3356 1922 corporalis,
3388 1860 3600 1921 quanto
3639 1861 3729 1906 est
3761 1852 3872 1905 ani-

2290 1962 2376 2003 ma
2420 1945 2612 2001 melior
2650 1961 2811 2015 quam
2857 1960 3071 2014 corpus.
3123 1943 3227 1999 Per
3252 1960 3414 1999 unam
3443 1944 3596 1999 enim
3633 1943 3871 1998 reﬁcitur

2286 2051 2503 2107 corpus,
2529 2035 2671 2105 quod
2697 2043 2783 2089 est
2808 2035 3153 2099 moriturum,
3182 2049 3279 2104 per
3297 2033 3525 2088 alteram
3555 2033 3744 2087 anima
3763 2034 3869 2089 sine

2290 2129 2394 2184 ﬁne
2418 2144 2691 2183 mansura.
2720 2128 2886 2200 Igitur
2911 2127 3002 2198 qui
3026 2136 3310 2196 utramque
3338 2135 3517 2197 potest
3540 2126 3864 2196 impendere,

2282 2220 2558 2289 perfectus
2574 2228 2675 2275 est.
2698 2219 2756 2275 Si
2781 2220 2902 2289 quis
2920 2228 3097 2274 autem
3120 2218 3417 2288 spiritalem
3436 2219 3755 2288 impendere
3766 2234 3862 2273 non

2286 2310 2459 2376 valet,
2497 2310 2688 2366 saltem
2719 2310 3054 2381 corporalem
3082 2326 3190 2387 non
3222 2309 3489 2380 negligat,
3542 2317 3607 2364 ut
3637 2310 3695 2365 in
3720 2312 3862 2365 retri-

2292 2401 2507 2457 butione
2527 2400 2798 2470 justorum
2828 2400 3014 2459 audire
3045 2408 3356 2455 mereatur:
3394 2419 3412 2451 ι
3444 2398 3651 2455 Venite
3672 2441 3690 2464 ,
3722 2400 3858 2455 bene

2289 2493 2418 2549 dicti
2447 2491 2626 2547 Patris
2660 2494 2789 2559 mei,
2840 2491 3098 2562 percipite
3129 2505 3373 2561 regnum,
3411 2488 3561 2560 quod
3588 2490 3748 2545 vobis
3784 2505 3857 2560 pa-

2290 2595 2467 2642 ratum
2514 2596 2599 2642 est
2637 2587 2704 2641 ab
2733 2585 2941 2656 origine
2972 2583 3158 2639 mundi
3193 2579 3420 2651 (Matth.
3450 2582 3621 2653 xxv).
3662 2602 3682 2635 ι
3734 2581 3859 2636 Hauc

2289 2679 2488 2735 habere
2506 2677 2725 2734 volebat
2748 2676 2946 2731 Paulus
2968 2676 3245 2745 apostolus
3263 2674 3563 2745 discipulos
3586 2690 3743 2738 suos,
3764 2676 3859 2744 qui-

2288 2767 2390 2823 bus
2414 2768 2662 2823 dicebat:
2703 2785 2725 2818 r
2755 2766 2966 2823 lnduite
2995 2781 3107 2831 vos,
3142 2766 3284 2821 sicut
3307 2764 3470 2821 electi
3500 2764 3643 2830 Dei,
3673 2766 3859 2820 viscera

2289 2861 2691 2928 misericordize,
2720 2869 2899 2917 estate
2928 2860 3160 2915 invicem
3189 2858 3408 2930 benigni
3434 2856 3581 2929 (Col.
3614 2858 3724 2929 ιιι).
3753 2876 3770 2909 ι
3794 2856 3859 2911 Ad

2289 2955 2429 3009 hanc
2454 2953 2758 3009 habendam
2782 2951 2975 3007 Petrus
3003 2948 3278 3020 apostolus
3304 2964 3403 3019 per
3422 2947 3722 3018 epistolam
3746 2948 3857 3000 ἤδει

2288 3043 2367 3099 les
2392 3043 2730 3106 exhortatur,
2760 3040 2948 3095 dicens
2975 3057 2988 3092 :
3020 3057 3038 3090 ι
3074 3036 3276 3094 Omnes
3298 3037 3590 3091 unanimes
3621 3045 3791 3091 estote
3815 3035 3860 3087 in

604 3121 925 3191 provocans,
949 3141 1047 3197 per
1066 3130 1383 3199 prophetam
1411 3132 1668 3188 Dominus
1697 3134 1825 3189 dicit
1850 3152 1861 3187 :
1896 3155 1913 3184 ι
1936 3134 2188 3205 Nunquid
2216 3126 2260 3189 C
2290 3137 2559 3200 oratione,
2598 3132 3013 3205 compatientes,
3050 3130 3408 3187 fraternitatis
3435 3138 3743 3193 amatores,
3778 3125 3859 3182 mi-

604 3222 782 3283 potest
810 3226 984 3272 mater
1014 3219 1261 3275 oblivis‘ci
1286 3221 1547 3277 infantem
1573 3239 1729 3278 suum
1748 3266 1763 3290 ,
1804 3233 1864 3279 ut
1882 3240 1994 3280 non
2022 3227 2184 3282 mise-

601 3309 789 3357 reatur
810 3304 922 3373 alio
943 3308 1085 3362 uteri
1115 3308 1197 3363 sui
1223 3309 1247 3362 ?
1279 3310 1344 3364 Et
1375 3312 1420 3367 si
1453 3311 1540 3366 illa
1562 3314 1731 3369 oblita
1758 3315 1949 3381 fuerit,
1977 3331 2079 3386 ego
2103 3325 2184 3369 ta-

600 3405 725 3446 men
756 3409 862 3449 non
890 3395 1182 3452 obliviscar
1211 3399 1287 3453 tui
1313 3399 1453 3471 (lsa.
1489 3402 1664 3472 thx).
1704 3421 1723 3455 ι
1766 3403 2011 3459 Humana
2041 3406 2185 3459 enim

598 3493 794 3538 natura
825 3486 969 3542 sicut
1003 3486 1163 3545 facile
1193 3492 1374 3559 cadit,
1414 3494 1681 3551 sic‘faeile
1721 3510 1944 3568 surgere
1985 3507 2182 3568 potest.

596 3575 736 3642 Quia
769 3579 912 3634 sicut
937 3582 1016 3636 ait
1042 3581 1300 3640 Salvator
1325 3585 1380 3641 in
1407 3589 1661 3657 praesenti
1688 3588 1919 3644 lectione
1946 3607 1959 3644 :
1996 3608 2018 3641 ι
2047 3590 2186 3646 Gau-

599 3670 746 3724 dium
773 3672 880 3726 erit
902 3673 958 3727 in
985 3674 1126 3732 ctelo
1151 3691 1318 3748 super
1345 3694 1452 3736 uno
1482 3689 1767 3751 peccatore
1795 3683 2179 3752 ptenitentiam

594 3768 817 3829 agente.
853 3781 874 3816 ο

1152 3892 1434 3959 HOMILIA
1474 3904 1633 3963 CXV.

842 4027 1097 4069 DOIINICA
1129 4029 1331 4078 QUINTA
1369 4032 1497 4075 POST
1535 4035 1930 4077 PENTECOSTEN.

674 4127 839 4200 (Luc.
868 4131 968 4203 vn.)
1004 4151 1023 4184 ι
1054 4132 1109 4186 ln
1137 4131 1229 4188 illo
1260 4140 1530 4205 tempore,
1564 4135 1699 4191 dixit
1724 4135 1882 4191 Jesus
1903 4134 2183 4205 discipulis

608 4239 628 4273 ι
661 4224 809 4278 suis:
843 4224 1027 4279 Estote
1069 4226 1483 4292 misericordes,
1534 4228 1675 4283 sicut
1716 4236 1771 4283 et
1807 4227 1969 4283 Pater
2001 4237 2183 4286 vester

606 4332 626 4364 ι
664 4314 973 4380 misericors
1016 4324 1120 4371 est.
1154 4336 1173 4371 ι
1221 4318 1291 4372 Et
1336 4317 1563 4388 reliqua.
1610 4320 1668 4374 in
1711 4320 1923 4376 caeteris
1952 4321 2181 4376 virtutes

596 4406 795 4474 quibus
829 4406 1090 4464 Dominus
1127 4407 1284 4465 Jesus
1327 4410 1580 4468 Christus
1626 4412 1900 4468 caelestem
1950 4412 2177 4483 gloriam

2287 3223 2606 3289 sericordes,
2620 3222 2869 3286 modesti,
2894 3220 3187 3292 humilesU
3204 3218 3350 3274 Petr.
3368 3221 3476 3289 ιιι).
3501 3239 3521 3273 ι
3549 3219 3732 3274 Tanto
3751 3230 3859 3287 ergo

2285 3319 2578 3374 studiosius
2608 3320 2749 3373 hanc
2787 3316 3064 3387 requirere
3105 3314 3361 3369 debemus
3388 3353 3403 3378 ,
3447 3321 3662 3383 quanto
3687 3313 3740 3365 in
3761 3311 3858 3378 ejus

2285 3410 2627 3465 exsecutione
2652 3407 2893 3464 caelestis
2915 3406 3093 3461 Patris
3116 3405 3415 3460 imitatores
3443 3418 3570 3458 esse
3601 3403 3859 3458 desidera-

2286 3516 2427 3556 mus.
2452 3499 2722 3567 Quantum
2744 3499 2887 3554 enim
2912 3496 3149 3568 perfecta
3173 3496 3243 3551 sit
3263 3498 3438 3552 virtus
3458 3495 3857 3557 misericordia,

2287 3596 2413 3651 hinc
2456 3593 2660 3663 liquido
2686 3592 3008 3655 ostenditur,
3057 3605 3182 3649 cum
3220 3590 3287 3644 ad
3318 3589 3436 3660 ejus
3475 3588 3857 3645 exhibitionea

2287 3685 2457 3755 ipsius
2488 3683 2704 3740 Domini
2732 3692 3090 3754 provocamur
3120 3679 3392 3751 exemplo.
3421 3680 3578 3736 Unde
3608 3688 3665 3735 et
3695 3678 3864 3735 subdi-

2285 3785 2411 3831 tur:

2361 3886 2381 3919 ι
2420 3865 2574 3921 Sicut
2604 3873 2660 3920 et
2685 3862 2849 3919 Pater
2868 3871 3051 3919 vester
3077 3862 3394 3918 misericors
3426 3870 3530 3916 est.
3566 3881 3588 3914 ι
3642 3861 3749 3917 Ubi
3775 3875 3863 3917 nos

2285 3960 2507 4014 tandum
2561 3957 2689 4029 quia
2740 3958 2879 4012 sicut
2935 3957 3250 4011 adverbium
3298 3953 3706 4019 similitudinis,
3764 3969 3862 4009 non

2282 4067 2496 4123 semper
2534 4052 2602 4107 ad
2638 4049 3038 4121 aequalitatem,
3080 4048 3175 4105 sed
3203 4047 3498 4119 aliquando
3525 4047 3769 4117 pertinet
3804 4048 3863 4100 ad

2284 4144 2712 4202 similitudinem.
2760 4142 2946 4214 Neque
2972 4143 3118 4198 enim
3155 4142 3299 4198 sicut
3335 4141 3594 4196 Dominus
3617 4148 3703 4194 est
3724 4181 3741 4203 ,
3774 4153 3864 4194 nos

2282 4250 2382 4305 per
2407 4234 2590 4293 omnia
2618 4248 2738 4290 esse
2765 4248 3070 4304 possumus,
3099 4244 3154 4289 et
3182 4242 3361 4311 tamen
3381 4230 3535 4300 juxta
3568 4232 3864 4303 quamdam

2283 4324 2712 4389 similitudinem,
2737 4332 2797 4377 ut
2822 4322 3058 4378 Joannes
3085 4321 3360 4393 apostolus
3392 4322 3467 4376 ait
3496 4336 3511 4375 :
3543 4340 3561 4372 ι
3594 4320 3761 4377 Sicut
3788 4321 3865 4375 ille

2286 4428 2369 4475 est
2390 4428 2447 4476 et
2468 4434 2568 4474 nos
2588 4432 2779 4473 sumus
2800 4418 2855 4472 in
2882 4416 2986 4472 hoc
3019 4415 3221 4470 mundo
3253 4416 3304 4487 (Ι
3326 4414 3488 4469 loan.
3521 4414 3617 4477 iv).
3652 4435 3672 4468 ι
3702 4413 3863 4468 Juxta

596 4510 843 4565 quaerere
880 4499 1106 4563 monuit,
1145 4501 1414 4571 ptmcipue
1438 4502 1863 4558 misericordiam
1891 4519 2170 4559 commen-
2207 4480 2256 4541 D
2282 4512 2426 4567 hunc
2476 4509 2694 4564 modum
2723 4508 3041 4576 locutionis,
3078 4514 3135 4561 et
3164 4505 3218 4561 in
3250 4507 3352 4564 hoc
3389 4507 3505 4563 loco
3522 4509 3663 4561 sicut
3691 4508 3773 4562 ad
3803 4496 3864 4560 si-

596 4588 765 4642 davit.
797 4588 1039 4660 Denique
1062 4606 1184 4646 eum
1210 4591 1265 4645 in
1295 4602 1474 4648 monte
1511 4594 1703 4650 sedens
1728 4604 1851 4650 octo
1884 4595 2173 4652 beﬂitudi-

597 4694 694 4734 nes
719 4680 1014 4752 discipulos
1043 4697 1170 4738 suos
1190 4683 1425 4749 doceret,
1452 4688 1528 4741 ait
1553 4687 1694 4743 inter
1718 4698 1941 4744 caetera:
1972 4707 1991 4741 ι
2022 4688 2173 4744 Beati

598 4771 1009 4837 misericordes,
1061 4776 1316 4844 quoniam
1363 4778 1462 4847 ipsi
1514 4778 1940 4836 miscricordiam
1985 4797 2175 4838 conse-

594 4873 830 4933 quentur
853 4864 1156 4947 (yatthm).
1187 4887 1205 4918 ι
1237 4868 1494 4939 Quisquis
1518 4882 1648 4942 ergo
1670 4873 1736 4927 ad
1764 4874 1867 4931 hoc
1893 4876 2173 4945 przentium

594 4955 942 5013 beatitudinis
955 4958 1260 5029 pertingere
1274 4961 1566 5027 desiderat,
1578 4963 1834 5019 virtutem
1864 4967 2172 5023 misericor—

592 5047 696 5121 dia;
724 5050 937 5105 studeat
965 5050 1185 5107 habere.
1215 5051 1287 5107 Ut
1308 5060 1486 5106 autem
1511 5054 1820 5110 ostenderet
1860 5073 1965 5113 non
1996 5060 2169 5113 solum

593 5142 792 5212 gratis,
821 5144 915 5197 sed
952 5143 1117 5197 etiam
1148 5141 1375 5211 ingratis
1404 5140 1828 5201 misericordiam
1854 5147 2170 5218 impenden-

593 5236 739 5298 dam,
764 5244 1049 5305 postquam
1073 5235 1396 5290 sententiam
1423 5236 1489 5291 de
1513 5237 1799 5295 dilectione
1826 5239 2167 5297 inimicorum

589 5326 846 5396 protulit,
895 5327 1142 5397 adjunxit
1169 5327 1273 5382 hoc
1298 5327 1441 5398 quod
1470 5328 1525 5383 in
1553 5331 1726 5399 capite
1752 5331 1912 5404 hujus
1940 5333 2169 5415 lectione

589 5416 917 5485 audivimus,
944 5419 1127 5474 dicens
1151 5436 1163 5470 :

663 5529 681 5561 ι
719 5509 903 5566 Estote
925 5525 1052 5581 ergo
1081 5508 1477 5567 misericordes.
1504 5531 1521 5565 ι
1546 5511 1785 5570 Primum
1807 5529 1935 5587 ergo
1956 5522 2165 5587 etymo-

586 5603 786 5674 logiam
828 5602 988 5671 hujus
1032 5601 1268 5657 nominis
1312 5604 1609 5673 videamus,
1649 5615 1708 5661 ut
1752 5607 1980 5663 virtutes
2024 5607 2166 5663 illius

588 5697 879 5768 perfectius
913 5710 1241 5767 cognoscere
1270 5696 1562 5756 valeamus.
1609 5699 1972 5756 Misericordia
2016 5701 2160 5757 enim

2276 4604 2634 4660 militudinem
2660 4601 2916 4673 pertinet.
2948 4600 3180 4674 Dignum
3202 4612 3287 4658 est
3307 4600 3475 4664 enim,
3511 4606 3570 4653 ut
3594 4598 3753 4653 sieut
3778 4612 3864 4652 nos

2276 4696 2490 4751 Patrem
2518 4694 2815 4764 gloriamur
2842 4694 3044 4750 habere
3069 4694 3124 4749 in
3147 4693 3325 4758 cmlis,
3350 4690 3496 4761 juste
3515 4697 3570 4745 et
3594 4693 3683 4760 pie
3717 4693 3865 4745 viva-

2275 4802 2398 4841 mus
2426 4786 2482 4839 in
2526 4784 2709 4849 terris,
2742 4784 2795 4838 in
2820 4792 3031 4838 tantum
3061 4792 3122 4838 ut
3147 4784 3262 4854 ipsa
3297 4782 3439 4837 bona
3481 4789 3663 4835 nostra
3694 4794 3887 4858 opera

2278 4876 2417 4931 ﬁlios
2443 4874 2539 4928 Dei
2566 4884 2665 4930 nas
2688 4888 2809 4930 esse
2827 4875 3215 4930 demonstrent.
3232 4872 3387 4928 Sicut
3410 4873 3551 4928 enim
3582 4872 3638 4925 in
3660 4872 3863 4927 huma-

2274 4982 2341 5021 na
2366 4966 2648 5021 nativitate
2675 4966 2885 5035 paterni
2912 4965 3090 5020 vultus
3109 4965 3517 5021 similitudinem
3546 4962 3861 5033 frequenter

2273 5060 2327 5114 in
2354 5057 2585 5113 ﬁliorum
2615 5058 2755 5114 facie
2785 5057 3134 5127 inspicimus,
3176 5058 3251 5112 ita
3277 5057 3323 5112 si
3351 5056 3445 5112 ﬁlii
3470 5055 3565 5110 Dei
3604 5070 3739 5111 esse
3780 5070 3853 5109 vo

2273 5148 2449 5204 lumus
2473 5190 2487 5215 ,
2544 5148 2818 5205 caelestem
2869 5147 3084 5203 Patrem
3135 5148 3190 5202 in
3238 5148 3399 5204 terris
3446 5146 3648 5201 imitari
3694 5147 3859 5203 delle

2271 5254 2414 5294 mus.
2445 5238 2599 5295 Unde
2621 5238 2910 5310 Apostolus
2935 5239 3048 5295 ait:
3079 5259 3098 5292 ι
3128 5238 3187 5295 Si
3205 5240 3540 5311 portavimus
3563 5238 3861 5310 imaginem

2271 5330 2498 5394 terreni,
2525 5338 2803 5399 portemus
2824 5337 2879 5385 et
2909 5330 3199 5401 imaginem
3230 5330 3467 5387 caelestis
3481 5329 3533 5402 (1
3552 5327 3674 5383 Cor.
3690 5333 3819 5400 xv).
3838 5345 3857 5378 ι

2272 5417 2341 5472 Ει
2364 5418 2506 5473 sicut
2533 5417 2659 5473 ﬁliis
2688 5433 2874 5488 regum
2901 5418 3079 5476 cultus
3107 5421 3403 5491 pretiosior
3428 5429 3484 5473 et
3504 5419 3757 5489 dignitas
3775 5434 3861 5472 suo

2269 5511 2487 5567 blimior
2513 5512 2947 5579 commendatur,
2993 5514 3075 5569 sic
3100 5514 3155 5571 in
3186 5514 3342 5570 nobis
3361 5554 3377 5579 ,
3406 5513 3497 5583 qui
3534 5512 3633 5567 ﬁlii
3662 5524 3861 5567 sumus

2270 5606 2394 5667 Dei.
2444 5606 2499 5661 in
2526 5606 2683 5662 bonis
2727 5606 2985 5677 operibus
3015 5607 3245 5663 virtutes
3285 5605 3481 5661 florere
3509 5606 3753 5669 debent,
3800 5612 3856 5655 ut

2267 5700 2535 5756 charitate
2564 5699 2782 5773 fulgidi,
2828 5701 2885 5756 in
2933 5701 3237 5758 humilitate
3263 5701 3550 5772 prmcipui,
3599 5700 3854 5757 castitate
