4014 6354
132 344 254 400 617
1347 341 1652 401 ΗΟΜΙΙΛᾸΕ
1692 341 1740 396 DJ

1844 337 2164 397 FEMPORE.
2323 373 2326 382 -
3309 339 3414 396 618

135 453 314 516 lueidi
344 470 719 528 appareamus,
746 464 808 512 ut
833 456 1120 528 impleatur
1153 456 1297 527 quod
1323 457 1582 514 Dominus
1608 457 1720 512 ait:
1749 459 1802 520 Α
1820 453 2017 525 junare
2058 469 2167 511 non
2210 453 2357 508 velit.
2397 451 2526 508 Haec
2550 458 2608 508 et
2629 451 2717 509 his
2737 449 2933 506 similia
2959 437 3119 506 facile
3144 464 3254 506 non
3286 461 3420 508 sunt

137 568 159 599 ε
205 547 394 604 Sancti
428 547 612 614 eritis,
662 548 802 605 sicut
830 563 932 620 ego
959 556 1178 604 sanctus
1207 565 1325 628 sum
1357 548 1407 620 (Ι
1431 548 1577 604 Patr.
1602 546 1666 619 ι).
1703 567 1722 600 ι
1825 544 2134 616 judicanda,
2165 544 2308 601 sicut
2342 544 2616 616 apostolus
2645 543 2846 600 Paulus
2874 543 3043 600 dicit:
3085 561 3105 596 t
3129 542 3232 612 Qui
3263 560 3420 600 man-

134 637 335 694 Estote
356 638 618 708 perfecti,
655 648 716 694 ut
745 640 887 696 sicut
913 640 1030 712 ipse
1056 641 1178 712 pius
1206 651 1262 698 et
1286 641 1599 698 misericors
1622 649 1728 708 est,

139 746 159 777 ι
203 727 303 797 qui
337 727 506 783 solem
530 743 690 784 suum
718 729 850 785 oriri
884 730 1016 786 facit
1041 746 1207 803 super
1234 731 1406 787 bonos
1430 740 1488 786 et
1531 731 1728 797 malos,

135 829 196 875 et
231 819 368 890 pluit
391 835 553 892 super
577 821 750 891 iustos
778 832 834 880 et
864 823 1091 896 injustos
1116 823 1335 898 (Matth.
1359 826 1447 897 v);
1480 845 1500 879 ι
1525 824 1600 880 ita
1622 840 1729 881 non

135 913 326 968 solum
356 914 578 981 amicis,
623 917 718 972 sed
745 917 910 973 etiam
946 918 1180 974 inimicis
1207 927 1262 975 et
1297 919 1575 975 extraneis
1612 933 1732 989 quae

135 1020 439 1074 possumus
476 1005 872 1076 impendamus,
895 1009 1440 1066 sicutDominusait:
1466 1029 1486 1063 ι
1518 1009 1732 1082 Diligite

135 1094 400 1150 inimicos
449 1105 696 1163 vestros,
744 1097 1046 1155 benefacite
1088 1099 1174 1156 his
1220 1099 1313 1170 qui
1357 1099 1590 1156 oderunt
1635 1115 1733 1156 vos

137 1183 402 1258 (Ibid.),i
428 1195 696 1257 quatenus
735 1189 789 1243 in
817 1199 967 1246 sorte
1010 1189 1243 1246 ﬁliorum
1291 1189 1386 1246 Dei
1434 1189 1732 1261 computari

135 1290 479 1343 mereamur,
529 1285 589 1332 ut
629 1277 918 1349 impleatur
955 1280 1012 1334 in
1043 1281 1201 1336 nobis
1233 1279 1376 1352 quod
1411 1279 1528 1352 ipse
1564 1280 1642 1334 ait
1679 1279 1734 1334 in

135 1369 481 1442 Evangelio:
515 1389 534 1422 ι
572 1371 726 1427 Beati
746 1373 990 1444 paciﬁci,
1019 1373 1276 1444 quoniam
1317 1373 1412 1428 ﬁlii
1449 1374 1545 1430 Dei
1575 1387 1734 1430 voca-

133 1462 356 1518 buntur
377 1461 590 1536 (Ibid.).
623 1483 643 1516 »
676 1463 788 1520 Nec
809 1464 1140 1537 superﬂuum
1164 1465 1337 1521 videri
1364 1465 1551 1529 debet,
1595 1465 1642 1520 si
1665 1465 1733 1520 ad

135 1553 296 1611 hanc
333 1555 690 1612 imitationem
721 1555 959 1612 ccclestis
983 1555 1161 1612 Patris
1190 1555 1440 1612 subtilius
1475 1555 1734 1627 indagan-

135 1644 277 1700 dam
295 1685 310 1712 ,
346 1659 413 1700 ex
444 1646 608 1701 rebus
638 1644 942 1700 visibilibus
971 1644 1188 1714 aliquod
1213 1645 1517 1716 exemplum
1549 1658 1734 1700 suma-

137 1751 298 1792 mus.
327 1734 573 1791 Tradunt
605 1736 750 1791 enim
777 1735 1078 1809 physiologi
1110 1744 1360 1793 naturam
1387 1752 1506 1793 esse
1527 1736 1735 1807 aquila-

1832 638 2032 703 ducat,
2081 651 2188 692 non
2233 635 2649 690 manducantem
2695 650 2804 691 non
2826 634 3070 706 judicet;
3100 644 3156 691 et
3181 636 3274 706 qui
3305 652 3417 693 non

1831 729 2126 785 manducat
2148 768 2166 796 ,
2206 727 2621 784 manducantem
2645 743 2752 783 non
2773 738 2994 799 spernat
3017 726 3070 799 (ι
3087 726 3244 783 Rom.
3266 729 3366 804 iv).
3391 749 3413 782 ι

1832 819 1900 875 Et
1927 821 2163 876 iterum:
2200 837 2218 870 ι
2248 817 2367 874 Noli
2418 826 2544 874 ante
2590 829 2801 890 tempus
2827 817 3094 887 judicare,
3146 820 3422 890 quoadus-

1833 926 1940 982 que
1959 911 2144 966 veniat
2173 910 2434 966 Dominus
2458 949 2474 976 ,
2523 911 2614 979 qui
2653 918 2708 965 et
2747 909 3072 966 illuminabit
3100 911 3421 969 abscondita

1834 1005 2204 1070 tenebrarum,
2256 1012 2312 1060 et
2362 1003 2730 1059 manifestabit
2777 1004 3002 1060 consilia
3054 1006 3322 1074 cordium,
3365 1015 3424 1062 et

1834 1104 1964 1153 tunc
1991 1097 2110 1153 laus
2137 1097 2243 1152 erit
2266 1097 2558 1166 unicuique
2585 1113 2617 1151 a
2646 1097 2759 1153 Deo
2779 1096 2831 1167 (I
2855 1095 2979 1152 Cor.
3002 1097 3100 1171 iv).
3131 1118 3151 1152 ι
3179 1099 3246 1154 Ει
3269 1100 3419 1165 alibi,

1833 1193 1927 1249 ubi
1949 1191 2202 1264 prohibet
2225 1189 2612 1259 eosjudicare,
2639 1189 2730 1260 qui
2759 1189 3015 1246 carnibus
3040 1193 3420 1260 vescebantur,

1834 1289 1902 1344 ab
1923 1287 2010 1343 his
2035 1287 2128 1357 qui
2148 1300 2255 1341 non
2275 1285 2654 1350 vescebantur,
2680 1283 2862 1340 dicens
2887 1301 2900 1338 :
2937 1303 2956 1334 ‹
2987 1282 3156 1340 Nemo
3181 1295 3424 1342 vestrum

1829 1377 2036 1450 judicet
2075 1377 2132 1432 in
2177 1375 2298 1432 cibo
2341 1384 2436 1431 aut
2474 1376 2530 1431 in
2578 1382 2709 1445 potu
2760 1371 2898 1448 (Col.
2933 1373 3016 1446 ιι).
3077 1394 3096 1427 ι
3143 1375 3213 1431 Ει
3239 1377 3370 1432 item
3406 1394 3420 1431 :

1842 1487 1862 1522 ι
1891 1469 1971 1524 Tu
1992 1469 2114 1540 quis
2135 1467 2525 1540 esquijudicas
2543 1467 2779 1523 alienum
2803 1480 3019 1522 servum
3037 1464 3210 1537 (Rom.
3232 1467 3381 1540 xiv)?
3399 1485 3420 1520 ι

1836 1562 1907 1618 Ει
1934 1577 2160 1619 rursus:
2197 1581 2216 1614 ι
2243 1560 2435 1616 Melius
2456 1568 2541 1616 est
2567 1574 2677 1636 non
2697 1559 3028 1615 manducare
3051 1576 3292 1624 carnem,
3327 1575 3426 1616 ne-

1835 1666 1941 1722 que
1959 1652 2148 1708 bibere
2171 1650 2358 1706 vinum
2383 1649 2600 1723 (Ibid.),
2629 1668 2649 1702 ι
2684 1658 2789 1705 etc.
2828 1648 3094 1718 Quoniam
3128 1650 3222 1720 qui
3261 1651 3427 1706 alium

1837 1745 2035 1816 injuste
2055 1744 2264 1816 judicat
2309 1753 2406 1800 aut
2447 1743 2809 1810 condemnat,
2849 1742 3347 1814 justejudicabitur
3372 1752 3430 1798 et

133 1843 298 1892 rum,
327 1837 386 1882 ut
408 1827 584 1898 pullos
609 1843 738 1884 suos
757 1837 946 1884 contra
967 1828 1130 1899 jubar
1156 1828 1286 1884 solis
1304 1829 1657 1899 suspendant,
1680 1836 1735 1884 et
1761 1825 1810 1886 B
1837 1834 2304 1890 condemnabitur.
2365 1833 2505 1888 Sunt
2551 1846 2680 1888 vero
2722 1831 2826 1887 alia
2855 1847 3041 1902 opera,
3065 1847 3186 1902 quae
3211 1847 3309 1903 per
3337 1847 3426 1888 se-
3460 1826 3467 1832 ⁷

133 1935 288 1989 quos
334 1935 485 1976 more
528 1929 812 1992 parentum
861 1921 1274 1977 irreverberatis
1315 1919 1488 1977 oculis
1535 1921 1735 1976 intueri

135 2014 387 2070 viderint
417 2015 724 2070 claritatem
759 2014 916 2081 solis,
965 2029 1089 2069 cum
1136 2013 1284 2069 omni
1314 2013 1610 2084 indigentia
1649 2012 1734 2067 fo-

133 2114 278 2158 vent
311 2112 366 2160 et
389 2105 634 2158 nutriunt
665 2121 678 2157 :
710 2118 846 2174 quos
869 2111 1048 2158 autem
1074 2110 1276 2157 terram
1306 2102 1570 2173 inspicere
1588 2101 1738 2158 vide-

134 2195 291 2260 rint,
317 2194 471 2264 quasi
507 2193 838 2248 adulterinos
865 2192 1125 2261 dejiciunt
1159 2201 1213 2247 et
1239 2203 1608 2248 contemnunt.
1650 2191 1737 2248 Si-

133 2285 355 2341 militer
391 2286 457 2340 de
501 2284 681 2341 corvis
719 2283 940 2349 dicunt,
985 2284 1130 2353 quod
1170 2285 1359 2340 tandiu
1395 2284 1570 2354 pullos
1611 2300 1738 2341 suos

135 2377 456 2448 negligant,
472 2390 752 2446 quousque
773 2375 1183 2432 similitudinem
1209 2392 1362 2432 suam
1385 2376 1738 2448 nigrescenti-

132 2471 252 2526 bus
287 2470 486 2540 plumis
512 2469 566 2524 in
593 2469 702 2524 illis
730 2469 1041 2540 inspiciant.
1073 2469 1132 2524 ln
1158 2471 1353 2540 quibus
1373 2470 1738 2526 similitudini--

140 2565 259 2620 bus
286 2577 388 2618 nos
417 2543 643 2633 mystice
669 2578 971 2627 monemur,
1011 2571 1072 2618 ut
1103 2563 1149 2618 si
1179 2562 1274 2618 ﬁlii
1305 2563 1402 2618 Dei
1435 2577 1556 2619 esse
1583 2563 1736 2634 cupi-

140 2669 298 2718 mus,
325 2659 543 2708 πίει-ηαξ
570 2653 832 2708 claritatis
859 2653 1051 2725 gaudia
1083 2654 1280 2709 mentis
1313 2654 1471 2710 oculo
1496 2664 1738 2710 contem-

140 2744 384 2815 plemur,
431 2753 489 2798 et
523 2745 742 2814 superni
767 2744 1008 2815 parentis
1051 2744 1460 2801 similitudinem
1487 2745 1543 2800 in
1582 2745 1739 2800 bonis

143 2839 364 2894 actibus
389 2839 758 2904 ostendamus,
786 2847 845 2892 ut
869 2837 1153 2908 impleatur
1178 2839 1234 2893 in
1257 2837 1414 2894 nobis
1435 2836 1567 2892 illud
1594 2837 1738 2908 quod

147 2931 270 3002 ipse
314 2931 390 2986 ait
433 2931 485 2986 in
534 2930 860 3000 Evangelio:
897 2948 916 2980 ι
954 2930 1154 2986 Luceat
1191 2931 1284 2985 lux
1325 2938 1510 2986 vestra
1552 2945 1736 2986 coram

146 3023 482 3090 hominibus,
528 3031 588 3078 ut
609 3023 830 3078 videant
855 3037 1020 3094 opera
1041 3022 1183 3079 bona
1208 3033 1413 3090 vestra,
1455 3031 1512 3080 et
1538 3023 1740 3096 gloriﬁ-

1835 1927 2067 1998 metipsa
2112 1925 2402 1982 manifesta
2449 1934 2506 1981 et
2545 1933 2732 1996 aperta
2764 1925 2905 1980 mala
2937 1935 3095 1990 sunt,
3133 1925 3276 1980 sicut
3301 1933 3430 1979 sunt

1836 2019 2120 2083 adulteria,
2165 2018 2332 2084 furta,
2383 2017 2698 2082 homicidia,
2749 2017 2976 2088 rapinae,
3021 2016 3332 2082 ebrietates,
3373 2023 3432 2070 et

1836 2120 2035 2168 cetera
2079 2108 2247 2174 talia;
2288 2108 2406 2162 haec
2447 2121 2480 2161 a
2519 2105 2770 2161 ﬁdelibus
2796 2121 2904 2161 non
2938 2105 3112 2161 solum
3138 2105 3430 2175 reprehen-

1836 2203 2014 2260 denda
2043 2211 2188 2268 sunt,
2223 2202 2317 2258 sed
2341 2209 2397 2257 et
2422 2199 2746 2271 corrigenda
2773 2201 2842 2256 ab
2869 2199 2961 2254 illo
2991 2199 3084 2270 qui
3135 2198 3311 2254 locum
3343 2213 3428 2252 re-

1837 2296 2056 2368 giminis
2081 2304 2249 2362 tenet,
2279 2302 2442 2364 atque
2457 2292 2773 2363 judicanda,
2800 2291 3038 2348 maxime
3060 2289 3428 2362 propterillud

1836 2385 1981 2456 quod
2009 2372 2268 2441 Dominus
2288 2400 2387 2455 per
2406 2386 2724 2454 prophetam
2747 2383 2880 2439 dicit
2912 2401 2925 2438 :
2955 2401 2974 2434 (
3005 2382 3062 2437 Si
3090 2397 3197 2437 non
3221 2396 3430 2435 annun-

1837 2476 2063 2531 tiaveris
2100 2475 2285 2546 iniquo
2338 2475 2676 2545 iniquitatem
2723 2489 2912 2541 suam,
2956 2474 3274 2544 sanguinem
3313 2471 3432 2540 ejus

1839 2565 1908 2621 de
1949 2580 2114 2620 manu
2167 2575 2258 2620 tua
2311 2566 2586 2636 requiram
2643 2564 2860 2637 (Ezech.
2913 2562 3136 2634 χχχιιι).
3172 2582 3189 2615 ι
3239 2562 3336 2619 Est
3374 2571 3430 2616 et

1840 2657 1986 2713 aliud
2011 2658 2353 2714 discretionis
2377 2673 2546 2730 genus
2583 2659 2639 2713 in
2677 2658 3012 2714 correctione
3052 2656 3292 2711 fraterna
3329 2655 3428 2710 ob-

1839 2753 2189 2819 servandum,
2217 2761 2278 2807 ut
2314 2753 2381 2816 si,
2406 2735 2555 2808 verbi
2581 2751 2780 2823 gratia,
2819 2750 3088 2807 occultum
3124 2758 3208 2805 est
3239 2763 3432 2819 pecca-

1843 2850 1982 2908 tum,
2013 2841 2224 2898 occulte
2253 2843 2495 2912 corrigas
2515 2849 2569 2896 et
2597 2841 2872 2908 emendes,
2902 2851 3122 2912 propter
3156 2841 3260 2896 hoc
3287 2839 3430 2910 quod

1840 2931 2100 2989 Dominus
2145 2933 2313 2988 dicit:
2353 2953 2372 2984 ‹
2400 2931 2458 2988 Si
2501 2932 2702 2988 videris
2747 2931 2972 2987 fratrem
3015 2941 3164 2986 tuum
3200 2948 3430 3003 peccan«

1841 3029 1971 3090 tem,
2002 3023 2217 3094 corripe
2243 3039 2366 3077 eum
2411 3022 2554 3077 inter
2587 3031 2641 3078 te
2671 3030 2727 3078 et
2765 3022 2940 3092 ipsum
2965 3022 3158 3078 solum.
3189 3041 3209 3073 ι
3251 3022 3308 3077 Si
3333 3037 3430 3076 au-

149 3121 282 3170 cent
306 3113 519 3169 Patrem
541 3123 781 3170 vestrum
801 3113 893 3184 qui
916 3112 970 3169 in
997 3113 1150 3170 caelis
1170 3123 1254 3171 est
1283 3115 1496 3187 (Ibid.).
1527 3135 1549 3170 ι
1575 3115 1738 3172 Teste
1778 3181 1811 3187 _
1843 3123 1953 3173 tem
1979 3115 2329 3171 manifestum
2354 3123 2411 3170 et
2433 3115 2702 3185 publicum
2734 3123 2820 3170 est
2855 3124 3139 3184 peccatum
3157 3154 3172 3181 ,
3219 3114 3432 3185 publice

152 3204 302 3259 enim
329 3203 573 3274 apostolo
619 3202 782 3259 Petro
805 3181 835 3257 ί
852 3201 1019 3272 Cujus
1045 3219 1210 3274 opera
1253 3181 1384 3260 facit
1431 3181 1578 3277 quis,
1622 3204 1742 3274 ejus
1767 3181 1813 3247 δ
1845 3224 2011 3278 argue
2033 3216 2092 3264 et
2117 3209 2346 3264 emenda
2370 3249 2384 3273 ,
2429 3181 2651 3278 propter
2684 3207 2815 3262 illud
2837 3181 2982 3278 quod
3008 3181 3296 3277 Apostolus
3315 3207 3392 3262 ait
3416 3227 3427 3260 :

157 3297 304 3352 ﬁlius
335 3296 651 3368 appellatur.
684 3296 838 3353 Unde
865 3295 1064 3351 Paulus
1089 3311 1189 3352 nos
1227 3296 1482 3352 admouet
1512 3295 1700 3352 dicens
1724 3302 1758 3351 :’

169 3409 188 3442 ‹
220 3389 400 3446 Estote
428 3390 728 3446 imitatores
748 3389 868 3454 Dei,
903 3388 1042 3444 sicut
1064 3387 1158 3443 ﬁlii
1185 3387 1492 3443 charissimi
1520 3385 1740 3459 (Ephes.

159 3480 235 3552 v).
268 3501 288 3533 ι
322 3480 457 3537 Hinc
483 3480 722 3538 Joannes
749 3481 864 3536 ait:
899 3498 918 3531 ι
949 3479 1070 3535 Filii
1101 3480 1194 3535 Dei
1223 3494 1440 3545 sumus,
1481 3479 1578 3535 sed
1603 3495 1741 3534 non-

159 3575 286 3630 dum
309 3573 560 3645 apparuit
582 3573 713 3644 quid
746 3573 968 3628 erimus.
1018 3570 1232 3627 Scimus
1258 3579 1437 3626 autem
1466 3569 1590 3641 quia
1620 3586 1744 3626 cum

159 3665 499 3737 apparuerit,
548 3663 754 3720 similes
787 3663 837 3718 ei
864 3663 1107 3728 erimus,
1149 3661 1406 3733 quoniam
1443 3659 1747 3716 videbimus

159 3771 284 3811 eum
312 3755 473 3811 sicuti
501 3764 585 3811 est
612 3753 664 3826 (I
686 3755 843 3809 Joan.
873 3753 978 3826 Ill).
1013 3773 1032 3804 ι

235 3866 254 3900 ι
292 3845 474 3903 Nolite
494 3846 759 3918 judicare,
789 3853 843 3900 et
867 3860 974 3900 non
988 3842 1388 3913 judicabimini.
1420 3841 1596 3897 Nolite
1619 3856 1746 3897 con-

165 3959 186 3993 c
224 3941 520 4005 demnare,
571 3949 629 3996 et
674 3954 782 3995 non
837 3937 1347 3995 condemnabimini.
1399 3957 1419 3990 ι
1474 3938 1746 4005 ρυωιοίιυι·

158 4049 326 4105 quare
355 4034 519 4099 dicat,
552 4051 570 4085 ‹
591 4030 766 4088 Nolite
796 4031 1042 4103 judicare
1079 4038 1135 4086 et
1164 4046 1274 4086 non
1293 4028 1689 4101 judicabimini,
1720 4047 1740 4081 ι

160 4143 280 4182 cum
311 4128 426 4198 ipse
449 4125 578 4181 alibi
619 4125 821 4180 dixisse
863 4124 1106 4197 legatur:
1137 4141 1156 4174 ι
1185 4121 1243 4178 Si
1270 4122 1473 4180 videris
1516 4122 1744 4178 fratrem

163 4228 310 4274 tuum
337 4225 676 4288 peccantem,
709 4216 927 4286 increpa
957 4215 1106 4270 illum
1121 4213 1273 4285 (Luc.
1297 4214 1456 4286 xvii).
1483 4233 1500 4268 ι
1533 4214 1602 4269 Et
1634 4213 1745 4268 alio

161 4309 316 4366 loco:
347 4328 367 4362 ι
405 4308 463 4364 Si
484 4308 793 4379 peccaverit
814 4308 870 4362 in
901 4316 953 4364 te
978 4306 1148 4362 frater
1177 4315 1320 4372 tuus,
1360 4305 1496 4361 vade
1523 4314 1582 4360 et
1619 4320 1746 4361 cor-

162 4403 273 4472 ripe
301 4417 427 4458 eum
455 4401 600 4455 inter
645 4408 700 4455 te
743 4408 799 4455 et
830 4399 1007 4469 ipsum
1047 4397 1242 4453 solum.
1285 4395 1345 4452 Si
1388 4403 1441 4450 te
1480 4394 1745 4460 audierit,

163 4495 400 4553 lucratus
413 4496 524 4551 eris
545 4494 769 4550 fratrem
791 4501 973 4559 tuum;
1001 4493 1048 4548 si
1075 4502 1254 4548 autem
1283 4499 1335 4548 te
1361 4506 1470 4546 non
1495 4488 1746 4554 audierit,

165 4590 359 4646 adhibe
403 4598 580 4645 tecum
611 4603 778 4643 unum
825 4587 912 4642 vel
952 4587 1088 4642 duos
1118 4585 1335 4657 (Matth.
1374 4582 1554 4653 xvm).
1589 4603 1610 4636 ι
1661 4582 1744 4639 Ad

165 4685 304 4753 quod
333 4683 771 4755 respondendum
791 4723 807 4749 ,
841 4681 971 4752 quia
1014 4681 1068 4736 in
1097 4680 1437 4749 correptione
1468 4677 1740 4744 fraterna,

169 4774 278 4833 hac
305 4775 652 4831 discretionis
677 4773 863 4845 regula
892 4772 1155 4838 tenenda,
1194 4782 1254 4826 ut
1274 4770 1482 4826 scilicet
1517 4768 1746 4824 manife—

165 4877 246 4924 sta
265 4877 322 4926 et
335 4877 524 4940 aperta
547 4867 710 4934 mala,
731 4875 788 4923 et
807 4867 1064 4932 vitentur,
1083 4873 1139 4920 et
1163 4862 1658 4935 reprehendantur;
1679 4876 1745 4917 ea

169 4973 315 5028 vero,
353 4977 476 5032 quae
521 4976 630 5031 quo
672 4959 856 5016 animo
893 4959 1026 5014 ﬁant
1061 4973 1092 5013 a
1135 4956 1398 5027 proximis
1441 4955 1745 5025 ignoratur,

169 5067 269 5108 non
315 5062 444 5109 sunt
479 5052 814 5124 judicanda,
871 5050 964 5106 sed
1005 5049 1185 5121 potius
1217 5055 1372 5104 extra
1423 5044 1749 5114 increpatio-

169 5161 286 5202 nem
315 5145 652 5216 accipienda.
698 5143 839 5200 Sunt
865 5142 1011 5197 enim
1047 5140 1291 5212 quaedam
1326 5152 1523 5208 opera,
1547 5150 1670 5206 qua
1693 5142 1750 5190 et

168 5233 305 5293 bono
333 5245 390 5293 et
415 5235 560 5291 malo
583 5235 764 5290 animo
788 5232 902 5289 ﬁeri
933 5240 1188 5302 possunt;
1213 5230 1279 5285 de
1309 5227 1506 5283 talibus
1529 5227 1748 5297 pericu-

171 5325 338 5382 losum
355 5326 710 5397 estjudicare,
735 5322 974 5378 maxime
997 5335 1066 5377 ne
1085 5320 1528 5376 condemnemur.
1547 5314 1747 5381 Sicuti,

171 5420 315 5475 verbi
343 5420 515 5489 gratia
532 5459 546 5484 ,
576 5417 728 5474 vides
761 5415 996 5486 aliquem
1024 5414 1339 5484 frequenter
1368 5426 1475 5467 non
1497 5411 1748 5482 jejunan-

172 5518 302 5578 tem,
326 5511 436 5568 noli
463 5511 693 5566 multum
725 5509 946 5564 laudare
965 5547 982 5571 ,
1009 5520 1186 5577 neque
1206 5505 1434 5561 multum
1463 5503 1742 5570 detestari,

171 5603 294 5673 quia
323 5612 505 5675 potest
533 5603 651 5660 ﬁeri
694 5610 756 5658 ut
795 5609 1020 5672 propter
1063 5597 1436 5654 infirmitatem
1479 5595 1748 5653 stomachi

168 5688 409 5762 ieiunare
436 5709 542 5749 non
568 5693 772 5766 possit,
815 5699 910 5746 aut
933 5697 1156 5760 propter
1181 5687 1478 5758 appetitum
1508 5686 1646 5758 gula:
1667 5686 1750 5758 je-

244 5821 266 5850 α
300 5809 398 5865 Hic
423 5809 508 5865 vel
539 5809 690 5864 deest
711 5805 932 5876 aliquid,
963 5804 1046 5860 vel
1075 5805 1312 5866 abundat

603 5880 875 5941 ΡΔτιιοι.
920 5876 1204 5941 CXVIII.

1770 4537 1825 4600 D

1849 3320 1867 3352 ι
1899 3301 2224 3356 Peccantem
2250 3315 2433 3355 coram
2468 3299 2722 3355 omnibus
2751 3314 2916 3370 argue
2939 3341 2952 3364 ,
2990 3307 3050 3352 ut
3078 3307 3134 3353 et
3153 3299 3337 3354 caeteri
3365 3300 3435 3353 ti-

1844 3407 2054 3448 morem
2074 3392 2312 3448 habeant
2333 3390 2380 3462 (ι
2410 3389 2543 3444 Tim.
2570 3390 2646 3461 v).
2673 3409 2692 3443 ι
2720 3389 2788 3444 Ει
2802 3389 2942 3444 sicut
2963 3404 3060 3459 per
3085 3387 3432 3444 Salomonem

1845 3483 2041 3538 dicitur
2074 3501 2087 3536 :
2117 3482 2220 3551 Qui
2233 3481 2463 3551 corripit
2488 3480 2688 3550 palam,
2709 3495 2898 3550 pacem
2923 3478 3071 3534 facit.
3103 3479 3172 3532 Et
3197 3478 3429 3532 iterum:

1851 3593 1870 3627 σ
1891 3575 2178 3646 Responde
2190 3572 2520 3642 stultojuxta
2535 3572 2822 3628 stultitiam
2837 3587 2991 3628 suam
3008 3569 3190 3643 (Prov.
3207 3570 3378 3640 xxvn).
3407 3589 3427 3622 ι

1842 3667 1924 3722 Ad
1961 3667 2065 3722 hoc
2103 3666 2250 3722 enim
2288 3665 2469 3720 divina
2498 3663 2710 3734 justitia
2754 3664 2944 3720 statuit
2978 3664 3030 3718 in
3067 3663 3329 3728 Ecclesia,
3374 3672 3434 3718 ut

1843 3766 1992 3814 esset
2019 3766 2206 3826 pastor
2232 3756 2287 3810 in
2313 3754 2537 3826 populo,
2567 3754 2821 3825 princeps
2846 3754 2901 3808 in
2929 3753 3126 3809 szeculo
3151 3794 3166 3819 ,
3209 3761 3271 3808 ut
3295 3769 3434 3808 unus

1843 3854 2131 3919 peccantes
2161 3845 2434 3916 corrigat,
2477 3845 2613 3900 alter
2651 3858 2780 3900 vero
2804 3844 3125 3915 corrigendo
3155 3844 3431 3915 negligen-

1847 3948 1928 3994 tes
1952 3938 2160 4010 puniat.
2203 3936 2429 4004 Quando
2467 3945 2647 3991 autem
2692 3935 2748 3990 in
2777 3943 2832 3992 te
2866 3934 3037 3990 frater
3067 3944 3190 3990 tuus
3221 3944 3432 4005 peccat,

1847 4046 1970 4086 cum
1998 4028 2103 4083 levi
2134 4025 2480 4096 correptione
2530 4025 2744 4081 dimitte
2784 4025 2854 4081 ei.
2898 4024 3052 4081 Unde
3091 4034 3149 4081 et
3189 4023 3436 4080 subditur

1845 4125 1920 4180 ita
1936 4136 1984 4179 ο.
2002 4122 2110 4179 Sed
2130 4123 2259 4193 quia
2283 4136 2391 4176 non
2417 4118 2614 4174 sufﬁcit
2625 4117 2899 4175 declinare
2925 4134 2955 4173 a
2973 4118 3135 4184 malo,
3163 4119 3267 4174 nisi
3287 4117 3437 4188 quis-

1845 4232 1953 4288 que
1980 4216 2195 4272 studeat
2236 4213 2417 4268 facere
2463 4211 2665 4266 bonum
2693 4252 2708 4277 ,
2749 4219 3034 4282 postquam
3065 4210 3131 4264 de
3159 4224 3266 4264 non
3292 4209 3436 4279 judi-

1847 4308 2034 4365 caudis
2059 4306 2323 4377 proximis
2361 4311 2690 4375 praeceptum
2727 4302 2909 4369 dedit,
2953 4301 3185 4358 formam
3217 4301 3303 4356 cui
3333 4301 3434 4355 im-

1848 4400 2166 4470 primamus,
2194 4395 2450 4459 ostendit,
2483 4393 2696 4448 dicens:

1927 4510 1946 4542 ι
1979 4489 2274 4554 Dimittite,
2313 4495 2367 4542 et
2393 4485 2700 4540 dimittetur
2727 4482 2901 4538 vobis.
2926 4501 2945 4534 ι
2985 4480 3138 4548 Quod
3175 4488 3259 4534 est
3283 4479 3432 4533 dice-

1850 4597 1954 4640 re:
1997 4579 2261 4636 Dimittite
2288 4575 2640 4646 peccantibus
2680 4573 2734 4628 in
2775 4573 2950 4636 vobis,
2997 4582 3053 4625 et
3092 4570 3435 4624 dimittentur

1848 4673 2003 4730 vobis
2021 4678 2248 4742 peccata
2277 4676 2478 4723 vestra.
2519 4664 2637 4720 Non
2675 4664 2847 4718 solum
2881 4661 3026 4716 enim
3067 4661 3202 4716 alios
3232 4670 3436 4717 temere

1845 4764 2091 4834 judicare
2118 4777 2228 4817 non
2252 4759 2534 4822 debemus,
2564 4756 2658 4811 sed
2686 4755 2852 4810 etiam
2888 4754 2976 4809 his
2999 4752 3090 4824 qui
3113 4767 3211 4808 nos
3238 4751 3435 4822 injuste

1845 4855 2095 4926 judicant
2153 4868 2222 4909 ex
2267 4851 2432 4907 corde
2467 4849 2759 4904 dimittere.
2829 4845 2998 4916 Igitur
3041 4844 3313 4901 dimittere
3367 4843 3434 4899 ad

1855 4944 2182 5018 ignoscenda
2228 4950 2451 5014 peccata
2490 4940 2756 5010 pertinet,
2787 4936 2945 5008 juxta
2987 4937 3131 5007 quod
3173 4937 3435 4994 Dominus

1852 5038 1980 5094 alibi
2009 5037 2088 5092 ait
2115 5033 2329 5106 (Matth.
2355 5032 2432 5105 vi)
2457 5049 2470 5087 :
2509 5052 2526 5084 ‹
2557 5029 2616 5086 Si
2641 5029 2954 5085 dimiseritis
2983 5028 3290 5084 hominibus
3308 5043 3434 5098 pec-
3489 5072 3503 5085 .

1853 5140 1974 5187 cata
2005 5143 2213 5192 eorum,
2245 5137 2300 5182 et
2327 5124 2492 5180 Pater
2515 5131 2696 5179 vester
2736 5121 2970 5178 dimittet
3013 5121 3167 5177 vobis
3212 5130 3432 5192 peccata

1850 5235 2051 5281 vestra.
2081 5243 2101 5276 ι
2139 5221 2206 5276 Et
2236 5221 2368 5277 item
2397 5237 2409 5273 :
2451 5235 2470 5270 ι
2498 5216 2631 5274 Cum
2661 5214 2874 5271 stabitis
2920 5214 2988 5270 ad
3027 5213 3311 5278 orandum,
3344 5211 3431 5266 di-

1851 5319 2052 5376 mittite
2077 5317 2123 5373 si
2145 5315 2274 5387 quid
2301 5311 2517 5368 habetis
2541 5309 2803 5366 adversus
2823 5307 3057 5378 aliquem
3071 5303 3264 5378 (Marc.
3296 5305 3392 5366 χι).
3408 5324 3426 5358 ι

1851 5412 2006 5482 Quod
2032 5420 2212 5466 autem
2237 5405 2515 5478 adjungit:

1928 5522 1948 5558 ‹
1978 5502 2112 5558 Date
2136 5507 2192 5554 et
2224 5497 2443 5576 dabjtur
2477 5495 2650 5552 vobis.
2683 5513 2703 5549 ›
2746 5493 2829 5551 Ad
2867 5489 3107 5549 dandan}
3139 5490 3435 5559 eleemosy-

1851 5612 1976 5652 nam
2004 5593 2271 5666 pertinet,
2303 5590 2532 5648 Domino
2563 5589 2690 5646 alibi
2717 5588 2927 5644 dicente
2951 5602 2966 5641 :
3002 5605 3020 5638 ‹
3045 5587 3178 5641 Date
3203 5583 3434 5639 eleemo-

1853 5705 2065 5764 synam,
2091 5696 2148 5746 et
2173 5702 2301 5744 ecce
2330 5686 2510 5742 omnia
2538 5684 2737 5741 munda
2763 5691 2891 5739 sunt
2914 5681 3066 5738 vobis
3090 5676 3242 5750 (Luc.
3273 5677 3371 5747 χι).
3412 5696 3429 5728 ι

2964 5857 3044 5917 20
