4014 6354
1182 314 1534 375 HAYMONIS
1570 311 2049 371 HALBERSTAT.
2091 309 2304 367 EPISC.
2348 308 2501 365 OPP.
2535 303 2718 365 PARS
2754 304 2819 359 Il.
2860 332 2931 344 —
2971 294 3201 359 HOMIL.

3766 292 3893 353 διο

576 439 862 499 llimitterc
913 435 1057 492 enim
1104 430 1334 502 injurias
1378 430 1637 489 debemus
1687 436 1742 485 et
1773 404 2165 496 .eleemosynas
2191 427 2244 497 Α
2269 420 2489 491 biliores
2504 427 2559 474 et
2586 417 2855 474 doctiores
2882 414 2937 469 in
2967 428 3031 469 eo
3056 418 3397 485 apparerent,
3422 417 3674 465 amantes
3708 428 3733 461 ‹
3761 410 3889 478 pri-

578 534 730 599 dare,
757 538 818 588 ot
841 530 996 586 detur
1019 525 1177 583 nobis
1203 524 1312 581 vita
1338 533 1543 580 aeterna
1568 520 1865 581 secundum
1892 517 2036 590 quod
2064 516 2166 571 Do-

578 626 760 684 minus
798 621 931 679 dicit
963 634 979 676 :
1010 638 1033 671 ι
1060 618 1253 675 Facite
1290 616 1446 673 vobis
1498 617 1704 673 amicos
1744 614 1812 673 de
1858 625 2166 673 mammona

492 742 497 747 ί
578 715 900 786 iniquitatis,
923 720 983 768 ut
1009 726 1135 767 cum
1163 707 1474 784 defeceritis
1502 707 1767 777 recipiam
1800 718 1898 760 vos
1922 703 1975 758 in
2004 708 2163 758 aster—

576 829 649 873 ιι
676 807 1026 869 tabernacula
1075 804 1228 879 (Luc.
1253 804 1389 877 xvi).
1415 824 1433 857 ι
1478 803 1547 861 Ft
1583 802 1726 858 forte
1759 799 1904 870 quod
1946 798 2168 855 daretur

575 918 608 959 ι
624 900 781 961 vobis
800 898 849 955 si
870 911 1169 968 quaereres,
1198 892 1495 964 subiunxit,
1529 892 1716 948 dicens
1740 908 1752 921 ο

656 1030 676 1066 ι
706 1010 1013 1067 Mansuram
1057 1008 1257 1064 bonam
1296 1014 1353 1061 et
1380 1003 1709 1070 confertam,
1736 1010 1793 1057 et
1816 1000 2164 1071 coagitatam,

580 1126 599 1158 ι
616 1099 1186 1174 et'supereﬁluentem.
1211 1118 1231 1152 ι
1249 1098 1501 1153 Mensura
1523 1096 1669 1152 enim
1689 1097 1829 1151 bona
1854 1109 1885 1148 a
1902 1092 2167 1147 bonorum

575 1195 817 1253 omnium
845 1198 1259 1248 remuneratore
1285 1187 1525 1253 dabitur,
1561 1187 1780 1258 quando
1807 1199 1906 1256 pro
1930 1181 2168 1239 miuimis

577 1286 783 1358 majora
813 1284 1104 1357 rependet,
1139 1297 1238 1355 pro
1269 1281 1500 1337 terrenis
1524 1279 1800 1345 coelestia,
1842 1292 1946 1349 pro
1994 1284 2168 1330 trans-

575 1381 733 1438 ituris
774 1392 1053 1435 mansura.
1106 1375 1240 1445 Quae
1277 1378 1415 1431 bene
1455 1373 1697 1430 conferta
1728 1372 1957 1435 dicitur,
1993 1370 2048 1424 id
2085 1375 2169 1423 est

574 1476 730 1546 plena
774 1482 829 1529 et
854 1469 1095 1544 perfecta
1116 1510 1132 1536 ,
1174 1476 1231 1523 et
1255 1467 1527 1538 eoagitata
1548 1506 1562 1530 ,
1608 1466 1732 1535 quia
1753 1478 1822 1521 ex
1844 1462 1990 1518 nulla
2006 1470 2169 1530 parte

575 1567 754 1622 inanis
779 1565 965 1620 erit'et
981 1574 1173 1618 vacua.
1194 1578 1215 1612 ι
1239 1550 1747 1629 Supéreﬂluentem,
1772 1575 1792 1608 ι
1813 1557 1865 1609 id
1884 1562 2168 1623 estsuper-

579 1659 968 1714 abundantem.
1008 1653 1135 1710 [late
1152 1653 1299 1709 enim
1329 1664 1582 1706 mensura
1608 1648 1796 1719 plena,
1816 1645 2085 1717 perfecta,
2115 1650 2172 1697 et

578 1748 1028 1821 superabundans
1056 1744 1204 1803 ﬁdeli
1233 1754 1391 1800 servo
1408 1740 1651 1804 dabitur,
1674 1738 1896 1809 quando
1916 1736 2164 1792 dicetur:

580 1860 601 1894 ι
630 1840 779 1912 Euge
801 1852 959 1894 serve
979 1839 1123 1895 bone
1151 1843 1207 1891 et
1230 1833 1438 1898 ﬁdelis,
1468 1832 1595 1902 quia
1630 1844 1796 1901 super
1816 1842 1987 1900 pauca
2017 1825 2167 1881 fuisti

578 1930 770 1997 ﬁdelis,
795 1943 959 1999 super
987 1927 1154 1983 multa
1180 1935 1237 1982 te
1262 1924 1623 1981 constituam:
1654 1921 1796 1976 intra
1818 1920 1878 1974 in
1911 1917 2167 1991 gaudium

577 2021 789 2078 Domini
829 2020 906 2076 tui
936 2017 1154 2091 (Matth.
1184 2015 1339 2087 xxv).
1364 2032 1382 2066 ι
1428 2014 1501 2069 Et
1531 2012 1658 2083 quia
1686 2012 1754 2067 de
1789 2009 1962 2083 gloria
1994 2010 2169 2064 beata:

574 2113 798 2185 patriae,
824 2119 1113 2184 postquam
1149 2114 1371 2178 accepta
1394 2104 1560 2160 fuerit
1579 2144 1595 2170 ,
1628 2101 1810 2158 nullus
1831 2101 1983 2158 locus
2014 2100 2171 2176 amit-

578 2203 723 2260 tendi
744 2203 873 2268 erit,
902 2210 1052 2257 recte
1075 2199 1281 2255 dictum
1300 2205 1391 2252 est
1419 2214 1433 2249 :
1463 2213 1483 2248 ι
1516 2193 1729 2250 Dabunt
1776 2194 1833 2247 in
1859 2191 2038 2247 sinum
2071 2204 2168 2245 ve-

576 2305 768 2355 strum.
792 2313 812 2347 ι
838 2294 992 2351 Sicut
1010 2292 1157 2349 enim
1176 2290 1248 2346 de
1259 2304 1323 2345 ea
1349 2303 1427 2354 re,
1458 2302 1624 2358 quam
1649 2287 1707 2340 in
1732 2285 1855 2341 sinu
1886 2282 2166 2350 habemus,

580 2388 717 2445 certi
771 2386 1058 2456 securique
1100 2394 1309 2447 sumus,
1359 2381 1436 2436 ita
1461 2388 1746 2451 postquam
1779 2378 1834 2432 in
1852 2360 2061 2449 gremio
2087 2390 2172 2429 re-

578 2481 669 2551 gni
696 2479 936 2536 ctelestis
953 2477 1166 2534 collecti
1197 2475 1481 2539 fuerimus,
1497 2482 1698 2529 aeterna
1720 2471 2009 2528 securitate
2028 2468 2171 2523 ﬁrmi

577 2574 812 2638 erimus,
856 2571 1066 2628 Joanne
1100 2571 1155 2625 in
1180 2567 1503 2639 Apocalypsi
1544 2566 1791 2620 dicente:
1829 2581 1849 2615 ι
1885 2563 2174 2632 Absterget

578 2663 724 2719 Deus
742 2676 963 2718 omnem
984 2661 1280 2733 lacrymam
1308 2658 1379 2714 ab
1396 2655 1570 2713 oculis
1590 2668 1780 2712 eorum
1794 2653 1979 2725 (Apoc.
1992 2650 2133 2721 χχι).
2148 2668 2169 2701 ι

579 2755 648 2811 Et
675 2756 806 2827 quia
860 2756 1003 2811 Deus
1053 2753 1363 2809 redditurus
1399 2759 1487 2806 est
1537 2749 1832 2819 unicuique
1873 2743 2174 2801 secundum

581 2861 746 2917 opera
778 2861 896 2912 sua,
927 2846 1103 2901 adhuc
1129 2841 1464 2899 subinfertur
1490 2858 1504 2894 :

658 2987 677 3020 ι
704 2966 906 3022 Eadem
940 2965 1134 3038 quippe
1175 2980 1432 3021 mensura
1465 2980 1570 3036 qua
1616 2964 1788 3019 mensi
1814 2961 2049 3025 fueritis,
2083 2975 2172 3014 re-

588 3080 606 3113 (
638 3057 894 3115 metietur
913 3055 1085 3112 vobis.
1124 3077 1142 3108 ι
1190 3054 1246 3111 Si
1272 3058 1417 3112 enim
1456 3057 1510 3111 in
1552 3055 1708 3111 nobis
1729 3054 2080 3135 peccantibus
2112 3051 2176 3105 li-

582 3153 777 3207 benter
810 3147 1135 3204 dimittimus
1160 3189 1175 3213 ,
1221 3156 1277 3201 et
1319 3148 1463 3203 Deus
1501 3147 1844 3217 omnipotens
1882 3145 2177 3201 clementer
2202 3156 2249 3221 ε

585 3238 822 3296 dimittet
850 3236 1005 3292 nobis
1028 3244 1251 3307 peccata
1274 3244 1479 3291 nostra.
1522 3234 1677 3292 Unde
1704 3234 1945 3305 quotidie
1974 3234 2027 3288 in
2050 3249 2174 3289 ora-

586 3332 735 3388 tione
756 3344 881 3386 eum
905 3328 1212 3400 poscimus,
1261 3327 1541 3384 dicentes:
1579 3346 1598 3379 ‹
1632 3327 1852 3383 Dimitte
1892 3326 2048 3381 nobis
2084 3326 2177 3380 de-

586 3423 700 3478 bita
750 3428 968 3487 nostra,
1019 3420 1161 3476 sicut
1213 3428 1268 3475 et
1327 3434 1425 3476 nos
1468 3418 1791 3475 dimittimus
1843 3417 2176 3473 debitoribus

587 3516 788 3574 nostris
831 3512 1046 3585 (Matth.
1091 3512 1188 3585 vt).
1231 3531 1250 3564 ι
1293 3510 1398 3579 Qui
1441 3525 1571 3584 ergo
1619 3509 1869 3581 peccanti
1910 3510 1962 3563 in
2014 3522 2071 3563 se
2101 3506 2181 3562 di-

591 3608 806 3663 mittere
852 3621 958 3661 non
993 3604 1145 3670 vult,
1194 3618 1331 3658 vane
1364 3612 1419 3658 et
1454 3600 1722 3672 superﬂue
1759 3616 1789 3655 a
1833 3598 2061 3656 Domino
2086 3614 2181 3669 po-

588 3699 777 3765 stulat,
801 3698 942 3753 sicut
969 3696 1083 3766 ipse
1130 3694 1263 3749 dicit
1289 3713 1301 3746 :
1333 3712 1349 3745 (
1380 3692 1438 3748 Si
1467 3708 1574 3749 non
1597 3691 1912 3750 dimiseritis
1952 3690 2184 3747 homini-

588 3791 691 3846 bus
738 3794 963 3859 peccata
1009 3800 1232 3849 eorum,
1275 3800 1377 3840 nec
1414 3784 1579 3841 Pater
1611 3794 1792 3841 vester
1828 3784 2064 3841 ccelcstis
2105 3783 2185 3838 di-

595 3879 772 3932 mittet
792 3876 947 3932 vobis
971 3884 1196 3947 peccata
1232 3883 1417 3929 vestra
1457 3872 1670 3947 (lbid.).
1700 3894 1720 3927 »
1754 3873 1908 3931 Unde
1938 3882 1994 3929 et
2026 3872 2181 3927 Salo-

601 3986 799 4026 monzr
822 3967 995 4024 Homo
1033 3968 1241 4023 homini
1282 3976 1462 4023 servat
1513 3967 1652 4022 iram
1680 3962 1872 4040 (Eccli.
1905 3967 2119 4037 xxvm),
2160 3986 2178 4018 ι

599 4071 706 4118 etc.
732 4059 799 4115 Et
825 4061 1020 4115 iterum
1047 4078 1060 4113 :
1095 4076 1114 4110 ι
1146 4057 1367 4114 Dimitte
1393 4059 1642 4129 proximo
1663 4058 1880 4114 nocenti
1912 4064 1965 4112 te
1982 4098 1996 4125 ,
2019 4066 2072 4111 et
2096 4057 2187 4111 de-

596 4153 840 4223 precanti
866 4158 918 4207 te
931 4149 1144 4206 dimitte
1176 4150 1252 4217 ei,
1293 4157 1349 4205 et
1392 4159 1614 4221 peccata
1632 4147 2135 4221 solventur(lbid.).
2160 4167 2179 4201 ι

597 4244 700 4314 Qui
731 4245 876 4301 enim
914 4260 1013 4316 pro
1059 4242 1170 4300 Deo
1214 4244 1266 4299 in
1291 4245 1547 4315 praesenti
1586 4243 1695 4297 vita
1737 4241 1995 4312 majorem
2044 4255 2188 4296 amo-

598 4352 713 4392 rem
733 4333 1106 4405 assumpserit,
1134 4342 1189 4390 et
1216 4334 1502 4390 uberiores
1529 4331 2183 4403 cleemosynastribuerit,

598 4426 858 4498 majorem
900 4425 1391 4481 remunerationem
1439 4425 1491 4478 in
1541 4429 1744 4479 :eterna
1791 4422 1899 4476 vita
1942 4422 2181 4492 recipiet,

2266 529 2385 571 mos
2420 512 2696 581 recubitus
2736 510 2790 564 in
2821 507 3026 572 caenis,
3060 514 3113 563 et
3140 504 3343 576 primas
3371 501 3667 557 cathedras
3693 499 3761 555 in
3794 515 3883 571 sy-

2268 603 2487 676 nagogis
2506 610 2560 658 et
2585 598 2938 656 salutationes
2967 596 3021 650 in
3056 593 3196 658 foro,
3231 601 3283 649 et
3311 590 3494 646 vocari
3522 590 3589 645 ab
3618 590 3879 645 homini-

2265 695 2369 750 bus
2392 693 2564 749 Rabbi
2608 690 2823 765 (Matth.
2858 686 3075 753 χχχιιι).
3108 704 3127 738 ι
3162 684 3298 753 Quia
3334 682 3480 737 enim
3522 678 3679 736 illum
3716 680 3881 734 vide-

2264 788 2415 855 bant,
2442 786 2534 857 qui
2561 784 2717 840 dixit:
2751 802 2772 835 ι
2800 781 2913 852 Ego
2938 796 3057 837 sum
3082 778 3178 834 lux
3211 776 3396 831 mundi
3438 771 3627 847 (Joan.
3654 774 3814 845 Vill),
3850 794 3870 824 ι

2266 887 2321 935 et
2345 894 2452 937 non
2503 893 2626 934 eum
2670 876 3066 948 agnoscebant,
3099 868 3473 943 proculdubio
3519 868 3651 923 caeci
3677 877 3872 933 erant,

2268 970 2410 1026 sicut
2438 969 2697 1025 Dominus
2723 966 2887 1023 dicit:
2929 984 2949 1017 ι
2973 962 3145 1020 Sinite
3171 961 3312 1028 illos,
3339 960 3470 1017 caeci
3497 968 3650 1025 sunt,
3681 967 3743 1013 et
3769 957 3875 1014 du-

2267 1079 2358 1121 ces
2384 1077 2648 1119 caecorum
2677 1058 2893 1132 (Matth.
2925 1058 3039 1131 xv).
3073 1078 3091 1109 ι
3133 1055 3379 1126 Cumque
3410 1051 3673 1124 populum
3708 1054 3871 1107 doce-

2268 1161 2391 1211 rent
2434 1153 2579 1225 quod
2629 1149 2977 1214 nesciebant,
3030 1156 3084 1203 et
3125 1146 3227 1217 ipsi
3253 1144 3382 1201 caeci
3408 1144 3571 1201 cazcis
3605 1142 3866 1198 ducatum

2267 1246 2570 1317 praebentes
2594 1242 2810 1312 utrique
2835 1240 2891 1296 in
2922 1238 3131 1294 foveam
3158 1237 3456 1303 cadebant,
3495 1233 3644 1290 sicut
3682 1232 3867 1288 Domi-

2268 1353 2370 1393 nus
2396 1337 2522 1392 alibi
2553 1336 2844 1406 exprobrat
2873 1332 2984 1397 eis,
3017 1331 3204 1387 dicens
3245 1348 3257 1384 :
3298 1349 3315 1382 ι
3353 1329 3446 1384 Va:
3479 1328 3639 1384 vobis
3662 1368 3681 1394 ,
3724 1325 3868 1381 Scri-

2268 1428 2349 1485 ba:
2373 1438 2429 1485 et
2453 1427 2713 1484 Pharismi
2741 1422 3059 1497 legiSperiti,
3102 1422 3194 1493 qui
3225 1419 3424 1477 tulistis
3444 1419 3665 1475 clavem
3694 1418 3864 1474 scien-

2270 1519 2360 1574 tia:
2387 1516 2538 1590 (Luc.
2576 1516 2660 1588 tt).
2684 1534 2703 1567 ι
2732 1516 2798 1570 Ει
2833 1514 2937 1569 alio
2976 1513 3095 1568 loco
3132 1513 3211 1567 sic
3237 1528 3250 1564 :
3284 1528 3303 1561 ‹
3334 1508 3427 1565 Vae
3456 1509 3634 1572 vobis,
3663 1506 3864 1563 Scriba

2270 1622 2326 1666 et
2352 1607 2608 1664 Pharisaei
2637 1606 2934 1679 hypocrita:
2957 1646 2972 1670 ,
3014 1602 3105 1675 qui
3149 1599 3399 1657 clauditis
3428 1614 3667 1671 regnum
3700 1597 3863 1653 (telo-

2271 1716 2392 1756 rum
2417 1708 2543 1755 ante
2571 1699 2848 1763 homines;
2881 1710 2979 1751 vos
3009 1694 3153 1750 enim
3178 1708 3285 1749 non
3310 1691 3531 1747 intratis
3549 1732 3565 1757 ,
3601 1705 3709 1745 nec
3736 1689 3863 1742 alios

2197 1795 2243 1855 Β
2274 1790 2478 1845 intrare
2504 1787 2683 1844 sinitis
2710 1784 2929 1859 (Matth.
2961 1783 3140 1857 χχιιι).
3179 1804 3198 1835 ι
3231 1782 3338 1839 Sed
3369 1780 3678 1838 cavendum
3717 1778 3865 1834 nobis

2271 1893 2373 1952 est,
2399 1900 2467 1939 ne
2492 1883 2621 1938 vitia
2651 1881 2965 1938 Scribarum
2993 1878 3459 1935 etPharisteorum
3474 1875 3545 1931 ad
3568 1890 3674 1930 nos
3703 1883 3862 1927 trans-

2269 1983 2416 2041 eant,
2457 1981 2517 2027 ut
2550 1972 2692 2044 quod
2751 1971 2806 2026 in
2842 1969 2949 2026 illis
2996 1968 3472 2043 reprehendimus,
3512 1965 3570 2021 in
3601 1964 3760 2019 nobis
3787 1965 3859 2018 in.

2271 2066 2541 2123 veniatur.
2582 2066 2717 2120 Sunt
2741 2063 2885 2119 enim
2913 2060 3154 2117 nonnulli
3171 2061 3596 2131 qui,antequam
3626 2056 3859 2127 discipuli

2272 2159 2425 2226 fiant,
2458 2158 2701 2229 magistri
2728 2156 2844 2211 fieri
2872 2162 3129 2227 appetunt
3158 2172 3172 2208 :
3201 2165 3253 2208 et
3278 2152 3474 2224 quibus
3508 2166 3618 2206 non
3650 2159 3860 2205 estsan-

2274 2248 2431 2304 ctitas
2471 2247 2526 2303 in
2573 2246 2850 2309 moribus,
2900 2258 3000 2298 nec
3046 2242 3334 2298 maturitas
3378 2241 3432 2295 in
3480 2248 3855 2308 attate,neque

2275 2340 2523 2397 doctrina
2555 2341 2607 2394 in
2646 2336 2990 2393 sermonibus
3024 2333 3369 2407 suﬁ‘ragatur,
3403 2332 3769 2387 inverecunde
3790 2330 3856 2385 lo-

2276 2451 2398 2493 cum
2451 2433 2728 2505 regiminis
2771 2438 3068 2503 appetunt,
3111 2438 3165 2484 et
3204 2429 3324 2484 ideo
3369 2427 3627 2499 magistri
3674 2426 3853 2482 erroris

2280 2526 2440 2590 ﬁunt,
2470 2525 2594 2596 quia
2638 2521 2887 2593 discipuli
2924 2520 3170 2577 veritatis
3215 2534 3335 2576 esse
3376 2518 3696 2574 noluerunt.
3742 2516 3851 2572 Cum

2279 2619 2422 2676 enim
2460 2618 2657 2689 aliquis
2698 2630 2950 2688 perverse
2997 2614 3184 2669 vivens
3233 2610 3463 2668 docendi
3500 2608 3742 2666 olIicium
3784 2608 3851 2664 in-

2280 2714 2440 2784 digne
2501 2711 2768 2783 suscipit,
2825 2709 2981 2780 quasi
3029 2723 3206 2764 ctecus
3244 2720 3387 2763 εωοο
3445 2705 3706 2761 ducatum
3743 2718 3856 2774 prae-

2278 2804 2407 2859 bere
2440 2802 2742 2873 praesumit,
2784 2810 2838 2856 et
2892 2800 3012 2855 ideo
3057 2800 3217 2855 ambo
3272 2797 3324 2853 in
3370 2796 3587 2852 foveam
3636 2797 3856 2857 cadunt.

2281 2896 2406 2966 quia
2433 2903 2488 2949 et
2512 2894 2603 2951 ille
2633 2894 2851 2965 indigne
2880 2901 3104 2964 praeest,
3134 2899 3188 2947 et
3212 2891 3314 2946 iste
3338 2889 3540 2945 malum
3568 2888 3857 2958 exetnplum

2286 2990 2551 3061 sequitur,
2576 3004 2638 3044 ac
2659 3005 2760 3059 per
2783 2989 2887 3044 hoc
2908 2997 3136 3057 uterque
3158 2987 3209 3041 in
3234 3001 3479 3043 errorem
3510 2986 3724 3041 incidit.
3750 2984 3860 3040 inde

2282 3080 2514 3138 Jacobus
2550 3080 2684 3135 dicit
2729 3099 2741 3133 :
2777 3100 2793 3130 ‹
2824 3078 3002 3134 Nolite
3041 3078 3159 3133 ﬁeri
3202 3077 3387 3149 plures
3432 3077 3686 3147 magistri
3735 3074 3856 3147 (Jac.

2282 3176 2388 3246 ιιι).
2420 3196 2437 3227 ι
2493 3172 2682 3230 Omnis
2732 3175 2875 3229 enim
2924 3173 3020 3244 qui
3054 3173 3196 3228 viam
3241 3171 3488 3227 veritatis
3540 3171 3666 3226 aliis
3701 3182 3861 3228 osten-

2283 3268 2409 3322 dere
2444 3267 2751 3333 desiderat,
2797 3265 3110 3321 cautissime
3154 3279 3349 3320 cavere
3382 3263 3576 3328 debet,
3614 3278 3683 3318 ne
3725 3262 3862 3316 aliter

2282 3358 2430 3412 vivat
2458 3373 2621 3429 quam
2655 3357 2883 3424 doceat,
2938 3356 3043 3412 nisi
3093 3356 3329 3426 qualiter
3374 3355 3507 3410 vixit
3546 3353 3863 3410 Christusct

2283 3446 2485 3504 docuit.
2514 3446 2668 3504 Unde
2690 3455 2745 3502 et
2769 3447 3055 3502 subditur:

2360 3559 2378 3591 ι
2404 3537 2519 3593 Νοιι
2550 3550 2635 3596 est
2674 3538 2967 3610 discipulus
3005 3552 3167 3609 super
3208 3537 3567 3611 magistrum:
3606 3536 3863 3608 perfectas

2291 3648 2309 3681 ι
2346 3637 2526 3685 autem
2555 3630 2731 3687 omnis
2757 3631 2862 3685 erit
2881 3672 2895 3695 ,
2926 3629 2971 3684 si
3002 3630 3078 3685 sit
3110 3628 3251 3685 sicut
3273 3627 3531 3699 magister
3554 3626 3695 3697 ejus.
3726 3648 3747 3680 ι
3779 3626 3865 3682 So-

2287 3721 2359 3777 let
2382 3736 2617 3790 namque
2643 3721 2695 3775 in
2726 3720 2975 3775 humanis
3002 3720 3302 3791 disciplinis
3326 3720 3676 3792 contingere,
3716 3730 3772 3773 ut
3798 3720 3867 3775 di-

2287 3812 2526 3883 scipulus
2566 3827 2663 3882 per
2703 3827 2929 3867 acumen
2974 3812 3174 3868 mentis
3207 3811 3495 3869 antecellat
3532 3812 3865 3885 magistrum.

2288 3902 2543 3974 Magister
2576 3918 2705 3974 ergo
2746 3903 2799 3958 in
2828 3904 2932 3959 boc
2960 3904 3081 3960 loco
3112 3903 3200 3959 ille
3239 3903 3575 3977 intelligitur,
3621 3902 3719 3974 qui
3751 3903 3868 3958 alibi

2287 4001 2362 4052 ait
2393 4017 2405 4051 :
2441 4016 2457 4048 ι
2496 3997 2598 4052 Vos
2634 3996 2843 4053 vocatis
2867 4012 2976 4064 me,
3016 3996 3271 4067 Magister
3299 4006 3356 4051 et
3380 3996 3630 4061 Domine,
3655 4005 3715 4051 et
3740 3995 3869 4050 bene

2289 4089 2468 4146 dicitis
2504 4088 2686 4159 (Jahn.
2722 4090 2841 4160 χιιι)
2870 4108 2879 4144 :
2914 4108 2934 4142 ι
2975 4088 3041 4144 Et
3069 4089 3195 4145 item
3223 4107 3236 4144 :
3280 4110 3296 4138 ι
3331 4087 3438 4144 Nec
3467 4087 3733 4143 vocemini
3769 4102 3872 4141 ma-

2287 4181 2463 4250 gistri,
2500 4196 2636 4233 unus
2678 4180 2823 4238 enim
2853 4188 2938 4235 est
2971 4180 3229 4252 magister
3258 4188 3472 4246 vester,
3513 4177 3605 4250 qui
3635 4177 3690 4231 in
3723 4178 3870 4233 caelis

2287 4276 2370 4324 est
2417 4268 2632 4338 (Matth.
2660 4269 2840 4342 χχιιι).
2872 4289 2892 4323 ι
2939 4269 3068 4337 Quae
3116 4269 3381 4326 sententia
3427 4285 3458 4322 a
3502 4264 3871 4338 superioribus

2286 4361 2514 4430 pendet,
2558 4361 2644 4414 ubi
2674 4361 2878 4416 dictum
2922 4368 3045 4416 est:
3084 4382 3101 4413 ι
3132 4361 3427 4426 Dimittite,
3472 4368 3525 4416 et
3569 4360 3872 4416 dimittetur

2288 4452 2461 4509 vobis.
2486 4452 2620 4507 Date
2645 4460 2698 4507 et
2721 4451 2936 4507 dabitur
2961 4452 3127 4508 vobis.
3158 4473 3179 4505 ι
3218 4452 3356 4508 Acsi
3381 4452 3584 4509 diceret
3608 4471 3623 4506 :
3662 4451 3726 4507 Si
3763 4467 3871 4508 ma-

600 4526 738 4573 ιθδιθ
764 4515 1053 4618 ᾼ99⁵ί⁰¹9’
1091 4513 1184 4618 ‘1)“
1211 4515 1329 4618 ait}
1375 4515 1518 4618 (φή
1547 4514 1987 4618 Ρ³Γθθη⁸θξῃίῐξξ¹ί’
2022 4529 2183 4618 Pa"?
2208 4522 2266 4585 Ῑ)
2290 4545 2459 4618 gister
2485 4552 2683 4608 vester,
2717 4559 2838 4598 cum
2862 4545 3033 4615 possit
3066 4554 3125 4600 ut
3148 4544 3313 4612 Deus,
3343 4561 3471 4602 suas
3497 4545 3671 4602 noluit
3698 4545 3873 4601 vindic

598 4618 655 4665 et
694 4616 892 4675 metet;
945 4616 1003 4661 et
1046 4607 1139 4677 qui
1182 4606 1415 4663 seminat
1450 4607 1505 4661 in
1547 4605 2019 4661 benedictionibus
2046 4648 2061 4673 ,
2118 4607 2185 4663 de

598 4699 1067 4758 benedictionibus
1097 4707 1263 4755 metet
1278 4697 1359 4771 (11
1393 4697 1513 4753 Cor.
1559 4698 1639 4771 ιχ)
1672 4718 1690 4751 ι
1721 4698 1885 4752 vitam
1906 4704 2183 4753 :etemam.

682 4847 701 4879 ι
739 4828 962 4885 Dicebat
992 4835 1176 4882 autem
1199 4826 1304 4883 illis
1338 4835 1392 4880 et
1435 4824 1843 4882 similitudinem
1876 4843 1888 4878 :
1934 4824 2185 4897 Nunquid

612 4942 630 4975 ι
667 4929 843 4993 potest
870 4936 1049 4978 caecus
1092 4936 1292 4977 caecum
1334 4916 1566 4974 ducere?
1614 4915 1802 4972 Nonne
1836 4918 1995 4973 ambo
2025 4918 2077 4972 in
2109 4916 2188 4972 fo-

613 5033 631 5064 ‹
675 5028 822 5067 ream
849 5011 1083 5068 cadunt?
1104 5031 1122 5063 ι
1157 5011 1215 5067 lu
1240 5012 1340 5066 hac
1371 5006 1719 5065 similitudine
1744 5008 2006 5064 Dominus
2034 5008 2183 5063 Scri-

610 5105 705 5159 bas
729 5112 785 5160 et
806 5102 1110 5160 Pbariszeos
1135 5099 1437 5173 specialiter
1461 5098 1694 5168 percutit
1712 5139 1726 5163 ,
1753 5099 1844 5169 qui
1868 5098 2044 5154 locum
2073 5114 2188 5153 ma-

611 5193 816 5266 gisterii
844 5194 1063 5267 indigne
1093 5198 1385 5261 usurpant,
1434 5188 1719 5244 Dominum
1767 5189 2103 5254 deserentes,
2132 5197 2189 5244 ut

615 5284 871 5341 Dominus
901 5284 1028 5339 alibi
1055 5283 1174 5337 ait:
1214 5300 1231 5331 ι
1268 5278 1575 5337 Mandatum
1612 5280 1706 5336 Dei
1749 5279 2187 5352 transgredimini

612 5383 835 5447 propter
881 5374 1196 5429 traditiones
1239 5379 1447 5426 vestras
1484 5370 1699 5443 (Matth.
1726 5371 1842 5442 xv).
1880 5392 1897 5423 ι
1935 5369 2034 5438 Qui
2064 5385 2185 5426 cum

615 5468 741 5525 caici
767 5473 983 5531 essent,
1011 5465 1084 5519 ita
1106 5471 1167 5518 ut
1186 5478 1242 5520 se
1261 5477 1433 5519 caecos
1469 5477 1588 5519 esse
1614 5464 1907 5528 nescirent,
1945 5461 2189 5533 magistri

618 5557 734 5613 fieri
765 5555 818 5610 in
854 5551 1047 5624 populo
1094 5567 1199 5608 non
1242 5554 1630 5610 erubescebant
1665 5544 1698 5607 ε’
1711 5569 1817 5609 non
1843 5552 2050 5609 lucrum
2080 5554 2192 5608 ani-

618 5662 828 5701 marum
849 5653 1154 5715 quaerentes
1176 5686 1192 5712 ,
1240 5646 1333 5701 sed
1369 5661 1479 5701 sua:
1511 5645 1784 5716 iactantia:
1819 5654 1874 5700 et
1913 5645 2191 5715 cupiditati

620 5736 980 5799 consulentes,
1021 5751 1125 5791 non
1155 5747 1214 5792 ut
1242 5737 1435 5808 populo
1462 5738 1796 5807 prodessent,
1834 5736 1926 5791 sed
1953 5736 2189 5791 honora-

2294 4651 2421 4693 care
2447 4636 2700 4706 injurias,
2729 4647 2784 4693 et
2810 4653 2905 4693 vos
2927 4636 3152 4708 perfecti
3178 4655 3296 4696 esse
3325 4639 3570 4711 poteritis
3601 4638 3871 4711 discipuli,

2293 4731 2336 4784 si
2365 4729 2506 4783 inter
2543 4729 2944 4799 persecutiones
2987 4746 3090 4785 non
3137 4730 3361 4801 injurias
3400 4730 3753 4801 rependatis,
3793 4729 3873 4787 sed

2292 4821 2607 4893 patientiam
2647 4822 2984 4889 exbibeatis,
3024 4838 3131 4881 non
3173 4824 3313 4894 quod
3363 4824 3438 4878 ita
3481 4822 3708 4895 perfecti
3767 4836 3876 4879 esse

2293 4914 2564 4985 possimus
2587 4957 2600 4981 ,
2632 4915 2769 4970 sicut
2799 4916 2913 4986 ipse
2948 4916 3047 4982 ait,
3089 4918 3183 4972 scd
3211 4933 3309 4988 pro
3324 4916 3537 4973 modulo
3561 4927 3778 4974 nostra
3802 4932 3877 4975 ca.

2292 5006 2543 5077 pacitatis
2585 5007 2943 5063 humilitatem
2983 5016 3037 5062 et
3078 5009 3544 5065 mansuetudinem
3574 5009 3725 5065 illius
3771 5010 3877 5066 imi-

2295 5095 2400 5150 tari
2425 5097 2701 5165 debemus,
2733 5097 2876 5153 illius
2899 5099 3012 5153 veri
3036 5101 3281 5172 magistri
3309 5100 3614 5171 exertrplum
3643 5116 3878 5174 sequen-

2298 5197 2397 5254 tes,
2421 5190 2513 5259 qui
2540 5189 2646 5244 ait:
2690 5209 2707 5242 ι
2739 5190 2940 5246 Discite
2967 5207 2997 5244 a
3023 5208 3107 5247 me
3126 5196 3252 5263 quia
3280 5194 3425 5247 mitis
3446 5203 3640 5247 sumet
3659 5193 3879 5249 humilis

2295 5279 2461 5336 corde
2488 5278 2702 5352 (Matth.
2734 5280 2831 5352 χι).
2868 5302 2884 5334 ι
2922 5280 3059 5345 Sunt
3093 5283 3377 5352 aliquanti,
3413 5284 3505 5354 qui
3544 5284 3598 5339 in
3643 5283 3877 5340 aliorum

2296 5372 2442 5427 vitiis
2469 5372 2801 5443 corrigendis
2831 5373 3075 5428 duriores
3115 5383 3171 5429 et
3201 5375 3559 5431 districtiores
3587 5383 3876 5447 apparent,

2298 5478 2419 5519 cum
2446 5462 2500 5517 in
2521 5464 2635 5519 suis
2652 5463 2962 5521 blandiores
2991 5473 3046 5520 et
3078 5466 3312 5523 leniores
3336 5468 3589 5524 existant.
3646 5466 3808 5525 Unde
3829 5471 3879 5521 et

2298 5553 2545 5609 subditur
2573 5573 2584 5607 :

2371 5665 2390 5697 ι
2419 5645 2557 5713 Quid
2584 5653 2764 5703 autem
2788 5649 2939 5705 vides
2981 5648 3243 5706 festucam
3290 5651 3343 5707 in
3373 5653 3530 5709 oculo
3559 5652 3754 5711 fratris
3785 5650 3876 5714 ωί.

2305 5756 2322 5788 ι
2359 5737 2562 5793 trabem
2595 5748 2772 5796 autem
2803 5756 2922 5797 uuae
2952 5742 3004 5797 in
3041 5742 3198 5798 oculo
3234 5754 3325 5799 tuo
3353 5754 3436 5801 est
3455 5785 3469 5810 ,
3500 5762 3604 5801 non
3631 5744 3880 5802 conside-
