4014 6354
240 347 348 403 ως

1460 339 1766 399 HODILUE
1802 339 1895 396 Βῑ
1933 339 2282 398 ΤΕΜΡῡιιΕ.

252 476 279 511 τι
312 457 444 513 ras?
473 475 493 508 ι
528 454 799 523 Quantum
826 455 970 510 inter
995 453 1255 511 festucam
1282 462 1340 509 et
1368 454 1604 519 trabem,
1631 459 1842 508 tantum
1869 460 1922 519 Α
1947 452 2147 509 educas
2193 450 2457 507 festucam
2501 452 2569 507 de
2592 467 2753 508 ocu.o
2784 450 2971 508 fratris
3000 452 3096 508 tul.
3127 472 3147 505 ι
3181 451 3367 523 Neque
3412 456 3529 513 hac
3568 525 3577 528 ἡ

246 550 401 605 inter
422 556 703 618 peccatum
733 547 907 619 majus
920 555 985 603 et
1008 547 1191 603 minus
1218 548 1407 603 distat.
1444 547 1603 615 Quod
1632 556 1695 602 ut
1727 561 1839 602 ma-

253 640 506 696 nifestius
535 638 883 710 intelligatur,
913 655 1077 695 unum
1107 654 1138 695 e
1160 641 1370 696 cunctis
1388 640 1704 695 inmedium
1720 653 1845 710 pro-

248 735 514 792 feramus.
556 733 715 789 Verbi
754 734 965 805 gratia:
994 734 1079 790 ira
1121 736 1434 801 subitanea,
1478 734 1688 792 festuca
1722 741 1844 800 est;

242 824 556 880 inveterata
598 832 816 889 autem,
858 821 1038 879 trabes
1082 821 1334 879 efﬁcitur.
1396 824 1464 878 Et
1503 823 1586 877 ira
1628 822 1845 893 quidem

251 916 544 972 saliunca
574 914 792 970 oculum
829 914 1024 969 mentis
1064 915 1377 986 perturbat,
1416 914 1561 969 sicut
1584 926 1688 984 per
1714 912 1847 968 Pro—

250 1011 473 1080 phetam
550 1009 796 1069 dicitur:
846 1025 869 1060 ι
898 1005 1166 1065 Turbatus
1224 1017 1311 1064 est
1360 1022 1475 1079 pm
1512 1007 1593 1061 ira
1658 1005 1847 1061 oculus

250 1118 411 1159 mens
440 1099 616 1174 (Paul.
647 1099 746 1173 vi).
780 1121 800 1153 ι
836 1098 1037 1157 Odium
1076 1108 1259 1156 am
1304 1109 1547 1156 mentem
1574 1108 1842 1165 excaecat,

251 1204 397 1251 teste
434 1191 642 1250 Joanne
683 1192 945 1265 apostolo,
992 1193 1087 1264 qui
1121 1193 1235 1248 ait:
1270 1212 1289 1244 ι
1316 1191 1423 1261 Qui
1444 1192 1573 1259 .odit
1620 1190 1845 1247 fratrem

249 1300 447 1352 suum,
496 1286 550 1355 in
590 1284 828 1341 tenebris
868 1294 983 1351 est,
1022 1293 1080 1340 et
1126 1284 1183 1340 in
1223 1283 1462 1341 tenebris
1489 1283 1752 1348 ambulat,
1790 1289 1845 1338 et

250 1376 429 1433 nescit
468 1390 576 1447 quo
618 1378 813 1441 vadat;
850 1375 1109 1446 quoniam
1152 1376 1393 1431 tenebrat
1433 1381 1846 1430 cremaverunt

249 1469 440 1525 oculos
486 1465 602 1537 eius
642 1467 695 1541 (Ι
717 1465 881 1522 leae.
913 1465 998 1539 ιι).
1028 1484 1048 1519 ι
1078 1466 1181 1533 Qui
1200 1466 1351 1521 enim
1372 1465 1566 1520 odium
1600 1464 1655 1518 in
1672 1462 1846 1519 corde

249 1576 502 1627 servans,
526 1560 754 1615 fratrem
780 1560 967 1616 subito
995 1559 1322 1614 irascentem
1342 1558 1534 1612 durius
1548 1556 1844 1627 mprobe!»

254 1654 339 1708 dit
384 1660 440 1709 et
478 1650 776 1720 diiudicat,
806 1651 961 1722 quasi
1004 1650 1072 1705 de
1110 1648 1335 1705 alterius
1376 1647 1539 1703 uendo
1581 1645 1843 1703 festucam

250 1744 451 1815 ejicere
491 1744 700 1810 nititur,
750 1743 806 1797 iu
848 1756 949 1799 suo
970 1738 1190 1797 trabem
1210 1755 1318 1797 non
1338 1740 1554 1795 videns.
1580 1737 1689 1794 Sed
1719 1739 1844 1807 quia

1944 544 2191 600 dicentes
2208 542 2447 614 aliquem
2473 556 2499 595 a
2523 542 2764 603 fraterna
2792 544 3134 615 correptione
3155 545 3528 615 prohibemus,

1948 636 2183 691 maxime
2212 651 2337 691 cum
2366 636 2503 691 sicut
2526 634 2759 692 Jacobus
2807 638 3084 709 apostolus
3123 639 3201 694 ait
3234 639 3393 710 (Jac.
3423 641 3481 705 v)
3512 664 3523 696 :

1949 745 1971 779 ι
2008 727 2112 795 Qui
2158 727 2400 783 converti
2441 726 2635 782 fecerit
2676 737 3019 797 peccatorem
3069 731 3140 786 ab
3178 742 3373 788 errore
3425 750 3527 790 vta:

1947 834 2081 886 ante,
2108 819 2341 876 salvabit
2364 818 2603 875 auium
2638 820 2758 890 eius
2783 838 2813 876 a
2843 832 3041 888 morte,
3077 833 3133 879 et
3152 825 3367 895 aperiet
3384 825 3530 882 utul—

1950 911 2231 967 titudinetn
2304 920 2669 980 peccatorum.
2714 932 2735 964 ο
2780 910 2887 969 Sed
2938 914 3369 986 quotiescunque
3414 915 3532 972 fra-

1947 1010 2086 1056 trem
2115 1016 2340 1071 peccare
2364 1004 2627 1067 videmus,
2654 1012 2854 1061 nestrae
2896 1007 3204 1078 fragilitatis
3228 1022 3523 1075 attenuatos,

1944 1092 2189 1167 bcnigne
2199 1104 2254 1150 et
2280 1096 2478 1152 leniter
2502 1098 2776 1170 corrigere
2799 1099 3077 1165 debemus,
3092 1110 3346 1158 monente
3360 1101 3528 1158 Paulo

1946 1184 2192 1253 apostolo
2226 1203 2241 1240 :
2279 1205 2299 1237 ι
2334 1185 2642 1252 Fratres,si
2664 1198 3072 1260 praeoccupatus
3094 1188 3263 1246 fuerit
3285 1192 3449 1248 homo
3470 1192 3523 1247 in

1947 1274 2131 1346 aliquo
2152 1276 2372 1344 delicto,
2421 1294 2537 1345 vos,
2578 1281 2671 1350 qui
2705 1281 2975 1350 spiritales
3014 1283 3172 1347 estis,
3216 1284 3528 1354 huiusmodi

1946 1366 2199 1423 instruite
2242 1368 2297 1423 in
2345 1370 2536 1440 spiritu
2571 1371 2833 1439 lenitatis,
2879 1372 3234 1429 considerans
3272 1375 3528 1443 teipsum,

1938 1474 2016 1515 ne
2042 1470 2098 1516 et
2126 1469 2182 1516 tu
2209 1463 2431 1520 tenteris
2457 1462 2602 1535 (Gal.
2637 1466 2734 1535 vr).
2772 1486 2794 1520 ι
2828 1466 2964 1522 Cum
2993 1476 3176 1521 autem
3195 1468 3430 1538 aliquem
3450 1470 3531 1524 in-

1944 1553 2331 1626 corrigibiliter
2349 1558 2496 1614 vitiis
2522 1559 2791 1615 inbuere
2814 1561 3206 1632 conspicimus,
3230 1562 3351 1617 zelo
3365 1563 3529 1619 recti-

1942 1646 2151 1703 tudinis
2176 1649 2415 1716 accensi,
2445 1649 2632 1706 durius
2660 1651 2945 1722 increpare
2972 1652 3251 1717 debemus,
3280 1652 3530 1724 exemplo

1944 1734 2091 1792 illius
2128 1738 2222 1807 qui
2251 1739 2329 1794 ait
2360 1757 2376 1793 :
2408 1756 2433 1791 ι
2481 1740 2596 1796 Vidi
2624 1743 3064 1812 praevaricantes,
3089 1753 3146 1799 et
3186 1743 3530 1800 tabesoeham

249 1833 412 1903 cuius
434 1816 884 1904 vita'despicitur,
924 1832 1068 1889 illius
1107 1828 1418 1903 praedicatio
1444 1830 1836 1894 contemnitur,
1862 1822 1916 1887 8
1942 1826 2120 1898 (Paul.
2156 1830 2367 1905 cxvrn).
2405 1850 2425 1884 ο
2449 1833 2519 1889 Ει
2544 1833 2740 1890 iterum
2773 1854 2787 1892 :
2823 1854 2843 1889 ι
2876 1836 3066 1893 Nonne
3087 1838 3180 1907 qui
3199 1838 3530 1906 oderuntte,

251 1936 405 1982 recte
433 1922 815 1998 subiungitur:

332 2038 351 2072 ι
378 2021 448 2075 Et
466 2020 735 2092 quomodo
754 2030 910 2091 potes
943 2021 1122 2078 dicere
1148 2019 1306 2076 fratri
1331 2029 1456 2076 tuo:
1485 2019 1699 2085 Frater,
1729 2018 1847 2074 sine

255 2132 276 2165 ι
308 2114 521 2183 eiiciam
567 2114 828 2170 festucam
872 2115 940 2169 de
977 2114 1134 2170 oculo
1178 2123 1287 2179 tuo,
1314 2115 1435 2184 ipse
1466 2115 1519 2168 in
1568 2113 1726 2169 ocuiu
1750 2122 1848 2167 tuo

254 2222 278 2256 ι
312 2207 526 2261 trabem
572 2221 677 2259 non
704 2204 933 2260 videns?
963 2224 981 2258 ι
1022 2204 1131 2272 Qui
1164 2204 1313 2259 enim
1356 2204 1579 2260 alterius
1620 2205 1847 2259 minima

248 2305 481 2368 peccata
514 2296 624 2350 vult
667 2296 979 2367 corrigere,
1034 2308 1256 2351 necesse
1286 2304 1463 2351 estut
1484 2296 1716 2364 primum
1750 2309 1847 2350 sua

253 2389 497 2460 corrigat
536 2396 594 2442 et
642 2387 894 2443 emendet
918 2427 933 2453 ,
982 2387 1266 2457 nequando
1318 2386 1465 2441 dicat
1512 2384 1619 2440 illis
1656 2384 1843 2439 “Deus:

257 2497 278 2532 ι
313 2477 498 2545 Quare
546 2487 603 2533 tu
638 2492 865 2534 enarras
892 2476 1132 2547 justitias
1161 2492 1330 2543 meas,
1353 2485 1407 2531 et
1427 2476 1655 2532 assumis
1682 2484 1845 2531 testa-

252 2578 499 2627 mentum
524 2583 702 2625 meum
724 2583 826 2639 per
844 2583 907 2625 os
930 2569 1117 2623 tuum?
1146 2569 1226 2624 Tu
1256 2582 1385 2625 vero
1410 2569 1577 2625 omni
1603 2568 1839 2637 discipli-

252 2675 383 2716 nam
402 2700 418 2725 ,
456 2669 512 2715 et
540 2658 815 2730 proiecisti
849 2674 1128 2716 sermones
1156 2674 1308 2715 meos
1332 2668 1636 2716 retrorsum
1664 2657 1842 2730 (Paul.

252 2750 431 2822 xux).
459 2769 479 2802 ι
527 2749 631 2819 Qui
679 2750 822 2805 enim
867 2750 1092 2806 alterius
1134 2751 1301 2806 vitam
1354 2751 1624 2807 discutere
1663 2751 1844 2816 debet,

246 2856 453 2913 purum
486 2840 701 2897 oculum
733 2842 928 2896 mentis
969 2855 1190 2897 necesse
1218 2852 1304 2897 est
1333 2849 1392 2896 ut
1420 2841 1617 2895 habent
1641 2882 1655 2905 ,
1705 2841 1847 2895 sicut

250 2931 545 3003 Apostolus
580 2933 647 2987 ad
698 2932 1039 2987 Timotheum
1074 2932 1298 2988 scribit:
1337 2952 1356 2982 ι
1382 2931 1602 3003 Oportet
1628 2932 1843 3002 episco-

249 3038 382 3096 pum
424 3024 953 3095 irreprehensibilem
1000 3038 1119 3080 esse
1148 3034 1402 3093 tanquam
1442 3023 1839 3094 Deidispensa-

248 3126 425 3173 torem
450 3116 503 3189 (-1
532 3112 667 3172 Tim.
694 3120 797 3189 ιιι).
822 3137 843 3171 ι
871 3118 1024 3176 Unde
1043 3115 1300 3175 Dominus
1313 3118 1490 3174 adhuc
1502 3119 1843 3175 admonendo

246 3210 551 3283 subiungit,
580 3211 762 3268 dicens
794 3226 809 3266 :

334 3319 353 3353 ι
393 3302 881 3375 Ιιγροειιίιιιλθῇίοθ
912 3303 1147 3374 primum
1184 3303 1393 3359 trabem
1419 3302 1486 3358 de
1521 3302 1678 3358 oculo
1722 3312 1814 3358 tuo

258 3412 281 3447 ι
320 3401 371 3448 et
416 3403 543 3448 tunc
576 3392 870 3465 perspicies
910 3401 971 3448 ut
1016 3394 1217 3449 educas
1272 3391 1536 3448 festucam
1580 3392 1648 3448 de
1674 3393 1839 3449 ocule

257 3505 278 3539 ι
316 3485 500 3542 fratris
523 3487 619 3542 tui.
661 3506 679 3540 ι
734 3485 1027 3558 Hypocrita
1072 3485 1280 3553 Graece,
1320 3485 1515 3542 Latine
1558 3484 1841 3542 simulator

248 3578 454 3633 dicitur
480 3577 569 3632 vel
614 3577 963 3644 subauratus,
994 3592 1104 3649 quo
1152 3577 1375 3634 nomine
1420 3576 1495 3633 iiii
1526 3586 1836 3644 censentur,

242 3669 345 3740 qui
382 3669 530 3725 aliud
584 3670 876 3725 ostendunt
894 3670 1152 3735 exterius,
1179 3679 1236 3726 et
1269 3669 1416 3726 aliud
1442 3679 1663 3726 servant
1690 3672 1835 3727 inte-

245 3759 387 3815 rius.
422 3758 580 3816 Tales
604 3759 867 3816 Dominus
894 3760 953 3815 in
983 3760 1277 3829 Evangelio
1307 3762 1569 3831 increpat,
1606 3761 1791 3817 dicens
1818 3778 1833 3816 :

252 3869 273 3902 ι
300 3850 393 3906 νει
418 3849 596 3916 vobis,
624 3849 833 3906 Scribat
870 3858 926 3905 et
952 3849 1212 3906 Pharisaei
1239 3851 1554 3922 hypocritse,
1580 3850 1836 3921 quoniam

200 3938 207 3944 ’
250 3942 465 3998 similes
495 3942 630 3998 estis
665 3941 928 4012 sepulcris
967 3941 1251 4008 dealbatis,
1287 3957 1409 4013 qua:
1430 3958 1462 3996 a
1491 3942 1624 3998 foris
1670 3959 1837 4013 appa-

240 4041 377 4088 rent
403 4032 711 4087 hominibus
738 4032 1008 4102 speciosa,
1032 4032 1179 4087 intus
1202 4047 1337 4087 vero
1361 4042 1486 4087 sunt
1520 4032 1677 4103 plena
1707 4031 1839 4088 ossi-

244 4125 353 4179 bus
384 4130 716 4177 mortuorum
738 4129 804 4177 'et
824 4123 973 4177 omni
994 4123 1276 4193 spurcitia.
1306 4120 1398 4179 Sic
1421 4131 1475 4178 et
1496 4138 1597 4178 vos
1618 4122 1835 4192 quidem

246 4232 281 4269 a
322 4213 457 4269 foris
502 4214 706 4284 paretis
746 4213 1054 4269 hominibus
1074 4213 1229 4284 iusti,
1275 4216 1421 4269 intus
1459 4222 1640 4269 autent
1690 4213 1835 4282 pleni

243 4308 386 4363 estis
412 4306 683 4380 hypocrisi
716 4315 773 4363 et
800 4306 1086 4376 iniquitate
1116 4305 1335 4378 (Matth.
1365 4307 1543 4379 XXIII).
1591 4328 1612 4360 ι
1650 4306 1835 4374 Quam

244 4415 417 4470 grave
461 4414 699 4468 namque
748 4398 938 4454 vitium
992 4398 1065 4454 sit
1102 4398 1439 4469 hypocrisis,
1498 4399 1686 4454 beatus
1735 4396 1836 4455 Job

248 4489 508 4553 ostendit,
567 4504 691 4544 cum
739 4488 858 4543 ait:
894 4507 912 4539 ι
947 4486 1065 4544 Νοιι
1108 4488 1252 4543 enim
1294 4489 1471 4545 veniet
1507 4488 1564 4542 in
1605 4504 1836 4559 conspe-

1952 1918 2195 1986 Domine,
2225 1922 2482 1978 Metam?
2526 1923 2773 1981 Perfecto
2799 1926 2924 1982 odio
2953 1927 3175 1982 oderam
3204 1926 3326 1982 illos
3352 1920 3527 1998 (Pint.

1947 2015 2229 2086 unum).
2272 2034 2290 2066 ι
2324 2014 2648 2072 Tuncenim
2687 2018 2807 2072 sine
2850 2018 3007 2089 culpa
3049 2018 3213 2073 irasci
3259 2018 3528 2086 videam.

1946 2108 2169 2174 quando
2188 2106 2352 2162 tulere
2374 2109 2721 2176 asperitatem
2747 2124 2858 2165 non
2879 2110 2986 2171 ira.
3009 2110 3103 2165 sed
3125 2108 3275 2165 aelus
3307 2110 3529 2177 lectitat,

1951 2195 2004 2250 in
2024 2197 2270 2267 exemplo
2309 2197 2501 2269 Moysi,
2537 2200 2632 2269 qui
2681 2202 2815 2255 exiit
2840 2216 2872 2255 a
2902 2200 3186 2258 Phameae
3224 2201 3401 2257 iratis
3426 2200 3529 2265 ni-

1950 2284 2072 2351 mis,
2101 2285 2228 2355 quia
2263 2285 2380 2355 eius
2403 2288 2696 2359 nequitiam
2726 2290 3152 2360 incorrigibilem
3184 2289 3335 2347 vidit.

2495 2397 2777 2457 HOMILIA
2814 2399 2997 2459 CXVI.

2213 2484 2468 2526 οοιιιιιια
2505 2485 2678 2528 SEXTA
2715 2487 2844 2529 Ρωτ
2882 2488 3281 2533 mmosru.

2019 2559 2061 2629 (l
2088 2558 2259 2615 Pera.
2290 2561 2399 2633 ιιι.)
2429 2583 2447 2613 ί
2467 2560 2809 2631 Cbarissimi,
2832 2580 3026 2623 omnes
3046 2568 3328 2627 unanimes
3345 2569 3531 2629 inora-

1950 2670 1972 2702 ι
2010 2651 2159 2708 tione
2184 2661 2378 2710 estote.
2416 2674 2438 2706 ο
2490 2654 2551 2709 Et
2585 2656 2812 2727 reliqua.
2844 2652 3227 2717 Fraternita'tis
3264 2660 3531 2717 unanimi-

1942 2750 2032 2796 tas
2060 2742 2221 2798 veluti
2244 2745 2374 2800 urbe
2402 2745 2855 2819 meapugnabilis,
2874 2750 3121 2805 hostium
3140 2765 3252 2807 non
3278 2754 3428 2823 pauet
3450 2753 3531 2808 in-

1940 2829 2121 2888 sidiis.
2152 2831 2328 2890 liabet
2354 2836 2501 2891 enim
2528 2846 2811 2904 sancta,ut
2835 2836 3092 2896 Salomon
3118 2841 3402 2914 ιιὶι-(ϐωιι.
3433 2848 3529 2913 vi).

1942 2932 2249 2980 castrorum
2281 2926 2453 2982 aciein
2497 2927 2828 2996 ordinatam,
2868 2946 3033 3002 quam
3066 2932 3282 3005 tyranni
3322 2942 3380 2989 et
3408 2950 3531 3004 per-

1942 3024 2224 3072 secutores
2249 3032 2353 3072 una
2396 3034 2531 3073 cum
2558 3028 2782 3077 auctore
2822 3036 2922 3077 suo
2958 3023 3174 3080 diabolo
3201 3039 3308 3080 non
3350 3023 3533 3080 valent

1942 3119 2231 3176 erumpere
2257 3126 2270 3162 :
2299 3109 2426 3178 quia
2467 3110 2522 3164 in
2576 3111 2796 3167 uniente
2839 3111 3059 3169 Christo
3100 3131 3209 3172 nec
3259 3126 3532 3190 martyres

1863 3194 1915 3263 (ε
1943 3198 2268 3266 persecutio,
2303 3213 2401 3255 nec
2428 3202 2668 3273 virgines
2695 3203 2932 3259 carnalis
2958 3205 3269 3274 delectatio,
3299 3223 3402 3264 nec
3432 3209 3531 3264 mi-

1942 3287 2251 3341 sericordes
2282 3288 2571 3358 cupiditas,
2595 3306 2697 3347 nec
2727 3294 2958 3349 humiles
3006 3296 3314 3365 temporalis
3340 3297 3528 3369 gloria:

1942 3380 2179 3436 devincit
2205 3382 2451 3437 ambitio.
2487 3402 2506 3433 ι
2538 3381 2960 3454 Compatientes.
2996 3408 3015 3439 ι
3043 3388 3197 3443 Sicut
3226 3389 3525 3461 enimgau-

1942 3471 2071 3528 dere
2096 3472 2351 3529 debemus
2401 3488 2525 3528 cum
2573 3476 2951 3546 gaudentibus,
3010 3478 3084 3533 ita
3125 3486 3180 3534 et
3243 3478 3373 3537 flere
3402 3495 3524 3536 cum

1940 3560 2214 3630 flentibus,
2236 3564 2377 3619 sicut
2405 3564 2604 3621 Paulus
2631 3566 2864 3625 faciebat
2902 3570 3195 3640 apostolus,
3241 3572 3335 3643 qui
3372 3573 3521 3630 dice-

1939 3653 2063 3707 bat:
2092 3651 2253 3719 «Quis
2274 3650 2604 3722 inﬁrmatur,
2625 3667 2677 3713 et
2700 3674 2799 3731 ego
2825 3676 2931 3714 non
2949 3660 3196 3717 inﬁrmor
3210 3661 3259 3715 2i
3290 3658 3375 3733 (11
3396 3663 3519 3721 Car.

1938 3741 2042 3813 ιι.)
2080 3760 2098 3793 ‹
2132 3741 2518 3800 Fraternitatis
2571 3757 2861 3805 amatores.
2899 3770 2918 3803 ι
2943 3750 3044 3819 Qui
3077 3767 3206 3825 ergo
3243 3765 3392 3813 amat
3431 3756 3523 3813 ho-

1939 3832 2132 3901 mines,
2156 3844 2251 3890 aut
2279 3837 2404 3906 quia
2427 3838 2561 3909 iusti
2598 3848 2746 3908 sunt,
2789 3850 2883 3898 aut
2910 3852 2969 3899 ut
2989 3844 3123 3913 iusti
3162 3846 3290 3913 sint,
3339 3864 3525 3904 amare

1941 3926 2119 3993 debet,
2148 3928 2288 3983 sicut
2309 3938 2363 3987 et
2392 3932 2627 4004 seipsum
2649 3951 2835 3991 amare
2860 3937 3041 4005 debet,
3069 3948 3165 3994 aut
3188 3942 3313 4013 quia
3337 3941 3521 4012 iustus

1938 4028 2045 4087 est,
2073 4030 2167 4075 aut
2194 4031 2250 4076 ut
2285 4022 2467 4094 iustus
2495 4027 2584 4082 sit.
2620 4027 2970 4087 Dilectionem
3011 4042 3194 4090 autem
3226 4033 3520 4092 fraternam

1938 4119 2203 4181 quantum
2258 4120 2599 4174 commendat
2635 4118 2873 4179 Joannes
2928 4125 3223 4195 apostolus,
3275 4128 3520 4184 attenda-

1938 4218 2059 4258 mus
2091 4219 2144 4257 ιι
2177 4205 2278 4273 Qui
2294 4208 2485 4281 diligit,
2506 4230 2527 4263 ι
2560 4212 2755 4284 inquit,
2778 4233 2796 4265 ι
2819 4214 3041 4271 fratrem
3064 4233 3222 4273 suum
3247 4234 3408 4290 quem
3432 4219 3517 4275 vi-

1938 4304 2049 4367 det,
2104 4303 2157 4357 in
2178 4298 2387 4359 lumine
2416 4315 2619 4371 intonet,
2670 4316 2726 4360 et
2768 4307 3078 4363 scandalum
3121 4310 3174 4364 in
3213 4325 3278 4365 eo
3306 4323 3525 4366 nonest

1939 4397 1991 4470 (Ι
2034 4396 2197 4453 Joan.
2246 4397 2327 4467 ιι).
2376 4417 2392 4448 ι
2426 4396 2495 4451 Ει
2549 4398 2675 4453 item
2717 4417 2730 4453 :
2767 4420 2784 4451 ι
2820 4399 3185 4467 Dilectissimi,
3239 4402 3520 4474 diligamus

1942 4506 2040 4546 nos
2064 4490 2315 4556 invicem,
2350 4489 2475 4560 quia
2508 4489 2724 4547 dilectio
2747 4507 2814 4546 ex
2839 4493 2967 4547 Deo.
2999 4491 3256 4548 Etonmis
3304 4494 3394 4564 qui
3441 4492 3521 4550 di-

247 4593 341 4639 ctu
392 4582 605 4639 Domini
661 4583 837 4639 omnis
894 4583 1177 4655 hypocrita
1223 4583 1343 4656 (Job
1382 4585 1523 4657 xm).
1563 4606 1582 4636 ι
1612 4585 1678 4641 Ει
1729 4586 1831 4643 ite-
1858 4562 1913 4623 Ῑ)
1940 4581 2163 4652 ligit,ex
2187 4580 2298 4636 Deo
2322 4589 2596 4647 natuscst,
2616 4591 2669 4636 et
2695 4584 3129 4654 cognovitDeum
3148 4562 3336 4655 (1bid.,
3360 4586 3458 4657 tv).
3490 4606 3510 4638 ι

248 4691 403 4731 rum:
434 4693 453 4727 ι
477 4674 834 4748 Congregatio
857 4676 1264 4746 hypocritarum
1288 4676 1643 4746 sterilis(ld.,
1659 4680 1768 4749 xv).
1804 4700 1824 4731 ι

245 4768 365 4823 Et:
407 4788 424 4820 ι
463 4767 820 4824 Simulatores
861 4776 917 4824 et
975 4769 1155 4825 callidi
1208 4781 1502 4839 provocant
1552 4772 1689 4826 iram
1735 4772 1830 4828 Dei

248 4857 391 4927 (Id.,
415 4858 675 4930 nam)”
704 4859 771 4913 Et
802 4856 1058 4915 Salomon
1090 4877 1103 4912 :
1136 4878 1155 4911 ι
1186 4859 1483 4916 Simulator
1508 4876 1605 4918 ore
1632 4862 1832 4932 decipit

249 4952 487 5007 amicum
512 4964 670 5006 suum
702 4948 888 5021 (Prov.
918 4950 1019 5023 xi).
1063 4970 1080 5004 ι
1114 4950 1412 5007 Pessimum
1440 4952 1637 5023 quippe
1657 4968 1829 5024 genus

253 5052 342 5100 est
358 5043 783 5115 hypocritarum,
796 5042 889 5114 qui
905 5042 958 5097 in
976 5042 1078 5097 hoc
1092 5042 1288 5100 saeculo
1299 5059 1519 5098 carnem
1537 5054 1831 5110 inlacerant,

247 5140 308 5189 et
349 5132 405 5188 in
450 5131 635 5188 futuro
660 5133 911 5189 mercede
947 5134 1229 5204 privantur
1260 5152 1274 5187 :
1313 5120 1438 5203 quia
1477 5134 1619 5190 sicut
1648 5134 1833 5189 Domi-

248 5240 354 5280 nus
374 5224 488 5279 ait:
527 5242 546 5276 ι
579 5223 1239 5295 Receperuntmercedem
1256 5241 1408 5281 suam
1437 5225 1653 5297 (Matth.
1691 5227 1781 5297 vn).
1808 5248 1827 5281 ι

252 5314 391 5371 Sunt
430 5316 572 5371 enim
615 5315 879 5382 nonnulli,
902 5316 992 5385 qui
1015 5332 1137 5371 cum
1173 5317 1313 5371 servi
1344 5318 1451 5371 sint
1472 5317 1746 5383 vitiorum,
1776 5328 1835 5371 ut

249 5418 552 5481 appareant
599 5410 908 5468 hominibus
939 5410 1092 5481 iusti,
1139 5410 1310 5466 aliena
1358 5419 1576 5480 peccata
1630 5408 1828 5464 acriter

249 5505 549 5576 corrigunt,
578 5506 644 5561 de
672 5505 920 5575 qualibus
948 5503 1229 5576 Scriptura
1264 5503 1395 5560 dicit
1425 5521 1436 5556 :
1469 5524 1486 5553 ι
1519 5502 1614 5557 Est
1650 5517 1828 5557 corre-

247 5597 621 5671 ptiomendax
650 5598 704 5654 in
726 5613 820 5655 ore
849 5597 1225 5653 contumeliosi
1255 5595 1443 5667 (Eccli.
1470 5596 1602 5664 xix).
1638 5614 1655 5646 ι
1690 5592 1833 5648 Tali-

250 5691 355 5746 bus
384 5691 634 5748 convenit
676 5691 820 5762 quod
855 5690 1110 5746 Dominus
1136 5689 1213 5743 ait
1244 5708 1256 5742 :
1292 5709 1306 5733 ο
1347 5687 1659 5760 Hypne-rita,
1699 5684 1834 5756 eiice

252 5786 489 5852 primum
521 5783 727 5839 trabem
756 5786 822 5839 de
865 5783 1017 5841 oculo
1060 5791 1171 5853 tuo,
1205 5792 1258 5837 et
1290 5792 1418 5838 tunc
1451 5781 1747 5857 perspicies
1778 5787 1839 5838 ut

1938 4674 2007 4728 Et
2038 4674 2296 4729 Dominus
2326 4673 2542 4743 inquit:
2580 4692 2597 4725 ι
2653 4672 2962 4730 Mandatum
3010 4691 3206 4730 novum
3232 4677 3299 4733 do
3337 4678 3515 4745 uobis,

1938 4776 1996 4820 ut
2017 4766 2249 4836 diligatis
2270 4765 2517 4821 invicem.
2572 4765 2638 4821 Et
2688 4767 2741 4821 in
2791 4769 2894 4823 hoc
2937 4768 3111 4823 scient
3163 4785 3352 4826 omnes
3385 4772 3512 4842 quia

1935 4858 2042 4929 mei
2078 4858 2209 4913 estis
2238 4857 2508 4929 discipuli,
2530 4858 2579 4914 si
2625 4873 2721 4913 vos
2748 4857 2975 4914 invicem
3007 4859 3303 4918 dilexeritis
3334 4860 3515 4921 (Joan.

1935 4948 2078 5020 xm).
2121 4969 2140 5001 ι

2016 5058 2033 5090 ι
2056 5040 2449 5096 Misericordes.
2486 5060 2503 5091 ι
2525 5039 2799 5112 Scriptum
2820 5044 3021 5115 quippe
3040 5055 3124 5100 cst
3150 5043 3333 5117 (Prov.
3356 5048 3473 5119 ut)
3499 5063 3514 5102 :

1935 5126 1959 5181 ‘i
1994 5130 2196 5187 Facere
2227 5130 2676 5199 miscricordiam,
2732 5134 2903 5205 magis
2948 5135 3125 5206 placet
3168 5136 3296 5203 Deo,
3347 5153 3510 5207 quam

1936 5222 2186 5277 victima}.
2201 5241 2218 5273 ι
2238 5222 2335 5276 Et:
2361 5240 2378 5273 ι
2400 5221 2501 5290 Qui
2526 5238 2728 5294 pronus
2743 5233 2841 5291 est,
2859 5246 2877 5278 ι
2907 5226 3394 5300 inquitScriptura,
3418 5228 3516 5285 «ad

1936 5315 2382 5380 misericordiam,
2412 5316 2757 5373 benedicetur
2781 5316 2961 5391 (Prov.
2994 5321 3152 5394 xxu).
3188 5341 3207 5373 ι
3242 5321 3307 5376 Ει
3335 5321 3518 5376 Donu-

1933 5422 2036 5461 nus
2067 5406 2141 5459 ait
2176 5422 2186 5456 :
2220 5424 2236 5455 ι
2275 5405 2458 5461 Estote
2512 5408 2909 5475 misericordes,
2962 5412 3100 5467 sicut
3130 5421 3184 5466 et
3221 5411 3379 5468 Pater
3422 5425 3516 5465 ve-

1933 5508 2045 5554 ster
2075 5499 2387 5553 misericors
2413 5506 2497 5555 est
2519 5498 2671 5573 (Luc.
2701 5501 2795 5573 γι).
2836 5522 2853 5554 ι
2881 5534 2949 5542 -
2971 5523 2987 5554 ι
3024 5501 3281 5558 Humiles.
3317 5523 3333 5551 ι
3361 5500 3513 5556 Scri-

1932 5600 2083 5664 ptum
2131 5592 2326 5662 quippe
2368 5590 2660 5663 est(Eccli.
2700 5598 2754 5667 ιι)
2786 5613 2798 5648 :
2835 5616 2851 5647 ι
2890 5596 3075 5650 Perdit
3124 5595 3263 5649 Deus
3311 5608 3515 5648 memo-

1940 5684 2072 5739 riam
2098 5684 2473 5753 superborum.
2501 5697 2682 5742 etnon
2716 5689 3039 5758 derelinquit
3072 5688 3389 5742 memoriam
3423 5687 3517 5741 hu-

1940 5776 2167 5832 milium.
2205 5797 2223 5829 ι
2256 5778 2319 5831 lit
2348 5779 2607 5835 Dominus
2657 5781 2833 5852 inquit
2869 5798 2882 5836 :
2921 5799 2936 5830 ι
2985 5780 3182 5835 Discite
3209 5800 3236 5834 ιι
3269 5797 3353 5836 tne
3390 5779 3514 5851 quia
