4014 6354
574 337 681 394 625
1187 337 1544 394 HAYMONIS
1585 334 2066 392 HALBERSTAT.
2107 329 2324 391 EPISC.
2367 335 2516 393 OPP.
2566 337 2764 396 PARS.
2806 339 2870 394 ll.
2895 371 2967 380 —
2999 340 3232 398 HOMIL.
3761 349 3893 403 634

573 450 723 506 mitis
751 466 872 506 sum
901 459 958 506 et
1003 449 1219 505 homilis
1267 450 1429 505 corde
1475 447 1692 520 (Matth.
1743 449 1846 521 χι).
1900 468 1918 500 ι
1969 448 2036 503 Ει
2086 447 2152 503 ad
2181 447 2230 507 A
2259 448 2408 506 solus
2447 451 2590 506 Deus
2635 451 2850 522 (Matth.
2875 453 3030 523 xxx),
3091 472 3108 504 ι
3162 454 3277 509 sive
3336 459 3690 527 generaliter,
3749 461 3887 516 sive

570 560 734 616 quem
765 543 1068 616 respiciam,
1097 543 1229 599 dicit
1267 542 1528 599 Dominus
1548 540 1684 614 (Isa.
1722 541 1893 614 vax),
1936 540 2042 598 nisi
2085 540 2156 596 ad
2255 542 2500 597 omnium
2550 542 2814 600 bonorum
2863 544 3230 612 aemulatores,
3277 546 3332 602 id
3377 558 3482 616 est,
3537 551 3880 609 imitatores

570 635 830 692 humilem
857 642 913 690 et
940 634 1218 704 quietum?
2254 629 2465 688 fueritis
2493 632 2776 691 virtutum.

645 745 666 778 ι
723 724 840 782 Non
871 723 1158 782 reddentes
1198 725 1400 780 malum
1449 741 1550 798 pro
1597 727 1759 783 bono.
1811 745 1829 778 ›
1874 725 2150 796 Scriptum
2330 743 2349 777 ι
2383 724 2488 782 Sed
2519 727 2642 784 etsi
2666 729 2798 799 quid
2839 733 3089 801 patimini
3116 741 3343 804 propter
3379 732 3680 804 justitiam,
3713 737 3866 795 hea-

561 817 762 889 quippe
791 825 914 874 est:
956 835 977 870 ‹
1017 815 1098 873 Ne
1125 818 1297 885 dicas,
1350 818 1574 874 reddam
1617 818 1819 873 malum
1855 834 1956 890 pro
1981 818 2148 885 malo,
2253 814 2292 869 ti
2319 834 2339 866 ι
2375 816 2696 874 subauditur
2737 819 2910 876 eritis.
2956 821 3107 880 Hanc
3158 824 3485 880 sententiam
3543 826 3860 884 Dominum

563 915 819 978 exspecta
849 909 1036 974 Deum,
1069 916 1125 964 et
1142 907 1393 965 liberabit
1415 916 1468 965 te
1496 906 1679 980 (Prov.
1707 907 1824 980 xx).
1849 927 1867 959 ι
1893 909 2102 964 Etitem
2130 926 2144 962 :
2180 917 2182 919 ’
2249 904 2516 962 dicentem
2546 905 2741 964 Petrus
2765 911 3033 984 audierat,
3061 913 3154 970 ubi
3195 914 3271 969 ait
3297 931 3310 967 :
3348 932 3368 966 ι
3401 914 3557 971 Beati
3587 917 3685 988 qui
3721 933 3859 989 per-

566 1023 588 1056 c
623 1002 727 1070 Qui
775 1000 1040 1058 vindicari
1091 1001 1227 1070 vult,
1268 1017 1299 1056 a
1331 1001 1442 1057 Deo
1479 1000 1722 1056 inveniet
1753 1000 2066 1066 vindictam,
2092 1007 2148 1056 et
2247 997 2581 1054 secutionem
2609 999 2890 1069 patiuntur
2911 1011 3136 1074 propter
3155 1002 3447 1073 justitiam,
3469 1007 3740 1077 quoniam
3767 1009 3853 1080 ip-

527 1097 532 1100 ’
557 1102 840 1166 peccatum
868 1094 1014 1150 illius
1042 1109 1266 1151 servans
1292 1093 1596 1150 servabitur
1641 1091 1832 1164 (Eccli.
1865 1092 2081 1164 xxvni).
2119 1112 2140 1146 ι
2246 1103 2430 1146 sorum
2450 1098 2538 1147 est
2564 1107 2792 1164 regnum
2811 1093 3300 1166 coelorum(l!atth.
3327 1095 3539 1168 ν).›-‹
3557 1096 3846 1154 Timorem

566 1203 586 1237 ι
607 1183 718 1240 Nec
733 1184 1078 1240 maledictum
1092 1199 1192 1254 pro
1208 1183 1513 1239 maledicto.
1538 1202 1556 1235 ι
1573 1182 1633 1236 In
1659 1183 1763 1238 hoc
1783 1183 1928 1238 enim
1962 1198 2144 1238 exem-
2250 1199 2270 1232 ι
2308 1190 2489 1238 autem
2522 1198 2764 1256 eorum,»
2795 1185 2849 1241 id
2870 1196 2955 1242 est
2982 1196 3412 1256 persecutorum,
3434 1207 3452 1240 ι
3481 1203 3550 1243 ne
3591 1189 3843 1244 timueri-

554 1275 707 1347 plum
721 1275 934 1332 Domini
957 1277 1248 1333 tenendum
1263 1284 1368 1342 est,
1388 1295 1408 1328 ι
1431 1274 1666 1346 quilcum
1693 1275 2138 1341 Inalediceretur,
2249 1291 2269 1324 ι
2305 1273 2398 1341 tis,
2418 1283 2479 1330 ut
2504 1275 2560 1330 in
2581 1275 2688 1332 ﬁde
2709 1293 2818 1333 non
2845 1278 3190 1334 turbemini.»
3220 1278 3288 1333 Et
3315 1279 3420 1334 hoc
3439 1279 3712 1335 Dominus
3738 1281 3836 1335 ad-

553 1383 664 1425 non
688 1367 1048 1424 maledicebat
1075 1366 1130 1440 (Ι
1159 1367 1304 1422 Patr.
1339 1366 1422 1438 ιι).
1460 1369 1582 1420 ›’-
1607 1386 1626 1418 ι
1654 1365 1762 1422 Sed
1795 1381 1827 1421 e
1863 1366 2141 1422 contrario
2239 1367 2470 1434 monuit,
2507 1366 2598 1422 ubi
2645 1369 2722 1424 ait
2751 1386 2765 1422 :
2818 1388 2837 1421 ι
2895 1369 3073 1426 Nolite
3110 1371 3304 1426 timere
3330 1386 3426 1427 eos
3455 1372 3550 1442 qui
3577 1373 3837 1428 occidunt

558 1479 578 1512 ι
599 1461 1038 1518 benedicentes.»
1060 1459 1306 1516 Utillud:
1328 1479 1346 1511 ι
1368 1447 2139 1541 Benedicitemaledicentibus
2239 1465 2468 1527 corpus,
2505 1457 2743 1514 animam
2790 1467 2970 1515 autem
2999 1475 3108 1516 non
3146 1469 3372 1531 possunt
3396 1462 3657 1518 occidere
3689 1481 3706 1519 :
3741 1468 3832 1520 sed

550 1551 729 1618 vobis,
755 1550 1060 1606 benedicite
1078 1557 1133 1605 et
1153 1549 1319 1605 nolite
1341 1549 1664 1605 maledicere
1678 1547 1831 1621 (Luc.
1860 1563 1915 1602 v1
1935 1591 1950 1615 ,
1981 1547 2134 1604 Rom.
2235 1550 2417 1621 potius
2440 1565 2565 1606 eum
2606 1552 2812 1619 timete,
2840 1554 2932 1623 qui
2971 1554 3136 1611 habet
3179 1563 3505 1626 potestatem
3543 1571 3749 1627 corpus
3787 1564 3794 1580 '

549 1642 674 1716 xu).
707 1661 831 1697 ι-ι
866 1642 1004 1710 Quia
1033 1643 1090 1698 in
1110 1642 1213 1698 hoc
1233 1641 1412 1698 vocati
1437 1642 1590 1706 estis,
1626 1649 1688 1696 ut
1703 1641 2136 1698 benedictionem
2237 1640 2476 1696 animam
2497 1640 2729 1712 perdere
2754 1642 2810 1698 in
2839 1644 3146 1716 gehennam
3175 1643 3391 1716 (Matth.
3431 1645 3510 1717 χ).
3550 1666 3568 1699 ι

555 1751 575 1784 ι
607 1732 925 1789 haereditate
949 1732 1323 1802 possideatis.»
1355 1729 1668 1787 Benedictio
1693 1739 1780 1788 est
1800 1732 2134 1788 hereditatis
2311 1751 2331 1786 ι
2359 1733 2649 1790 Dominum
2678 1741 2860 1790 autem
2889 1733 3166 1791 Christum
3191 1735 3528 1794 sanctificate
3560 1738 3617 1793 in
3649 1740 3826 1794 cordi-

545 1825 726 1881 omnis
748 1824 1006 1880 virtutum
1034 1824 1189 1894 copia
1217 1823 1476 1889 caelestis,
1514 1823 1568 1878 in
1595 1838 1702 1894 qua
1740 1823 1915 1879 sancti
1961 1824 2131 1879 haere-
2159 1813 2211 1877 B
2241 1842 2261 1876 ι
2288 1823 2392 1879 bus
2415 1823 2664 1879 vestris.»
2683 1823 2787 1881 Ubi
2804 1823 3064 1882 Dominus
3092 1826 3186 1896 qui
3210 1837 3404 1883 cuncta
3429 1829 3672 1886 creando
3702 1847 3822 1886 san-

543 1916 640 1972 des
671 1915 890 1986 quidem
929 1915 1047 1981 Dei,
1085 1916 1395 1971 cobaeredes
1422 1922 1605 1970 autem
1628 1912 1933 1970 efﬁciantur
1971 1912 2131 1969 Chri-
2236 1912 2460 1981 ctiﬁcat,
2491 1913 2597 1971 nisi
2625 1915 2790 1971 corde
2811 1915 2902 1986 pio
2931 1924 2987 1972 et
3013 1931 3242 1988 corpore
3269 1919 3456 1974 casto?
3505 1918 3597 1976 Sic
3639 1920 3816 1976 Domi-

541 2010 638 2077 sti,
663 2026 789 2068 cum
813 2009 1088 2067 audierint
1134 2027 1147 2063 :
1196 2028 1214 2061 ι
1268 2008 1482 2073 Venite,
1511 2007 1780 2064 benedicti
1799 2006 1978 2062 Patris
2004 2006 2130 2070 mei,
2236 2025 2340 2065 nus
2368 2008 2526 2066 Jesus
2559 2012 2982 2069 sanctiﬁcandus
3019 2021 3104 2069 est
3130 2013 3185 2069 in
3230 2017 3486 2073 cordibus
3511 2019 3743 2085 nostris,
3769 2030 3818 2073 ιιι

540 2108 802 2180 percipite
827 2123 1076 2180 regnum,
1105 2105 1248 2176 quod
1274 2105 1428 2160 vobis
1441 2111 1692 2174 paratum
1721 2111 1806 2160 est
1831 2101 1902 2158 ab
1924 2100 2134 2172 origine

539 2199 727 2256 mundi
756 2197 971 2283 (M‘atth.
1003 2196 1154 2269 xxv).
1191 2217 1210 2250 ι

2235 2101 2455 2158 nomine
2477 2101 2594 2172 ejus
2622 2117 2882 2160 vocemur
2901 2103 3224 2173 Christiani,
3251 2115 3306 2162 et
3336 2117 3396 2162 ut
3413 2108 3558 2164 nihil
3583 2111 3817 2166 sanctius

2234 2191 2354 2262 ejus
2377 2191 2598 2248 nomine
2643 2192 2960 2250 sentiamus.
3010 2192 3423 2252 Sanctificemus
3455 2213 3583 2252 eum
3615 2199 3667 2253 in
3691 2199 3812 2266 ﬁde,

618 2308 637 2342 ι
695 2288 800 2357 Qui
834 2289 980 2346 enim
1030 2288 1142 2343 vult
1183 2288 1350 2343 vitam
1398 2287 1641 2358 diligere,
1682 2307 1701 2340 ι
1747 2286 1800 2342 id
1849 2293 1934 2340 est
1965 2285 2131 2340 vitam

538 2391 822 2448 aeternam,
849 2381 1084 2447 beatam,
1130 2389 1185 2436 et
1211 2380 1267 2436 in
1297 2380 1480 2436 futuro
1509 2380 1628 2436 sine
1658 2379 1768 2435 ﬁne
1792 2393 2130 2442 mansuram,

545 2495 566 2529 ι
599 2484 658 2533 et
681 2475 873 2532 videre
895 2475 1014 2531 dies
1033 2475 1260 2540 bonos,»
1280 2473 1336 2528 in
1358 2473 1555 2543 quibus
1579 2471 1758 2548 sancti
1783 2486 1906 2526 cum
1928 2469 2133 2526 sanctis

537 2569 903 2641 jucundentur
922 2566 978 2622 in
1005 2564 1176 2631 caelis,
1223 2565 1317 2636 qui
1339 2564 1456 2621 dies
1479 2579 1587 2619 non
1623 2569 1847 2633 propter
1893 2562 2130 2618 interru-

2233 2297 2328 2353 spe
2354 2291 2411 2338 et
2441 2283 2728 2350 charitate,
2774 2286 3065 2354 credendo,
3097 2287 3322 2345 colendo
3349 2299 3406 2346 et
3425 2289 3723 2357 adoranda,
3759 2300 3817 2346 ut

2234 2375 2303 2430 ab
2325 2374 2418 2431 illo
2447 2375 2644 2432 salvari
2679 2377 2887 2448 pariter
2911 2393 3219 2435 mereamur
3245 2389 3300 2437 et
3327 2382 3686 2439 sanctificari.

2760 2476 3042 2551 HOMlLIA
3077 2496 3280 2552 cxvu.

2500 2579 2754 2622 DOIINICA
2789 2581 2961 2622 SEXTA
2996 2582 3123 2623 POST
3163 2583 3564 2626 PENTECOSTEN.

535 2663 779 2734 ptionem
807 2662 1010 2726 noctis,
1053 2659 1148 2716 sed
1186 2666 1407 2729 propter
1432 2655 1850 2728 perpetuitatem
1877 2653 2133 2709 dicuntur
2305 2654 2460 2728 (Luc.
2492 2655 2572 2728 v.)
2607 2677 2624 2708 ι
2648 2657 2705 2712 1η
2732 2657 2824 2713 illo
2860 2665 3101 2729 tempore
3129 2676 3142 2712 :
3175 2658 3312 2716 Cum
3343 2662 3512 2717 turbae
3550 2661 3813 2718 irruerent

536 2749 780 2821 luminis,
810 2773 829 2805 ι
864 2759 1117 2809 coerceat
1161 2751 1399 2820 linguam
1443 2763 1599 2803 suam
1634 2761 1666 2801 a
1709 2744 1870 2810 malo,
1915 2762 1934 2795 ι
1970 2743 2024 2798 id
2051 2750 2134 2798 est
2239 2763 2259 2798 ι
2296 2745 2353 2801 in
2382 2761 2528 2812 eum,
2564 2755 2626 2801 ut
2683 2748 2935 2803 audirent
2988 2749 3214 2804 verbum
3266 2750 3384 2817 Dei,
3429 2762 3485 2806 et
3544 2752 3660 2822 ipse
3707 2762 3810 2808 sta-

539 2862 575 2902 a
602 2845 748 2901 malo
771 2844 1146 2907 detractionis,
1189 2839 1605 2904 maledictionis,
1639 2853 1706 2893 ac
1743 2834 2132 2891 murmuratio—
2239 2855 2258 2888 ι
2289 2836 2383 2892 bat
2427 2851 2586 2893 secus
2621 2845 2870 2909 stagnum
2914 2837 3277 2895 Cenezareth.
3316 2860 3336 2894 ι
3364 2841 3434 2897 Ει
3463 2842 3694 2913 reliqua.
3745 2844 3812 2898 De

536 2940 648 3006 nis,
679 2939 795 2994 sive
821 2936 1146 3010 generaliter
1173 2934 1394 2990 omnino
1419 2931 1603 3002 lingua
1635 2929 1958 2985 refrenanda
1987 2935 2072 2983 est
2099 2941 2129 2980 a
2231 2928 2494 3000 piscibus,
2520 2945 2658 3000 quos
2685 2930 2914 3001 apostoli
2942 2931 3010 2987 ad
3048 2926 3350 3000 jussionem
3399 2933 3614 2990 Domini
3669 2935 3810 2991 laxa-

535 3032 699 3089 malo.
737 3031 832 3087 Ait
877 3030 1022 3086 enim
1042 3028 1276 3085 Iacobus
1324 3044 1380 3081 ει
1414 3025 1474 3080 Si
1503 3024 1624 3095 quis
1653 3032 1809 3096 putat
1837 3020 2131 3092 sereligio-
2232 3021 2304 3077 tis
2355 3023 2564 3079 retibus
2615 3032 2918 3094 ceperunt,
2970 3022 3227 3091 locuturi,
3278 3026 3513 3097 primum
3579 3027 3646 3083 de
3715 3028 3810 3082 situ

536 3143 655 3183 sum
699 3139 853 3192 esse,
897 3139 1005 3180 non
1046 3121 1328 3178 refrenans
1362 3119 1601 3190 linguam
1639 3133 1812 3183 suam,
1843 3115 1936 3172 sed
1967 3114 2128 3170 sedu-
2157 3175 2199 3192 Α
2231 3113 2336 3171 1οεί
2357 3116 2656 3172 videamus.
2687 3115 2780 3172 Ait
2807 3115 2953 3171 enim
2987 3114 3338 3189 Evangelium
3375 3136 3389 3172 :
3424 3137 3444 3171 ι
3482 3117 3622 3174 Cum
3650 3119 3812 3175 turbae

533 3233 664 3274 cens
677 3175 1138 3285 corsuum,hujus
1160 3219 1395 3267 vanaest
1410 3210 1601 3281 religio
1617 3208 1758 3282 (Jac.
1778 3208 1841 3278 1).
1864 3226 1884 3260 ι
1908 3205 2040 3260 Nam
2069 3213 2124 3260 et
2151 3175 2201 3240 ο
2236 3225 2256 3259 ι
2299 3206 2572 3263 irruerent
2622 3207 2691 3262 ad
2739 3205 2924 3263 Jesum
2955 3216 3016 3263 ut
3061 3175 3312 3264 audirent
3337 3211 3566 3266 verbum
3599 3211 3718 3275 Dei,
3765 3222 3816 3267 et

539 3329 560 3363 ι
582 3310 686 3378 Qui
709 3307 1196 3380 custoditflinguam
1222 3319 1429 3370 suam,»
1448 3301 1625 3374 inquit
1650 3300 1947 3370 Scriptura,
1982 3317 2000 3350 ι
2023 3314 2125 3355 cu-

533 3403 702 3460 stodit
723 3401 962 3457 animam
985 3413 1136 3455 suam
1161 3394 1343 3470 (Prov.
1375 3393 1560 3468 XXV)J
1585 3425 1658 3434 —
1687 3411 1706 3445 ι
1735 3391 1802 3446 Ει
1824 3390 1967 3446 labia
2005 3389 2123 3462 eius

538 3513 558 3546 ι
597 3509 665 3550 ne
704 3493 993 3564 loquantur
1017 3489 1220 3547 dolum.
1263 3506 1281 3541 ι
1314 3487 1499 3552 Dolus,
1525 3501 1634 3541 non
1653 3481 1826 3550 dolor,
1851 3481 1946 3538 sed
1969 3481 2121 3537 fraus

529 3586 890 3659 intelligitur:
917 3583 1137 3656 quando
1163 3582 1307 3638 aliud
1334 3581 1498 3639 corde
1535 3587 1771 3645 tenetur,
1803 3585 1860 3632 et
1880 3575 2026 3633 aliud
2052 3593 2120 3633 ex

531 3694 629 3737 ore
647 3677 941 3751 profertur.

609 3790 630 3825 ι
659 3770 904 3828 Declinet
946 3778 1128 3826 autem
1158 3785 1190 3824 a
1236 3768 1401 3834 malo,
1450 3775 1507 3822 et
1551 3765 1715 3822 faciat
1749 3767 1974 3822 bonum.
2013 3784 2030 3816 ›
2062 3763 2123 3819 Id

531 3871 618 3920 est
637 3863 883 3920 destruat
926 3861 1079 3927 vitia,
1134 3870 1190 3916 et
1235 3860 1468 3914 virtutes
1513 3857 1745 3914 aediﬁcet
1782 3873 1798 3912 :
1849 3856 2122 3926 relinquat

532 3969 656 4026 quae
703 3953 925 4024 instigat
964 3952 1232 4018 diabolus,
1285 3958 1346 4005 ut
1389 3958 1644 4020 operetur
1699 3965 1820 4019 qua:
1876 3947 2122 4020 praecipit

533 4044 804 4102 Christus.
843 4062 863 4096 ‹
896 4043 1143 4114 lnquirat
1185 4057 1376 4114 pacem
1421 4049 1477 4096 et
1523 4048 1784 4111 sequatur
1828 4055 1972 4095 eam.
2011 4058 2032 4092 ι
2063 4039 2121 4095 ld

533 4147 641 4204 est,
670 4135 955 4208 diligenter
983 4135 1189 4190 orando
1217 4141 1273 4189 et
1296 4132 1575 4188 humiliter
1593 4133 1977 4202 interrogando
1995 4147 2121 4203 per-

532 4231 716 4304 quirat
739 4228 1037 4295 Christum,
1065 4229 1159 4300 qui
1189 4227 1367 4283 factus
1386 4237 1470 4283 est
1491 4241 1598 4298 pax
1626 4234 1836 4292 nostra,
1867 4232 1922 4281 et
1942 4225 2120 4282 imite-

531 4334 623 4381 tur
647 4339 772 4380 eum
797 4340 812 4391 ;
842 4322 998 4394 sequi
1025 4321 1227 4378 etenim
1273 4320 1478 4376 imitari
1511 4330 1613 4376 est.
1643 4319 1772 4375 Sive
1819 4319 2118 4375 secundum

528 4415 880 4488 Apostolum:
899 4435 919 4469 ι
947 4413 1144 4472 Pacem
1167 4423 1425 4484 sequatur
1451 4421 1508 4469 et
1536 4403 1976 4479 sanctimoniam,
2000 4412 2118 4469 sine

527 4524 636 4580 qua
655 4524 816 4567 nemo
837 4507 1042 4564 videbit
1076 4507 1247 4563 Deum
1272 4505 1460 4578 (Hebr.
1493 4506 1613 4578 χιι).
1653 4526 1673 4560 ι

605 4624 628 4658 σ
676 4603 815 4673 Quia
859 4601 1004 4660 oculi
1036 4601 1252 4659 Domini
1285 4615 1445 4673 super
1464 4601 1664 4671 justos.
1701 4619 1721 4653 ι
1761 4599 1818 4656 ld
1845 4609 1931 4655 est
1961 4615 2118 4670 aspe-

527 4704 651 4754 ctus
674 4695 1005 4752 Divinitatis.
1043 4713 1062 4748 ‹
1102 4693 1172 4749 Ει
1191 4708 1352 4749 aures
1393 4692 1510 4763 ejus
1547 4691 1604 4747 in
1631 4706 1822 4764 preces
1849 4706 2037 4747 eorum
2065 4712 2116 4747 ,ι

526 4789 588 4846 Id
616 4797 703 4846 est
726 4788 934 4844 auditio
961 4786 1166 4854 divina,
1187 4801 1295 4856 qua
1319 4783 1573 4856 dignatur
1604 4798 1796 4855 preces
1826 4783 2015 4838 audire
2037 4783 2121 4852 ju-

527 4889 760 4940 storum.
814 4900 832 4933 ι
881 4878 1078 4935 Vultus
1141 4886 1321 4935 autem
1372 4877 1588 4934 Domini
1644 4890 1807 4948 super
1856 4876 2120 4933 facientes

537 4994 558 5028 ι
596 4974 760 5030 mala.
797 4993 818 5027 ι
848 4971 924 5029 Ut
956 4972 1085 5043 quid
1115 4990 1136 5024 ‹
1175 4972 1360 5029 vultus
1387 4971 1602 5028 Domini
1657 4985 1819 5042 super
1850 4969 2114 5026 facientes

525 5066 711 5124 mala?
760 5085 781 5120 ι
814 5066 952 5123 Audi
979 5066 1263 5137 sequentia
1293 5085 1306 5121 :
1344 5084 1362 5118 ι
1398 5063 1472 5120 Ut
1495 5064 1686 5135 perdat
1721 5065 1789 5120 de
1821 5072 1966 5120 terra
1997 5079 2116 5120 me-

526 5160 760 5217 moriam
784 5175 972 5217 eorum
1021 5159 1194 5232 (Paul.
1229 5157 1452 5229 xum),
1498 5176 1518 5210 ι
1565 5155 1620 5214 id
1647 5167 1733 5214 est
1757 5157 1826 5214 de
1855 5142 2003 5214 terra
2037 5158 2117 5212 vi-

525 5253 790 5310 ventium.
821 5254 890 5310 Et
921 5253 1049 5310 illud
1089 5271 1104 5308 :
1144 5272 1163 5306 ι
1200 5251 1493 5308 Deleantur
1535 5251 1603 5307 de
1631 5250 1771 5306 libro
1793 5251 2114 5316 viventium,

524 5351 582 5401 et
635 5359 760 5400 cum
822 5343 985 5414 justis
1023 5359 1133 5400 non
1197 5342 1504 5398 scribantur
1571 5339 1769 5411 (Ptol.
1817 5344 2030 5413 vam).
2089 5359 2109 5394 ι

601 5457 621 5490 ι
654 5438 722 5494 Ει
759 5439 884 5511 quis
907 5446 992 5494 est
1019 5436 1114 5508 qui
1143 5433 1300 5490 vobis
1317 5433 1546 5490 noceat?
1581 5453 1600 5487 ι
1628 5433 1962 5490 Subauditur
1986 5434 2111 5490 nul-

523 5531 629 5589 lus.
655 5531 816 5587 Juxta
842 5531 1003 5602 hujus
1028 5526 1310 5585 sententiae
1339 5525 1539 5593 locum,
1582 5526 1864 5598 passiones
1884 5525 1967 5581 vel
1989 5541 2114 5598 per-

528 5624 832 5681 secutiones
877 5637 981 5678 non
1024 5620 1232 5676 faciunt
1279 5633 1398 5674 esse
1431 5619 1682 5684 miseros,
1719 5618 1817 5676 sed
1853 5627 2112 5690 praestant

529 5731 650 5773 esse
676 5717 882 5772 beatos.
929 5733 946 5765 ι
977 5713 1035 5768 Si
1072 5711 1199 5769 boni
1221 5710 1564 5767 aemulatores
1589 5709 1821 5766 fueritis.
1863 5731 1878 5762 ι
1926 5711 1979 5766 Id
2004 5720 2112 5776 est,

530 5809 577 5866 si
600 5809 724 5866 boni
749 5809 951 5875 Dei,de
977 5824 1084 5880 quo
1107 5806 1366 5878 scriptum
1389 5814 1492 5873 est,
1526 5825 1543 5859 ι
1585 5805 1752 5862 Nemo
1782 5808 1974 5874 bonus,
2006 5808 2110 5864 nisi

2233 3317 2253 3352 ι
2286 3300 2404 3372 ipse
2451 3300 2633 3356 stabat
2674 3315 2832 3356 secus
2860 3309 3113 3372 stagnum
3145 3300 3508 3358 Genezareth.
3566 3303 3636 3357 Et
3688 3300 3818 3358 vidit

2233 3411 2252 3444 ι
2287 3391 2422 3447 duas
2449 3406 2616 3448 naves
2648 3401 2872 3449 stantes.
2938 3412 2957 3446 ι
2992 3392 3252 3464 Stagnum
3287 3393 3630 3450 Genezareth
3679 3394 3812 3451 idem

2227 3490 2312 3538 est
2338 3482 2480 3553 quod
2517 3492 2572 3538 et
2600 3498 2751 3540 mare
2780 3483 3102 3548 Tiberiadis,
3142 3491 3196 3540 et
3221 3499 3372 3540 mare
3415 3483 3674 3540 Galilae.
3717 3485 3813 3541 Sed

2225 3590 2375 3633 mare
2429 3573 2734 3632 Tiberiadis
2779 3592 2810 3631 a
2843 3574 3150 3631 .Tiberiade
3196 3575 3415 3631 civitate
3459 3585 3545 3632 est
3581 3577 3812 3644 dictum;

2225 3687 2375 3727 mare
2409 3670 2642 3727 Galilaeae
2683 3671 2751 3726 ab
2788 3670 3067 3742 adjacente
3105 3670 3209 3726 sibi
3249 3671 3554 3741 provincia,
3603 3687 3727 3742 quae
3767 3681 3816 3728 et

2223 3761 2444 3818 Galilaaa
2502 3762 2834 3818 nominatur.
2878 3760 3148 3834 Stagnum
3189 3759 3532 3817 Genezareth
3585 3778 3619 3817 a
3675 3763 3816 3818 Grae-

2224 3871 2290 3913 co
2313 3855 2574 3911 vocabulo
2611 3854 2819 3910 dictum
2864 3862 2968 3919 est,
3011 3853 3166 3923 quasi
3210 3867 3399 3908 auram
3427 3869 3721 3925 generans,
3757 3871 3815 3910 eo

2223 3947 2365 4019 quod
2397 3946 2655 4003 flantibus
2676 3946 2872 4012 ventis,
2903 3944 3268 4016 crispantibus
3306 3943 3486 4009 undis,
3519 3959 3711 4000 auram
3753 3962 3814 4001 ex

2223 4053 2284 4096 se
2317 4052 2580 4110 generare
2623 4037 2889 4092 videatur.
2935 4035 3106 4091 Tenet
3145 4043 3327 4091 autem
3369 4036 3475 4091 hoc
3514 4051 3670 4091 mare
3708 4036 3815 4091 sive

2223 4141 2474 4204 stagnum
2512 4138 2728 4186 centum
2767 4129 3120 4202 quadraginta
3151 4129 3327 4186 stadia
3371 4130 3428 4186 in
3455 4127 3814 4202 longitudine,

2223 4225 2583 4297 quadraginta
2621 4239 2753 4280 vero
2799 4224 2854 4279 in
2906 4223 3208 4280 latitudine.
3265 4223 3377 4281 Nec
3432 4234 3662 4296 propter
3717 4229 3812 4282 hoc

2222 4333 2374 4374 mare
2394 4320 2644 4385 vocatur,
2671 4317 2814 4387 quod
2841 4332 3041 4372 amarae
3080 4317 3192 4373 sint
3223 4332 3378 4388 aqua:
3412 4316 3548 4386 ejus,
3583 4320 3684 4375 sed
3707 4319 3810 4394 He:

2221 4414 2382 4470 bram
2406 4412 2603 4483 lingua:
2642 4410 2977 4469 consuetudo
3001 4421 3111 4478 est,
3149 4425 3339 4468 omnes
3362 4415 3812 4485 congregationes

2150 4544 2205 4605 Β
2225 4521 2508 4577 aquarum,
2541 4506 2656 4562 sive
2679 4504 2831 4561 salsae
2862 4504 2990 4572 sint,
3019 4505 3132 4560 sive
3159 4504 3368 4573 dulces,
3396 4519 3598 4562 vocare
3643 4522 3808 4570 mare,

2228 4597 2371 4653 sicut
2398 4597 2453 4651 in
2479 4594 2675 4652 Genesi
2710 4595 2972 4666 scriptum
3007 4603 3090 4651 est
3120 4613 3133 4650 :
3173 4614 3192 4647 ι
3242 4594 3805 4669 Congregationesque

2227 4703 2491 4760 aquarum
2545 4686 2832 4758 appellavit
2872 4687 3041 4742 maria
3086 4685 3241 4757 (Gen.
3291 4687 3356 4759 ι).
3408 4707 3426 4738 ι
3481 4687 3809 4759 Spiritalitcr

2229 4788 2409 4836 autem
2454 4779 2556 4834 hoc
2586 4791 2738 4833 mare
2765 4778 3024 4833 mundum
3063 4777 3358 4848 significat,
3386 4779 3443 4834 id
3483 4788 3571 4836 est
3627 4781 3806 4837 mundi

2227 4880 2518 4929 amatores.
2571 4870 2708 4940 Quia
2765 4872 2907 4927 sicut
2953 4887 3102 4927 mare
3146 4887 3362 4945 semper
3393 4873 3664 4938 fluctuat,
3713 4891 3808 4929 nec

2227 4965 2467 5037 quietum
2495 4972 2644 5021 stare
2667 4963 2830 5031 valet,
2861 4965 2935 5021 ita
2972 4965 3206 5022 mundus
3244 4966 3474 5024 diversis
3514 4969 3801 5038 perturba-

2227 5062 2464 5118 tionibus
2513 5068 2570 5118 et
2610 5061 3048 5118 ﬂuctuationibus
3096 5071 3489 5131 commovetur,
3531 5064 3678 5121 sicut
3716 5079 3805 5136 per

2228 5151 2568 5208 Psalmistam
2599 5151 2833 5208 dicitur:
2864 5169 2884 5202 ‹
2909 5151 3284 5221 Commovisti,
3307 5153 3554 5216 Domine,
3579 5162 3800 5217 terram,

2226 5253 2280 5300 et
2309 5242 2644 5299 conturbasti
2675 5258 2794 5299 eam
2823 5241 2997 5315 (Psal.
3031 5243 3166 5315 ιιι).
3216 5264 3235 5296 ι
3271 5244 3482 5302 Crescit
3529 5246 3677 5301 enim
3707 5261 3800 5300 na-

2227 5339 2450 5402 scendo,
2491 5334 2758 5392 decrescit
2786 5335 3105 5402 moriendo;
3139 5336 3383 5392 elevatur
3417 5337 3472 5390 in
3505 5336 3802 5406 prosperis,

2224 5427 2474 5498 dejicitur
2500 5427 2554 5483 in
2576 5425 2836 5482 adversis.
2862 5426 3121 5483 Dominus
3147 5441 3305 5484 secus
3337 5414 3797 5498 stagnum'stetit,

2218 5523 2456 5594 quando,
2485 5521 2628 5576 sicut
2647 5518 3044 5590 aitApostolus,
3068 5536 3088 5570 ι
3109 5520 3457 5590 semetipsum
3485 5519 3800 5582 exinanivit,

2219 5616 2448 5671 formam
2484 5611 2626 5668 servi
2667 5611 2959 5682 accipiens,
2990 5611 3043 5666 in
3079 5612 3488 5668 similitudinem
3521 5611 3801 5667 hominum

2219 5711 2412 5774 factus,
2458 5717 2515 5764 et
2541 5707 2726 5763 habitu
2773 5707 3024 5762 inventus
3053 5713 3113 5759 ut
3134 5705 3297 5763 homo
3324 5703 3548 5777 (Philip.
3581 5703 3663 5776 ιι).
3700 5722 3718 5756 ι
3742 5702 3804 5756 Et

2216 5803 2439 5878 pulchre
2466 5818 2572 5858 non
2613 5801 2665 5856 in
2695 5810 2904 5869 stagno,
2935 5797 3027 5855 sed
3055 5813 3211 5854 secus
3247 5807 3500 5869 stagnum
3533 5807 3684 5854 stare
3727 5796 3805 5850 di—
