4014 6354
239 471 344 527 6‘25

1449 457 1754 518 HOMILUE
1795 454 1888 512 DE
1926 454 2271 512 TEMPORE.

3403 449 3506 506 (ὶἓῦ

239 590 406 650 citur,
443 600 568 654 qtna
602 584 747 636 \‘cnit
771 583 823 635 in
861 580 1116 635 mundum
1144 595 1240 651 per
1273 587 1544 641 naturam,
1571 575 1665 630 sed
1686 573 1819 627 alie-
1847 573 1901 634 Α
1933 589 1951 622 ε
1989 571 2056 625 Ει
2082 569 2297 636 sedens,
2327 570 2555 626 docebat
2577 569 2642 624 de
2668 568 2914 623 navicula
2946 565 3145 622 turbas.
3177 584 3198 618 ι
3234 562 3399 622 Navis
3423 565 3510 622 Si-

240 696 346 736 nus
381 677 480 733 fuit
507 691 539 731 a
575 674 775 731 mundo
796 689 893 745 per
930 673 1145 743 culpam
1188 678 1327 727 teste
1353 667 1596 740 apostolo
1619 667 1816 722 Petro:

245 791 264 823 (
303 769 405 838 Qui
435 775 719 840 peccatum
745 780 852 820 non
891 764 1037 830 fecit,
1065 778 1164 818 nec
1193 763 1444 818 inventus
1471 768 1555 815 est
1585 757 1742 814 dolus
1769 757 1823 811 in

237 879 340 920 ore
371 860 489 932 ejus
509 858 558 932 (I
585 858 732 914 Petr.
762 857 847 931 ιι).
885 878 903 908 ›
930 856 1098 912 Recte
1120 871 1337 926 quoque
1357 869 1464 909 non
1495 851 1825 917 ambulasse,

240 969 345 1010 nec
360 950 739 1025 pertransisse,
759 949 854 1004 sed
875 949 1092 1004 stetisse
1105 947 1338 1003 dicitur':
1364 945 1620 1000 nimirum
1646 951 1829 998 osten-

240 1045 379 1100 dens
431 1042 672 1113 seipsum
718 1053 857 1105 esse,
893 1038 985 1110 qui
1035 1051 1135 1108 per
1169 1033 1486 1093 divinitatis
1528 1031 1829 1116 potentiam

240 1151 460 1205 semper
514 1130 973 1189 incommutabilis
1017 1139 1318 1201 permanet,
1365 1126 1456 1198 qui
1500 1125 1700 1196 ubique
1745 1129 1831 1178 est

238 1239 503 1296 praesens,
530 1224 730 1294 ubique
772 1231 938 1288 totus,
972 1237 1073 1277 nec
1099 1229 1366 1284 movetur,
1395 1234 1498 1275 nec
1525 1217 1592 1274 de
1618 1216 1737 1272 loco
1761 1214 1831 1270 ad

238 1319 425 1374 locum
451 1317 680 1383 transit;
705 1316 793 1372 cui
822 1331 922 1372 nec
957 1315 1234 1386 praeterita
1274 1319 1578 1378 transeunt,
1623 1324 1724 1365 nec
1748 1307 1832 1363 fu-

241 1417 370 1463 tura
405 1407 726 1473 succedunt,
747 1407 842 1462 sed
869 1421 1085 1475 semper
1103 1405 1179 1460 illi
1198 1403 1478 1474 aequaliter
1496 1411 1658 1489 atque
1677 1409 1833 1455 aeter-

241 1499 447 1556 naliter
468 1513 590 1558 esse
610 1506 713 1565 est,
740 1497 831 1568 qui
853 1498 928 1552 ait
952 1513 1048 1568 per
1075 1497 1394 1569 prophetam
1426 1513 1439 1549 :
1476 1513 1494 1546 ι
1532 1493 1645 1564 Ego
1667 1493 1830 1558 Deus,

240 1600 304 1646 et
330 1606 437 1646 non
463 1600 642 1646 mutor
684 1589 906 1662 (Malae.
942 1589 1024 1662 ιι).
1066 1609 1084 1642 ι
1145 1589 1272 1645 Sive
1300 1597 1447 1646 certe
1480 1601 1638 1643 secus
1675 1594 1835 1656 'stag-

241 1700 382 1739 num
403 1692 534 1752 stat,
561 1685 654 1756 qui
682 1698 972 1754 resurgens
991 1698 1020 1737 a
1051 1683 1301 1748 mortuis,
1326 1697 1546 1738 carnem
1573 1694 1736 1750 quam
1767 1693 1835 1734 ex

241 1777 406 1832 nobis
429 1777 742 1848 assumpsit,
785 1776 838 1830 in
871 1775 1054 1831 littore
1087 1774 1508 1844 incorruptionis
1531 1769 1833 1828 constituit.

239 1867 327 1922 Ac
349 1881 446 1936 per
467 1867 572 1922 hoc
604 1865 744 1922 sicut
772 1866 887 1935 ipse
914 1863 1373 1920 incommutabilis
1400 1871 1506 1927 est,
1539 1863 1612 1918 ita
1634 1861 1836 1940 electos

1889 705 1896 713 .
1927 661 2128 727 monis,
2163 660 2435 732 primitiva
2477 660 2738 727 Ecclesia,
2765 675 2831 716 ex
2858 657 3059 714 Judaeis
3088 657 3335 714 collecta.
3377 655 3509 725 Qua:

1875 755 1884 764 ’
1928 753 2050 809 ideo
2093 751 2331 808 Simonis
2358 751 2577 818 dicitur,
2607 752 2734 821 quia
2787 750 3095 821 specialiter
3137 750 3186 805 ei
3234 757 3318 806 est
3360 763 3510 805 com-

1929 845 2096 900 missa
2127 861 2142 898 :
2175 843 2432 914 quoniam
2474 842 2528 897 in
2557 842 2714 898 initio
2743 857 2854 897 sua:
2891 841 3312 912 pradicationis,
3352 838 3512 897 multi

1929 938 2236 995 Iudaeorum
2273 954 2372 1010 per
2399 953 2521 994 eum
2547 937 2914 1004 crediderunt,
2945 937 3162 1009 quando
3204 953 3271 994 eo
3316 935 3513 1009 pradi-

1930 1040 2090 1086 cante
2119 1045 2226 1085 una
2256 1029 2342 1085 die
2368 1028 2715 1086 crediderunt
2762 1029 2869 1083 tria
2920 1029 3086 1084 millia
3142 1029 3279 1102 (Act.
3307 1027 3402 1102 n);
3457 1038 3514 1085 et

1932 1121 2102 1176 multa
2144 1121 2300 1177 turba
2335 1120 2679 1178 sacerdotum
2709 1119 2996 1176 obediebat
3042 1121 3186 1177 ﬁdei.
3239 1122 3319 1177 Illi
3369 1123 3514 1178 enim

1934 1229 1967 1269 a
1992 1213 2220 1270 Domino
2245 1213 2449 1269 dictum
2471 1222 2553 1269 est
2583 1232 2596 1268 :
2634 1233 2651 1264 ε
2683 1211 2764 1267 Tu
2793 1227 2852 1268 es
2870 1211 3083 1279 Petrus,
3111 1222 3166 1269 et
3187 1229 3350 1284 super
3373 1215 3516 1272 hanc

1933 1312 2144 1375 petram
2174 1303 2452 1360 aediﬁcabo
2489 1303 2785 1359 Ecclesiam
2814 1318 3010 1359 meam.
3044 1305 3112 1360 Et
3159 1307 3518 1377 quodcunque

1916 1395 2189 1468 ligaveris
2230 1411 2394 1467 super
2420 1404 2642 1461 terram,
2670 1396 2776 1450 erit
2828 1395 3048 1466 ligatum
3069 1404 3124 1451 et
3155 1396 3210 1452 in
3239 1397 3394 1454 caelis
3421 1416 3435 1453 :
3463 1407 3520 1454 et

1936 1490 2297 1560 quodcunque
2341 1489 2566 1546 solveris
2613 1506 2775 1560 super
2806 1500 3031 1557 terram,
3063 1492 3169 1546 erit
3209 1493 3440 1550 solutum
3467 1503 3522 1550 et

1937 1584 1996 1640 in
2042 1583 2196 1640 caelis
2245 1583 2461 1657 (Matth.
2487 1583 2620 1656 xvi).
2665 1602 2684 1636 ›
2742 1582 2896 1639 Unde
2942 1593 2996 1639 et
3023 1582 3221 1640 Paulus
3250 1587 3525 1656 apostolus

1939 1676 2018 1730 ait
2046 1694 2059 1729 :
2093 1693 2114 1727 ι
2150 1674 2252 1742 Qui
2275 1683 2527 1746 operatus
2547 1682 2630 1731 est
2650 1673 2811 1731 Petro
2833 1676 2886 1730 in
2911 1676 3271 1746 apostolatum
3294 1678 3524 1733 circum-

1940 1766 2182 1833 cisionis,
2211 1775 2466 1838 operatus
2494 1775 2578 1821 est
2598 1774 2653 1822 et
2678 1766 2808 1821 mihi
2838 1767 2982 1822 inter
3007 1774 3195 1839 gentes
3223 1766 3365 1842 (Gal.
3390 1768 3474 1840 ιι).
3499 1787 3519 1822 ι

1944 1859 2070 1917 Sive
2101 1871 2249 1917 certe
2274 1861 2428 1917 navis
2449 1859 2708 1926 Simonis,
2736 1860 2977 1916 Ecclesia
3004 1877 3071 1916 ex
3099 1862 3349 1933 gentibus
3373 1861 3528 1916 intel-

244 1974 380 2014 suos
399 1968 601 2014 aeterna
636 1958 1176 2014 incommutabilitate
1201 1957 1402 2012 ﬁrmat.
1437 1955 1631 2011 Turba:
1659 1963 1840 2010 autem
1867 1955 1918 2018 Β
1943 1951 2034 2024 ligi
2079 1961 2278 2024 potest,
2311 1967 2430 2023 quae
2477 1960 2606 2006 tunc
2633 1951 2683 2006 ei
2709 1967 2738 2006 a
2763 1951 2992 2007 Domino
3016 1953 3391 2008 commendata
3419 1959 3524 2018 est,

249 2064 373 2119 qu:c
401 2049 466 2104 ad
506 2065 631 2104 eum
661 2050 937 2104 irruerunt
977 2062 1163 2102 amore
1190 2048 1340 2102 verbi
1368 2047 1486 2113 Dei,
1536 2045 1838 2102 multitudi-

245 2157 373 2196 nem
399 2140 640 2196 ﬁdeliuni
670 2141 1000 2212 signiﬁcant,
1034 2141 1125 2209 qui
1155 2139 1205 2194 ei
1227 2139 1498 2194 credendo
1523 2147 1579 2194 et
1607 2139 1838 2194 amando

244 2231 706 2302 appropinquant,
736 2231 802 2285 de
827 2231 1024 2301 quibus
1054 2245 1153 2303 per
1190 2231 1386 2286 Isaiam
1409 2231 1643 2286 dicitur:
1688 2249 1708 2282 ι
1738 2230 1840 2287 Ve-

244 2323 406 2376 nient
433 2321 501 2376 ad
528 2337 653 2376 eum
680 2336 870 2377 omnes
898 2331 1105 2392 gentes,
1137 2331 1192 2376 et
1232 2321 1386 2377 ibunt
1433 2321 1613 2393 populi
1663 2322 1837 2388 multi,

244 2423 312 2469 et
337 2413 520 2469 dicent
555 2432 568 2467 :
603 2413 806 2470 Domus
830 2412 1017 2482 Iacob,
1069 2416 1269 2479 venite,
1312 2422 1367 2470 et
1396 2415 1736 2471 ambulemus
1788 2417 1842 2471 in

244 2503 460 2558 lumine
487 2504 700 2559 Domini
724 2504 858 2576 (Isa.
887 2507 970 2575 ιι).
997 2525 1015 2557 ›
1041 2505 1108 2560 Et
1129 2522 1230 2577 per
1255 2505 1597 2561 Psalmistam
1625 2523 1638 2560 :
1671 2526 1689 2558 ι
1717 2505 1844 2562 Om-

245 2611 354 2651 nes
378 2604 566 2667 gentes
598 2611 945 2667 quascunque
976 2597 1175 2665 fecisti,
1215 2599 1433 2655 venient
1461 2607 1516 2656 et
1544 2600 1846 2657 adorabunt

245 2703 440 2745 coram
467 2698 542 2754 te,
565 2689 792 2744 Domine
819 2688 993 2762 (Psal.
1022 2690 1211 2764 xxxv).
1237 2711 1255 2744 ›
1278 2691 1385 2747 Sed
1409 2693 1534 2761 quia
1559 2693 1659 2748 ista
1687 2692 1844 2748 turba

247 2782 618 2849 credentium,
650 2798 755 2838 non
785 2783 958 2839 solum
987 2799 1054 2839 ex
1077 2783 1298 2850 Iudaeis,
1327 2787 1420 2840 sed
1443 2787 1605 2839 etiam
1627 2800 1693 2840 ex
1717 2800 1847 2855 gen-

251 2875 404 2930 tibus
432 2873 613 2929 l'utura
653 2882 792 2939 erat,
843 2884 993 2931 recte
1036 2876 1329 2931 subditur:
1369 2895 1386 2927 ι
1420 2878 1486 2930 Et
1533 2876 1668 2930 vidit
1715 2876 1847 2930 duas

251 2979 425 3020 naves
461 2975 667 3021 stantes
691 2980 847 3021 secus
877 2974 1148 3035 stagnum.
1185 2985 1203 3017 ι
1235 2965 1365 3022 Duae
1391 2982 1575 3033 naves,
1603 2967 1738 3022 duos
1757 2982 1848 3022 or-

255 3056 414 3112 dines
453 3056 764 3127 signiﬁcant
790 3058 1114 3124 credituros,
1146 3073 1312 3112 unum
1343 3073 1411 3114 ex
1453 3057 1673 3126 Iudaeis,
1714 3059 1845 3114 alte-

257 3161 381 3201 rum
408 3161 473 3202 ex
519 3147 805 3218 gentibus:
837 3163 943 3203 non
971 3148 1116 3219 quod
1144 3147 1201 3202 in
1247 3148 1456 3202 unitate
1499 3147 1623 3203 ﬁdei
1654 3148 1848 3205 divisio

259 3243 350 3307 sit,
384 3243 478 3298 sed
508 3243 633 3312 quia
656 3257 722 3298 ex
752 3251 984 3313 utroque
1029 3239 1228 3313 populo
1273 3241 1329 3296 in
1358 3240 1602 3296 Ecclesia
1644 3240 1846 3313 colligi-

264 3345 372 3389 tur.
401 3335 547 3390 Bene
569 3343 750 3390 autem
773 3312 1217 3405 utrasqueilesus
1238 3333 1439 3389 vidisse
1466 3333 1684 3398 dicitur,
1719 3312 1845 3404 quia
1873 3312 1918 3376 (ἶ

259 3439 327 3482 ex
361 3434 592 3496 utroque
624 3425 824 3497 populo
856 3425 1150 3498 praescivit,
1179 3423 1272 3495 qui
1327 3425 1382 3479 in
1415 3439 1539 3480 eum
1587 3423 1845 3480 credituri

259 3526 461 3574 essent.
495 3517 652 3574 Novit
686 3519 830 3574 enim
872 3518 1132 3573 Dominus
1158 3515 1250 3587 qui
1283 3525 1408 3572 sunt
1433 3515 1572 3586 ejus.
1603 3517 1736 3572 Nam
1768 3519 1848 3572 vi-

259 3612 408 3676 dere,
433 3611 634 3682 eligere
660 3620 763 3678 est,
791 3611 930 3668 sicut
956 3610 1273 3666 Nathanaeli
1303 3625 1331 3664 a
1358 3610 1588 3667 Domino
1615 3611 1842 3667 dicitur:

265 3717 288 3753 ι
322 3699 460 3758 Cum
489 3715 635 3757 esses
665 3702 766 3758 sub
814 3701 942 3767 ﬁcu,
973 3701 1083 3756 vidi
1127 3709 1180 3757 te
1213 3700 1395 3773 (Joan.
1425 3701 1488 3773 ι).
1531 3721 1549 3754 ι
1576 3733 1635 3742 -
1675 3721 1693 3754 ι
1725 3702 1844 3759 Pis-

267 3790 542 3848 (calores
589 3801 771 3848 autem
808 3793 1219 3859 descenderant,
1254 3802 1309 3848 et
1344 3792 1598 3848 lavabant
1626 3794 1784 3850 retia.
1822 3813 1840 3847 ι

259 3882 570 3938 Piscatores
611 3892 735 3938 sunt
767 3881 1023 3938 Ecclesia:
1063 3882 1336 3948 doctores,
1373 3898 1602 3953 quorum
1639 3883 1848 3955 priores

263 3975 492 4046 apostoli
547 3975 798 4042 fuerunt,
858 3975 950 4048 qui
1005 3977 1140 4030 retia
1191 3991 1302 4031 suae
1337 3976 1738 4047 prtedicationis
1791 3977 1846 4032 in

261 4069 524 4124 mundum
545 4070 922 4135 extendentes,
950 4067 1148 4125 multos
1179 4085 1245 4125 ex
1286 4077 1517 4141 utroque
1556 4070 1754 4142 populo
1792 4071 1848 4126 in

262 4161 372 4217 ﬁde
417 4173 694 4232 ceperunt,
749 4164 814 4218 de
861 4162 1056 4232 quibus
1104 4177 1201 4232 per
1244 4163 1565 4234 prophetam
1609 4162 1847 4218 dicitur:

269 4272 289 4304 ‹
331 4251 538 4308 Mittam
567 4255 869 4323 piscatores
915 4269 1087 4320 meos,
1117 4263 1172 4308 et
1200 4253 1556 4325 piscabuntur
1588 4271 1682 4311 eos
1711 4253 1846 4326 (Jer.

265 4345 406 4414 xvr),
437 4365 454 4396 ι
491 4353 598 4400 etc.
643 4343 800 4400 Retia
848 4344 1148 4400 doctrinam
1195 4345 1614 4416 praedicatorum
1649 4344 1851 4417 signiﬁ-

265 4446 414 4502 cant,
443 4451 564 4506 qua:
589 4437 714 4492 dum
743 4437 971 4493 diversis
992 4437 1212 4492 Patrum
1236 4439 1517 4494 sententiis
1540 4437 1849 4504 roboratur,

266 4528 423 4597 quasi
465 4528 630 4584 variis
674 4527 779 4583 ﬁlis
826 4537 1077 4584 contexta
1123 4529 1338 4600 ligatur.
1367 4529 1435 4585 Et
1462 4529 1687 4602 pulchre
1719 4531 1853 4586 retia

267 4617 686 4688 praedicatorum
706 4619 1005 4674 doctrinam
1033 4617 1360 4689 significant,
1391 4619 1517 4690 quia
1545 4619 1688 4676 sicut
1711 4620 1850 4676 retia

269 4709 446 4778 pisces
474 4724 612 4779 quos
641 4711 882 4782 capiunt,
910 4710 1168 4775 retinent,
1211 4710 1287 4764 ita
1317 4711 1627 4781 praedicatio
1651 4711 1854 4766 verita-

269 4801 366 4866 tis,
390 4816 528 4871 quos
559 4803 614 4857 in
642 4801 747 4858 ﬁde
775 4802 938 4874 capit,
967 4801 1125 4857 facile
1147 4807 1252 4856 non
1281 4802 1497 4856 amittit.
1530 4801 1686 4859 Unde
1711 4804 1853 4858 bene

224 4897 246 4908 “
273 4893 434 4959 retia,
459 4895 615 4965 quasi
657 4895 946 4952 retinentia
991 4904 1114 4951 sunt
1163 4903 1370 4951 vocata.
1417 4895 1628 4951 Lavant
1671 4907 1852 4953 autem

271 4985 573 5056 piscatores
615 4987 768 5050 retia,
804 4986 1020 5058 quando
1070 4986 1243 5042 sancti
1277 4986 1662 5056 prmdicatores
1691 4988 1852 5043 casti-

273 5093 405 5155 gant
433 5099 631 5154 corpus
661 5099 842 5151 suum,
873 5094 930 5140 et
975 5084 1224 5140 servituti
1253 5082 1548 5154 subjiciunt
1575 5101 1592 5152 ;
1629 5100 1730 5140 nec
1758 5085 1853 5140 ali-

275 5186 360 5232 ter
385 5177 596 5244 vivunt,
624 5177 729 5234 nisi
757 5175 1024 5248 quomodo
1053 5176 1187 5232 alios
1212 5177 1395 5232 vivere
1416 5179 1630 5242 docent,
1657 5193 1855 5233 caven-

275 5280 379 5335 tes,
410 5284 480 5325 ne
508 5269 629 5327 aliis
671 5269 1045 5340 praedicantes,
1089 5269 1191 5340 ipsi
1235 5269 1452 5342 reprobi
1491 5269 1854 5334 inveniantur,

273 5360 420 5416 illius
450 5359 754 5432 exemplum
780 5361 999 5428 imitati,
1028 5361 1094 5416 de
1123 5376 1230 5432 quo
1259 5362 1519 5432 scriptum
1550 5368 1662 5416 est:
1693 5379 1710 5411 ι
1734 5360 1858 5415 Ca:-

274 5452 359 5524 pit
381 5449 539 5507 Jesus
563 5450 742 5507 facere
768 5459 825 5508 et
855 5451 1052 5506 docere
1082 5453 1220 5522 (Act.
1244 5451 1303 5525 ι).
1350 5471 1368 5503 ι
1417 5450 1514 5508 Vel
1540 5449 1724 5505 lavant
1756 5450 1862 5521 pis-

279 5548 492 5597 catores
518 5541 655 5598 retia
683 5540 1041 5613 sua,'quando
1063 5543 1445 5612 praedicatores
1475 5557 1625 5598 suam
1653 5543 1860 5598 doctri-

279 5648 407 5688 nam
447 5633 716 5691 subtiliter
761 5634 1075 5691 examinant
1099 5645 1154 5690 et
1199 5635 1513 5702 discutiunt,
1547 5652 1615 5691 ne
1658 5634 1860 5706 aliquid

281 5725 336 5780 in
357 5740 422 5781 ea
448 5725 762 5783 haereticum
787 5736 882 5782 aut
913 5741 1229 5798 perversum
1257 5735 1434 5783 sonet.

361 5835 380 5867 ι
407 5815 718 5873 Ascendens
750 5825 929 5874 autem
959 5817 1014 5874 in
1038 5833 1202 5872 unam
1246 5831 1460 5886 navem,
1487 5834 1608 5890 quae
1628 5828 1747 5876 erat
1769 5818 1858 5876 Si-

290 5926 308 5960 ι
347 5909 546 5976 monis,
567 5909 792 5978 rogabat
816 5926 938 5966 eum
960 5919 1021 5966 ut
1047 5927 1078 5966 a
1101 5919 1247 5966 terra
1270 5911 1555 5968 reduceret
1575 5913 1852 5983 pusillum.

1942 2047 2160 2117 quando
2205 2046 2452 2102 audivit:
2503 2065 2522 2096 ‹
2551 2043 2630 2100 Tu
2653 2059 2714 2099 es
2736 2043 2947 2109 Petrus,
2981 2064 3000 2098 ι
3047 2052 3150 2100 etc.
3177 2045 3244 2100 Et
3287 2045 3524 2101 iterum:

1949 2158 1968 2191 ς
1997 2139 2185 2196 Simon
2236 2137 2483 2204 Joannis,
2519 2133 2698 2208 diligis
2742 2151 2829 2192 me
2859 2137 2979 2208 plus
3019 2136 3140 2192 his?
3187 2137 3356 2194 Pasce
3400 2152 3530 2194 oves

1943 2247 2093 2288 meas
2117 2231 2298 2305 (Joan.
2331 2229 2443 2300 xx).
2478 2249 2497 2282 ›
2555 2230 2697 2285 Bene
2744 2237 2923 2284 autem
2965 2229 3208 2286 dicitur:
3253 2248 3272 2281 ι
3310 2229 3448 2295 Una,
3501 2249 3522 2283 ι

1946 2326 2071 2396 quia
2118 2323 2481 2380 multitudinis
2509 2321 2843 2378 credentium
2874 2331 2992 2376 erat
3023 2336 3118 2377 cor
3140 2337 3306 2377 unum
3330 2329 3387 2378 et
3414 2321 3532 2377 ani-

1944 2432 2034 2471 ma
2057 2431 2184 2470 una.
2207 2412 2318 2470 Nec
2339 2413 2625 2484 quisquam
2655 2427 2843 2468 eorum
2868 2427 2990 2482 qua:
3012 2411 3339 2484 possidebat,
3370 2426 3528 2466 suum

1947 2507 2151 2577 aliquid
2178 2521 2297 2562 esse
2323 2505 2557 2568 dicebat,
2592 2505 2688 2560 sed
2725 2513 2878 2560 erant
2921 2504 3029 2560 illis
3054 2504 3235 2560 omnia
3283 2519 3530 2560 commu-

1946 2601 2035 2655 nia
2062 2600 2198 2670 (Act.
2227 2598 2310 2671 ιι).
2344 2598 2584 2654 Docebat
2605 2605 2782 2653 autem
2815 2597 2881 2652 de
2903 2595 3148 2652 navicula
3179 2596 3532 2667 turbas,quia

1946 2691 2332 2762 praedicatores
2359 2689 2532 2746 sancti
2562 2704 2670 2745 non
2710 2688 2872 2744 aliam
2904 2703 3064 2760 quam
3105 2687 3531 2745 ecclesiasticam
3627 2673 3634 2688 ’

1949 2783 2146 2838 debent
2169 2782 2443 2836 insinuare
2464 2781 2792 2836 doctrinam.

2025 2894 2044 2926 ι
2071 2873 2145 2929 Ut
2168 2875 2404 2929 cessavit
2429 2883 2609 2928 autem
2630 2873 2800 2944 loqui,
2821 2874 2959 2930 dixit
2981 2873 3049 2930 ad
3070 2873 3348 2931 Simonem
3373 2892 3388 2930 :
3418 2873 3533 2931 Duc

1954 2985 1973 3018 ε
2010 2968 2065 3022 in
2089 2966 2276 3021 altum.
2293 2985 2309 3018 ι
2341 2964 2645 3022 Notandum
2672 2966 2816 3036 quod
2846 2967 3082 3038 primum
3109 2982 3140 3022 a
3160 2976 3307 3024 terra
3340 2981 3530 3022 navem

1946 3057 2203 3130 pusillum
2232 3057 2493 3114 reducere
2515 3056 2696 3127 jussit,
2725 3073 2872 3114 nunc
2896 3066 3077 3114 autem
3124 3059 3178 3114 in
3226 3059 3394 3114 altum
3435 3058 3534 3112 du-

1950 3167 2073 3209 cere
2107 3151 2280 3221 jubet,
2304 3151 2596 3208 ostendens
2622 3153 3030 3223 temperandum
3059 3167 3182 3208 esse
3223 3167 3530 3208 sermonem

1950 3249 2261 3304 doctoribus
2303 3249 2357 3303 in
2387 3248 2785 3318 prmdicatione.
2817 3247 3020 3303 Inﬁrmi
3070 3249 3215 3304 enim
3255 3248 3532 3304 auditores

1949 3355 2058 3395 non
2089 3339 2268 3395 subito
2317 3341 2382 3394 ad
2425 3337 2692 3408 profunda
2721 3339 3108 3411 mysteriorum
3136 3347 3262 3394 sunt
3299 3340 3538 3395 introdu-

1951 3431 2134 3498 cendi,
2181 3431 2275 3486 sed
2304 3431 2456 3502 prius
2483 3431 2736 3502 pusillum
2787 3446 2819 3486 a
2859 3440 3006 3487 terra
3057 3431 3432 3498 submovendi,
3485 3433 3539 3488 id

1950 3533 2054 3588 est,
2080 3539 2110 3578 a
2133 3523 2364 3578 terrenis
2392 3523 2538 3578 curis
2563 3531 2619 3578 et
2649 3522 2960 3578 carnalibus
2990 3523 3202 3579 actibus
3224 3522 3532 3594 separandi.

1952 3614 2154 3670 Horum
2193 3613 2545 3686 fragilitatem
2597 3614 2858 3670 Dominus
2889 3613 3223 3670 tolerandam
3274 3613 3535 3680 insinuat,

1953 3721 2077 3761 cum
2101 3703 2310 3760 Simoni
2341 3705 2588 3776 praecipit
2615 3714 2676 3760 ut
2698 3720 2891 3762 navem
2915 3704 3169 3776 pusillum
3213 3721 3242 3759 a
3279 3714 3426 3760 terra
3451 3720 3539 3760 re-

1953 3799 2131 3855 ducat.
2156 3797 2268 3854 Nec
2296 3807 2520 3868 pr0pter
2541 3798 2676 3853 tales
2706 3799 2991 3854 deserendi
3022 3806 3148 3855 sunt
3173 3797 3423 3869 perfecti,
3441 3796 3537 3852 sed

1952 3894 2018 3950 ad
2043 3892 2150 3946 alta
2198 3891 2581 3963 mysteriorum
2605 3891 2702 3946 Dei
2731 3889 3084 3961 provocandi,
3108 3889 3250 3962 quod
3278 3889 3539 3945 Dominus

1953 3981 2260 4055 signiﬁcare
2285 3981 2473 4046 voluit,
2505 3981 2725 4051 quando
2755 3979 2961 4036 Simoni
2985 3979 3156 4034 dixit:
3193 3998 3212 4029 ι
3249 3979 3364 4035 Duc
3387 3979 3440 4034 in
3468 3977 3542 4032 al-

1952 4084 2088 4129 tum.
2122 4092 2141 4125 ι
2174 4072 2384 4127 Aliter:
2413 4070 2550 4127 Cum
2571 4079 2752 4126 autem
2775 4071 3030 4143 pusillum
3053 4086 3084 4125 a
3108 4078 3255 4125 terra
3278 4069 3540 4126 reducere

1947 4163 2122 4233 jubet,
2147 4161 2590 4234 praedicationem
2639 4159 3004 4232 apostolorum
3044 4160 3100 4215 in
3130 4159 3409 4230 proximas
3443 4174 3542 4214 na-

1955 4259 2132 4312 tiones
2183 4269 2306 4310 esse
2351 4253 2745 4309 extendendam
2795 4252 3051 4308 ostendit.
3094 4250 3229 4308 Cum
3257 4267 3390 4308 vero
3421 4252 3538 4306 ait:

1963 4369 1981 4402 α
2015 4349 2130 4405 Duc
2155 4348 2208 4403 in
2251 4346 2440 4412 altum,
2475 4366 2492 4397 ι
2529 4345 2777 4400 eamdem
2803 4344 3241 4415 praedicationem
3269 4358 3441 4414 usque
3471 4344 3540 4398 ad

1958 4441 2096 4497 ﬁnes
2124 4448 2286 4495 terrae
2312 4452 2433 4494 esse
2455 4445 2839 4508 perventuram
2855 4436 3212 4492 demonstrat.
3231 4435 3384 4502 Quod
3412 4443 3542 4490 tunc

1957 4531 2236 4602 impletum
2292 4537 2406 4595 est,
2468 4527 2684 4598 quando
2728 4527 2956 4598 apostoli
3002 4525 3201 4582 Judazis
3247 4526 3540 4582 dixerunt:

1963 4645 1982 4678 (
2011 4623 2178 4680 Vobis
2203 4623 2420 4694 quidem
2471 4629 2786 4691 oportuerat
2835 4619 3070 4689 primum
3121 4618 3266 4689 loqui
3314 4619 3544 4674 verbum

1962 4694 2078 4781 Dei,
2103 4715 2199 4770 sed
2221 4713 2477 4783 quoniam
2517 4710 2775 4780 repellitis
2797 4709 2946 4781 illud,
2973 4718 3030 4766 et
3054 4710 3303 4781 indignos
3329 4725 3427 4766 vos
3448 4709 3541 4780 ju-

1961 4807 2153 4863 dicatis
2200 4813 2416 4861 πίει-ηερ
2470 4804 2776 4868 γίιαδ,θοεθ
2824 4803 3193 4859 convertimur
3242 4803 3312 4859 ad
3356 4813 3546 4876 gentes

1961 4898 2103 4970 (Act.
2133 4897 2276 4970 xm).
2299 4917 2317 4950 ι
2351 4896 2497 4952 Bene
2517 4904 2699 4951 autem
2723 4895 2932 4958 subdit:
2963 4913 2982 4948 ι
3013 4895 3216 4952 Laxate
3253 4898 3390 4953 retia
3419 4913 3543 4954 ves-

1963 5001 2046 5045 tra
2077 4990 2130 5044 in
2157 4998 2460 5060 capturam.
2500 5007 2518 5038 »
2560 4987 2797 5058 Captura
2817 4988 2963 5042 enim
2988 4987 3140 5045 locus
3160 4997 3246 5046 est
3268 4990 3545 5062 capiendis

1962 5081 2201 5153 piscibus
2221 5091 2393 5151 aptus,
2423 5079 2566 5135 unde
2584 5087 2639 5136 et
2665 5094 2859 5136 nomen
2879 5095 3177 5153 congruum
3199 5081 3382 5138 habet.
3408 5081 3544 5137 Cum
3567 5145 3572 5150 ε
3655 5089 3662 5094 ‘

1960 5192 2090 5248 ergo
2115 5177 2245 5231 dicit
2277 5194 2290 5229 :
2331 5194 2349 5226 ε
2384 5174 2587 5230 Laxate
2615 5175 2754 5230 retia
2783 5182 2964 5230 vestra
2993 5175 3046 5229 in
3073 5180 3376 5244 capturam,
3408 5193 3428 5226 ι
3455 5188 3544 5229 os-

1962 5270 2132 5326 tendit
2176 5267 2284 5324 illic
2326 5267 2763 5340 prmdicationem
2809 5267 3174 5339 apostolorum
3208 5283 3328 5325 esse
3353 5267 3542 5322 laxan-

1963 5363 2108 5429 dam,
2166 5361 2255 5416 ubi
2311 5372 2538 5417 noverat
2583 5376 2704 5417 esse
2753 5360 2974 5429 electos,
3011 5361 3104 5432 qui
3134 5369 3459 5432 caperentur
3489 5361 3545 5415 in

1963 5455 2087 5522 ﬁde,
2116 5453 2258 5524 quod
2299 5452 2435 5508 liber
2473 5452 2705 5508 Actuum
2735 5452 3099 5524 apostolorum
3131 5452 3390 5514 declarat,
3419 5466 3544 5504 cum

1969 5546 2100 5602 dicit
2129 5564 2141 5599 :
2165 5563 2182 5597 ‹
2204 5544 2339 5612 Quia
2367 5559 2488 5598 cum
2515 5543 2715 5600 vellent
2733 5543 2960 5615 apostoli
2977 5543 3056 5598 ire
3081 5542 3412 5612 Bithyniam,
3437 5557 3544 5597 non

1965 5635 2214 5705 permisit
2239 5649 2333 5690 eos
2379 5635 2603 5706 spiritus
2628 5633 2755 5690 Jesu
2781 5634 2918 5705 (Act.
2946 5635 3082 5705 xvi).
3104 5652 3123 5685 ι
3156 5631 3272 5688 Non
3295 5631 3442 5688 enim
3469 5631 3544 5686 ibi

1965 5738 2085 5784 erat
2131 5737 2259 5785 tunc
2309 5728 2457 5784 locus
2483 5737 2721 5798 capturas
2751 5737 2930 5799 aptus.
2971 5726 3106 5782 Cum
3139 5735 3318 5782 autem
3348 5727 3402 5782 in
3431 5726 3543 5782 Ma-

1965 5820 2248 5876 cedoniam
2273 5833 2501 5891 pergere
2520 5833 2627 5874 non
2650 5818 3015 5888 disponerent,
3041 5817 3293 5890 apparuit
3317 5817 3370 5874 in
3400 5832 3545 5874 som-

1966 5910 2051 5965 nis
2091 5910 2259 5965 Paulo
2311 5911 2394 5965 vir
2441 5909 2682 5972 Macedo,
2722 5909 3020 5979 deprecans
3047 5925 3172 5966 eum
3217 5919 3272 5967 et
3315 5909 3540 5969 dicens:
