4014 6354
470 398 574 455 617
1085 397 1436 456 HAYMONIS
1476 400 1957 455 HALBEBSTAT.
1999 397 2210 455 EPISC.
2251 399 2402 457 OPP.
2444 400 2625 458 PARS
2663 404 2821 459 ll.—
2855 404 3085 461 HOMIL.
3657 414 3789 470 628

477 539 496 571 ε
515 518 878 577 ‘I‘ransiensin
896 518 1491 590 Maecdoniam,adjuva
1512 534 1610 575 nos
1634 518 1771 591 (Act.
1790 518 1922 589 xvi).
1958 518 2062 571 iAt
2090 519 2139 579 Α
2170 528 2274 573 tem
2297 520 2429 584 vita,
2458 521 2599 577 sicut
2629 522 2803 576 media
2827 532 2908 578 est
2942 523 3083 578 inter
3107 540 3301 581 emtum
3324 538 3379 581 ct
3419 536 3655 597 terram,
3694 531 3786 586 ita

473 613 569 670 ille
592 614 898 683 intelligens
926 612 1189 668 visionem
1236 611 1336 666 sibi
1385 627 1414 665 a
1453 613 1564 667 Deo
1589 627 1711 667 esse
1758 619 2053 678 ostensam,
2164 610 2443 681 utriusque
2468 610 2705 667 civitatis
2730 611 2875 668 cives
2904 614 2955 668 in
2997 630 3056 670 se
3086 616 3346 671 continet.
3390 637 3409 669 ι
3443 617 3787 693 Rumpeba—

469 707 712 779 perrexit
743 706 1134 772 Macedoniam,
1169 705 1360 761 laxans
1394 705 1462 761 ibi
1490 705 1622 761 retia
1654 721 1749 760 sua
1790 704 1845 759 in
1871 712 2058 775 captu-
2167 724 2183 753 ι
2208 710 2308 774 tur
2340 713 2519 758 autem
2552 713 2666 760 rete
2694 721 2900 760 eorum.
2939 727 2957 758 ι
3007 706 3144 775 Quia
3196 708 3295 779 ipsi
3329 707 3633 765 Ecclesiam
3670 727 3787 767 va-

473 816 611 855 ram.
644 797 948 856 Notandum
999 816 1149 867 vero,
1180 800 1304 869 quia
1351 799 1455 854 alio
1499 807 1737 870 tempore
1787 798 1919 853 retia
1953 797 2056 869 pli-
2162 795 2257 851 riis
2285 797 2580 852 hzeresibus
2623 798 2868 853 scindere
2912 800 3092 854 conati
3148 809 3296 866 sunt,
3338 803 3433 872 qui
3480 803 3535 858 in
3567 817 3632 857 ea
3665 819 3785 875 per

472 902 688 956 cantu},
741 892 846 946 alio
890 901 1129 964 captura:
1168 893 1438 960 laxantur,
1482 895 1605 966 quia
1638 910 1743 949 nou
1789 902 1871 949 est
1900 907 2059 948 omne
2162 886 2319 942 fidem
2341 889 2484 958 capti
2517 890 2869 956 tenebantur;
2895 890 3069 960 qualis
3097 888 3197 944 fuit
3221 890 3387 947 Judas
3406 893 3691 963 proditor,
3717 904 3783 950 et

473 994 687 1057 tempus
716 996 900 1057 aptum
931 987 1209 1053 doctrinae,
1243 989 1335 1044 sed
1359 988 1465 1043 alio
1495 996 1734 1059 tempore
1756 987 1892 1042 retia
1921 1001 2059 1058 prte—
2163 977 2352 1035 Simon
2405 979 2625 1050 Magus;
2652 990 2707 1036 et
2736 981 2922 1051 quales
2957 990 3112 1039 erant
3142 981 3239 1045 illi,
3274 984 3339 1039 de
3368 983 3569 1057 quibus
3592 983 3781 1041 Joan-

473 1079 756 1135 dicationis
785 1078 1172 1145 extenduntur,
1216 1079 1319 1135 alio
1359 1081 1608 1137 doctores
1638 1079 1834 1135 suimet
1874 1092 2059 1133 curam
2161 1089 2259 1135 nes
2300 1073 2580 1147 apostolus
2628 1075 2705 1128 ait
2742 1089 2756 1128 :
2795 1095 2811 1125 ι
2840 1074 3106 1130 Exierunt
3143 1091 3206 1130 ex
3258 1076 3435 1144 nobis,
3494 1077 3594 1132 sed
3652 1092 3779 1135 non

472 1170 694 1225 habent.
2161 1175 2317 1246 erant
2365 1183 2432 1223 ex
2484 1167 2638 1223 nobis
2700 1168 2752 1239 (Ι
2791 1166 2950 1222 Joan.
2986 1168 3067 1240 ιι).
3106 1187 3123 1220 ι
3170 1166 3276 1223 Sed
3312 1169 3437 1238 quia
3496 1185 3779 1228 nmnerus

550 1279 567 1312 ι
611 1261 678 1317 Et
731 1277 1061 1333 respondens
1106 1260 1293 1317 Simon
1336 1262 1410 1318 ait
1435 1261 1509 1317 illi
1548 1281 1560 1315 :
1608 1261 1937 1333 Praeceptor,
1963 1274 2062 1331 per
2160 1261 2453 1318 electormn
2485 1278 2589 1317 non
2622 1262 2793 1319 solum
2841 1277 2907 1319 ex
2942 1259 3156 1327 Judaeis,
3189 1262 3285 1318 sed
3312 1264 3479 1319 etiam
3520 1279 3595 1321 ex
3632 1281 3772 1336 gen-

478 1371 496 1402 σ
532 1360 701 1408 totam
748 1362 964 1409 noctem
1013 1352 1321 1409 laborantes
1347 1354 1479 1409 nihil
1508 1354 1770 1427 cepimus,
1802 1352 1855 1407 in
1898 1353 2061 1408 verbo
2163 1351 2307 1408 tibus
2330 1352 2663 1425 colligendus
2701 1361 2841 1418 erat,
2873 1362 3019 1407 recte
3044 1351 3415 1409 subinfertur:

482 1462 502 1495 ι
535 1455 716 1498 autem
755 1453 849 1500 tuo
880 1445 1075 1501 laxabo
1098 1454 1232 1502 rete.
1265 1466 1283 1498 ι
1310 1446 1455 1503 Bene
1504 1454 1888 1519 praeceptorem
1938 1459 2061 1507 eum
2241 1464 2258 1495 ι
2289 1445 2355 1500 Ει
2397 1456 2704 1501 annuerunt
2748 1444 2930 1509 sociis,
2969 1445 3062 1515 qui
3100 1456 3259 1503 erant
3285 1444 3338 1500 in
3370 1445 3478 1501 alia
3512 1447 3680 1512 navi,
3709 1457 3771 1504 ut

412 1592 415 1595 .
474 1539 725 1609 appellat,
754 1539 878 1610 quia
910 1557 1033 1596 cum
1060 1558 1156 1612 per
1185 1550 1352 1597 totam
1395 1551 1607 1597 noctem
1652 1543 1703 1597 in
1747 1541 2062 1614 piscationis
2170 1558 2186 1589 ε
2217 1539 2466 1592 venirent
2490 1547 2544 1592 et
2567 1537 2884 1606 adjuvarent
2908 1552 3019 1592 eos.
3057 1558 3075 1588 ι
3118 1536 3236 1592 Alia
3269 1538 3445 1605 navis,
3492 1551 3556 1595 ut
3595 1556 3768 1611 supra

474 1628 650 1685 cilicio
684 1629 885 1687 frustra
936 1631 1236 1689 laborasset
1288 1634 1471 1689 statim
1510 1643 1569 1689 ut.
1612 1636 1683 1689 ad
1724 1635 1841 1706 ejus
1864 1634 2063 1704 jussio~
2164 1631 2418 1697 diximus,
2458 1630 2699 1687 Ecclesia
2735 1643 2820 1687 est
2862 1646 2928 1686 ex
2971 1631 3221 1704 gentibus
3265 1640 3477 1704 vocata.
3535 1634 3767 1693 Annae-

476 1740 601 1778 nem
633 1725 765 1779 retia
798 1725 1021 1792 laxavit,
1051 1725 1446 1782 multitudinem
1479 1727 1708 1797 piscium
1740 1726 1903 1798 cepit.
1947 1724 2064 1781 Nox
2165 1736 2293 1780 runt
2320 1740 2449 1798 ergo
2477 1726 2638 1781 sociis
2669 1725 2759 1796 qui
2793 1734 2952 1780 erant
2979 1725 3030 1780 in
3058 1724 3165 1779 alia
3194 1726 3353 1793 navi,
3393 1735 3453 1781 ut
3508 1728 3765 1784 venirent

477 1816 530 1871 in
563 1815 858 1888 Scripturis
909 1819 1198 1890 aliquando
1236 1835 1336 1890 pro
1380 1821 1682 1892 ignorantia
1712 1820 1796 1877 vel
1824 1821 2065 1877 caecitate
2096 1888 2107 1892 Α
2165 1826 2220 1873 et
2262 1817 2579 1887 adiuvarent
2604 1832 2721 1884 eos,
2758 1818 2882 1889 quia
2912 1816 3093 1888 plures
3122 1817 3265 1872 inter
3295 1818 3528 1889 gentiles
3552 1819 3762 1875 inventi

475 1909 673 1963 mentis
711 1910 951 1980 ponitur.
991 1888 1094 1964 l’er
1137 1888 1305 1966 totam
1333 1888 1462 1983 ergo
1508 1921 1721 1967 noctem
1753 1912 2062 1967 laborantes
2092 1888 2137 1951 Β
2167 1918 2307 1975 sunt,
2352 1911 2443 1982 qui
2474 1910 2733 1982 apostolis
2758 1888 2810 1965 in
2846 1910 3229 1981 praedicatione
3254 1888 3537 1982 adjutores
3561 1913 3760 1969 existe-

477 2001 608 2056 nihil
639 2013 920 2074 ceperunt,
952 2005 1075 2075 quia
1112 2005 1216 2060 nisi
1246 2004 1505 2061 Dominus
1541 2005 1802 2062 illuminet
1830 2015 2062 2060 mentem
2167 2012 2305 2059 rent.
2348 2022 2364 2054 ι
2396 2003 2465 2057 Ει
2491 2012 2753 2058 venerunt
2777 2011 2832 2057 et
2860 2001 3219 2072 impleverunt
3244 2004 3430 2060 ambas
3454 2005 3753 2070 naviculas,

481 2092 746 2149 auditoris
775 2095 1026 2163 interius,
1058 2096 1111 2151 in
1145 2113 1373 2152 vacuum
1416 2097 1625 2153 laborat
1659 2113 1837 2153 sermo
1880 2097 2064 2153 docto-
2173 2112 2190 2143 ι
2222 2093 2296 2148 ita
2328 2101 2385 2147 ut
2419 2107 2555 2164 pene
2587 2100 2975 2165 mergerentur.
3008 2112 3026 2145 ›
3053 2090 3294 2164 lmpletio
3314 2094 3747 2165 navittmdierfe-

475 2185 553 2241 ris
580 2186 842 2253 exterius,
869 2185 1150 2256 Scriptura
1187 2188 1399 2244 dicente
1425 2186 1595 2259 (Psal.
1625 2188 1808 2260 cxxvr)
1845 2207 1855 2241 :
1891 2208 1909 2239 ι
1946 2186 2061 2242 Nisi
2167 2188 2400 2244 ctionem
2428 2187 2697 2265 signiﬁcat
2724 2186 3001 2251 Ecclesiae,
3030 2203 3150 2257 qua:
3170 2188 3410 2261 quotidie
3434 2202 3503 2245 ex
3531 2202 3755 2245 conver-

475 2278 735 2336 Dominus
779 2281 1125 2338 aediﬁcaverit
1174 2283 1391 2338 domum
1425 2324 1442 2351 ,
1498 2303 1517 2337 ι
1572 2292 1677 2338 etc.
1707 2282 1773 2337 Et
1813 2300 1828 2337 :
1868 2300 1888 2333 ι
1950 2279 2063 2337 Nisi
2167 2281 2317 2337 sione
2341 2279 2680 2337 credentium
2703 2278 2974 2350 impletur,
3010 2286 3065 2334 et
3090 2293 3260 2349 usque
3290 2279 3343 2335 in
3375 2278 3547 2337 ﬁnem
3576 2280 3757 2343 saeculi

478 2370 737 2427 Dominus
793 2375 1111 2429 custodierit
1168 2376 1478 2441 civitatem,
1538 2395 1557 2428 ι
1607 2382 1711 2431 etc.
1764 2375 1866 2443 Qui
1920 2376 2063 2429 enim
2169 2373 2905 2449 implebitur.Periclitantur
2934 2382 3115 2429 autem
3138 2387 3325 2438 naves,
3349 2372 3446 2429 sed
3472 2389 3580 2433 non
3611 2390 3755 2433 Iner-

478 2463 600 2518 aliis
648 2464 920 2534 praedicat,
950 2481 1055 2520 non
1086 2464 1139 2520 in
1189 2481 1283 2520 sua
1316 2465 1578 2536 sapientia
1630 2465 1714 2519 vel
1757 2464 2062 2535 eloquentia
2168 2477 2397 2541 guntur,
2427 2470 2552 2541 quia
2582 2484 2723 2543 saepe
2752 2467 3218 2545 persecutionibus
3246 2467 3635 2527 hatretieorum
3663 2468 3756 2526 Ec-

477 2555 752 2611 conlidere
784 2554 964 2623 debet,
991 2557 1089 2611 sed
1134 2556 1187 2611 in
1216 2557 1416 2613 virtute
1446 2558 1559 2612 Dei.
1612 2556 1764 2613 Unde
1788 2557 1926 2612 bene
1969 2571 2065 2627 per
2169 2564 2330 2620 clesia
2375 2579 2636 2619 concussa
2684 2572 2785 2629 est,
2837 2577 2978 2633 saepe
3022 2561 3287 2631 falsorum
3320 2560 3556 2621 fratrum
3578 2563 3755 2635 iniqua

479 2647 759 2703 Simonem
815 2647 1016 2703 dicitur
1058 2667 1069 2701 :
1123 2666 1145 2701 ι
1205 2648 1261 2703 In
1300 2651 1467 2705 verbo
1519 2660 1698 2705 autem
1729 2658 1819 2704 tuo
1872 2649 2065 2703 laxabo
2167 2654 2479 2726 operatione
2532 2662 2825 2720 commota,
2874 2654 2969 2715 sed
3025 2652 3194 2729 mergi
3234 2669 3341 2710 non
3386 2654 3591 2724 potuit,
3631 2656 3755 2726 quia

480 2750 611 2795 rete.
662 2762 679 2793 ι
2167 2743 2445 2800 Christum
2472 2744 2525 2799 in
2552 2744 2901 2801 fundamento
2930 2743 3142 2811 habuit,
3168 2742 3284 2813 ipso
3314 2744 3529 2801 dicente
3560 2764 3574 2804 :
3612 2766 3633 2797 ι
3654 2745 3755 2803 δυο

556 2856 573 2884 ι
602 2835 669 2889 Et
715 2850 837 2890 cum
868 2850 968 2890 noc
1018 2834 1295 2902 fecissent,
1350 2837 1732 2893 concluserunt
1770 2837 2065 2894 multitudi-
2168 2850 2266 2905 per
2293 2834 2436 2891 hanc
2465 2844 2674 2906 petram
2704 2834 2984 2897 aediﬁcabo
3014 2833 3315 2891 Ecclesiam
3335 2851 3513 2893 meam
3541 2835 3752 2906 (Matth.

483 2948 501 2978 ι
542 2941 663 2980 nem
702 2927 929 2997 piscium
963 2927 1259 2997 copiosam.
1296 2946 1312 2977 ι
1348 2927 1438 2983 Bis
1467 2928 1518 2982 in
1557 2928 2067 3002 sancto'Evangolio
2172 2912 2306 2996 xvi),
2339 2946 2355 2975 ι
2390 2935 2493 2980 etc.
2552 2926 2619 2981 Et
2646 2927 2785 2981 sicut
2818 2925 2942 2983 alibi
2990 2925 3068 2982 ait
3096 2944 3108 2981 :
3140 2945 3158 2979 ι
3194 2924 3472 2983 Venerunt
3516 2926 3755 2994 flumina,

479 3018 732 3090 legimus,
752 3018 896 3088 quod
927 3018 994 3072 ad
1019 3018 1317 3089 jussionem
1357 3019 1570 3073 Domini
1602 3018 1777 3074 laxata
1807 3020 1940 3074 retia
1972 3035 2077 3076 co-.
2172 3018 2437 3073 [laverunt
2485 3016 2630 3074 venti
2650 3059 2665 3084 ,
2698 3028 2753 3073 et
2786 3006 3127 3093 impegertfnt
3155 3018 3210 3073 in
3242 3018 3463 3074 domum
3512 3018 3684 3084 illam,
3709 3030 3760 3074 et

478 3112 687 3183 plosam
738 3109 1135 3165 multitudinem
1173 3110 1398 3182 piscium
1431 3121 1706 3183 ceperunt,
1756 3128 1901 3168 nunc
1943 3120 2067 3167 ante
2172 3126 2276 3165 non
2322 3109 2538 3174 cecidit,
2588 3107 2811 3164 fundata
2861 3109 3005 3164 enim
3056 3118 3174 3165 erat
3214 3124 3377 3180 supra
3420 3109 3635 3167 ﬁrmam
3675 3126 3759 3180 pe-

478 3204 806 3277 passionem,
837 3210 892 3258 et
918 3204 1156 3258 secundo
1178 3212 1301 3274 post
1331 3204 1799 3261 resurrectionem.
1831 3205 1937 3261 Sed
1965 3204 2067 3261 hoc
2175 3212 2312 3257 tram
2341 3202 2556 3274 (Matth.
2584 3202 2703 3275 vn).

481 3299 624 3352 inter
668 3303 957 3367 utramque
981 3296 1335 3365 piscationem
1381 3297 1563 3359 distat,
1591 3298 1715 3368 quia
1746 3299 1796 3351 in
1827 3298 1931 3353 hac
1957 3298 2067 3367 pis-
2097 3285 2142 3348 C
2255 3314 2271 3344 ‹
2302 3294 2455 3367 Quod
2502 3311 2625 3349 cum
2673 3293 2885 3349 videret
2930 3308 3117 3350 otmon
3158 3294 3379 3365 Petrus,
3421 3296 3667 3366 procidit
3698 3292 3763 3353 ad

480 3389 692 3444 catione
714 3389 849 3443 retia
876 3387 1047 3442 laxari
1070 3388 1350 3458 iubentur,
1370 3389 1467 3443 sed
1490 3396 1696 3453 tamen,
1715 3389 1766 3443 in
1790 3405 1893 3459 qua
1919 3398 2070 3457 parte
2181 3407 2197 3438 ι
2235 3403 2410 3461 genua
2435 3386 2581 3454 Jesu,
2614 3388 2799 3443 dicens
2831 3406 2842 3441 :
2876 3387 2974 3441 Exi
2998 3405 3025 3442 τι
3053 3403 3159 3454 me.
3183 3388 3310 3461 quia
3330 3389 3495 3447 homo
3515 3397 3762 3461 peccator

480 3482 625 3537 mitti
660 3482 908 3547 debeant,
941 3497 1047 3537 non
1072 3482 1413 3552 designatur;
1446 3483 1497 3537 in
1521 3482 1608 3537 illa
1632 3492 1831 3547 autem,
1865 3483 2071 3553 speeia-
2181 3502 2197 3532 ε
2233 3498 2375 3545 sum,
2405 3480 2651 3537 Domine.
2703 3501 2720 3533 ι
2758 3481 2895 3537 Sunt
2925 3480 3167 3537 nonnulli
3211 3481 3411 3537 inﬁrmi
3451 3482 3599 3537 intra
3639 3498 3759 3539 san-

480 3572 608 3627 liter
636 3572 688 3625 in
736 3572 1017 3627 dexteram
1052 3581 1262 3642 partem
1294 3573 1458 3627 missa
1487 3573 1860 3642 perhibentur.
1886 3573 1940 3627 lu
1972 3573 2072 3626 hac
2175 3586 2314 3631 ctam
2349 3574 2670 3640 Ecclesiam,
2704 3573 2796 3647 qui
2829 3583 3175 3643 peccatorum
3223 3589 3445 3633 suorum
3493 3575 3758 3647 magnitu-

480 3661 800 3732 piscatione,
828 3680 940 3734 prae
970 3664 1315 3732 multitudine
1362 3664 1591 3736 piscium
1624 3673 1736 3720 rete
1765 3664 2032 3734 rumpitur
2055 3683 2067 3718 :
2176 3672 2298 3725 dine
2323 3672 2517 3741 pressi,
2542 3672 2658 3726 vias
2680 3671 2803 3729 vitae
2829 3669 2987 3741 quasi
3008 3666 3250 3727 dilﬁciles
3267 3670 3475 3742 ingredi
3500 3678 3759 3735 metuunt,

480 3750 537 3805 in
581 3753 668 3806 illa
698 3769 829 3808 vero
853 3754 1005 3809 multi
1030 3762 1085 3809 et
1112 3755 1292 3825 magni
1322 3755 1465 3826 capti
1495 3763 1640 3819 sunt,
1672 3765 1726 3809 et
1755 3755 1886 3809 rclia
1916 3763 2070 3825 rupta
2176 3770 2229 3817 et
2262 3771 2440 3818 tamen
2471 3763 2524 3818 iu
2553 3762 2667 3819 suis
2695 3761 3070 3832 iniquitatibus
3091 3760 3277 3833 jacere
3308 3778 3421 3821 non
3447 3761 3760 3821 formidant.

482 3860 591 3900 non
623 3856 767 3901 sunt.
798 3848 857 3902 ln
896 3849 999 3902 hac
1035 3862 1292 3903 numerus
1325 3848 1551 3918 piscium
1590 3864 1698 3903 non
1728 3848 2070 3918 exprimitur,
2176 3854 2415 3921 Quorum
2446 3870 2728 3925 personam
2769 3853 2965 3909 Petrus
2995 3854 3083 3910 bie
3126 3854 3179 3913 in
3221 3869 3280 3907 se
3321 3854 3601 3925 exprimit,
3646 3870 3760 3909 cum

484 3937 538 3992 in
572 3936 658 3990 illa
686 3946 866 3993 certus
886 3953 1145 3993 numerus
1168 3937 1498 4010 designatur,
1523 3955 1645 3994 cum
1673 3948 1887 3994 centum
1918 3940 2067 4008 quin-
2123 3934 2129 3945 ’
2177 3947 2293 4000 Viso
2318 3945 2579 4000 miraculo
2611 3945 2858 4017 piscium,
2899 3944 3130 4014 procidit
3174 3944 3241 3998 ad
3285 3959 3459 4015 genua
3507 3942 3658 4010 Iesu,
3685 3944 3759 3999 di-

486 4032 739 4104 quaginta
774 4041 883 4087 tres
911 4033 1052 4105 capti
1080 4041 1467 4088 memorantur.
1495 4032 1648 4090 Unde
1673 4048 1768 4106 per
1796 4034 1934 4087 hanc
1959 4032 2071 4102 pis-
2176 4053 2302 4093 cens
2330 4050 2343 4089 :
2374 4055 2392 4086 ι
2424 4035 2521 4089 Επὶ
2559 4051 2591 4093 a
2638 4051 2747 4101 me,
2796 4035 2923 4105 quia
2966 4036 3126 4095 homo
3170 4045 3428 4106 peccator
3468 4052 3619 4102 sum,
3658 4036 3756 4090 Do-

485 4129 751 4185 cationcm
789 4129 1031 4187 Ecclesia
1059 4130 1390 4203 designatur,
1423 4130 1597 4200 qualis
1635 4139 1718 4184 est
1755 4129 1943 4192 modo;
1977 4142 2075 4197 per
2179 4122 2339 4187 mine.
2375 4148 2393 4181 ι
2450 4127 2555 4184 Sed
2601 4128 2692 4200 qui
2739 4143 2797 4185 se
2842 4138 3189 4198 peecatorem
3233 4130 3567 4195 considerat,
3598 4130 3758 4186 Deum

486 4217 632 4274 illam
665 4235 812 4286 vero,
847 4220 1020 4290 qualis
1048 4220 1149 4275 erit
1180 4221 1233 4275 in
1280 4220 1478 4275 futuro.
1504 4217 1750 4285 Quandiu
1780 4216 1922 4271 enim
1978 4215 2074 4270 ΕΟ·
2176 4223 2515 4295 desperando
2540 4240 2571 4278 a
2598 4238 2655 4277 se
2688 4221 2943 4293 repellere
2978 4237 3089 4279 non
3118 4221 3300 4287 debet,
3337 4222 3433 4277 sed
3466 4221 3571 4293 piis
3600 4220 3761 4290 gem}-

486 4310 647 4367 clesia
678 4313 731 4367 in
762 4314 1013 4384 przesenti
1045 4312 1152 4367 vita
1184 4320 1390 4380 manet,
1428 4312 1709 4381 utriusque
1734 4309 1904 4379 partis
1930 4304 2071 4364 cives

2179 4318 2321 4371 tibus
2355 4324 2406 4372 et
2450 4316 2681 4375 assiduis
2721 4313 2935 4371 ﬂetibus
2983 4315 3102 4385 eius
3148 4314 3535 4371 misericordia:
3576 4329 3755 4383 appin-

487 4404 681 4459 retinct
716 4423 728 4458 :
773 4406 897 4476 quia
928 4406 1098 4462 bonos
1142 4406 1300 4461 simul
1327 4416 1381 4461 et
1406 4405 1579 4461 malos
1618 4404 1824 4474 recipit.
1854 4422 1877 4455 ·‹
1924 4402 2072 4457 Multi
2178 4407 2456 4477 pinquare,
2511 4404 2644 4459 nihil
2686 4405 2936 4461 dubitans
2985 4406 3049 4460 de
3094 4403 3209 4475 ejus
3251 4404 3634 4475 promissione,
3672 4405 3751 4474 qui

485 4497 653 4563 enim,
682 4519 698 4551 ι
727 4507 787 4554 ut
812 4499 887 4554 ait
910 4498 1219 4569 Apostolus,
1248 4518 1266 4551 ι
1292 4498 1621 4554 conlitentur
1636 4497 1812 4553 verbis
1835 4512 1891 4552 se
1916 4512 2075 4553 nosse
2179 4500 2255 4553 ait
2290 4518 2299 4553 :
2337 4519 2354 4549 ι
2390 4497 2767 4555 Paenitentiam
2817 4497 2979 4569 agite,
3027 4496 3480 4573 appropinquabit
3506 4498 3655 4551 enim
3685 4512 3758 4551 re

491 4588 682 4652 Deum,
716 4588 876 4645 factis
906 4599 1084 4645 autem
1111 4597 1310 4662 negant
1339 4587 1467 4662 (Tit.
1495 4590 1557 4661 ι),
1599 4609 1617 4642 ι
1662 4588 1727 4645 de
1756 4589 1951 4659 quibus
1980 4603 2077 4657 per
2106 4655 2143 4662 Α
2180 4608 2343 4661 gnum
2390 4590 2651 4647 cmlorum
2683 4589 2898 4661 (Matth.
2935 4591 3038 4659 tu).
3075 4611 3093 4642 ι
3159 4589 3299 4651 Sunt
3339 4590 3513 4651 etiam
3555 4599 3615 4649 et
3654 4590 3756 4653 alii,

485 4687 829 4744 Psalmistam
878 4686 1075 4741 dicitur
1104 4704 1116 4739 :
1167 4705 1184 4735 ι
1215 4686 1541 4741 Annuntiavi
1592 4696 1647 4741 et
1688 4684 1897 4739 locutus
1930 4699 2069 4747 sum,
2102 4655 2155 4717 Β
2179 4682 2271 4755 qui
2294 4681 2585 4747 carnaliter
2618 4681 2881 4747 viventes,
2920 4680 3278 4755 spiritualium
3305 4689 3583 4741 redonttu
3612 4679 3759 4737 disci-

491 4776 827 4847 nmltiplicati
860 4786 987 4831 sunt
1018 4791 1177 4847 super
1203 4793 1489 4831 numerum
1521 4774 1692 4847 (Psal.
1720 4776 1930 4847 xxxix).
1964 4797 1979 4829 ι
2008 4775 2073 4829 Ει
2180 4778 2381 4848 pliuam
2410 4777 2692 4851 imperium
2726 4792 2845 4833 esse
2875 4778 3231 4842 arbitrantur,
3258 4785 3313 4831 et
3337 4775 3473 4837 dum
3498 4773 3583 4833 eis
3606 4770 3757 4841 εμίτί-

489 4868 714 4938 pulchre
742 4864 792 4920 in
826 4866 913 4920 illa
946 4868 1419 4939 piscatione;qu
1452 4876 1571 4935 post
1621 4869 2071 4923 resurrectionem
2183 4869 2289 4929 tale
2326 4869 2695 4939 magisterium
2723 4882 3011 4924 onerosum
3041 4868 3272 4931 videtur,
3300 4865 3489 4936 iugum
3516 4861 3761 4920 ecclesia‘

490 4960 629 5014 facta
683 4967 785 5025 est,
836 4959 887 5011 in
933 4959 1208 5013 dexteram
1258 4966 1465 5028 partem
1499 4960 1695 5031 navigii
1740 4962 1872 5015 retia
1910 4962 2072 5015 missa
2183 4962 2307 5016 stici
2339 4960 2619 5033 regiminis
2660 4976 2692 5015 a
2725 4960 2843 5014 suis
2872 4959 3174 5017 cervicibus
3197 4967 3453 5015 excutere
3484 4963 3757 5010 conantur.

490 5066 637 5107 esse.
671 5051 940 5122 leguntur,
980 5052 1102 5120 quia
1158 5052 1299 5106 sicut
1348 5067 1446 5123 per
1500 5053 1773 5108 sinistram
1840 5069 2076 5123 praesens
2185 5055 2428 5125 Cumque
2477 5069 2732 5125 perverse
2777 5055 2977 5120 vivant,
3025 5052 3316 5123 aliquando
3342 5065 3491 5111 voce,
3522 5064 3760 5107 nummu-

491 5143 624 5207 vita,
677 5143 747 5196 ita
798 5158 1012 5213 quoque
1056 5158 1150 5213 per
1181 5144 1460 5197 dexteram
1506 5144 1837 5215 sempiterna
1882 5142 2079 5215 {igura-
2189 5161 2349 5216 quam
2400 5146 2563 5202 etiam
2610 5161 2821 5203 morum
2868 5144 3131 5219 pravitate
3161 5141 3434 5212 spiritales
3462 5141 3759 5209 magistros.

497 5245 601 5299 tur,
634 5234 776 5289 sicut
809 5249 905 5305 per
933 5233 1277 5290 Salomouem
1304 5235 1503 5290 dicitur
1531 5254 1541 5289 :
1577 5255 1592 5284 ι
1634 5235 1787 5290 Lazva
1821 5234 1937 5305 ejus
1982 5233 2081 5289 sub
2190 5237 2384 5305 quibus
2413 5237 2656 5294 nolentes
2679 5235 2903 5305 subjecti
2946 5244 3094 5303 sunt,
3126 5250 3155 5289 a
3181 5249 3239 5290 se
3267 5232 3519 5291 recedere
3546 5247 3755 5305 persua-

493 5326 668 5397 capite
698 5342 837 5391 meo,
868 5335 923 5381 et
950 5328 1173 5382 dextera
1199 5326 1340 5381 illius
1365 5328 1760 5399 amplexabitur
1789 5344 1875 5382 me
1899 5324 2076 5399 (Cant.
2170 5328 2335 5383 .dent.
2396 5326 2598 5382 Horum
2634 5342 2763 5398 ergo
2795 5325 3185 5395 subiectionem
3216 5323 3539 5397 signiﬁcavit
3566 5323 3763 5386 Petrus,

496 5419 573 5490 ιι).
620 5440 637 5472 ι
684 5416 744 5475 In
797 5419 901 5474 hac
934 5419 1253 5491 piscatione,
1286 5436 1405 5491 quae
1459 5430 1583 5475 ante
1628 5418 2079 5474 resurrectionem
2192 5434 2255 5472 eo
2291 5418 2434 5488 quod
2465 5418 2695 5487 procidit
2729 5417 2796 5473 ad
2824 5431 2995 5488 genua
3032 5414 3197 5481 Jesu;
3224 5432 3439 5475 morum
3483 5431 3613 5471 vero
3656 5430 3762 5484 pra-

493 5511 634 5566 t‘xcta
661 5519 768 5579 est,
803 5512 931 5568 boni
966 5522 1018 5567 et
1055 5511 1177 5568 mali
1211 5514 1387 5583 pisces
1422 5513 1563 5585 capti
1600 5511 1875 5579 dicuntur,
1905 5511 1960 5566 in
1994 5511 2081 5565 illa
2194 5509 2439 5576 vit-atem,
2475 5512 2526 5564 in
2554 5526 2618 5566 eo
2644 5511 2786 5581 quod
2835 5509 2908 5563 ait
2943 5526 2955 5562 :
2991 5528 3008 5559 ι
3038 5508 3139 5563 Exi
3189 5526 3219 5562 ει
3265 5523 3392 5569 me,
3436 5507 3567 5582 quia
3621 5506 3762 5561 homo

498 5618 627 5656 vero
655 5601 753 5659 soli
789 5604 916 5660 boni
966 5622 979 5658 :
1034 5606 1158 5676 quia
1198 5606 1248 5659 in
1290 5606 1544 5676 praesenti
1586 5604 1826 5660 Ecclesia
1865 5605 1990 5660 boni
2035 5614 2088 5659 et
2194 5612 2451 5672 peccator
2483 5618 2635 5668 sum,
2668 5602 2911 5657 Domine.
2948 5622 2965 5653 ι
3024 5599 3129 5656 Sed
3156 5599 3283 5670 quid
3312 5598 3584 5669 spiritum
3614 5596 3761 5663 magi.

500 5695 626 5750 mali
664 5696 1034 5764 inveniuntur,
1087 5699 1139 5753 in
1197 5699 1524 5770 sempiterna
1565 5708 1745 5753 autem
1782 5698 1890 5753 vita
1930 5713 2088 5753 nemo
2195 5696 2289 5747 stt-2
2317 5711 2477 5764 agerc
2507 5696 2763 5763 debeant,
2788 5693 2873 5747 ille
2894 5701 3081 5765 pastor
3110 5699 3385 5759 pastorum
3411 5688 3654 5758 exemplo
3680 5701 3761 5745 $th

496 5788 671 5845 malus
713 5787 1006 5847 invenitur.
1059 5791 1330 5861 Nusquam
1371 5791 1512 5844 enim
1556 5789 1650 5844 soli
1689 5790 1815 5844 boni
1873 5789 1975 5844 nisi
2035 5789 2086 5844 in
2198 5787 2373 5847 (ξειςίυι,
2418 5784 2540 5854 quia
2585 5800 2686 5838 non
2738 5801 2767 5838 a
2816 5792 3041 5855 rogante
3092 5780 3313 5835 Simone
3372 5781 3641 5843 discessit.
3681 5777 3762 5833 Sed

497 5879 659 5949 calo,
679 5888 736 5938 et
765 5897 1030 5957 nusquam
1068 5882 1164 5937 soli
1200 5880 1323 5934 mali
1354 5880 1454 5935 nisi
1487 5880 1538 5934 in
1574 5880 1807 5936 inferno.
1846 5877 1971 5933 llaec
1994 5895 2089 5932 au-
2198 5876 2491 5962 spiiilalem
2533 5875 2832 5931 doctrinam
2884 5874 3161 5950 impendit.
3220 5874 3333 5930 Non
3380 5874 3522 5930 enim
3567 5879 3761 5947 propter
