4014 6354
135 485 262 541 629

1362 467 1671 531 HOMILIIE
1714 466 1803 521 DE
1840 460 2184 519 TEMPORE.

3325 451 3433 508 050

138 603 405 674 abjectos
453 601 716 671 superbos
751 595 1031 654 deserendi
1069 603 1193 651 sunt
1232 591 1493 656 humiles,
1526 589 1619 643 sed
1649 600 1743 655 ρο-
1771 584 1820 646 Α
1849 577 2083 674 amicum
2113 574 2164 628 in
2194 572 2387 674 Dentri,
2416 572 2509 627 sed
2536 572 2699 674 etiam
2740 571 3015 674 inimicum
3048 566 3269 674 ιξξιίϐξεηξ
3306 584 3432 674 [3'0-

136 699 270 754 tius
310 712 433 753 cum
473 694 628 749 bouis
669 689 972 763 corrigendi
1030 699 1083 743 et
1138 688 1400 747 tolerandi
1432 692 1557 742 sunt
1592 681 1739 745 mali,

137 789 376 845 dicente
425 784 756 847 Salomone:
791 803 809 836 ι
840 782 897 839 Si
929 782 1151 855 spiritus
1192 788 1511 853 potestatem
1541 776 1744 831 haben-

140 880 228 936 tis
284 878 590 935 ascenderit
633 891 794 948 super
842 883 911 941 te,
958 874 1137 930 locum
1169 882 1318 928 tuum
1356 885 1425 924 ne
1473 867 1743 923 dimiseris

142 970 354 1042 (Eccli.
405 969 581 1041 xvut).
614 988 632 1020 ι

235 1082 253 1114 ι
288 1062 491 1132 Stupor
527 1060 671 1115 enim
714 1058 1146 1114 circumdederat
1173 1071 1320 1119 eum,
1347 1062 1402 1109 et
1427 1066 1615 1109 omnes
1651 1051 1743 1122 qui

148 1173 171 1205 ι
210 1169 342 1209 cum
365 1153 455 1209 illo
481 1159 656 1217 erant,
685 1151 738 1207 in
764 1158 988 1221 captura
1010 1150 1239 1221 piscium
1266 1164 1428 1221 quam
1454 1155 1739 1217 ceperant:

146 1266 171 1298 ‹
209 1245 466 1301 similiter
506 1252 687 1303 autem
725 1241 983 1298 Jacobum
1011 1250 1066 1298 et
1093 1242 1353 1298 Joannem
1396 1238 1534 1295 filios
1576 1237 1746 1293 lebe-

147 1360 169 1393 ι
210 1341 341 1406 dmi,
376 1339 466 1411 qui
503 1346 658 1395 erant
705 1338 838 1395 socii
875 1336 1130 1393 Simonis.
1163 1357 1180 1389 ι
1217 1334 1351 1403 Quia
1385 1334 1471 1391 isti
1499 1330 1745 1404 discipuli

140 1432 328 1487 divini
346 1429 586 1503 mysterii
610 1430 786 1487 adhuc
806 1444 1033 1500 capaces
1058 1429 1235 1483 minus
1256 1435 1433 1493 erant,
1461 1427 1745 1481 subitanea

140 1531 385 1594 captura
408 1522 638 1593 piscium
660 1538 764 1577 nou
788 1522 960 1578 solum
985 1530 1223 1591 stupore,
1247 1519 1341 1574 sed
1365 1518 1537 1574 etiam
1553 1517 1747 1571 timore

140 1614 482 1675 circumdati
523 1621 667 1668 sunt.
728 1612 836 1668 Sed
872 1628 1059 1668 eorum
1096 1610 1442 1682 fragilitatem
1484 1607 1746 1664 Dominus

138 1707 493 1772 consolatur,
546 1721 667 1761 cum
714 1714 999 1776 paventem
1038 1702 1313 1759 Simonem
1352 1699 1637 1764 confortat,
1670 1699 1748 1754 di-

142 1812 291 1851 cens
323 1815 336 1851 Σ

230 1906 250 1937 ι
283 1886 405 1943 Noli
450 1887 659 1942 timere.
695 1906 713 1938 ι
765 1886 879 1942 lmo
920 1886 973 1941 in
1014 1894 1243 1958 pavente
1288 1886 1508 1943 Simone
1560 1902 1751 1944 omnes

138 1980 490 2049 pceuitentes
535 1978 846 2036 confortare
895 1979 1139 2046 videtur,
1178 1995 1247 2034 ne
1278 1980 1343 2034 de
1382 1979 1749 2052 magnitudine

138 2082 513 2143 peccatorum
551 2071 855 2144 desperent.
914 2071 1017 2128 Ubi
1058 2071 1344 2128 manifeste
1389 2071 1750 2128 ministerium

138 2163 512 2235 praedicandi,
543 2165 686 2234 quod
724 2164 773 2218 ei
813 2163 1292 2218 commendaturus
1319 2172 1455 2227 erat,
1484 2162 1749 2233 praedicit,

136 2271 284 2310 cum
319 2255 396 2310 ait
426 2273 438 2308 :
476 2272 493 2305 ι
523 2252 599 2308 Ex
634 2254 736 2310 hoc
761 2255 904 2309 enim
924 2254 1036 2325 jam
1062 2255 1309 2311 homines
1328 2254 1439 2309 eris
1464 2255 1704 2325 capiens.
1727 2274 1745 2306 ι

134 2346 277 2401 Non
316 2346 458 2400 enim
496 2344 728 2401 oﬂicium
772 2346 1016 2417 piscandi
1059 2346 1250 2412 vetuit,
1300 2346 1394 2400 sed
1436 2345 1754 2418 spiritaliter

137 2436 537 2491 commutavit.
591 2433 725 2491 Nam
755 2443 876 2505 post
905 2435 1119 2491 Domini
1145 2436 1593 2492 resurrectionem
1623 2435 1754 2506 legi-

144 2542 285 2581 mus
326 2542 447 2581 eum
485 2527 590 2581 isse
632 2526 920 2596 piscatum.
985 2527 1048 2580 Et
1093 2525 1337 2599 pulchre,
1385 2528 1475 2597 qui
1519 2528 1755 2597 piscator

145 2626 281 2673 erat
312 2617 563 2686 piscium,
601 2618 840 2687 piscator
870 2617 1147 2685 hominum
1176 2617 1387 2673 futurus
1416 2618 1751 2689 prmdicitur,

147 2721 215 2766 ut
246 2712 393 2766 sicut
426 2709 695 2767 materiali
727 2710 826 2766 reti
851 2711 1029 2782 pisces
1052 2712 1117 2767 de
1145 2711 1424 2782 profundis
1453 2712 1753 2784 gurgitibus

152 2802 226 2858 ad
280 2802 431 2857 littus
477 2801 692 2856 trahere
731 2801 975 2867 solebat,
1008 2803 1079 2855 ita
1112 2801 1336 2872 spiritali
1370 2802 1754 2873 praedicatione

152 2893 414 2949 homines
443 2892 507 2949 de
534 2892 732 2947 amaris
754 2892 937 2947 mundi
966 2889 1216 2947 ﬂuctibus
1253 2892 1323 2946 ad
1364 2892 1523 2947 fidem
1573 2893 1751 2949 trahe-

155 2995 267 3042 ret.

238 3097 257 3129 ι
290 3075 357 3131 Et
379 3075 656 3132 subductis
685 3089 754 3131 au
798 3082 999 3130 terram
1035 3075 1284 3142 navibus,
1334 3075 1538 3131 relictis
1579 3075 1753 3131 omni-

165 3186 185 3218 ι
220 3168 347 3234 bus,
377 3166 547 3223 secuti
588 3173 715 3222 sunt
756 3165 925 3220 illum.
955 3186 976 3218 ›
1034 3166 1150 3221 Non
1176 3167 1469 3238 putandum
1501 3176 1584 3221 est
1614 3167 1752 3221 hanc

162 3259 414 3314 eamdem
462 3272 582 3313 esse
625 3256 987 3323 vocationem,
1034 3272 1140 3327 qua
1170 3257 1453 3312 Matthmus
1486 3257 1641 3312 binos
1686 3257 1753 3312 de

1840 678 1963 741 pter
2008 670 2173 723 Deum
2202 708 2217 733 ,
2271 665 2482 721 dicente
2536 664 2807 719 Domino:
2859 683 2878 715 ς
2913 661 3127 733 Diligite
3186 661 3435 719 inimicos

1841 770 2051 817 vestros
2067 802 2081 825 ,
2104 757 2410 815 benefacite
2435 756 2521 812 his
2544 757 2637 827 qui
2660 757 2893 813 oderunt
2915 769 3012 810 vos
3033 796 3048 822 ,
3081 762 3135 808 et
3157 763 3312 811 orate
3336 769 3435 825 pro

1841 851 2288 925 persequentibus
2324 857 2377 904 et
2414 848 2866 904 calumniantibus
2904 861 3024 914 vos,
3069 854 3131 902 ut
3173 846 3293 902 sitis
3338 844 3434 901 ﬁlii

1842 948 2022 1004 Patris
2063 946 2229 1002 vestri
2267 945 2359 1015 qui
2400 945 2452 999 in
2484 941 2637 999 caelis
2667 950 2747 997 est
2781 941 2998 1013 (Matth.
3030 940 3107 1012 v).
3143 960 3162 992 ι
3220 938 3435 994 Iustitia

1845 1039 2161 1096 Scribarum
2193 1046 2247 1093 et
2274 1037 2673 1093 Pharisaaorum
2704 1042 2852 1099 erat,
2881 1048 2989 1088 non
3018 1032 3280 1088 moechari
3308 1048 3434 1088 cum

1843 1147 2014 1187 uxore
2063 1128 2293 1200 proximi
2330 1128 2440 1194 sui;
2494 1125 2704 1197 justitia
2733 1139 2924 1180 eorum
2951 1124 3043 1194 qui
3074 1139 3297 1195 regnum
3328 1138 3437 1180 cm-

1844 1222 2019 1277 lorum
2052 1222 2261 1275 intrare
2289 1219 2616 1281 desiderant,
2653 1217 2827 1288 major
2858 1229 2979 1269 esse
3008 1214 3188 1281 debet,
3227 1223 3287 1269 ut
3330 1228 3437 1270 non

1845 1313 2017 1370 solum
2071 1311 2397 1368 adulterium
2438 1326 2544 1367 non
2596 1316 2913 1381 perpetrent
2960 1307 3013 1361 in
3062 1321 3311 1377 corpore,
3341 1306 3443 1363 sed

1846 1406 2011 1462 etiam
2052 1420 2156 1461 nec
2194 1405 2465 1459 delectent
2506 1404 2559 1458 in
2611 1402 2796 1469 corde,
2844 1408 3066 1471 propter
3117 1397 3244 1454 illud
3298 1398 3440 1469 quod

1846 1499 2107 1554 Dominus
2137 1497 2251 1551 ait:
2290 1514 2309 1547 ι
2339 1494 2440 1564 Qui
2487 1494 2686 1550 viderit
2732 1491 3013 1549 mulierem
3066 1491 3132 1546 ad
3185 1491 3445 1562 concupi-

1848 1593 2106 1649 scendum
2135 1606 2253 1646 eam
2272 1631 2287 1657 ,
2312 1587 2426 1659 jam
2458 1589 2761 1645 moechatus
2797 1594 2882 1643 est
2910 1600 3030 1641 eam
3062 1584 3116 1639 in
3150 1583 3315 1640 corde
3343 1597 3443 1638 suo

1850 1684 2060 1758 (lbid.).
2098 1706 2115 1736 ι
2163 1683 2229 1738 Et
2275 1690 2496 1753 propter
2540 1681 2668 1737 illud
2710 1679 2950 1752 Apostoli
2977 1696 2992 1732 :
3020 1676 3447 1733 «Fornicatores

1851 1786 1906 1833 et
1949 1774 2515 1845 adulterosjudicabit
2552 1773 2694 1829 Deus
2740 1770 2927 1845 (Hebr.
2979 1772 3121 1841 xm).
3155 1789 3174 1821 ι
3228 1759 3445 1825 Iustitia

1854 1867 2168 1924 Scribarum
2197 1877 2249 1923 et
2274 1867 2671 1923 Pharisaeorqu
2695 1872 2840 1931 erat,
2864 1864 3040 1920 aliena
3073 1879 3180 1919 non
3212 1876 3443 1934 rapere;

1782 1949 1826 2011 Β
1847 1962 2057 2033 justitia
2083 1976 2274 2017 eorum
2310 1961 2403 2030 qui
2436 1960 2644 2031 ingredi
2681 1958 2990 2014 desiderant
3020 1972 3245 2029 regnum
3276 1955 3445 2011 caalo-

1851 2070 1993 2119 rum,
2032 2050 2207 2121 major
2233 2067 2353 2108 esse
2389 2052 2570 2119 debet,
2617 2061 2675 2106 ut
2708 2059 2763 2106 et
2788 2050 3005 2122 propria
3040 2049 3361 2122 largiantur,
3393 2056 3449 2102 et

1825 2134 2163 2217 'raptoribus
2203 2160 2311 2199 non
2348 2143 2626 2211 resistant,
2672 2141 2904 2198 Domino
2944 2142 3195 2197 dicente:
3228 2160 3247 2191 ι
3274 2136 3450 2195 Nolite

1852 2236 2108 2291 resistere
2140 2235 2282 2291 malo
2306 2233 2522 2309 (Matth.
2553 2235 2628 2307 v),
2665 2254 2684 2288 ι
2721 2242 2808 2291 et:
2840 2254 2859 2286 ι
2890 2233 2948 2290 Si
2977 2233 3099 2306 quis
3130 2233 3273 2303 quod
3297 2240 3447 2287 tuum

1852 2336 1935 2383 est
1962 2327 2167 2393 tulerit,
2202 2341 2267 2381 ne
2294 2335 2510 2397 repetas
2541 2323 2694 2400 (Luc.
2725 2325 2823 2399 vi).
2856 2345 2877 2379 ι
2934 2324 3142 2393 Quibus
3187 2321 3450 2395 exemplis

1853 2419 2095 2492 profecto
2120 2428 2287 2490 patet,
2320 2420 2445 2489 quia
2467 2428 2738 2491 praecepta
2774 2417 2909 2475 Novi
2938 2416 3270 2474 Testamenti
3296 2425 3450 2472 tanto

1855 2523 1980 2569 sunt
2014 2514 2371 2581 districtiora,
2404 2523 2607 2585 quanto
2648 2514 2930 2587 spiritalia.
2985 2512 3081 2569 Illa
3110 2512 3254 2569 enim
3293 2512 3450 2584 quasi

1854 2607 2092 2678 parvulis
2130 2616 2183 2662 et
2221 2607 2529 2664 carnalibus
2569 2607 2806 2663 carnalia
2834 2614 2961 2664 sunt
2988 2607 3137 2674 data,
3170 2606 3224 2662 in
3252 2604 3451 2677 quibus

1852 2701 2111 2774 perfectio
2137 2718 2245 2758 non
2272 2711 2355 2758 est
2378 2701 2747 2769 manifestata,
2790 2701 2883 2757 sed
2932 2699 3137 2755 malitia
3179 2706 3442 2754 resecata.

1853 2792 1981 2849 Haec
2027 2810 2157 2849 vero
2203 2792 2540 2865 spiritalibus
2574 2791 2840 2865 spiritalia
2866 2799 2991 2847 sunt
3011 2792 3172 2856 dona,
3201 2803 3321 2859 qua:
3342 2802 3451 2843 non

1857 2894 2128 2941 terrenam
2171 2886 2575 2956 possessionem
2609 2926 2625 2951 ,
2677 2885 2772 2940 sed
2827 2882 3103 2940 caelestem
3144 2887 3453 2953 pneparant

1853 2978 2210 3034 mansionem.
2260 2978 2408 3033 Illius
2445 2977 2726 3048 temporali
2748 2975 2959 3048 justitia
2991 2973 3286 3045 temporale
3312 2987 3451 3043 prae-

1854 3070 2023 3124 mium
2052 3070 2491 3139 exspectabatur,
2524 3070 2738 3125 dicente
2769 3066 2997 3123 Domino
3031 3085 3041 3121 :
3083 3085 3102 3118 ι
3131 3065 3370 3122 Observa
3399 3073 3453 3120 et

1857 3162 1981 3217 audi
2023 3172 2291 3233 praecepta
2330 3161 2542 3217 Domini
2588 3161 2682 3217 Dei
2723 3160 2824 3227 tui,
2881 3168 2940 3215 ut
2989 3160 3128 3215 bene
3163 3159 3233 3213 sit
3273 3157 3369 3212 tibi
3396 3163 3454 3211 et

1856 3254 2019 3326 longo
2042 3255 2192 3309 vivas
2223 3263 2486 3326 tempore,
2516 3263 2571 3309 et
2601 3253 2880 3325 ingressus
2924 3251 3202 3323 possideas
3248 3257 3448 3305 terram

162 3349 430 3405 naviculis
475 3349 765 3419 discipulos
815 3349 883 3404 ad
922 3326 1105 3404 Iesum
1154 3349 1485 3420 sequendum
1532 3358 1754 3406 vocatos
1782 3326 1828 3390 C
1860 3347 1998 3403 lacte
2030 3356 2085 3403 et
2110 3346 2267 3402 melle
2301 3352 2612 3401 manantem
2645 3344 2824 3415 (Deut.
2867 3358 2927 3409 v,
2976 3343 3075 3412 vt).
3106 3364 3124 3397 ι
3182 3340 3453 3398 Perfectio

163 3453 373 3499 narrat.
415 3442 529 3499 Non
570 3444 715 3499 enim
751 3443 841 3499 hic
876 3445 944 3499 ab
981 3442 1071 3499 illo
1102 3443 1279 3498 vocati
1317 3456 1435 3499 esse
1478 3442 1751 3510 dicuntur,

162 3537 261 3591 sed
289 3535 406 3591 viso
434 3537 699 3593 miraculo
729 3537 980 3607 piscium,
1017 3536 1294 3595 subductis
1323 3536 1391 3592 ad
1424 3542 1625 3593 terram
1654 3553 1751 3592 na-

160 3627 344 3693 vibus,
400 3628 604 3683 relictis
650 3627 919 3693 omnibus,
970 3627 1139 3683 secuti
1192 3627 1341 3682 illum
1385 3642 1505 3683 esse
1552 3643 1755 3685 memo-

164 3728 376 3774 rantur.
434 3719 536 3776 Ubi
581 3719 990 3792 intelligendum
1033 3728 1149 3786 est,
1195 3721 1321 3791 quia
1368 3728 1489 3793 post
1532 3722 1646 3779 haec
1686 3723 1753 3777 ad

162 3813 385 3884 propria
412 3814 709 3879 redierunt,
735 3822 788 3869 et
817 3814 1015 3875 suimet
1059 3831 1245 3871 curam
1290 3824 1595 3891 gesserunt.
1655 3815 1756 3871 Po-

164 3913 283 3959 stea
337 3919 464 3959 vero
513 3904 579 3959 ab
630 3904 720 3960 illo
767 3906 962 3970 vocati,
1016 3913 1077 3960 ut
1116 3905 1398 3963 Matthaeus
1434 3905 1756 3977 Marcusque

165 4005 617 4063 commemorant,
667 3996 871 4053 relictis
911 3998 1139 4054 navibus
1179 4006 1233 4054 et
1280 3998 1397 4065 reti,
1436 3999 1605 4055 secuti
1634 4007 1758 4054 sunt

165 4089 341 4156 illum,
374 4089 449 4145 ita
484 4097 541 4146 ut
567 4088 793 4146 ulterius
826 4090 893 4146 ad
931 4090 1147 4162 propria
1177 4107 1283 4147 non
1320 4089 1574 4146 redirent.

682 4227 963 4286 HOIILIA
1016 4228 1244 4286 CXVIII.

397 4355 647 4398 DOIINICA
691 4356 921 4398 SEPTIMA
959 4357 1088 4398 POS'I‘
1126 4356 1525 4399 PENTECOSTEN.

242 4454 488 4528 (Mnru.
516 4455 593 4527 v.)
627 4475 642 4505 ε
670 4453 727 4509 in
765 4453 854 4509 illo
884 4465 1122 4523 tempore
1144 4494 1159 4519 ,
1188 4453 1326 4508 dixit
1346 4451 1504 4508 Jesus
1528 4452 1760 4525 discipu-

176 4571 195 4604 ι
227 4552 296 4608 lis
323 4553 437 4608 suis
468 4571 481 4606 :
515 4549 685 4606 Amen
719 4551 837 4606 dico
865 4550 1037 4615 vobis,
1079 4549 1182 4604 nisi
1223 4548 1575 4605 abundaverit
1600 4547 1757 4618 justir

175 4662 195 4697 r
222 4645 296 4699 tia
326 4653 506 4699 vestra
531 4641 649 4713 plus
672 4657 831 4712 quam
860 4640 1174 4696 Scribarum
1205 4649 1260 4697 et
1285 4640 1702 4696 Pharisazorum.
1732 4662 1751 4694 ι

172 4734 235 4790 Et
260 4733 489 4807 reliqua.
540 4731 639 4799 Qui
668 4740 857 4804 putant
884 4741 1150 4804 praecepta
1181 4728 1390 4785 Veteris
1424 4728 1754 4786 Testamenti

171 4827 505 4885 districtiora
531 4842 649 4882 esse
683 4843 843 4898 quam
873 4824 1027 4889 Novi,
1062 4825 1275 4880 discant
1301 4840 1366 4880 ex
1398 4826 1647 4896 praesenti
1681 4826 1755 4883 le-

172 4921 351 4978 ctione
377 4934 532 4975 suam
559 4917 917 4991 ignorantiam
941 4916 1206 4981 confiteri,
1232 4916 1556 4987 audiamque
1579 4917 1754 4989 ipsum

175 5010 514 5067 Salvatorem
542 5008 818 5081 discipulis
844 5009 1112 5063 dicentem
1148 5026 1160 5061 :
1191 5027 1209 5059 ι
1236 5008 1406 5065 Arnen
1437 5009 1557 5063 dico
1580 5008 1756 5075 vobis,

175 5106 276 5161 nisi
305 5101 664 5159 abundaverit
692 5100 901 5172 justitia
945 5111 1124 5156 vestra
1166 5100 1285 5171 plus
1330 5116 1490 5172 quam
1542 5099 1758 5156 Scriba-

176 5190 293 5251 rum
323 5204 375 5251 et
406 5194 836 5257 Pharisaeorum,
870 5207 974 5247 non
1008 5192 1280 5247 intrabitis
1307 5192 1358 5246 in
1391 5208 1612 5262 regnum
1646 5207 1758 5247 caa-

175 5287 371 5345 lorum.
405 5308 424 5339 ι
482 5285 698 5343 Iustitia
737 5283 1053 5340 Scribarum
1101 5294 1157 5340 et
1195 5283 1587 5338 Pharismorum
1619 5291 1757 5350 erat,

176 5382 451 5440 hominem
487 5398 594 5437 non
634 5380 879 5436 occidere
914 5394 927 5432 :
954 5377 1162 5446 justitia
1215 5393 1347 5433 vero
1390 5393 1574 5433 eorum
1599 5418 1614 5442 ,
1668 5379 1757 5447 qui

179 5488 401 5547 regnum
428 5472 688 5528 caelorum
713 5468 918 5527 intrare
944 5469 1267 5530 desiderant.
1305 5468 1476 5539 major
1515 5482 1636 5524 esse
1675 5467 1764 5525 de-

178 5567 287 5631 bet,
335 5574 392 5620 ut
430 5580 535 5621 non
573 5564 744 5620 solum
786 5562 1030 5617 homines
1080 5578 1183 5618 non
1230 5562 1500 5628 occidant,
1552 5561 1643 5617 sed
1695 5578 1761 5618 ne

179 5656 631 5724 irascantur,°aut
656 5657 780 5712 odio
812 5653 1065 5727 habeant.
1115 5653 1329 5709 Iustitia
1364 5651 1677 5709 Scribarum
1710 5661 1765 5709 et

178 5746 574 5805 Pharisaeorum
613 5757 749 5815 erat,
790 5747 1010 5819 diligere
1047 5746 1279 5801 amicum
1320 5756 1375 5803 et
1411 5746 1536 5803 odio
1565 5747 1765 5803 habere

183 5840 460 5897 inimicum
491 5859 502 5894 :
530 5840 738 5909 justitia
771 5848 947 5896 autem
978 5854 1195 5905 eorum,
1224 5838 1316 5910 qui
1357 5838 1607 5893 intraturi
1642 5848 1767 5895 sunt

183 5933 235 5991 in
267 5949 489 6004 regnum
517 5933 797 6003 caelorum,
823 5932 992 6004 major
1019 5947 1139 5988 esse
1168 5930 1349 6001 debet,
1374 5941 1432 5988 ut
1459 5949 1566 5988 non
1594 5933 1764 5989 solum

1859 3443 1993 3499 Novi
2039 3442 2372 3498 Testamenti
2416 3440 2581 3495 vitam
2630 3438 2916 3513 pollicetur
2960 3448 3243 3501 aeternam,
3288 3449 3452 3505 quam

1864 3552 1882 3585 ι
1912 3549 2012 3589 nec
2032 3533 2221 3588 oculus
2235 3532 2389 3598 vidit,
2418 3547 2520 3587 nec
2545 3530 2694 3586 auris
2721 3527 2945 3595 audivit,
2963 3542 3063 3583 nec
3085 3527 3139 3580 in
3155 3540 3252 3581 cor
3277 3523 3452 3580 homi-

1859 3628 1943 3682 nis
1972 3627 2234 3693 ascendit,
2276 3641 2396 3696 qua:
2444 3624 2770 3696 praeparavit
2814 3624 2957 3679 Deus
3001 3619 3348 3693 diligentibus
3394 3632 3454 3674 se

1859 3717 1909 3789 (1
1938 3714 2060 3772 Cor.
2086 3718 2169 3789 ιι).
2203 3736 2221 3768 ›
2281 3714 2487 3785 Quibus
2515 3731 2645 3788 ergo
2672 3715 2847 3787 majus
2870 3713 3153 3786 prazmiutu
3179 3709 3452 3784 promitti-

1861 3822 1975 3875 tur,
2033 3810 2206 3880 major
2265 3811 2424 3866 debet
2486 3826 2607 3865 esse
2666 3808 2899 3879 justitia.
2962 3807 3184 3863 Aliter:
3237 3804 3454 3863 Justitia

1861 3903 2175 3958 Scribarum
2221 3911 2276 3958 et
2324 3901 2720 3957 Pharisaeorum
2762 3916 2883 3957 esse
2931 3901 3240 3971 putabatur,
3284 3912 3455 3969 quan—

1859 4011 2021 4066 quam
2058 4012 2161 4051 non
2194 4004 2339 4050 esset
2373 3996 2610 4067 justitia,
2646 3995 2788 4066 quod
2820 3993 3257 4049 exterminabant
3287 3990 3454 4047 facies
3484 4056 3501 4071 Ι

1860 4103 2007 4155 suas,
2040 4097 2099 4143 ut
2121 4096 2445 4161 apparerent
2469 4087 2777 4144 hominibus
2816 4087 3148 4161 jejunantes,
3192 4086 3336 4143 intus
3365 4100 3455 4140 au-

1860 4189 1966 4235 tem
2011 4179 2155 4251 pleni
2200 4189 2354 4235 erant
2402 4181 2588 4250 rapina
2647 4189 2702 4236 et
2748 4181 3034 4251 iniquitate
3086 4176 3300 4251 (Matth.
3352 4176 3452 4248 vr).

1859 4270 2074 4327 Iustitia
2106 4288 2237 4327 vero
2260 4288 2471 4339 eorum,
2501 4273 2594 4343 qui
2624 4288 2846 4345 regnum
2879 4271 2973 4327 Dei
3013 4271 3218 4326 intrare
3247 4269 3456 4326 deside-

1862 4374 2005 4431 rant,
2038 4365 2209 4436 major
2235 4380 2357 4420 esse
2378 4365 2561 4432 debet,
2594 4375 2654 4421 ut
2684 4365 2947 4421 sanctitas
2989 4378 3107 4433 quae
3147 4369 3371 4433 apparet
3400 4361 3453 4415 in

1862 4472 2106 4526 corpore,
2142 4458 2312 4512 multo
2364 4459 2536 4531 magis
2589 4469 2837 4514 servetur
2896 4459 2949 4513 in
2996 4457 3178 4511 corde.
3236 4453 3455 4510 Iustitia

1863 4546 2178 4604 Scribarum
2209 4558 2262 4605 et
2289 4550 2684 4604 Pharisaeorum
2713 4549 3000 4604 videbatur
3027 4561 3169 4611 esse,
3197 4543 3341 4617 quod
3382 4541 3458 4599 al-

1862 4640 2098 4713 ligabunt
2120 4657 2286 4696 onera
2312 4642 2495 4713 gravia
2528 4651 2583 4698 et
2610 4640 2992 4713 importabilia,
3024 4650 3077 4694 et
3107 4637 3456 4709 imponebant

1865 4736 1921 4789 in
1946 4737 2199 4791 humeros
2227 4736 2530 4802 hominum,
2559 4736 2728 4807 digito
2751 4746 2932 4789 autem
2965 4749 3064 4789 suo
3100 4731 3356 4788 nolebant
3391 4746 3459 4809 ea

1865 4840 2083 4880 movere
2130 4824 2345 4899 (Matth.
2394 4826 2576 4895 χχιιι).
2615 4812 2831 4880 Iustitia
2863 4839 3075 4890 eorum,
3104 4822 3195 4894 qui
3227 4836 3459 4892 regnum

1850 4919 2126 4975 caelorum
2160 4920 2365 4976 intrare
2392 4920 2601 4983 volunt,
2635 4920 2809 4992 major
2839 4934 2959 4976 esse
2990 4918 3180 4983 debet,
3213 4923 3272 4973 ut
3297 4930 3454 4971 man-

1864 5011 2047 5065 datum
2085 5010 2180 5065 Dei
2214 5011 2374 5082 primi
2403 5009 2734 5076 custodiant,
2765 5024 2865 5065 nec
2890 5006 3308 5079 prtetermittant
3335 5020 3456 5077 quae

1865 5103 2000 5158 alios
2058 5104 2411 5159 custodienda
2456 5103 2653 5158 docent
2708 5103 2793 5158 vel
2846 5103 3165 5157 docuerunt.
3199 5096 3455 5164 ,JuStitia

1866 5194 2178 5251 Scribarum
2226 5204 2275 5251 et
2324 5194 2718 5250 Pbarismorum
2757 5211 2877 5251 esse
2921 5192 3275 5263 cernebatur,
3311 5190 3457 5265 quod

1866 5286 2209 5343 decimabant
2266 5296 2503 5343 mentam
2560 5295 2616 5342 et
2669 5289 2925 5343 anethum
2981 5296 3035 5340 et
3075 5286 3348 5357 cyminum
3400 5291 3456 5337 et

1866 5396 2027 5437 omne
2063 5381 2181 5437 olus
2223 5381 2383 5447 horti,
2431 5377 2634 5448 majora
2680 5390 2858 5436 autem
2901 5379 3033 5450 legis
3076 5376 3456 5450 przetermitte-

1867 5473 1998 5528 bant
2028 5472 2234 5544 (Ibid.).
2292 5472 2508 5527 Iustitia
2548 5489 2735 5530 eorum
2782 5474 2874 5545 qui
2910 5487 3133 5544 regnum
3163 5470 3254 5525 Dei
3288 5468 3456 5523 intra-

1868 5565 1973 5620 turi
2016 5575 2141 5627 sunt
2172 5562 2341 5635 magis
2369 5562 2643 5619 abundare
2670 5563 2845 5630 debet,
2875 5571 2933 5616 ut
2962 5564 3040 5617 sic
3073 5560 3291 5614 minima
3318 5573 3457 5627 prae-

1870 5668 2023 5730 cepta
2050 5657 2145 5713 Dei
2174 5657 2498 5723 custodiant,
2532 5668 2800 5730 quatenus
2829 5655 3036 5725 majora
3086 5669 3191 5709 non
3239 5661 3458 5725 praeter-

1868 5750 2107 5806 mittant.

1948 5865 1966 5896 ‹
1996 5845 2238 5901 Audistis
2259 5844 2385 5917 quia
2420 5845 2622 5901 dictum
2652 5853 2737 5899 est
2763 5841 3034 5914 antiquis:
3058 5839 3172 5895 Non
3199 5838 3416 5895 occides
3441 5854 3457 5906 ;

1878 5956 1896 5988 ι
1925 5938 2015 6008 qui
2062 5946 2241 5993 autem
2279 5937 2575 6003 occiderit,
2606 5951 2730 5990 reus
2765 5935 2870 5989 erit
2896 5933 3113 6003 judicio.
3148 5952 3165 5984 ι
3208 5930 3461 5999 Antiquis
