4014 6354
519 451 618 509 651
1130 441 1485 500 HAYMONIS
1524 439 2006 496 HALBERSTAT.
2049 439 2151 496 EPI

2257 484 2263 498 .
2305 441 2456 500 OPP.
2500 440 2682 498 PARS
2719 440 2786 498 ll.
2842 473 2917 486 —
2954 440 3189 500 ιιΟΜιι.
3709 437 3829 495 632

521 569 726 626 dictum
751 554 858 629 est,
888 562 943 618 id
967 570 1054 617 est
1079 559 1272 632 populo
1315 557 1625 614 Judaaorum
1674 557 1761 612 cui
1800 571 1831 610 a
1879 556 2109 613 Domino
2137 589 2151 620 λ

2257 575 2339 616 aus
2367 559 2645 616 convictus
2679 567 2792 625 est,
2823 573 2930 629 qua
2952 571 3113 629 poena
3147 558 3408 628 puniatur
3435 558 3508 614 ab
3542 556 3674 613 aliis
3703 565 3828 612 tra-

519 675 620 733 per
641 657 859 728 Moysen
889 659 1217 724 praeceptum
1254 659 1393 716 erat,
1432 658 1494 704 ut
1537 664 1644 704 non
1672 647 1950 703 occideret
1975 663 1994 712 ;
2017 656 2113 702 aut

2257 662 2414 719 tatur,
2455 663 2512 708 et
2552 653 2729 708 adhuc
2769 653 3002 709 evadere
3041 652 3211 719 solet;
3252 652 3306 707 in
3351 653 3599 725 gehenna
3627 660 3826 708 autem

523 751 571 807 si
599 749 721 820 quis
749 745 1045 810 occideret,
1076 753 1130 798 et
1157 744 1270 814 ipse
1300 743 1658 799 occideretur.
2218 742 2381 815 ignis,
2423 743 2569 799 nulla
2621 751 2706 798 est
2753 741 3024 798 liberatio.
3075 743 3144 798 Et
3193 743 3312 799 ideo
3355 744 3410 799 in
3449 744 3829 800 retributione

601 861 620 894 α
651 841 762 910 Ego
798 845 979 892 autem
1018 837 1138 892 dico
1167 837 1342 901 vobis,
1381 836 1508 905 quia
1532 832 1710 889 omnis
1737 831 1829 902 qui
1862 829 2118 886 irascitur
2219 847 2428 905 paenae,
2459 835 2734 904 quantitas
2765 836 2974 908 peccati
3005 837 3340 904 designatur.
3394 835 3676 892 Gehenna:
3718 854 3831 892 no-

531 953 550 986 ι
574 930 730 987 fratri
752 944 871 996 suo,
903 944 1028 984 reus
1047 926 1489 996 eritjudicio.ild
1510 935 1612 990 est,
1642 940 1741 995 ego
1767 940 1940 980 novus
1957 925 2120 979 homo
2223 942 2346 982 men
2378 927 2431 981 in
2473 937 2584 983 tota
2619 929 2762 985 serie
2797 929 3193 999 scripturarum
3236 927 3447 986 Veteris
3474 929 3827 986 Testamenti

524 1022 619 1094 qui
645 1036 752 1076 non
782 1021 905 1075 veni
951 1019 1160 1074 solvere
1209 1017 1406 1089 legem,
1441 1015 1536 1072 sed
1561 1014 1875 1085 adimplere,
1921 1014 2121 1084 quique
2225 1031 2332 1072 non
2361 1018 2652 1087 reperitur,
2685 1019 2778 1074 sed
2801 1036 2830 1073 a
2856 1018 3140 1073 Salvatore
3169 1019 3406 1088 primum
3433 1019 3489 1073 in
3519 1019 3828 1091 Evangelio

526 1112 664 1184 elegi
693 1127 790 1167 vos
828 1110 894 1166 de
932 1109 1164 1175 mundo,
1195 1117 1251 1164 et
1275 1106 1587 1162 mandatum
1619 1121 1817 1161 novum
1848 1105 1917 1160 do
1943 1104 2117 1167 vobis,
2222 1107 2459 1180 positum
2487 1109 2849 1178 cognoscitur.
2878 1107 3250 1180 Compositum
3283 1118 3466 1165 autem
3498 1125 3704 1170 nomen
3745 1120 3829 1165 est

529 1213 592 1260 ut
613 1220 710 1259 vos
730 1203 962 1259 invicem
989 1201 1247 1273 diligatis,
1275 1215 1374 1272 ego
1398 1208 1579 1253 autem
1597 1197 1720 1254 dico
1739 1197 1921 1253 vobis:
1944 1215 1962 1248 ι
1983 1194 2122 1263 Quia
2224 1200 2492 1272 gehenna,
2535 1214 2604 1256 ex
2633 1218 2693 1272 ge
2721 1210 2776 1256 et
2806 1219 2996 1268 ennon,
3035 1202 3164 1272 quia
3189 1200 3338 1256 vallis
3367 1202 3608 1272 gratuita
3651 1203 3826 1257 inter-

529 1295 710 1352 omnis
734 1294 827 1365 qui
854 1294 1109 1350 irascitur
1146 1291 1302 1346 fratri
1356 1306 1476 1355 suo,
1523 1304 1648 1344 reus
1687 1289 1792 1344 erit
1841 1286 2066 1357 judicio.
2099 1305 2118 1338 ι

2257 1301 2494 1348 ιιιθῑθιιπ.
2525 1293 2650 1348 Fuit
2685 1294 2829 1349 enim
2857 1293 3014 1350 vallis
3051 1293 3283 1349 ﬁliorum
3320 1293 3512 1348 Ennon
3543 1295 3708 1364 juxta
3741 1293 3829 1348 Je-

529 1389 705 1444 Tanta
738 1403 868 1459 ergo
918 1399 1078 1455 poena
1122 1383 1342 1454 punitur
1384 1381 1466 1436 ira
1493 1381 1548 1437 in
1573 1379 1724 1436 Novo
1752 1379 2126 1443 Testamento,

2257 1384 2490 1450 usalem,
2539 1384 2630 1440 ubi
2672 1393 2896 1456 propter
2939 1383 3118 1440 scelus
3165 1383 3490 1440 idololatria:
3526 1383 3705 1438 multa
3749 1385 3829 1454 ja-

531 1489 736 1553 quanta
762 1477 1115 1534 homicidium
1144 1476 1210 1530 in’
1227 1473 1436 1537 Veteri;
1472 1473 1769 1532 secundum
1792 1470 1936 1542 quod
1961 1467 2130 1524 Joan-
2233 1486 2463 1535 cuerunt
2508 1478 2773 1534 cadavera
2820 1487 3178 1534 mortuorum.
3227 1478 3295 1533 Et
3345 1479 3469 1534 ideo
3517 1478 3831 1548 ubicunque

534 1587 633 1628 nes
654 1569 929 1642 apostolus
949 1567 1026 1621 ait
1049 1584 1062 1620 :
1083 1585 1101 1618 ‹
1125 1564 1318 1621 Omnis
1338 1563 1429 1634 qui
1448 1563 1563 1618 odit
1583 1561 1806 1616 fratrem
1829 1575 2009 1625 suum,
2032 1559 2133 1614 ho-
2233 1586 2431 1626 nomen
2467 1571 2725 1643 εθιιεηηω
2759 1572 2976 1642 ponitur
2996 1612 3010 1635 ν
3058 1569 3254 1626 inferni
3283 1586 3442 1642 mna
3491 1571 3828 1640 designatur.

535 1665 733 1721 micida
758 1672 842 1718 est
867 1661 917 1734 (I
931 1661 1091 1716 Joan.
1116 1658 1222 1731 ιιι).
1246 1678 1266 1712 ι
1283 1657 1342 1712 In
1362 1657 1633 1712 nonnullis
1655 1665 1837 1711 autem
1854 1653 2133 1710 codicibus

537 1756 612 1810 ita
641 1753 905 1824 scriptum
933 1751 1131 1822 legitur
1154 1763 1170 1803 :
1190 1767 1208 1799 ι
1233 1747 1422 1804 Omnis
1451 1747 1542 1816 qui
1571 1746 1827 1801 irascitur
1850 1742 2009 1798 fratri
2036 1758 2134 1798 suo

537 1847 658 1902 sine
685 1860 872 1909 causa,
904 1858 1029 1899 reus
1056 1842 1162 1897 erit
1184 1839 1411 1910 judicio.
1452 1861 1471 1892 ι
1493 1839 1644 1907 Quod
1677 1839 1896 1909 quidam
1926 1837 2000 1892 ita
2054 1836 2137 1892 in-

2238 1662 2346 1718 Sed
2392 1677 2460 1719 ne
2498 1678 2748 1733 asperam
2775 1663 3054 1719 videretur
3095 1661 3349 1719 Salvator
3394 1665 3692 1734 promlisse
3723 1679 3834 1717 sen-

2241 1756 2467 1811 tentiam
2489 1797 2505 1822 ,
2533 1772 2656 1812 cum
2687 1755 2887 1811 dixerit
2916 1771 3068 1811 reum
3090 1770 3211 1811 esse
3239 1755 3501 1828 gehennae
3544 1755 3688 1826 ignis
3714 1770 3832 1809 eum

2244 1850 2337 1919 qui
2369 1849 2568 1905 dixerit
2593 1848 2747 1904 fratri
2773 1864 2874 1905 suo
2898 1848 3066 1914 fatue,
3097 1848 3282 1904 statim
3308 1847 3614 1903 remedium
3643 1863 3832 1903 recon-

540 1937 886 2008 telligendum
936 1941 1268 2006 putaverunt
1291 1973 1306 1997 ,
1346 1932 1499 2001 quasi
1555 1940 1682 1986 tunc
1729 1930 1810 1985 ira
1848 1943 1957 1984 non
1983 1935 2139 1989 esset
2165 1921 2213 1982 B
2239 1939 2528 1996 cilialionis
2556 1939 2853 2009 subiunxit,
2883 1939 3070 1994 dicens
3105 1958 3116 1994 ε

537 2035 845 2099 peccatum,
877 2025 1094 2096 quando
1120 2025 1186 2079 ab
1229 2023 1352 2079 aliis
1377 2023 1490 2078 laesi
1523 2022 1605 2078 vel
1631 2021 1912 2094 provocati
1941 2020 2135 2076 irasci-

540 2135 683 2175 mur.
725 2118 834 2173 Sed
861 2116 1157 2172 radendum
1183 2124 1301 2181 est,
1334 2115 1453 2170 sine
1475 2128 1658 2169 causa.
1706 2111 1824 2168 Non
1846 2112 1991 2167 enim
2021 2110 2138 2166 sine

543 2227 731 2278 causa,
765 2209 852 2265 vel
885 2225 1009 2266 cum
1044 2224 1207 2265 causa
1249 2207 1559 2264 Christiano
1607 2205 1764 2262 fratri
1810 2205 1972 2260 irasci
2016 2218 2141 2274 per-

543 2307 800 2371 mittitur,
834 2304 921 2359 cui
955 2319 986 2358 a
1014 2303 1244 2359 Domino
1272 2311 1600 2374 praeceptum
1635 2308 1720 2356 est
1750 2319 1763 2355 :
1799 2320 1817 2353 ι
1846 2298 1966 2355 Noli
2007 2298 2141 2352 resi-

543 2409 689 2455 stere
718 2395 884 2463 malo,
931 2396 1026 2452 sed
1070 2393 1391 2466 percutienti
1430 2391 1730 2457 maxillam,
1777 2391 1959 2461 prmbe
1995 2387 2046 2443 ei
2088 2396 2144 2441 et

546 2475 884 2556 alteramfet
922 2503 1022 2558 pro
1058 2485 1504 2558 persecutoribus
1539 2499 1706 2540 exora
1752 2473 1968 2554 (Matth.
2016 2479 2092 2552 v).
2115 2497 2135 2530 ι

555 2605 574 2637 ι
598 2583 830 2640 Servum
851 2583 996 2637 enim
1021 2579 1257 2645 Domini,
1287 2588 1348 2634 ut
1366 2578 1444 2632 ait
1461 2575 1774 2648 Apostolus,
1790 2590 1898 2629 non
1927 2582 2142 2644 oportet

550 2676 738 2740 rixari,
770 2674 864 2730 sed
893 2680 1235 2728 mansuetum
1261 2686 1386 2727 esse
1418 2670 1484 2725 ad
1513 2683 1727 2734 omnes,
1757 2667 1924 2722 etiam
1952 2666 2019 2720 ad
2047 2679 2143 2720 eos

553 2771 648 2842 qui
680 2768 958 2825 contraria
987 2766 1208 2837 sapiunt
1229 2764 1316 2836 (ΙΙ
1344 2764 1481 2818 Tim.
1511 2764 1630 2836 ιι).›
1650 2762 1719 2816 Et
1746 2761 1886 2816 sicut
1907 2758 2142 2814 Iacobus

559 2861 838 2934 apostolus
862 2861 976 2916 ait:
1011 2878 1031 2911 ι
1066 2859 1152 2914 lra
1184 2857 1285 2912 viri
1319 2856 1590 2926 justitiam
1618 2854 1713 2908 Dei
1746 2867 1852 2907 non
1885 2858 2143 2922 operatur

554 2956 700 3029 (Jac.
735 2954 796 3024 ι).
831 2972 849 3006 ι
885 2952 942 3007 In
973 2966 1170 3023 magna
1203 2947 1551 3005 observantia
1579 2943 1864 2999 charitatis
1891 2941 2142 2998 stimulus

555 3048 654 3102 ira:
687 3041 1152 3104 circumcluditur,
1186 3039 1314 3108 quia
1341 3050 1501 3092 nemo
1534 3049 1658 3089 eum
1690 3047 1852 3103 quem
1874 3030 2143 3087 veraciter

555 3137 751 3208 diligit,
791 3135 1040 3191 occidere
1068 3137 1265 3201 potest.

635 3248 654 3280 ι
694 3228 799 3296 Qui
832 3235 1011 3281 autem
1047 3221 1250 3276 dixerit
1291 3218 1449 3274 fratri
1496 3232 1593 3274 suo
1638 3216 1839 3282 racba',
1878 3229 2004 3270 reus
2034 3214 2141 3271 erit

564 3341 582 3375 ι
627 3317 877 3378 concilio.
918 3336 935 3368 ι
965 3314 1152 3370 Bacha
1191 3328 1291 3368 nec
1319 3311 1568 3368 Graecum
1605 3318 1710 3375 est,
1741 3324 1842 3365 nec
1870 3307 2144 3375 Latinum,
2179 3289 2226 3354 C

560 3417 656 3472 sed
679 3409 899 3484 proprie
935 3407 1281 3462 Hebraicum.
1325 3404 1534 3459 Dicitur
1586 3402 1731 3457 enim
1767 3403 1928 3466 κενὸς,
1971 3401 2026 3456 id
2064 3410 2149 3456 est

559 3505 739 3561 inanis
771 3511 827 3557 et
861 3514 1096 3564 vacuus,
1129 3513 1290 3568 quem
1337 3510 1435 3550 nos
1477 3497 1591 3549 sine
1639 3508 1794 3548 sensu
1834 3493 1919 3548 vel
1955 3493 2151 3565 absque

561 3597 770 3654 cerebro
808 3607 1098 3665 possumus
1133 3589 1426 3662 appellare.
1472 3588 1701 3654 Quidam
1734 3596 1913 3642 autem
1941 3594 2150 3657 etymo-

558 3693 761 3762 logiam
789 3688 951 3758 hujus
991 3684 1228 3741 nominis
1257 3684 1323 3739 de
1358 3681 1549 3738 Graeco
1591 3681 1810 3736 trahere
1840 3680 2147 3744 voluerunt,

557 3790 812 3856 putantes
852 3778 958 3835 dici
995 3793 1308 3848 pannosum.
1358 3773 1546 3830 Graece
1590 3774 1734 3828 enim
1763 3787 1974 3843 pannus
1996 3771 2152 3848 ρακὸς

564 3873 784 3928 dicitur.
821 3868 928 3925 Sed
969 3883 1067 3923 nos
1095 3867 1204 3921 vim
1244 3865 1403 3936 hujus
1440 3864 1590 3920 verbi
1641 3863 1894 3918 subtilius
1934 3862 2151 3934 perspi-

563 3965 794 4028 cientes,
825 3959 960 4016 nihil
988 3959 1133 4013 aliud
1163 3956 1509 4027 intelligimus
1547 3968 1666 4009 esse
1704 3954 1868 4007 racha
1888 3993 1904 4019 ,
1933 3951 2041 4007 nisi
2065 3967 2154 4007 vo-

566 4071 687 4113 cem
726 4052 1055 4109 inconditam
1098 4050 1222 4105 irati
1265 4047 1431 4103 animi
1480 4046 1898 4102 commotionem
1945 4042 2155 4116 signiﬁ-

567 4147 761 4205 cantis.
787 4144 985 4214 Quales
1007 4152 1134 4200 sunt
1154 4141 1556 4213 interjectiones
1577 4139 1718 4210 apud
1747 4139 2152 4210 grammaticos,

567 4240 709 4296 sicut
754 4237 950 4294 dicitur
987 4250 1015 4288 a
1054 4233 1268 4289 dolente
1297 4231 1400 4286 heu
1418 4271 1436 4298 ,
1468 4231 1536 4284 ab
1565 4231 1832 4286 irascente
1857 4230 1971 4296 hei,
2000 4245 2032 4284 a
2059 4245 2154 4284 ca-

568 4334 729 4389 dente
756 4339 887 4385 atat.
922 4327 992 4382 Et
1027 4325 1250 4397 pulchre
1271 4323 1470 4379 dicitur
1503 4339 1516 4374 :
1562 4340 1581 4373 ‹
1621 4321 1725 4389 Qui
1762 4320 1962 4376 dixerit
1999 4319 2154 4375 fratri

564 4439 665 4480 suo
691 4423 875 4478 racha.
913 4439 932 4472 ι
960 4418 1152 4473 Frater
1172 4416 1320 4472 enim
1351 4424 1537 4470 noster
1555 4423 1660 4479 est,
1691 4411 1784 4483 qui
1812 4412 2004 4469 eodem
2028 4426 2155 4480 pre-

566 4515 645 4570 tio
689 4513 970 4569 nobiscum
1005 4510 1318 4578 redemptus
1369 4512 1475 4570 est,
1519 4503 1709 4559 eodem
1755 4503 2025 4574 baptismo
2073 4512 2159 4558 est

568 4614 937 4679 regeneratus.
969 4601 1028 4658 Si
1070 4602 1246 4665 enim,
1275 4607 1336 4653 ut
1357 4597 1619 4653 Dominus
1650 4597 1726 4651 ait
1755 4595 1972 4666 (Matth.
2012 4595 2153 4668 xu),

566 4666 840 4758 devotioso
880 4710 1133 4753 sermone
1160 4693 1427 4748 rationem
1459 4691 1723 4746 reddituri
1763 4705 1952 4746 sumus
1982 4690 2038 4745 in
2067 4689 2155 4746 die
2179 4666 2235 4730 D

551 4793 771 4866 ‘judicii,
787 4790 960 4846 multo
983 4786 1157 4858 magis
1182 4785 1250 4840 de
1275 4783 1719 4840 contumeliosoa
1741 4783 1844 4851 Qui
1871 4791 2052 4838 autem
2077 4783 2160 4838 di-

572 4905 593 4940 ι
639 4886 783 4941 xerit
813 4884 989 4946 fatue,
1027 4895 1153 4935 reus
1183 4879 1288 4933 erit
1308 4880 1568 4951 gehennze
1598 4879 1756 4952 ignis.
1804 4897 1824 4931 ι
1851 4877 2159 4934 Notandum

569 4986 753 5034 autem
774 4976 830 5030 in
855 4975 959 5028 hoc
978 4973 1118 5038 loco,
1147 4972 1274 5042 quia
1299 4972 1568 5043 gradatim
1595 4972 1660 5027 de
1681 4971 1920 5027 minimis
1949 4970 2016 5025 ad
2039 4986 2160 5026 ma-

563 5071 685 5142 jora
705 5067 1038 5132 ascenditur,
1064 5067 1321 5137 quoniam
1343 5081 1441 5136 pro
1461 5065 1722 5137 qualitate
1741 5063 1950 5134 peccati
1976 5063 2155 5118 vindi-

572 5172 716 5220 ctam
747 5158 1126 5216 coinminatur.
1155 5159 1211 5213 In
1241 5159 1418 5229 primo
1439 5159 1583 5214 enim
1616 5157 1735 5212 loco
1761 5170 1928 5210 unum
1951 5155 2154 5211 solum-

575 5253 738 5312 modo
763 5251 964 5323 posuit,
989 5251 1043 5307 id
1067 5258 1154 5307 est
1179 5251 1348 5317 iram;
1373 5248 1629 5314 secundo,
1649 5247 1778 5312 duo,
1810 5247 1865 5302 id
1885 5255 1970 5302 est
1995 5247 2152 5313 iram,

571 5355 627 5402 et
657 5357 842 5400 vocem
877 5343 972 5398 iraa
998 5342 1418 5398 commotionem
1441 5337 1836 5409 signiﬁcantis;
1886 5337 1938 5392 in
1973 5339 2154 5405 tertio,

574 5440 697 5506 tria,
730 5439 892 5504 iram,
921 5452 1110 5493 vocem
1136 5444 1191 5491 et
1213 5430 1620 5490 contumeliam.
1655 5430 1810 5488 Sicut
1830 5447 1960 5505 ergo
1983 5431 2158 5502 majus

574 5543 856 5607 peccatum
887 5541 971 5588 est
995 5533 1176 5587 dicere
1205 5530 1376 5594 fatue,
1407 5543 1568 5599 quam
1596 5527 1940 5584 solummodo
1968 5528 2156 5596 irasci,

575 5625 662 5680 vel
687 5623 868 5680 dicere
898 5623 1062 5677 racha
1089 5639 1104 5674 :
1129 5620 1210 5676 sic
1233 5620 1452 5690 gravius
1478 5625 1561 5674 est
1590 5631 1744 5672 reum
1768 5632 1888 5674 esse
1901 5619 2162 5690 gehennae

576 5717 738 5788 ignis,
778 5731 942 5786 quam
990 5729 1139 5768 reum
1177 5713 1401 5781 judicio,
1436 5712 1518 5767 vel
1563 5712 1812 5769 concilio.
1858 5713 1916 5767 In
1958 5711 2164 5780 judicio

578 5806 723 5862 enim
751 5821 914 5861 causa
947 5803 1253 5870 discutitur,
1284 5814 1340 5860 et
1365 5805 1410 5860 is
1437 5804 1529 5874 qui
1557 5819 1685 5859 reus
1705 5817 1826 5858 esse
1846 5803 2162 5874 putabatur,

583 5912 971 5966 nonnunquam
1000 5897 1258 5954 innocens
1284 5896 1586 5963 invenitur;
1624 5896 1677 5951 in
1708 5894 1938 5950 concilio
1967 5896 2012 5950 si
2042 5894 2164 5964 quis

2319 2050 2338 2083 ‹
2376 2029 2433 2086 Si
2459 2028 2622 2086 offers
2653 2045 2851 2085 munus
2878 2037 3030 2084 tuum
3067 2031 3134 2084 ad
3173 2029 3376 2096 altare,
3403 2037 3459 2085 et
3479 2029 3557 2085 ibi
3582 2030 3832 2088 recorda-

2247 2142 2266 2175 ε
2311 2132 2399 2178 tus
2428 2120 2596 2177 fueris
2625 2121 2750 2191 quia
2775 2120 2945 2178 frater
2970 2130 3094 2176 tuus
3123 2121 3287 2176 habet
3311 2119 3518 2191 aliquid
3550 2121 3833 2176 adversum

2246 2235 2267 2268 ι
2312 2224 2394 2281 te,
2426 2215 2675 2286 relinque
2699 2214 2774 2271 ibi
2805 2229 3005 2270 munus
3035 2222 3186 2268 tuum
3221 2222 3348 2268 ante
3373 2211 3584 2276 altare,
3619 2221 3675 2267 et
3703 2214 3832 2266 vade

2248 2327 2266 2361 ‹
2311 2307 2464 2377 prius
2489 2306 2837 2362 reconciliari
2860 2305 3018 2362 fratri
3052 2314 3168 2372 tuo,
3191 2314 3248 2361 et
3285 2313 3416 2360 tunc
3452 2305 3690 2360 veniens
3710 2304 3835 2360 offer

2256 2420 2274 2453 ι
2318 2415 2516 2456 munus
2549 2409 2718 2455 tuum.
2765 2418 2785 2452 ι
2819 2398 2879 2455 In
2923 2399 3118 2470 quibus
3147 2397 3329 2454 verbis
3370 2396 3610 2454 sollicite
3663 2399 3831 2452 consi-

2245 2495 2437 2551 derare
2472 2493 2734 2550 debemus
2769 2502 3037 2564 quantum
3087 2491 3204 2562 ipse
3245 2491 3300 2546 in
3350 2489 3509 2546 nobis
3538 2488 3834 2545 fraternum

2245 2603 2487 2644 amorem
2519 2586 2742 2658 diligat,
2772 2594 3102 2657 quantumve
3139 2584 3342 2639 malum
3380 2581 3678 2638 discordiae
3725 2584 3836 2637 odio

2245 2681 2477 2746 habeat,
2511 2695 2634 2734 cum
2674 2693 2900 2735 munera
2938 2686 3063 2734 ante
3106 2677 3278 2733 altare
3315 2691 3424 2732 non
3455 2675 3642 2732 oblata
3687 2675 3837 2731 relin-

2246 2786 2412 2843 quere
2431 2769 2607 2840 jubet,
2651 2777 2708 2824 et
2748 2770 2901 2839 prius
2927 2768 3268 2825 reconciliari
3310 2766 3490 2824 fratri.
3525 2767 3668 2824 Cum
3701 2768 3833 2823 enim

2244 2866 2508 2922 Dominus
2543 2869 2728 2919 nostra
2753 2863 2970 2918 nonnisi
3006 2871 3226 2933 propter
3259 2875 3362 2916 nos
3382 2868 3616 2931 quaerat,
3646 2859 3727 2914 illi
3754 2874 3837 2929 pa-

2245 2956 2324 3010 cis
2363 2953 2597 3011 hostiam
2625 2967 2966 3025 nequaquam
3006 2951 3203 3010 oll‘erre
3232 2966 3526 3024 possumus
3548 2992 3564 3017 ,
3597 2951 3831 3021 quandiu

2245 3045 2507 3101 fratribus
2540 3045 2826 3116 impaciflci
2859 3060 3066 3100 sumus.
3102 3041 3217 3099 Nec
3251 3043 3555 3115 putandum
3585 3051 3674 3097 est
3702 3043 3834 3112 quod

2247 3136 2298 3193 ei
2347 3136 2725 3192 tantummodo
2770 3150 2996 3191 munera
3050 3133 3330 3192 offerimus
3357 3175 3373 3202 ,
3420 3150 3550 3190 cum
3597 3136 3839 3190 manibus

2255 3229 2585 3288 oblationem
2615 3237 2742 3285 ante
2771 3229 2943 3284 altare
2972 3230 3340 3299 deportamus,
3369 3227 3464 3283 sed
3485 3229 3714 3298 quando
3732 3243 3840 3283 ora-

2258 3321 2392 3378 tioni
2423 3322 2756 3387 insistimus,
2787 3336 2851 3377 ac
2879 3335 2976 3392 per
3006 3319 3270 3390 jejunium
3301 3330 3355 3376 et
3378 3320 3598 3393 vigilias
3626 3335 3840 3376 carnem

2253 3428 2596 3469 maceramus
2615 3453 2630 3478 ,
2665 3428 2792 3468 cum
2815 3412 3188 3484 eleemosynas
3214 3413 3536 3478 tribuimus,
3576 3413 3839 3485 hospitem

2253 3503 2600 3573 suscipimus,
2624 3502 2828 3556 nudum
2859 3503 3199 3572 cooperimus
3219 3543 3235 3570 ,
3269 3511 3326 3558 et
3349 3511 3550 3558 caetera
3580 3504 3672 3559 his
3699 3505 3840 3559 simi-

2255 3595 2325 3649 lia
2357 3593 2576 3665 pietatis
2611 3608 2778 3663 opera
2810 3593 3129 3664 implemus,
3162 3602 3292 3649 tunc
3320 3609 3549 3649 munera
3581 3593 3698 3649 Deo
3726 3593 3842 3650 οπο-

2254 3687 2448 3742 rimus.
2494 3684 2805 3742 Cavendum
2849 3699 2980 3756 ergo
3023 3699 3364 3755 summopere
3395 3697 3513 3750 est,
3547 3701 3621 3741 ne
3649 3686 3844 3740 malum

2256 3780 2540 3836 discordiae
2569 3787 2764 3836 contra
2781 3779 3018 3850 aliquem
3041 3779 3096 3834 in
3122 3779 3287 3834 corde
3311 3788 3616 3843 teneamus,
3642 3789 3704 3834 et
3722 3794 3843 3849 pro-

2256 3878 2378 3940 pter
2411 3872 2518 3926 hoc
2558 3879 2745 3926 nostra
2786 3885 3015 3926 munera
3055 3869 3112 3925 in
3151 3879 3445 3940 conspectu
3481 3869 3581 3926 Dei
3628 3879 3845 3940 accepta

2257 3976 2365 4016 non
2394 3962 2536 4027 sint,
2567 3959 2840 4032 quomodo
2871 3961 2982 4015 Deo
3008 3959 3330 4032 placabilem
3367 3959 3638 4026 hostiam,
3681 3969 3742 4014 ut
3777 3961 3845 4014 di-

2259 4063 2406 4109 ctum
2437 4062 2554 4119 est,
2585 4052 2782 4108 offerre
2806 4067 2915 4108 non
2946 4067 3266 4123 possumus,
3315 4052 3558 4122 quandiu
3585 4053 3847 4123 proximis

2260 4143 2632 4214 implacabiles
2655 4158 2862 4198 sumus.
2895 4142 3204 4198 Notandum
3230 4153 3410 4199 autem
3436 4143 3583 4214 quod
3612 4159 3725 4198 non
3747 4144 3844 4197 ait:

2261 4235 2318 4292 Si
2350 4245 2405 4291 tu
2434 4234 2624 4302 (habes
2672 4235 2875 4305 aliquid
2907 4235 3170 4290 adversus
3211 4233 3437 4290 fratrem
3483 4244 3675 4301 tuum;
3718 4235 3843 4290 sed:

2261 4332 2319 4388 Si
2351 4331 2520 4387 frater
2543 4340 2668 4386 tuus
2689 4330 2852 4385 habet
2879 4321 3082 4401 aliquid
3101 4329 3388 4385 adversum
3420 4337 3492 4383 te.
3522 4311 3679 4384 Tunc
3705 4330 3844 4383 enim

2261 4425 2432 4480 frater
2469 4431 2653 4479 noster
2689 4423 2978 4478 adversum
3008 4435 3109 4478 nos
3134 4421 3298 4477 habet
3342 4421 3583 4490 aliquid,
3636 4421 3847 4491 quando

2263 4533 2360 4572 nos
2386 4516 2550 4571 laedit.
2580 4514 2916 4586 Pergendum
2955 4528 3086 4586 ergo
3109 4523 3195 4570 est
3221 4513 3289 4568 ad
3319 4513 3842 4579 reconciliationem,

2263 4617 2319 4665 et
2343 4612 2386 4666 si
2419 4609 2637 4664 veniam
2668 4615 2854 4678 petere
2880 4607 3138 4671 voluerit,
3171 4605 3315 4676 quod
3335 4605 3389 4661 in
3417 4606 3580 4661 nobis
3608 4605 3846 4676 pecavit

2261 4700 2558 4757 clementer
2582 4705 2668 4754 est
2691 4697 3092 4764 dimittendum,
3122 4705 3345 4770 propter
3371 4697 3476 4752 hoc
3503 4698 3654 4767 quod
3677 4697 3846 4752 Domi-

2263 4805 2366 4845 nus
2422 4789 2499 4843 ait
2547 4807 2560 4842 :
2616 4805 2636 4840 ‹
2671 4787 2807 4844 Cum
2856 4787 3069 4843 stabitis
3119 4788 3189 4843 ad
3236 4787 3540 4851 orandum,
3595 4787 3846 4844 dimittite

2267 4878 2466 4953 (Marc.
2501 4876 2599 4948 xi),
2640 4896 2660 4931 ι
2685 4886 2793 4932 etc.
2825 4876 2883 4932 Si
2912 4886 3094 4935 autem
3124 4877 3335 4932 veniam
3358 4876 3641 4947 postulare
3665 4877 3845 4933 nolue~

2267 4973 2358 5035 rit,
2391 4969 2664 5042 spiritales
2693 4968 2890 5026 fratres
2917 4970 3182 5025 secretius
3203 4969 3533 5024 immittendi
3573 4978 3727 5035 sunt,
3765 4969 3849 5039 qui

2263 5077 2388 5119 eum
2415 5061 2485 5116 ad
2519 5059 2840 5116 humilitatis
2869 5058 3298 5116 satisfactionem
3326 5070 3664 5132 provocent,
3698 5060 3849 5130 juxta

2262 5163 2590 5229 praeceptum
2616 5154 2829 5210 Domini
2857 5155 3087 5210 dicentis
3116 5173 3129 5208 :
3165 5173 3184 5206 ι
3222 5153 3281 5211 Si
3321 5163 3375 5211 te
3399 5141 3591 5210 audire
3624 5155 3852 5210 noluerit

2264 5250 2436 5306 frater
2458 5256 2602 5314 tuus,
2632 5247 2828 5303 adhibe
2856 5253 3036 5302 tecum
3060 5263 3229 5302 unum
3258 5247 3346 5302 vel
3373 5247 3540 5315 duos,
3570 5256 3633 5302 ut
3669 5247 3723 5302 in
3761 5262 3854 5302 ore

2263 5343 2495 5399 duorum
2518 5341 2604 5396 vel
2630 5341 2793 5396 trium
2822 5341 3041 5396 testium
3059 5348 3166 5396 stet
3189 5356 3351 5396 omne
3378 5340 3604 5397 verbum
3637 5340 3850 5412 (Hatth.

2265 5437 2444 5500 xvnt).
2489 5455 2507 5488 ι
2549 5435 2608 5490 Si
2643 5445 2825 5490 autem
2848 5443 3139 5491 contumax
3167 5443 3223 5489 et
3247 5434 3511 5505 superbus
3538 5448 3854 5504 persevera-

2266 5529 2407 5586 verit
2432 5528 2520 5583 ille
2553 5527 2647 5597 qui
2686 5527 2741 5582 in
2774 5535 2829 5582 te
2859 5527 3137 5598 peccavit,
3171 5542 3275 5583 non
3317 5540 3541 5582 necesse
3587 5533 3677 5581 est
3709 5534 3769 5579 ut
3796 5534 3850 5578 tu

2267 5622 2316 5676 ei
2361 5621 2574 5674 veniam
2619 5617 2878 5690 postules,
2923 5618 3017 5673 sed
3065 5626 3247 5672 tamen
3296 5625 3520 5689 propter
3569 5615 3741 5672 Deum
3788 5632 3852 5671 ex

2268 5711 2430 5768 corde
2449 5710 2687 5777 dimitte,
2719 5719 2780 5764 ut
2808 5725 3033 5765 securus
3071 5709 3336 5765 accedens
3359 5709 3424 5763 ad
3453 5709 3649 5768 altare.
3677 5709 3852 5764 dicere

2268 5803 2446 5872 possis
2469 5817 2482 5855 :
2505 5821 2523 5853 ι
2538 5802 2758 5858 Dimitte
2779 5803 2939 5858 nobis
2961 5801 3142 5856 debita
3173 5809 3384 5866 nostra,
3399 5801 3541 5856 sicut
3561 5807 3618 5854 et
3645 5812 3745 5853 nos
3770 5797 3849 5851 di-

2268 5893 2534 5948 mittimus
2562 5894 2896 5950 debitoribus
2934 5893 3136 5949 nostris
3160 5890 3374 5965 (Matth.
3410 5889 3540 5960 vr)»
3568 5890 3636 5946 Et
3663 5898 3721 5942 ut
3753 5889 3848 5942 im-
