4014 6354
283 383 394 440 655

1538 377 1847 436 ΗΟΜΙΙᾸΑΕ
1888 375 1976 433 DE
2016 377 2364 434 TEMPORE.

3446 377 3552 432 654

281 499 503 573 pleatur
530 495 585 550 in
614 494 771 550 nobis
791 494 934 564 quod
964 493 1222 550 Dominus
1255 493 1332 548 ait
1362 509 1376 548 :
1410 511 1429 546 ι
1463 490 1523 548 Si
1550 490 1864 547 dimiseritis
1890 495 1940 556 Α
1967 489 2348 556 damnationis,
2389 490 2483 561 qui
2522 489 2825 562 prohibitor
2861 489 2965 542 fuit
3011 495 3114 542 tua:
3160 485 3548 556 correptionis.

283 586 600 646 hominibus
626 592 847 656 peccata
873 599 1096 650 eorum,
1127 591 1181 639 et
1213 583 1375 638 Pater
1411 589 1592 637 vester
1631 579 1869 635 caelestis

283 678 527 734 dimittet
556 676 714 731 vobis
750 684 974 745 peccata
1011 683 1193 730 vestra
1229 672 1441 745 (Ibid.).
1479 693 1496 725 ι
1533 671 1688 739 Quod
1715 671 1762 726 si
1800 685 1868 725 ex

282 781 519 841 utraque
543 777 697 839 parte
720 766 1044 839 negligentia
1064 766 1308 837 contigit,
1346 764 1414 819 ab
1437 765 1666 836 utraque
1696 763 1869 818 veniae

280 860 589 916 satisfactio
615 859 911 930 procedere
948 859 1126 916 debet.
1164 858 1291 914 Hmc
1321 867 1501 914 tamen
1530 856 1786 913 discretio
1814 856 1870 911 in

279 953 393 1008 hac
420 951 876 1018 :ireconciliatione
921 951 1255 1006 observanda
1301 958 1403 1015 est,
1453 958 1513 1004 ut
1559 949 1607 1005 si
1650 947 1737 1004 ille
1777 946 1869 1017 qui

280 1044 454 1099 alium
483 1043 642 1109 laesit,
671 1042 964 1113 temporale
994 1043 1250 1097 damnum
1275 1040 1479 1107 intulit,
1503 1040 1648 1114 quod
1674 1039 1872 1111 injuste

279 1136 528 1201 abstulit,
548 1134 696 1204 juste
722 1136 990 1190 restituat.
1029 1133 1086 1190 Si
1113 1143 1294 1191 autem
1316 1135 1481 1190 verbo
1507 1143 1600 1189 aut
1626 1132 1872 1189 convicio

280 1237 496 1284 tantum
533 1229 783 1298 proximo
830 1226 959 1283 fecit
1007 1228 1298 1300 injuriam,
1347 1226 1591 1284 sufﬁcere
1635 1227 1873 1283 creditur

279 1320 399 1376 sola
427 1319 598 1375 veniae
636 1320 930 1390 postulatio
966 1320 1034 1376 ad
1067 1320 1519 1377 satisfactionem.
1560 1319 1714 1376 Unde
1750 1330 1874 1391 post

280 1413 787 1469 reconciliationem
816 1428 848 1468 a
883 1412 1112 1468 Domino
1139 1413 1372 1468 dicitur:

360 1525 378 1557 ι
411 1506 479 1560 Ει
510 1513 638 1561 tunc
663 1505 886 1562 veniens
912 1503 1107 1561 offeres
1127 1520 1326 1561 munus
1366 1512 1537 1561 tuum.
1582 1503 1712 1559 Esto
1745 1517 1872 1559 con-

283 1614 303 1646 ι
357 1597 598 1651 sentiens
623 1596 936 1652 adversario
971 1605 1065 1653 tuo
1091 1596 1220 1651 dum
1247 1585 1308 1652 es
1351 1597 1408 1652 in
1446 1597 1534 1652 via
1561 1612 1685 1653 cum
1728 1611 1814 1653 eo.
1845 1614 1864 1646 ι

278 1687 447 1745 Forte
473 1697 653 1745 movet
682 1689 918 1760 aliquem
947 1691 1016 1744 ad
1037 1693 1411 1760 quaerendum,
1436 1691 1560 1762 quis
1583 1692 1657 1746 sit
1681 1691 1872 1746 adver-

277 1782 461 1838 sarius
487 1792 696 1849 noster,
731 1797 855 1838 cum
886 1798 994 1854 quo
1016 1782 1352 1839 concordare
1381 1798 1480 1838 nos
1498 1781 1655 1852 jubet
1681 1780 1868 1836 Domi-

277 1887 388 1928 nus
415 1880 620 1928 noster.
650 1873 749 1928 Cui
773 1873 1209 1944 respondendum
1230 1882 1338 1941 est,
1366 1875 1494 1944 quia
1520 1874 1869 1930 adversarius

277 1962 388 2018 iste
411 1979 591 2020 sermo
623 1965 719 2020 Dei
749 1965 1068 2038 intelligitur
1086 2006 1104 2031 ,
1142 1982 1252 2022 non
1277 1968 1405 2037 quia
1431 1975 1580 2023 recte
1609 1965 1869 2022 adversa-

276 2055 397 2112 rius
431 2057 502 2112 sit
531 2065 731 2112 nostra:
763 2057 956 2113 salutis
974 2097 992 2124 ,
1019 2057 1114 2112 sed
1144 2058 1270 2128 quia
1299 2057 1625 2113 contradicit
1666 2065 1870 2112 nostra:

277 2143 492 2198 carnali
537 2144 820 2200 voluntati.
869 2143 1030 2201 Verbi
1085 2145 1298 2216 gratia:
1332 2145 1579 2202 Carnalis
1633 2146 1870 2202 delecta-

277 2235 360 2288 tio
415 2235 731 2304 pertrahere
778 2250 879 2291 nos
928 2235 1075 2307 cupit
1117 2239 1185 2291 ad
1231 2236 1587 2302 adulterium,
1651 2247 1868 2292 contra-

279 2329 397 2382 rius
441 2337 621 2384 autem
662 2329 759 2384 tibi
798 2344 979 2385 sermo
1007 2329 1104 2385 Dei
1135 2329 1335 2385 clamat
1376 2348 1390 2384 :
1442 2350 1460 2382 ι
1500 2329 1744 2385 Adulteri
1785 2344 1872 2384 re-

275 2437 446 2492 gnum
474 2421 571 2476 Dei
599 2437 709 2477 non
745 2423 1100 2494 possidebunt
1143 2421 1191 2492 (1
1227 2421 1350 2477 Cor.
1397 2421 1496 2495 vi).
1532 2443 1551 2475 ι
1582 2423 1649 2477 Et
1687 2422 1814 2477 alibi
1854 2442 1867 2476 :

290 2533 310 2566 ‹
359 2513 740 2572 Fornieatores
775 2525 833 2572 et
875 2517 1150 2572 adulteros
1183 2516 1449 2588 judicabit
1497 2518 1636 2572 Deus
1679 2516 1868 2590 (Hebr.

278 2611 428 2678 xm).
469 2627 487 2662 ι
523 2608 592 2664 Et
620 2609 820 2665 iterum
855 2627 868 2662 :
897 2628 928 2662 .c
965 2608 1069 2677 Qui
1099 2609 1298 2666 viderit
1329 2608 1612 2666 mulierem
1641 2609 1710 2664 ad
1742 2625 1871 2664 con-

277 2700 670 2770 cupiscendum
696 2715 817 2756 eam
835 2740 852 2766 ,
889 2699 1005 2769 jam
1033 2701 1339 2756 mmehatus
1372 2710 1454 2756 est
1477 2715 1600 2755 eam
1622 2700 1678 2755 in
1706 2700 1870 2756 corde

277 2806 382 2847 suo
411 2791 627 2862 (Matth.
659 2791 736 2863 v).
779 2811 798 2844 ι
834 2789 893 2847 Si
921 2800 1102 2846 autem
1133 2790 1314 2846 audita
1338 2792 1440 2846 hac
1473 2805 1638 2856 voce,
1665 2791 1871 2844 vitave-

276 2885 359 2939 ris
379 2885 656 2940 carnalem
685 2885 1098 2941 delectationem
1116 2925 1132 2951 ,
1158 2884 1213 2940 id
1237 2892 1322 2940 est
1349 2884 1600 2940 ardorem
1633 2883 1871 2939 libidinis

276 2974 434 3030 freno
468 2976 814 3032 continentia:
851 2975 1231 3042 restrinxeris,
1263 2973 1605 3032 conc'ordasti
1627 2991 1751 3031 cum
1773 2975 1870 3030 ad-

275 3067 524 3123 versario
550 3075 641 3123 tuo
662 3067 716 3122 in
739 3068 881 3123 bono
910 3075 1020 3123 tuo.
1052 3066 1306 3122 Dicamus
1325 3074 1382 3122 et
1408 3066 1586 3121 aliud:
1616 3066 1871 3138 Suggerit

280 3160 378 3215 tibi
424 3160 658 3217 ebrietas
695 3167 751 3217 et
806 3161 1048 3216 immittit
1098 3161 1342 3216 faucibus
1391 3161 1497 3217 tuis
1543 3162 1867 3228 siceitatem,

285 3265 566 3322 usquequo
599 3251 887 3324 pervenias
923 3253 990 3308 ad
1026 3252 1378 3317 ebrietatem,
1424 3253 1518 3308 sed
1547 3254 1869 3309 contradicit

285 3344 383 3400 tibi
411 3360 591 3400 sermo
621 3344 836 3401 divinus
877 3361 894 3401 :
932 3364 952 3397 ι
1001 3344 1226 3410 Videte,
1269 3359 1340 3400 ne
1367 3352 1666 3415 graventur
1707 3345 1869 3400 corda

278 3446 464 3493 vestra
493 3437 712 3508 crapula
737 3444 795 3493 et
817 3437 1081 3493 ebrietate
1101 3435 1254 3507 (Luc.
1291 3436 1427 3508 xxi).
1463 3455 1480 3486 ι
1519 3436 1584 3490 Et
1622 3436 1821 3492 iterum
1852 3453 1864 3490 :

284 3547 306 3581 ι
353 3529 567 3586 Ebriosi
592 3544 817 3601 regnum
841 3528 938 3583 Dei
975 3542 1083 3584 non
1109 3527 1459 3598 possidebunt
1490 3526 1542 3600 (I
1564 3526 1686 3582 Cor.
1714 3526 1813 3599 vr).
1843 3547 1864 3582 ι

286 3620 453 3677 Vince
481 3635 610 3693 ergo
637 3620 1046 3676 delectationem
1082 3619 1341 3689 potandi,
1373 3628 1428 3675 et
1451 3620 1723 3675 coneorda
1744 3634 1867 3676 cum

278 3715 594 3769 adversario
620 3721 733 3769 tuo.
768 3711 862 3769 Sic
891 3713 957 3768 de
980 3712 1194 3768 caeteris
1216 3712 1362 3768 vitiis
1390 3712 1732 3768 sentiendum
1760 3721 1869 3780 est,

279 3806 338 3860 in
365 3804 563 3874 quibus
587 3819 716 3860 caro
741 3802 1077 3876 concupiscit
1105 3803 1364 3859 adversus
1389 3803 1640 3874 spiritum
1663 3845 1678 3868 ,
1709 3803 1870 3874 spiri-

279 3907 372 3954 tus
411 3906 593 3952 autem
625 3897 889 3953 adversus
930 3911 1150 3952 carnem
1184 3915 1198 3951 :
1239 3905 1295 3951 et
1324 3897 1440 3952 haec
1485 3897 1590 3951 sibi
1637 3897 1869 3953 invicem

279 3977 664 4057 adversantur,
696 3999 756 4046 ut
786 4006 894 4047 non
920 4005 984 4047 ea
1020 4006 1142 4060 quae
1162 3990 1409 4047 volumus
1428 3991 1692 4048 faciamus
1723 3989 1866 4064 (Gal.

278 4100 314 4138 v
337 4085 379 4156 ).
413 4084 513 4140 Via
549 4092 729 4140 autem
774 4099 1015 4155 praesens
1053 4092 1136 4140 est
1188 4084 1320 4140 vita.
1355 4084 1605 4153 Quandiu
1640 4086 1785 4140 enim
1813 4085 1870 4141 in

279 4176 537 4247 praesenti
561 4177 671 4230 vita
691 4190 991 4242 manemus,
1019 4177 1174 4246 quasi
1202 4177 1257 4231 in
1277 4177 1365 4232 via
1390 4186 1446 4233 et
1472 4177 1527 4232 in
1555 4177 1751 4233 itinere
1773 4193 1866 4233 su-

284 4284 426 4334 mus,
460 4277 516 4323 et
536 4267 766 4323 necdum
791 4268 859 4324 ad
880 4268 1112 4338 patriam
1135 4269 1504 4338 pervenimus.
1531 4268 1592 4324 In
1622 4269 1710 4324 via
1738 4284 1870 4341 ergo

279 4376 407 4415 eum
450 4360 762 4415 adversario
809 4369 997 4416 nostro
1039 4361 1372 4416 concordare
1405 4360 1693 4432 jubemur,
1741 4361 1868 4432 quia

280 4461 407 4524 post
429 4462 682 4528 mortem,
712 4465 812 4509 nec
844 4452 1092 4508 audiendi
1133 4453 1358 4507 verbum
1393 4453 1512 4518 Dei,
1546 4467 1648 4509 nec
1688 4467 1868 4509 emen-

283 4544 445 4598 dandi
474 4543 624 4600 locus
645 4545 771 4610 erit,
797 4542 1084 4599 Salomone
1106 4551 1358 4611 testante,
1379 4544 1473 4615 qui
1495 4545 1573 4600 ait
1598 4563 1610 4599 :
1641 4563 1659 4595 ι
1691 4544 1871 4613 Quod-
1895 4584 1950 4644 Β

281 4652 496 4707 cunque
522 4644 702 4708 potest
725 4651 917 4692 manus
948 4644 1039 4691 tua
1066 4635 1247 4693 facere
1264 4676 1280 4702 ,
1319 4637 1588 4691 instanter
1614 4651 1865 4706 operare,

283 4731 411 4802 quia
444 4745 545 4785 nec
565 4745 720 4801 opus,
753 4745 856 4785 nec
882 4730 1045 4795 ratio,
1068 4745 1168 4785 nec
1191 4729 1440 4796 scientia,
1471 4745 1574 4786 nec
1599 4730 1866 4800 sapientia

281 4835 367 4878 est
395 4824 536 4894 apud
566 4823 770 4879 inferos
793 4838 900 4892 quo
923 4831 978 4878 tu
1001 4838 1258 4894 properas
1289 4820 1487 4891 (Eccle.
1514 4823 1616 4895 ix).
1655 4842 1674 4875 ι
1710 4821 1867 4878 Unde
1909 4863 1919 4872 .

281 4929 337 4970 et
385 4915 452 4970 de
493 4915 597 4982 his,
644 4916 736 4986 Qui
788 4916 942 4971 tarde
980 4915 1223 4971 converti
1275 4914 1574 4986 negligunt,
1620 4914 1862 4970 dicitur:

287 5033 305 5067 ι
354 5015 686 5070 lnvocabunt
714 5029 818 5075 me,
848 5021 904 5067 et
929 5027 1036 5068 non
1071 5011 1398 5077 exaudiam;
1448 5026 1611 5066 mane
1639 5025 1867 5066 consur-

281 5115 432 5178 gent,
462 5113 518 5160 et
542 5120 650 5161 non
680 5104 954 5161 invenient
995 5119 1102 5170 me,
1126 5118 1192 5160 eo
1220 5104 1364 5173 quod
1389 5117 1615 5159 exosam
1661 5102 1867 5157 habue-

179 5219 182 5221 λ
284 5199 398 5252 rint
421 5196 790 5268 disciplinam,
822 5204 876 5252 et
898 5196 1147 5252 timorem
1187 5194 1401 5252 Domini
1435 5209 1542 5249 non
1579 5193 1868 5258 audierint,

283 5305 389 5346 nec
425 5289 796 5368 acquieverint
819 5287 1059 5343 consiliis
1084 5287 1254 5353 meis,
1288 5294 1343 5342 et
1380 5284 1715 5342 detraxerint
1752 5284 1873 5339 uni-

285 5397 460 5438 versae
483 5381 811 5452 correptioni
840 5394 975 5435 mea:
1002 5379 1185 5450 (Prov.
1229 5379 1290 5451 ι).
1323 5398 1342 5431 ι
1379 5378 1546 5436 Valde
1589 5385 1772 5433 autem
1801 5378 1869 5433 ti-

284 5474 542 5533 mendum
565 5483 671 5541 est,
702 5473 843 5543 quod
873 5471 1138 5527 infertur:
1170 5491 1189 5525 ι
1219 5471 1297 5526 Ne
1318 5471 1459 5527 forte
1489 5470 1668 5526 tradat
1698 5479 1751 5527 te
1777 5471 1872 5527 ad-

287 5586 311 5622 ‹
355 5567 628 5622 versarius
648 5564 817 5635 judici
839 5606 856 5631 ,
883 5572 939 5619 et
955 5563 1122 5634 judex
1150 5565 1326 5619 tradat
1353 5574 1406 5620 te
1429 5565 1708 5630 ministro,
1736 5572 1789 5620 et
1814 5564 1869 5620 in

289 5678 311 5714 ι
358 5673 634 5715 carcerem
664 5657 919 5714 mittaris.
955 5676 974 5709 ι
1009 5656 1067 5713 Si
1109 5657 1295 5712 audire
1345 5656 1601 5722 nolueris,
1647 5665 1703 5712 et
1742 5673 1870 5713 cum

286 5752 602 5808 adversario
629 5760 721 5806 tuo
749 5751 1082 5807 concordare
1110 5749 1430 5821 neglexeris,
1462 5750 1576 5819 ipse
1614 5750 1793 5805 tradet
1817 5760 1868 5804 te

277 5843 474 5916 judiei,
490 5843 544 5899 id
570 5851 676 5909 est,
699 5844 813 5915 ipse
838 5859 1020 5901 sermo
1035 5844 1130 5900 Dei
1151 5844 1256 5900 erit
1277 5843 1331 5898 in
1363 5844 1733 5901 testimonium
1759 5852 1863 5899 tuae

1969 581 2036 638 Et
2067 597 2175 638 non
2219 581 2393 637 solum
2423 596 2602 637 sermo
2636 581 2731 636 Dei
2757 581 2862 636 erit
2893 578 2989 636 tibi
3019 576 3386 634 testimonium
3409 618 3424 644 ,
3458 575 3554 632 sed

1970 684 2026 733 et
2058 676 2188 748 ipsa:
2222 676 2577 747 cogitationes
2605 675 2891 730 adversum
2922 683 2976 730 te
3010 681 3376 744 consurgent,
3407 671 3554 726 sicut

1968 767 2261 840 Apostolus
2301 768 2377 823 ait
2426 785 2440 821 :
2487 786 2506 819 ‹
2550 765 2951 838 Cogitationum
2993 765 3227 822 invicem
3262 763 3553 820 adversan-

1973 860 2130 925 tium,
2161 868 2255 914 aut
2279 859 2440 915 etiam
2463 857 2866 914 defendentium
2889 858 2944 912 in
2966 858 3074 927 die,
3105 858 3322 931 quando
3348 855 3558 926 judica-

1971 950 2051 1007 bit
2085 952 2226 1007 Deus
2259 951 2470 1007 occulta
2497 950 2776 1006 hominum
2799 949 2974 1021 (Rom.
3009 949 3093 1022 ιι).
3133 969 3151 1001 ι
3186 948 3323 1005 Nam
3353 957 3407 1005 et
3432 949 3549 1021 ipsa

1974 1051 2118 1099 terra
2144 1043 2212 1106 ,in
2251 1058 2358 1114 qua
2383 1058 2707 1114 peccamus,
2751 1042 2910 1097 nobis
2936 1041 2992 1096 in
3030 1043 3400 1098 testimonium
3429 1043 3555 1109 erit,

1971 1136 2076 1192 nisi
2099 1137 2248 1207 prius
2267 1137 2534 1192 medicina
2555 1134 2890 1206 poenitentiae
2911 1135 3085 1190 sanati
3106 1135 3390 1201 fuerimus,
3417 1143 3558 1191 teste

1971 1231 2131 1286 beato
2167 1228 2287 1294 Job,
2315 1230 2408 1302 qui
2432 1231 2547 1285 ait:
2586 1250 2603 1282 ι
2636 1229 2703 1284 Ει
2729 1239 2874 1284 terra
2912 1228 3199 1284 adversum
3235 1243 3325 1283 me
3363 1227 3562 1283 clamat

1973 1322 2096 1395 (Job
2122 1323 2263 1394 xm).
2295 1343 2316 1375 ι
2370 1322 2615 1378 Minister
2642 1329 2823 1376 autem
2851 1321 2939 1375 cui
2961 1320 3192 1376 traditur
3214 1320 3281 1386 is,
3311 1321 3404 1390 qui
3435 1335 3559 1374 cum

1972 1413 2286 1469 adversario
2319 1427 2418 1469 suo
2442 1412 2779 1469 concordare
2808 1409 3002 1475 noluit,
3034 1409 3280 1465 diabolus
3307 1407 3560 1480 intelligi-

1973 1515 2092 1572 tur,
2125 1507 2218 1577 qui
2247 1521 2409 1577 super
2440 1521 2536 1562 eos
2567 1505 2931 1561 ministerium
2958 1503 3188 1575 accipiet
3208 1503 3371 1576 justae
3403 1505 3556 1559 dam-

1971 1598 2238 1666 nationis,
2278 1599 2371 1669 qui
2413 1609 2608 1668 sponte
2643 1613 2704 1654 se
2730 1597 3072 1652 tradiderunt
3117 1611 3297 1666 prava:
3336 1594 3556 1649 actioni.

1971 1690 2122 1762 Ipsos
2147 1692 2289 1746 enim
2330 1698 2611 1746 exactores
2630 1689 2909 1744 habebunt
2942 1688 2996 1742 in
3033 1700 3196 1758 poena
3223 1728 3237 1752 ,
3269 1700 3406 1756 quos
3431 1698 3556 1755 per-

1973 1797 2224 1839 suasores
2247 1782 2557 1838 habuerunt
2590 1783 2645 1837 in
2670 1780 2847 1851 culpa.
2877 1779 3082 1835 Carcer
3104 1787 3285 1834 autem
3314 1777 3558 1834 infernus

1972 1883 2076 1942 est,
2105 1892 2124 1926 ι
2152 1875 2242 1930 ubi
2270 1885 2354 1929 est
2371 1874 2598 1939 vermis,
2625 1873 2717 1943 qui
2742 1887 2850 1927 non
2884 1871 3179 1937 morietur,
3214 1878 3268 1925 et
3295 1870 3434 1940 ignis
3463 1869 3558 1939 qui

1974 1982 2084 2022 non
2133 1966 2505 2038 exstinguetur
2532 1965 2727 2036 (Marc.
2759 1964 2860 2036 ιιι),
2891 1983 2908 2017 ι
2946 1966 3011 2020 de
3040 1979 3146 2034 quo
3169 1979 3270 2034 per
3295 1962 3556 2017 Joannem

1973 2061 2030 2116 in
2054 2061 2377 2132 Apocalypsi
2400 2061 2600 2116 dicitur
2629 2078 2643 2115 :
2683 2079 2701 2111 ι
2740 2059 2944 2115 Omnes
2967 2057 3288 2130 blasphemi,
3323 2056 3560 2111 fornica-

1972 2164 2140 2223 tores,
2163 2165 2219 2212 et
2245 2156 2498 2221 adulteri,
2524 2155 2809 2211 mittentur
2835 2155 2891 2208 in
2917 2161 3168 2224 stagnum
3197 2150 3337 2223 ignis
3363 2159 3419 2206 et
3449 2150 3560 2205 sul-

1971 2249 2162 2320 phuris
2193 2249 2376 2319 (Apoc.
2408 2248 2544 2319 xxx).
2576 2267 2595 2298 ι
2628 2245 2783 2314 Quod
2815 2254 2996 2300 autem
3016 2242 3294 2314 subjungit
3326 2256 3341 2295 :

2049 2356 2072 2390 ι
2105 2343 2282 2393 Amen
2319 2337 2440 2393 dico
2489 2336 2620 2402 tibi,
2655 2351 2763 2392 non
2798 2335 2950 2413 exies
2978 2335 3104 2390 inde
3145 2334 3317 2390 donec
3363 2330 3559 2386 reddas

1981 2449 2000 2484 ι
2041 2431 2394 2488 novissimum
2435 2430 2811 2502 quadrantem.
2849 2449 2868 2482 ι
2914 2429 3118 2493 Donec,
3153 2425 3467 2482 adverbium
3499 2425 3559 2479 ti-

1973 2526 2147 2580 nitum
2179 2541 2276 2597 pro
2304 2525 2514 2581 infinito
2537 2526 2720 2596 posuit
2743 2534 2984 2596 tempore
3005 2564 3020 2590 ,
3049 2522 3196 2594 quod
3221 2537 3331 2578 non
3374 2521 3550 2576 solum

1975 2615 2075 2672 hoc
2123 2615 2179 2670 in
2213 2615 2332 2672 loco
2361 2631 2513 2672 saera
2545 2615 2857 2686 Scriptura,
2900 2616 2994 2671 sed
3035 2615 3200 2670 etiam
3229 2612 3477 2684 plurimis
3503 2613 3558 2666 in

1972 2707 2106 2762 locis
2128 2705 2310 2762 facere
2335 2707 2634 2772 consuevit,
2668 2707 2810 2762 sicut
2833 2707 3092 2762 Dominus
3111 2720 3209 2774 per
3232 2703 3558 2774 Prophetam

1972 2796 2049 2850 ait
2096 2814 2111 2850 :
2151 2796 2332 2851 Donec
2373 2795 2704 2862 senescatis,
2741 2810 2840 2867 ego
2885 2811 3025 2852 sum.
3090 2795 3158 2850 Et
3210 2792 3499 2849 Psalmista
3543 2811 3555 2847 :

1977 2907 1995 2938 ‹
2030 2886 2184 2942 Sicut
2208 2887 2351 2943 oeuli
2390 2886 2599 2942 ancillae
2630 2887 2686 2942 in
2727 2887 2977 2943 manibus
3019 2887 3250 2943 dominae
3300 2901 3413 2943 sua:
3435 2926 3451 2951 ,
3484 2885 3560 2940 ita

1971 2977 2112 3034 oculi
2158 2979 2330 3034 nostri
2375 2979 2442 3034 ad
2478 2979 2767 3034 Dominum
2829 2979 3000 3035 Deum
3065 2987 3347 3046 nostrum,
3389 2979 3562 3034 donec

1965 3070 2294 3127 misereatur
2325 3071 2496 3126 nostri
2533 3071 2706 3144 (Psal.
2739 3073 2928 3144 cxxu).
2977 3093 2997 3126 ι
3039 3071 3294 3143 Nunquid
3316 3081 3410 3126 aut
3436 3078 3562 3142 post

1973 3163 2189 3218 illorum
2223 3172 2498 3220 senectam
2538 3165 2678 3220 Deus
2707 3163 2921 3221 futurus
2950 3181 3059 3221 non
3097 3173 3250 3231 erat,
3282 3173 3376 3219 aut
3405 3172 3556 3235 post-

1973 3271 2137 3326 quam
2164 3256 2607 3312 misertusfuerit
2628 3258 2783 3313 nobis
2803 3258 2943 3313 oeuli
2968 3260 3138 3314 nostri
3164 3258 3455 3315 cessabunt
3475 3273 3560 3313 re-

1973 3346 2184 3418 spicere
2198 3346 2387 3402 illum?
2407 3362 2545 3413 non;
2563 3348 2678 3414 sed,
2702 3348 3110 3414 sicutdiximus,
3131 3349 3344 3403 ﬁnitum
3358 3362 3456 3418 pro
3472 3347 3558 3402 in-

1973 3440 2128 3496 ﬁnito
2154 3441 2351 3511 posuit.
2398 3439 2499 3508 Qui
2547 3440 2698 3526 locus
2741 3439 3103 3513 Origenianos
3150 3439 3417 3505 destruit,
3467 3439 3559 3509 qui

1971 3528 2109 3584 falsa
2156 3529 2356 3600 pietate
2400 3531 2654 3586 dixerunt
2687 3539 2810 3602 post
2836 3529 3101 3600 judicium
3131 3529 3403 3586 damones
3436 3545 3582 3595 esse.

1973 3621 2280 3678 solvendos.
2309 3621 2465 3678 Sicut
2491 3623 2636 3678 enim
2657 3632 2922 3678 aeternum
2948 3637 3173 3694 regnum
3196 3629 3560 3694 praeparatum

1971 3727 2057 3774 est
2082 3719 2300 3786 sanctis,
2343 3720 2417 3774 ita
2462 3729 2724 3776 aeternum
2761 3717 3083 3791 supplicium
3129 3716 3404 3788 reprobis,
3455 3715 3584 3778 1)οο¹

1972 3813 2120 3868 mino
2134 3814 2346 3870 dicente
2367 3813 2584 3887 (Matth.
2617 3813 2743 3884 xxv)
2772 3831 2784 3868 :
2824 3831 2842 3864 ι
2870 3813 2968 3878 Ite,
2992 3810 3287 3875 maledicti,
3309 3811 3362 3866 in
3379 3812 3556 3881 ignem

1971 3913 2234 3962 aeternum
2253 3946 2268 3970 ,
2306 3907 2399 3977 qui
2426 3913 2649 3978 paratus
2684 3913 2769 3961 est
2798 3903 3015 3961 diabolo
3042 3910 3097 3958 et
3122 3900 3330 3974 angelis
3357 3900 3493 3970 ejus.
3533 3918 3552 3950 ι

1970 4000 2040 4057 Et
2064 4001 2259 4056 iterum
2294 4019 2308 4056 ε
2346 4018 2365 4052 ι
2396 4000 2556 4056 lbunt
2585 3999 2641 4054 hi
2668 4000 2722 4055 in
2752 3999 3074 4070 supplicium
3095 4007 3359 4054 mternum
3384 4038 3398 4061 ,
3422 3994 3556 4066 justi

1971 4101 2150 4150 autem
2179 4094 2234 4149 in
2260 4093 2430 4150 vitam
2449 4103 2733 4150 aeternam.
2774 4112 2794 4146 ι
2829 4094 2966 4148 Hinc
2987 4107 3085 4164 per
3108 4092 3454 4148 Salomonem
3476 4089 3561 4144 di-

1971 4184 2114 4240 citur
2147 4203 2160 4239 :
2195 4203 2214 4236 ι
2248 4183 2479 4256 Lignum
2506 4185 2562 4240 in
2585 4199 2910 4256 quacunque
2936 4194 3091 4258 parte
3122 4184 3414 4250 ceciderit,
3445 4183 3560 4238 sive

1971 4279 2039 4334 ad
2065 4288 2330 4345 austrum,
2371 4279 2485 4335 sive
2515 4278 2582 4334 ad
2615 4279 2958 4350 aquilonem,
2991 4299 3010 4330 ι
3046 4279 3100 4336 id
3126 4288 3209 4335 est
3237 4280 3351 4334 sive
3383 4279 3440 4332 in
3479 4277 3559 4332 in-

1969 4369 2206 4438 fernum,
2229 4371 2343 4427 sive
2363 4370 2419 4426 in
2442 4385 2669 4443 regnum
2699 4371 2817 4438 Dei,
2854 4389 2874 4423 ι
2907 4370 2984 4426 ibi
3012 4371 3118 4426 erit
3165 4368 3365 4442 (Eccle.
3395 4366 3497 4438 ιι).
3533 4385 3552 4418 ι

2501 4503 2784 4560 HOMILIA
2830 4501 3016 4559 CXIX.

2215 4630 2470 4672 DOHINICA
2504 4629 2713 4670 OCTAVA
2749 4629 2881 4670 POST
2920 4627 3312 4668 PENTECOSTEN.

2043 4726 2251 4796 (Mane.
2293 4723 2448 4797 vni.)
2497 4745 2514 4777 ι
2575 4724 2635 4779 In
2691 4723 2783 4780 illo
2843 4733 3083 4795 tempore
3133 4740 3148 4778 ;
3205 4723 3340 4780 Cum
3401 4724 3558 4781 turba

1975 4839 1993 4871 ι
2039 4817 2208 4874 multa
2277 4826 2424 4874 esset
2491 4832 2617 4873 eum
2677 4814 2804 4872 Jesu
2832 4856 2847 4883 ,
2915 4831 3017 4872 nec
3083 4814 3348 4872 haberent
3413 4817 3556 4887 quod

1979 4932 1998 4967 ι
2044 4912 2471 4978 manducarent,
2543 4910 2854 4968 convocatis
2917 4909 3195 4981 discipulis
3254 4910 3331 4966 ait
3382 4909 3490 4968 illis
3539 4929 3555 4966 :

1980 5025 2000 5060 ι
2045 5005 2304 5062 Misereor
2352 5019 2515 5076 super
2578 5004 2813 5059 turbam.
2869 5023 2890 5056 ι
2949 5002 3017 5058 Ει
3072 5003 3296 5074 reliqua.
3375 5003 3557 5061 Domi-

1976 5117 2081 5157 nus
2127 5099 2286 5157 Jesus
2339 5098 2588 5155 Christus
2626 5098 2769 5153 Deus
2818 5105 2944 5152 ante
3005 5097 3222 5166 saecula,
3283 5105 3338 5153 et
3394 5098 3559 5154 homo

1977 5197 2154 5254 factus
2177 5195 2232 5250 in
2263 5193 2371 5250 ﬁne
2405 5194 2751 5259 saeculorum,
2785 5193 2860 5247 ita
2901 5207 3000 5248 sua
3038 5207 3206 5263 opera
3253 5199 3560 5263 temperare

1975 5290 2229 5359 dignatus
2261 5295 2369 5354 est,
2392 5294 2454 5341 ut
2498 5286 2555 5341 in
2592 5301 2700 5343 uno
2731 5285 3032 5354 eodemque
3079 5283 3343 5341 miraculo
3371 5299 3430 5338 se
3468 5299 3559 5340 ve-

1975 5399 2094 5440 rum
2146 5383 2339 5447 Deum,
2385 5396 2686 5452 verumque
2733 5381 3009 5436 hominem
3065 5394 3187 5435 esse
3236 5377 3556 5434 declararet.

1973 5471 2128 5540 Quod
2177 5473 2232 5527 in
2272 5470 2430 5541 hujus
2459 5471 2710 5528 lectionis
2758 5472 2900 5528 serie
2933 5471 3044 5527 cito
3079 5469 3478 5542 cognoscimus,
3511 5469 3556 5524 si

1977 5570 2120 5626 hanc
2169 5568 2454 5640 diligenter
2510 5569 2935 5625 consideremus.
2987 5566 3139 5634 Quod
3192 5565 3334 5620 enim
3393 5579 3559 5634 super

1978 5659 2191 5714 turbam
2221 5660 2549 5716 esurientem
2586 5658 2960 5717 misericordia
2990 5664 3169 5712 motus
3198 5655 3420 5722 dicitur,
3450 5655 3553 5711 hu-

1975 5765 2150 5805 manae
2170 5751 2561 5820 compassionis
2608 5761 2693 5808 est
2742 5749 3042 5806 indicium:
3085 5747 3231 5818 quod
3277 5754 3457 5802 autem
3489 5747 3558 5803 de

1973 5850 2179 5913 septem
2204 5843 2432 5915 panibus
2453 5853 2685 5915 quatuor
2712 5840 2880 5898 millia
2913 5838 3192 5896 hominum
3227 5837 3423 5905 reficit,
3473 5836 3558 5894 di-
