4014 6354
469 362 573 419 655

1071 356 1425 414 HAYMONIS
1461 355 1941 413 llALBERSTAT.
1980 354 2193 414 EPISC.
2236 361 2385 418 OPP.
2425 360 2604 417 PARS
2650 362 2716 416 ll.
2757 391 2828 402 —-
2863 362 3094 420 HOMIL.

3660 368 3781 422 636

472 479 612 533 vinzr
642 475 925 547 potestatis
968 481 1052 528 est
1080 471 1396 527 declaratio.
1443 470 1554 527 Nec
1601 459 1895 543 putandum
1945 477 2051 536 est,
2079 471 2129 532 Α
2159 473 2257 528 tris
2294 473 2397 528 mei
2446 472 2754 528 mansiones
2806 472 2987 528 multm
3038 481 3165 529 sunt
3206 474 3388 544 (Iona.
3429 477 3562 549 xiv).
3608 498 3630 530 ι
3686 478 3783 534 Ad

468 574 607 630 hanc
636 570 878 626 eamdem
928 581 1048 623 esse
1094 565 1406 631 lectionem,
1437 564 1530 619 ubi
1577 563 1667 620 alii
1708 563 2052 634 evangelistae

469 666 536 721 de
561 665 798 735 quinque
829 659 1060 731 panibus
1097 658 1335 728 quinque
1360 655 1531 711 millia
1550 656 1828 711 hominum
1856 655 2052 710 satiata

468 756 636 812 fuisse
665 755 943 810 referunt:
972 752 1099 822 quia
1124 750 1197 806 ibi
1222 749 1473 820 discipuli
1502 750 1788 803 Dominum
1815 762 2054 803 commo-

470 852 622 912 nent,
659 854 722 900 ιιι
745 843 985 899 dimittat
1006 842 1199 897 turbas
1224 855 1406 896 emere
1435 855 1556 911 qua:
1600 839 1703 895 sibi
1749 840 2055 895 necessaria

466 947 611 1008 sunt,
637 939 728 994 hic
763 945 949 993 autem
977 935 1243 991 Dominus
1281 949 1442 1005 supra
1480 934 1693 989 turbam
1726 932 2052 989 esurientem

468 1029 839 1087 misericordia
864 1036 1045 1084 motus
1066 1026 1270 1082 dicitur
1299 1045 1310 1080 :
1339 1025 1413 1081 ibi
1452 1026 1689 1096 quinque
1724 1040 1916 1096 panes,
1964 1025 2054 1080 hic

463 1132 670 1196 septem
701 1122 869 1178 fuisse
900 1128 1315 1178 memorantur:
1349 1120 1421 1175 ibi
1446 1119 1756 1184 hordeacei,
1794 1119 1882 1189 h_ic
1900 1119 2054 1190 cujus

461 1220 674 1293 generis
696 1233 923 1275 annona:
945 1215 1170 1282 fuerint,
1202 1230 1310 1270 non
1335 1213 1679 1270 declaratur:
1718 1214 1792 1269 ibi
1816 1214 2056 1284 quinque

461 1314 627 1371 millia
656 1313 937 1369 hominum
965 1312 1033 1367 de
1051 1311 1290 1381 quinque
1314 1309 1546 1380 panibus
1571 1309 1754 1365 satiati
1782 1320 1936 1375 sunt,
1960 1310 2052 1365 hic

462 1408 529 1463 de
555 1417 758 1478 septem
784 1405 1015 1477 panibus
1033 1411 1267 1479 quatuor
1293 1400 1462 1457 millia
1496 1399 1698 1457 refecta
1729 1419 1742 1456 :
1783 1400 1854 1455 ibi
1887 1415 2050 1471 supra

464 1495 648 1552 femini
690 1495 1100 1561 discubuerant,
1126 1493 1216 1549 hic
1239 1507 1402 1563 super
1433 1500 1655 1547 terram.
1688 1490 1841 1547 Unde
1862 1490 1934 1547 ibi
1954 1507 2055 1564 per

462 1589 693 1651 turbam,
745 1603 863 1659 qua:
906 1603 973 1643 cx
1021 1587 1260 1658 quinque
1295 1585 1526 1655 panibus
1557 1585 1754 1640 satiata
1793 1590 1895 1650 est,
1927 1599 2053 1659 ,ρο-

458 1680 615 1751 pulus
641 1681 743 1735 sub
766 1680 883 1751 lege
913 1677 1126 1736 Veteris
1158 1676 1492 1733 Testamenti
1522 1675 1730 1747 positus
1758 1660 1878 1731 esse
1906 1675 2049 1731 desi-

460 1779 675 1841 gnatur,
699 1769 792 1841 qui
815 1770 1050 1840 quinque
1076 1767 1244 1822 libros
1292 1765 1459 1838 Moysi
1504 1765 1570 1820 ad
1601 1780 1754 1821 suam
1790 1765 2052 1821 eruditio-

2156 583 2314 639 quam
2364 568 2746 623 ardentissimo
2801 582 2985 623 amore
3029 570 3317 639 pervenire
3367 572 3592 642 aptabat
3649 572 3778 640 ille,

2154 662 2246 731 qui
2287 660 2537 717 dicebat:
2572 679 2591 712 ι
2648 659 2821 716 Unam
2848 660 2977 730 petii
3009 676 3037 714 a
3078 660 3329 729 Domino,
3379 664 3521 719 hanc
3564 665 3782 735 requi-

2156 770 2295 822 ram,
2338 763 2397 809 ut
2425 754 2722 809 inhabilem
2751 754 2804 809 in
2834 754 2993 809 domo
3024 755 3235 810 Domini
3277 756 3529 813 omnibus
3555 759 3779 814 diebus

2155 848 2279 904 vitae
2303 863 2438 904 meae
2458 844 2632 922 (Psat.
2658 849 2830 919 xxvr).
2864 869 2882 902 ι
2920 849 3016 904 Via
3045 858 3224 905 autem
3248 865 3483 920 przesens
3508 858 3592 906 est
3616 852 3775 906 vita-

2156 940 2402 1008 Quandiu
2448 939 2594 995 enim
2629 938 2880 1005 vivimus,
2930 939 2983 994 in
3017 940 3101 994 via
3147 955 3357 1005 sumus,
3407 940 3775 1011 necdumque

2157 1030 2222 1085 ad
2253 1030 2481 1102 patriam
2503 1030 2869 1100 pervenimus.
2922 1027 3039 1083 Non
3069 1029 3181 1083 vnit
3203 1044 3332 1099 ergo
3352 1028 3617 1085 Dominus
3645 1039 3778 1084 tur-

2156 1124 2280 1178 bam
2334 1122 2577 1195 jejunam
2612 1124 2902 1186 dimittere,
2956 1137 3023 1177 ne
3078 1121 3319 1176 diﬁciant
3347 1122 3399 1177 in
3453 1123 3583 1176 via:
3626 1122 3775 1192 quia

2156 1214 2311 1271 electi
2342 1230 2408 1270 ne
2444 1216 2495 1270 in
2517 1214 2770 1285 prtesenti
2793 1214 2901 1268 vita
2933 1228 2962 1267 a
2984 1215 3129 1269 bono
3175 1228 3339 1283 Opere
3368 1222 3601 1276 cessent,
3657 1228 3771 1283 pa-

2156 1307 2285 1363 bulo
2301 1307 2451 1363 verbi
2485 1308 2578 1362 Dei
2609 1306 2865 1378 pascendi
2888 1314 3052 1361 sunt:
3088 1305 3214 1375 quia
3239 1306 3384 1361 sicut
3419 1304 3604 1359 deﬁcit
3627 1319 3770 1359 cor-

2155 1414 2255 1469 pus
2285 1399 2399 1454 sine
2439 1400 2582 1464 cibo,
2631 1400 2703 1454 ita
2743 1400 2921 1454 anima
2947 1398 3065 1453 sine
3094 1398 3261 1452 verbo
3307 1396 3421 1452 Dei.
3454 1396 3574 1464 Quo
3630 1397 3771 1452 cibo

2155 1492 2305 1548 reﬁci
2334 1493 2678 1549 desiderabat
2706 1491 2813 1554 ille,
2854 1492 2947 1561 qui
2997 1491 3212 1546 dicebat
3242 1508 3253 1547 :
3287 1509 3305 1541 ‹
3352 1489 3612 1545 Dominus
3664 1504 3769 1559 pa.

2160 1586 2266 1640 scit
2294 1599 2400 1651 me,
2429 1593 2485 1640 et
2508 1585 2643 1640 nihil
2671 1583 2803 1639 mihi
2834 1583 3028 1649 deerit,
3067 1583 3120 1637 in
3152 1583 3270 1638 loco
3292 1597 3505 1654 pascuae
3547 1581 3618 1635 ibi
3674 1596 3769 1637 me

2156 1676 2441 1733 collocavit
2484 1676 2657 1750 (Paul.
2688 1673 2847 1746 xxn).
2892 1696 2909 1727 ι
2961 1675 3112 1743 Quod
3153 1684 3332 1730 autem
3365 1672 3762 1743 subiungitur:

2162 1792 2179 1825 ‹
2217 1772 2448 1841 Quidam
2482 1780 2663 1827 autem
2690 1771 2754 1825 de
2804 1769 2961 1839 longe
2992 1776 3257 1824 venerunt
3307 1781 3375 1820 ex
3401 1766 3501 1821 eis.
3540 1784 3559 1818 ι
3594 1764 3659 1821 Si
3694 1764 3765 1820 ad

460 1878 580 1919 nem
612 1863 820 1933 accepit
844 1881 856 1916 :
890 1862 980 1917 hic
1008 1868 1189 1915 autem
1212 1874 1309 1930 per
1331 1858 1564 1923 turbam,
1598 1873 1719 1928 quae
1748 1873 1815 1915 ex
1839 1856 2045 1929 septem
2078 1856 2124 1916 Β
2155 1874 2446 1937 utrumque
2471 1864 2729 1936 populum
2766 1862 2970 1918 referre
2990 1861 3345 1926 voluerimus,
3390 1858 3625 1930 populus
3654 1856 3761 1912 Ju-

458 1955 688 2027 panibus
714 1954 975 2019 reﬁcitur,
1013 1952 1299 2007 multitudo
1326 1952 1605 2006 hominum
1631 1951 1892 2017 ﬁdelium,
1934 1966 2052 2021 quae

458 2064 557 2119 per
578 2048 809 2119 gratiam
845 2047 978 2103 Novi
1007 2046 1346 2102 Testamenti
1374 2045 1618 2116 quotidie
1666 2046 1932 2117 pascitur,
1960 2047 2051 2100 de-

458 2142 720 2214 signatur.
753 2141 904 2199 llauc
953 2144 1165 2199 turbam
1224 2143 1391 2200 Isaias
1438 2144 1494 2199 in
1526 2143 1716 2215 spiritu
1759 2159 1789 2198 a
1823 2143 2052 2200 Domino

458 2235 783 2306 pascendam
814 2235 1160 2305 praeviderat,
1208 2250 1329 2291 cum
1378 2236 1641 2292 dicebat:
1667 2256 1684 2288 ι
1726 2236 1956 2292 Venient
1984 2236 2053 2292 ad

456 2342 580 2383 eum
615 2342 803 2384 omnes
828 2339 1033 2401 gentes,
1058 2336 1112 2383 et
1144 2329 1298 2383 ibunt
1325 2327 1509 2399 pepuli
1538 2327 1710 2393 multi,
1738 2336 1793 2384 et
1828 2327 2047 2384 dicent:

460 2416 662 2474 Domus
686 2417 870 2483 Iacob,
915 2420 1117 2484 venite,
1161 2428 1215 2473 et
1255 2419 1597 2474 ambulemus
1623 2421 1675 2474 in
1713 2419 1917 2475 lumine
1949 2419 2053 2475 Do-

460 2510 593 2566 mini
650 2511 783 2582 (lsa.
812 2511 895 2583 ιι).
940 2530 957 2562 ›
998 2511 1063 2566 Et
1114 2510 1404 2566 Psalmista
1445 2530 1459 2566 :
1518 2530 1538 2564 ι
1587 2510 1790 2567 Omnes
1838 2520 2048 2582 gentes,

460 2618 813 2674 quascunque
852 2602 1051 2668 fecisti,
1079 2604 1296 2659 venient
1324 2613 1378 2659 et
1424 2603 1731 2659 adorabunt
1755 2617 1941 2659 coram
1976 2611 2047 2669 te,

459 2694 709 2760 Domine,
741 2702 796 2749 et
832 2694 1212 2766 gioriﬁcabunt
1250 2711 1447 2751 nomen
1497 2703 1645 2750 tuum
1692 2695 1744 2749 in
1787 2703 2049 2750 aeternum

459 2785 632 2860 (Psal.
657 2789 876 2860 Lxxxv).
910 2807 929 2839 ι
963 2788 1029 2843 Et
1074 2790 1212 2845 bene
1259 2788 1313 2842 in
1360 2788 1448 2842 illa
1495 2787 1813 2853 refectione,
1843 2802 1961 2857 quae
1983 2802 2047 2842 ex

464 2878 703 2948 quinque
727 2878 961 2949 panibus
1014 2878 1154 2935 facta
1183 2888 1288 2945 est,
1321 2894 1417 2948 per
1446 2893 1607 2949 quam
1664 2877 1917 2948 populum
1960 2876 2053 2933 Ju-

462 2968 702 3023 dzeorum
727 2969 963 3025 diximus
990 2968 1306 3040 signiﬁcari,
1331 2968 1575 3039 discipuli
1599 2967 1886 3023 Dominum
1906 2982 2054 3023 cont-

460 3059 733 3115 monuisse
779 3059 1056 3125 dicuntur,
1094 3070 1153 3114 ut
1189 3060 1486 3115 dimitteret
1520 3058 1708 3114 turbas
1736 3074 1921 3114 emere
1950 3059 2051 3114 sibi

460 3152 788 3218 necessaria,
812 3154 936 3223 quia
969 3154 1108 3209 idem
1138 3153 1368 3225 populus
1422 3162 1549 3210 ante
1601 3154 1891 3210 adventum
1943 3151 2050 3208 Do-

2157 1958 2393 2010 daaorum
2426 1956 2493 2010 de
2541 1969 2708 2025 prope
2735 1953 2905 2019 venit,
2960 1953 3085 2023 quia
3128 1950 3263 2024 legis
3291 1950 3547 2004 notitiam
3574 1956 3631 2004 et
3658 1948 3765 2004 Dei

2156 2046 2516 2118 cognitionem
2562 2045 2791 2101 habuit:
2839 2044 2905 2099 de
2934 2042 3089 2115 longe
3125 2050 3304 2105 autem
3338 2039 3558 2110 gentilis
3585 2039 3754 2105 venit,

2154 2137 2370 2207 quando
2400 2146 2520 2207 post
2547 2136 2813 2191 idolorum
2853 2134 3119 2191 culturam
3146 2135 3210 2189 ad
3259 2131 3353 2189 Dei
3388 2133 3754 2204 cognitionem

2156 2240 2447 2283 conversus
2486 2235 2591 2283 est.
2625 2225 2779 2282 Unde
2828 2224 3119 2296 Apostolus
3147 2223 3256 2278 ait:
3295 2241 3314 2273 ι
3366 2220 3491 2292 Ipse
3538 2228 3626 2275 est
3650 2235 3757 2291 pax

2156 2331 2358 2387 nostra,
2390 2322 2479 2392 qui
2524 2320 2656 2376 fecit
2686 2328 2915 2390 utraque
2950 2335 3116 2373 unum
3144 2318 3414 2390 (Ep/1.11).
3447 2334 3468 2369 ι
3505 2314 3759 2383 Quotidie

2153 2429 2283 2470 vero
2312 2414 2365 2469 in
2390 2412 2745 2470 conversione
2794 2411 3051 2477 ﬁdelium,
3084 2410 3174 2466 alii
3206 2412 3270 2466 de
3319 2424 3512 2480 prope,
3543 2408 3639 2463 alii
3686 2408 3755 2464 de

2152 2507 2312 2579 longe
2338 2509 2404 2562 ad
2425 2508 2584 2563 ﬁdem
2616 2506 2860 2561 veniunt.
2888 2504 2990 2572 Qui
3022 2505 3166 2559 enim
3204 2504 3259 2559 in
3289 2502 3457 2558 nullis
3502 2501 3758 2558 crimina-

2152 2600 2292 2656 libus
2313 2600 2549 2670 peccatis
2575 2599 2975 2654 contaminatus
3002 2598 3092 2652 Dei
3118 2597 3449 2652 voluntatem
3471 2596 3739 2665 sequitur,

2155 2693 2274 2749 sine
2303 2692 2465 2748 dubio
2491 2692 2557 2748 de
2596 2707 2761 2764 prope
2784 2691 2952 2747 venit.
2985 2689 3091 2747 Sed
3115 2700 3170 2746 et
3196 2691 3264 2755 is,
3313 2690 3403 2761 qui
3433 2690 3585 2745 licito
3631 2704 3757 2744 con-

2148 2783 2301 2856 jugio
2349 2795 2605 2855 expertus
2653 2783 2719 2839 ad
2779 2783 2947 2838 Deum
2996 2781 3348 2843 convertitur,
3389 2795 3455 2835 ex
3503 2781 3757 2850 proximo

2155 2876 2322 2930 venit.
2375 2875 2473 2939 Qui
2525 2883 2705 2929 autem
2753 2883 2874 2946 post
2920 2874 3135 2946 publica
3188 2870 3411 2943 flagitia,
3463 2873 3752 2939 adulteria,

2154 2968 2317 3035 furta,
2344 2968 2632 3035 homicida,
2675 2970 2988 3033 ebrietates,
3040 2967 3281 3038 rapinas,
3332 2981 3429 3038 per
3479 2967 3752 3039 poeniten-

2154 3059 2284 3114 tiam
2312 3060 2378 3114 ad
2414 3060 2580 3115 Deum
2613 3059 2963 3117 convertitur,
2999 3059 3066 3114 de
3092 3058 3250 3128 longe
3281 3058 3447 3113 venit.
3480 3055 3558 3112 De
3590 3074 3754 3129 prope

2156 3167 2336 3213 autem
2368 3158 2529 3223 venit,
2566 3158 2657 3228 qui
2680 3158 2748 3213 ab
2771 3157 2886 3229 ipsa
2910 3156 3137 3212 infantia
3162 3154 3248 3210 vel
3275 3153 3531 3226 pueritia,
3563 3153 3617 3208 in
3642 3170 3755 3208 ser-

461 3244 593 3299 mini
647 3245 988 3314 patriarchas
1037 3255 1090 3301 et
1140 3247 1434 3318 prophetas
1492 3261 1619 3302 suos
1665 3231 2126 3303 intercessoresC
2158 3248 2290 3305 vitio
2318 3250 2411 3305 Dei
2439 3265 2497 3305 se
2523 3250 2839 3318 mancipat:
2886 3245 2953 3301 de
2998 3247 3156 3315 longe
3180 3259 3328 3309 vero,
3375 3245 3468 3317 qui
3514 3245 3570 3297 in
3597 3259 3753 3299 sene-

459 3335 668 3391 habuit.
692 3335 752 3391 In
778 3336 880 3391 hac
900 3344 1081 3392 autem
1104 3338 1221 3407 ipse
1246 3337 1507 3394 Dominus
1527 3339 1593 3393 ad
1624 3339 2049 3394 misericordiam

462 3436 852 3493 commovetur,
885 3429 1008 3498 quia
1032 3429 1251 3500 gentilis
1278 3429 1505 3499 populus
1542 3445 1646 3484 nou
1681 3429 1792 3485 suis
1816 3430 2046 3496 meritis,

458 3533 561 3575 nec
595 3520 774 3590 aliquo
824 3522 1235 3588 interveniente,
1269 3522 1363 3577 sed
1400 3522 1511 3577 sola
1562 3523 1796 3594 gratuita
1828 3522 2053 3578 Domini

461 3611 835 3667 misericordia
881 3613 1119 3669 salvatus
1173 3626 1279 3679 est,
1330 3613 1467 3669 sicut
1518 3613 1719 3670 Paulus
1774 3614 2050 3686 apostolus

462 3704 537 3759 ait
564 3723 576 3758 :
607 3723 625 3757 ι
661 3703 855 3760 Gratia
871 3706 965 3760 Dei
1001 3706 1136 3762 salvi
1174 3707 1303 3761 facti
1334 3708 1469 3762 estis
1497 3705 1655 3778 (Eph.
1687 3715 1766 3780 ιι).
1800 3728 1817 3760 ι
1847 3708 1914 3764 Εῑ
1933 3710 2051 3780 pul-

464 3794 595 3849 chre
620 3794 885 3850 Dominus
933 3796 1170 3862 turbam,
1210 3811 1372 3866 quam
1405 3813 1594 3853 amore
1630 3798 1777 3853 verbi
1807 3796 1903 3853 Dei
1927 3813 2051 3853 esu-

463 3886 693 3942 rientem
726 3887 879 3951 vidit,
919 3888 1081 3943 etiam
1104 3890 1226 3945 cibo
1254 3891 1521 3961 corporali
1555 3891 1748 3957 reﬁcit,
1776 3901 1835 3946 ut
1867 3892 1922 3947 in
1944 3890 2051 3947 illis

463 3975 783 4046 adimpleret
808 3977 955 4046 quod
992 3979 1107 4049 ipse
1143 3979 1269 4035 alibi
1291 3982 1561 4052 promisit,
1591 3983 1810 4038 dicens:
1843 4000 1862 4034 ι
1899 3982 2052 4051 Quae-

454 4068 573 4122 .rite
594 4067 828 4138 primum
863 4083 1086 4140 regnum
1125 4071 1218 4125 Dei
1266 4080 1322 4126 et
1358 4072 1625 4143 justitiam
1668 4072 1803 4143 ejus,
1857 4075 2051 4128 ctha:c

466 4156 651 4213 omnia
678 4156 1002 4226 adjicientur
1038 4160 1191 4219 vobis
1214 4161 1429 4231 (Matth.
1456 4163 1548 4235 v1).
1585 4182 1603 4215 ι
1635 4163 1804 4219 Recte
1830 4179 1959 4235 ergo
1986 4165 2053 4220 de

464 4248 569 4304 hac
607 4250 764 4304 turba
792 4250 1029 4307 dicitur:
1064 4272 1082 4304 ι
1120 4252 1254 4320 Quia
1283 4269 1412 4309 ecce
1431 4254 1542 4323 jam
1579 4257 1757 4311 triduo
1784 4257 2052 4312 sustinent

468 4362 487 4394 ι
532 4358 641 4409 me,
694 4359 794 4399 nec
829 4345 1033 4402 habent
1068 4346 1211 4417 quod
1240 4349 1584 4405 manducent.
1625 4370 1644 4401 ι
1691 4348 1869 4405 Turba
1907 4350 2050 4404 enim

463 4438 747 4493 Dominum
776 4439 955 4495 triduo
984 4440 1236 4507 sustinet,
1260 4456 1380 4497 cum
1410 4442 1583 4503 ﬁdelis
1606 4442 1833 4513 populus
1852 4443 1904 4497 in
1926 4458 2054 4499 con-

463 4525 696 4583 fessione
718 4538 919 4584 sancta:
965 4530 1250 4587 Trinitatis
1296 4530 1693 4589 incessabiliter
1719 4545 2049 4604 perseverat.

2154 3349 2305 3396 etute
2336 3341 2402 3395 ad
2432 3340 2603 3395 Deum
2634 3338 2991 3394 convertitur.
3021 3335 3294 3392 Promittit
3337 3351 3467 3406 ergo
3493 3334 3754 3389 Dominus

2152 3432 2335 3488 cibum
2360 3447 2418 3487 se
2448 3432 2700 3487 daturum
2748 3429 2911 3484 etiam
2942 3428 3046 3493 bis,
3086 3428 3176 3498 qui
3211 3429 3277 3482 de
3302 3426 3461 3498 longe
3504 3426 3751 3491 veniunt,

2153 3527 2280 3595 quia
2312 3540 2413 3580 non
2442 3523 2616 3578 solum
2664 3522 2864 3592 justos,
2914 3521 3006 3575 sed
3059 3521 3221 3576 etiam
3273 3527 3593 3591 peccatores
3621 3535 3750 3574 con-

2150 3633 2338 3673 versos
2371 3617 2563 3686 resipit
2594 3625 2648 3671 et
2674 3624 2843 3679 amat,
2877 3616 3016 3669 sicut
3042 3623 3098 3669 et
3122 3615 3235 3686 ipse
3266 3614 3379 3668 ait:
3417 3632 3435 3664 ‹
3487 3612 3606 3667 Non
3632 3613 3749 3668 veni

2152 3724 2349 3766 vocare
2365 3709 2562 3781 ju‘stos,
2594 3709 2689 3763 sed
2721 3715 3037 3779 peccatores
3069 3707 3138 3760 ad
3185 3704 3568 3777 paenitentiam
3599 3703 3750 3774 (Lac.

2153 3802 2227 3873 v).
2264 3823 2282 3853 ι
2318 3802 2382 3857 Ει
2410 3801 2702 3872 Apostolus
2731 3801 2843 3854 ait:
2877 3818 2895 3849 ι
2948 3797 3185 3853 Veniens
3232 3797 3631 3867 cvangelizavit
3663 3812 3755 3867 pa-

2153 3910 2269 3950 cem
2296 3894 2380 3948 his
2406 3910 2499 3963 qut
2529 3902 2685 3946 erant
2715 3903 2899 3963 prope,
2932 3899 2981 3945 et
3014 3891 3099 3945 his
3127 3891 3215 3960 qui
3246 3888 3404 3960 longe
3436 3888 3599 3958 (Eph.
3626 3888 3710 3957 ιι).
3732 3907 3748 3938 ι

2154 3985 2373 4041 Talibus
2400 4000 2528 4055 ergo
2582 4001 2683 4039 nec
2713 3984 2952 4049 veniam,
2990 3996 3091 4037 nec
3126 3980 3305 4036 cibum
3350 3982 3588 4051 abnegat
3643 3980 3751 4043 ille,

2153 4076 2243 4147 qui
2285 4091 2381 4145 per
2411 4077 2727 4145 prophetam
2773 4075 2847 4129 ait
2897 4072 3116 4144 (Ezeclt.
3145 4072 3301 4142 xvm)
3327 4085 3343 4125 :
3374 4090 3391 4123 ι
3452 4069 3584 4125 Vivo
3630 4086 3749 4142 ego,

2154 4167 2285 4222 dicit
2310 4166 2565 4221 Dominus
2616 4167 2774 4229 Deus,
2819 4164 2948 4235 quia
2980 4164 3104 4219 nolo
3155 4172 3382 4218 mortem
3426 4165 3750 4233 peccatoris,

2156 4258 2251 4313 sed
2274 4267 2337 4312 ut
2370 4263 2721 4312 convertatur
2742 4265 2799 4311 et
2837 4255 3004 4309 vivat.
3038 4273 3057 4305 ι
3089 4253 3169 4308 Et
3202 4254 3403 4307 iterum
3430 4270 3443 4306 :
3475 4270 3495 4303 ‹
3549 4251 3754 4307 Pecca-

2156 4359 2240 4405 tor
2266 4348 2319 4404 in
2350 4360 2675 4419 quacunque
2700 4347 2787 4403 die
2816 4360 3108 4401 conversus
3139 4344 3322 4410 fuerit,
3346 4352 3402 4399 et
3431 4344 3753 4415 ingemuerit

2154 4452 2435 4514 peccatum
2467 4457 2651 4506 suum,
2702 4440 2884 4495 omnia
2925 4447 3146 4509 peccata
3179 4438 3296 4510 ejus
3346 4437 3610 4494 oblivioni
3644 4449 3754 4492 tra-

2157 4540 2353 4595 dentur
2385 4538 2594 4610 (lbid.).
2628 4558 2647 4590 ι
2683 4536 2751 4591 Et
2781 4551 2970 4591 rursus
3004 4554 3016 4589 :
3053 4554 3072 4587 ι
3104 4535 3355 4606 Nunquid
3384 4536 3632 4592 oblivisci
3663 4551 3754 4607 po—

464 4614 746 4676 Sustinere
774 4624 918 4678 enim
951 4623 1115 4679 homo
1144 4625 1313 4679 Deum
1344 4626 1561 4693 dicitur,
1605 4643 1725 4682 cum
1756 4629 1918 4683 etiam
1950 4646 2049 4685 nec
2080 4610 2130 4669 Ῐ)
2156 4639 2261 4686 test
2310 4631 2501 4686 mulier
2542 4631 2800 4685 infantem
2840 4645 3018 4695 suum,
3061 4638 3121 4683 ut
3160 4646 3263 4684 non
3293 4632 3611 4685 misereatur
3646 4630 3752 4685 ﬁlio

465 4710 609 4766 inter
660 4712 885 4768 adversa
920 4715 989 4768 ab
1037 4716 1154 4785 ejus
1184 4716 1364 4771 deﬁcit
1416 4732 1624 4783 amore,
1654 4719 1874 4775 imitans
1903 4720 2050 4777 illum

463 4802 557 4872 qui
584 4803 834 4858 dicebat:
866 4823 891 4855 τ
914 4804 1099 4876 Dirige
1128 4823 1216 4862 me
1237 4808 1289 4861 in
1322 4809 1552 4864 veritate
1580 4817 1669 4863 tua
1689 4816 1745 4864 et
1778 4811 1910 4865 dore
1943 4827 2050 4878 me,

468 4894 595 4964 quia
637 4902 690 4947 tu
723 4909 784 4949 es
843 4896 985 4951 Deus
1013 4898 1253 4953 salvator
1298 4914 1472 4967 meus,
1495 4909 1550 4954 et
1578 4909 1632 4955 te
1662 4902 1890 4957 sustinui
1943 4912 2052 4960 tota

467 4987 555 5041 die
591 4985 764 5057 (Paul.
807 4986 977 5059 xxtv).
1009 5009 1027 5039 ι
1062 4989 1268 5045 Aliter:
1315 4989 1495 5045 Turba
1548 4991 1724 5046 triduo
1771 4993 2073 5050 Dominum

471 5078 729 5143 sustinet,
763 5093 885 5134 cum
926 5079 1082 5135 electi
1132 5080 1484 5147 intellectum,
1538 5086 1855 5140 memoriam
1881 5095 1936 5140 et
1965 5102 2055 5141 vo-

468 5168 732 5224 luntatem
759 5169 813 5224 in
847 5170 988 5228 bono
1014 5186 1180 5243 opere
1208 5181 1495 5242 occupant.
1530 5172 1658 5230 Sive
1703 5186 1849 5232 certe
1878 5180 2056 5233 Domi-

469 5277 598 5317 num
627 5263 806 5319 triduo
832 5267 1085 5332 sustinet,
1124 5280 1248 5320 cum
1296 5264 1456 5322 ﬁdem
1498 5278 1553 5324 et
1587 5285 1737 5340 spem
1785 5280 1839 5326 et
1877 5273 2056 5328 chari-

473 5362 635 5409 tatem
665 5355 1029 5412 inviolabilem
1057 5366 1261 5424 servat,
1298 5359 1367 5414 de
1406 5361 1602 5431 quibus
1629 5364 1919 5434 Apostolus
1942 5366 2016 5420 ait
2042 5385 2053 5421 :

478 5463 497 5497 ι
536 5445 787 5503 Maneant
819 5450 871 5503 in
902 5448 1057 5504 vobis
1079 5449 1235 5515 ﬁdes,
1267 5464 1411 5521 spes,
1456 5454 1718 5520 eharitas,
1760 5457 1861 5512 tria
1907 5459 2058 5513 haec:

471 5539 646 5609 major
669 5550 851 5597 autem
874 5543 961 5597 his
981 5550 1065 5599 est
1086 5542 1325 5599 Charitas
1347 5544 1397 5615 (1
1411 5544 1533 5601 Cor.
1561 5548 1702 5621 xui).
1736 5571 1752 5601 ι
1874 5556 1879 5561 ”

550 5646 571 5679 ι
606 5630 672 5684 Et
717 5632 764 5687 si
818 5634 1077 5689 dimicem
1132 5650 1228 5691 eos
1266 5634 1483 5708 jejunus
1534 5641 1587 5696 in
1625 5642 1840 5698 domum
1887 5662 2064 5715 suam,

479 5737 500 5771 ς
527 5719 779 5778 deﬁcient
808 5724 861 5778 in
910 5725 1015 5780 via.
1051 5745 1069 5777 ι
1124 5727 1325 5784 Domus
1362 5730 1657 5787 electorum
1702 5736 1920 5806 proprie
1952 5753 2065 5793 coe-

473 5809 628 5872 laIIis
647 5824 730 5871 est
752 5817 947 5888 patria,
978 5819 1166 5891 deque
1201 5821 1459 5881 Dominus
1491 5826 1600 5880 ait:
1632 5844 1650 5877 ο
1685 5826 1743 5881 1η
1769 5828 1929 5885 domo
1957 5829 2062 5887 Pa-

2160 4724 2298 4778 uleri
2330 4723 2458 4778 sui?
2496 4723 2564 4776 Et
2613 4722 2656 4777 si
2689 4722 2777 4776 illa
2827 4722 2991 4785 oblita
3042 4722 3224 4787 fuerit,
3269 4738 3368 4794 ego
3421 4734 3602 4777 tamen
3648 4740 3751 4778 non

2159 4816 2450 4871 obliviscar
2501 4817 2573 4869 tui
2605 4816 2739 4889 (lsa.
2765 4815 2935 4887 xux).
2978 4836 2994 4867 ι
3043 4815 3107 4871 Ει
3138 4818 3188 4871 in
3219 4816 3546 4889 Evangelia:
3582 4839 3598 4868 ι
3637 4818 3750 4873 Non

2160 4917 2243 4964 est
2263 4922 2397 4977 opus
2428 4908 2575 4961 sanis
2603 4908 2863 4964 medicus.
2894 4906 2987 4962 sed
3024 4907 3161 4962 male
3186 4908 3511 4964 habentibus
3536 4907 3749 4963 (Matth.

2160 4999 2259 5069 lx).
2292 5018 2309 5049 ι

2239 5112 2257 5143 ‹
2295 5090 2360 5145 Et
2402 5092 2797 5161 responderunt
2845 5094 2895 5147 ei
2937 5093 3185 5164 discipuli
3239 5095 3361 5149 sui:
3422 5094 3580 5150 Unde
3626 5097 3752 5151 istos

2168 5204 2185 5231 ς
2229 5183 2424 5254 poterit
2451 5184 2571 5253 quis
2624 5185 2711 5238 hic
2740 5192 2985 5238 saturare
3031 5185 3260 5256 panibus
3284 5187 3338 5240 in
3367 5185 3657 5240 solitudine
3676 5187 3701 5239 ?
3730 5206 3745 5237 ι

2162 5276 2219 5331 ln
2247 5277 2348 5330 alia
2379 5274 2673 5331 refectione
2703 5275 2980 5347 Philippus
3024 5278 3331 5348 specialiter
3378 5279 3585 5333 dixisse
3632 5298 3751 5333 nar-

2165 5376 2348 5421 ratur:
2382 5358 2408 5417 i'
2440 5366 2802 5421 Ducenlorum
2854 5368 3198 5423 denariorum
3252 5385 3414 5439 panes
3468 5387 3570 5423 non
3607 5369 3743 5424 suﬁio

2167 5462 2316 5515 ciunt
2343 5462 2530 5525 turbat,
2556 5468 2611 5513 ut
2646 5461 3013 5530 unusquisque
3038 5463 3305 5517 modicum
3358 5465 3486 5533 quid
3527 5466 3751 5534 accipiat

2169 5553 2349 5627 (Joan.
2378 5555 2473 5623 γι).
2502 5576 2519 5607 ι
2556 5554 2705 5610 Nunc
2731 5565 2907 5612 autem
2940 5558 3265 5627 generaliter
3294 5574 3484 5612 onmes
3505 5558 3746 5628 discipuli

2169 5646 2396 5701 dicunt:
2429 5666 2445 5697 ι
2494 5644 2646 5702 Unde
2690 5649 2888 5718 poterit
2934 5650 3064 5703 istos
3094 5649 3215 5720 quis
3254 5650 3341 5704 hic
3372 5660 3624 5705 saturare
3663 5666 3749 5719 pa-

2169 5740 2327 5795 nibus
2365 5741 2418 5794 in
2452 5740 2779 5795 solitudine?
2811 5761 2828 5793 ι
2859 5736 3087 5810 'Quanto
3138 5760 3265 5815 ergo
3297 5745 3575 5815 discipulis
3621 5743 3746 5798 diﬁi-

2169 5831 2325 5889 cilior
2370 5846 2456 5887 res
2499 5832 2608 5888 visa
2638 5844 2743 5901 est,
2784 5843 2933 5890 tanto
2978 5837 3151 5908 magis
3192 5838 3510 5893 miraculum
3541 5836 3744 5895 Domini
