4014 6354
115 446 235 503 απ

1351 436 1659 496 “OBHM/Il
1702 435 1792 494 οι
1832 436 2159 497 TEMPORE

3319 443 3433 502 638

119 556 412 615 clarescit.
441 552 757 630 Fragiiitate
795 555 992 626 quippe
1035 554 1213 610 carnis
1234 554 1441 625 gravati
1472 550 1720 623 apostoli,
1749 551 1804 612 Α
1834 569 1853 601 σ
1887 552 2342 627 dabatdiscipulis
2363 557 2476 614 suis
2501 567 2559 614 ut
2590 570 2941 631 apponerent,
2969 569 3023 617 et
3057 572 3427 633 opposuerunt

122 648 387 702 nondum
417 646 592 703 adhuc
639 646 879 717 perfecte
914 647 1249 702 divinitatem
1296 645 1499 701 Christi
1536 643 1733 700 intelli-

120 742 362 810 gebant,
395 739 611 810 quando
645 753 710 796 eo
752 747 1040 809 praesente,
1092 739 1182 810 qui
1231 738 1412 794 educit
1444 746 1638 807 panem
1668 735 1737 790 de

121 838 288 884 terra
324 838 378 883 et
400 828 604 895 vinum,
639 828 781 898 quod
821 827 1060 884 itetiilcat
1086 843 1182 883 cor
1205 826 1458 892 hominis,
1491 841 1557 881 ex
1601 839 1736 897 pau-

121 924 209 979 cis
257 923 494 995 panibus
542 922 942 978 multitudinem
994 920 1277 977 hominum
1332 934 1489 991 posse
1532 918 1736 974 satiare

122 1015 484 1071 dubitabant.
535 1014 645 1071 Sed
687 1015 947 1072 Dominus
970 1010 1300 1069 non’solum
1333 1020 1393 1067 ut
1445 1011 1736 1067 dubitatio-

121 1122 260 1162 nem
299 1104 690 1177 discipuiornm
730 1106 988 1172 auferret,
1022 1123 1209 1164 verum
1241 1108 1409 1164 etiam
1448 1116 1509 1161 ut
1556 1105 1738 1162 multi-

123 1198 389 1255 tudinem
419 1198 701 1270 fatigatam
742 1197 957 1267 jeptnio
1000 1201 1267 1265 reticeret,
1301 1215 1369 1254 ex
1413 1200 1604 1270 paucis
1640 1213 1736 1268 pa-

122 1289 302 1345 nibus
323 1288 726 1345 multitudinem
760 1290 1039 1346 hominum
1064 1290 1291 1348 reficere
1318 1291 1506 1346 voluit.

204 1397 226 1431 c
266 1379 340 1435 Et
363 1379 715 1452 interrogavit
743 1395 839 1437 eos
863 1399 877 1435 :
920 1381 1062 1449 Quot
1084 1398 1253 1453 panes
1283 1382 1541 1438 habetis?
1567 1401 1589 1435 θ
1614 1380 1739 1437 Non

122 1471 399 1540 ignorans
425 1471 684 1527 Dominus
729 1474 1023 1545 discipulos
1075 1475 1391 1549 interrogat,
1434 1476 1524 1547 qui
1550 1475 1731 1531 omnia

122 1565 235 1621 scit
286 1575 583 1636 antequam
631 1565 783 1635 fiant,
840 1569 934 1625 sed
971 1578 1030 1623 ut
1069 1585 1135 1624 ex
1167 1586 1263 1626 sua
1312 1569 1734 1641 interrogatione

122 1657 360 1714 illorum
386 1660 601 1716 animos
622 1662 853 1727 erudiat,
883 1671 938 1718 et
966 1662 1178 1719 discant
1216 1679 1315 1734 per
1352 1664 1468 1734 ejus
1492 1678 1734 1735 przesen-

124 1752 264 1807 tiam
301 1752 371 1809 de
400 1755 587 1825 paucis
613 1754 842 1825 panibus
864 1754 1063 1811 multas
1111 1755 1297 1810 turbas
1340 1754 1619 1810 hominum
1646 1770 1732 1809 sa-

123 1844 256 1901 tiari
295 1861 454 1919 posse
480 1848 535 1903 in
564 1846 870 1913 solitudine,
900 1846 991 1918 qui
1036 1863 1133 1919 per
1171 1846 1527 1919 quadraginta
1555 1859 1727 1901 annos

1840 662 1858 696 ι
1889 646 2079 701 turbae.
2114 667 2133 699 ι
2164 646 2282 703 1am
2312 650 2557 722 superius
2582 667 2684 723 per
2723 661 2929 725 septem
2976 668 3163 725 panes,
3215 664 3423 728 septem

1834 735 1975 791 dona
2006 735 2240 807 Spiritus
2269 739 2442 795 sancti
2471 740 2695 812 ﬁgurari
2720 743 2974 799 diximus.
3006 744 3266 801 Dominus
3285 762 3425 817 ergo

1834 839 2039 901 septem
2060 847 2228 904 panes
2246 834 2475 905 accepit,
2504 834 2633 905 quia
2677 852 2790 906 pra:
2828 836 3081 892 omnibus
3108 837 3431 897 hominibus

1835 924 2143 995 specialiter
2172 934 2375 996 septem
2405 927 2543 982 dona
2569 924 2803 997 Spiritus
2837 930 3009 983 sancti
3034 930 3086 983 in
3120 945 3189 986 se
3209 931 3417 997 habuit,

1836 1014 2049 1070 dicente
2093 1017 2353 1086 propheta
2397 1035 2411 1069 :
2447 1036 2467 1067 ι
2503 1017 2570 1072 Et
2602 1018 2904 1087 requiescet
2954 1033 3122 1089 super
3160 1036 3286 1075 eum
3316 1022 3433 1091 spi-

1836 1108 1974 1163 ritus
2013 1108 2249 1176 Domini,
2288 1110 2508 1180 spiritus
2543 1110 2827 1181 sapientiae
2864 1119 2918 1165 et
2952 1112 3277 1181 intellectus,
3322 1116 3431 1187 spi-

1837 1200 1974 1257 ritus
1994 1202 2205 1257 consilii
2232 1211 2287 1258 et
2310 1202 2665 1269 fortitudinis,
2703 1204 2927 1274 spiritus
2956 1206 3196 1262 scientia
3224 1218 3279 1262 et
3313 1208 3428 1279 pie-

1837 1291 1986 1357 tatis,
2017 1299 2072 1348 et
2111 1292 2335 1363 replebit
2364 1308 2485 1349 eum
2522 1294 2747 1365 spiritus
2785 1294 2998 1349 timoris
3023 1294 3236 1351 Domini
3284 1296 3423 1369 (Im.

1835 1384 1935 1456 xl).
1967 1406 1985 1436 ι
2018 1384 2200 1457 Fregit
2230 1395 2408 1441 autem
2458 1402 2629 1458 panes
2682 1396 2736 1443 et
2783 1388 2935 1444 dedit
2967 1387 3250 1460 discipulis
3286 1391 3421 1457 suis,

1834 1478 1962 1547 quia
1994 1477 2235 1549 ejusdem
2281 1477 2516 1549 Spiritus
2550 1480 2733 1535 sancti
2778 1480 2918 1535 dona
2978 1480 3269 1553 unicuique
3296 1497 3424 1538 sau-

1835 1578 2066 1637 ctorum,
2096 1580 2257 1643 prout
2303 1571 2436 1637 vult,
2468 1572 2765 1637 distribuit,
2807 1572 2927 1627 aliis
2952 1572 3186 1644 largiens
3215 1587 3428 1629 sermo-

1833 1677 1958 1717 nem
1988 1662 2287 1732 sapientiaz,
2316 1662 2437 1718 aliis
2465 1677 2770 1718 sermonem
2796 1663 3057 1729 scientiae,
3082 1663 3203 1719 aliis
3228 1678 3429 1736 genere

1833 1738 2157 1835 linguarum,
2189 1754 2309 1808 aliis
2359 1753 2863 1825 interpretationem
2909 1769 3246 1822 sermonum,
3307 1754 3430 1811 aliis

1835 1845 2214 1902 discretionem
2264 1845 2565 1917 spirituum.
2627 1846 2761 1902 Sive
2801 1847 2949 1903 dedit
3000 1856 3205 1919 septem
3255 1862 3426 1919 panes

121 1938 247 1994 sine
280 1940 451 1994 aratri
489 1938 675 1996 labore
725 1940 1019 1995 immensas
1076 1938 1257 2011 populi
1307 1947 1557 1995 catervas
1609 1938 1733 1994 cibo
1759 1921 1811 1983 Β
1835 1935 2116 2006 discipulis
2140 1944 2200 1991 ut
2227 1944 2559 2008 apponerent
2586 1938 2775 2004 turbae,
2828 1938 3048 2008 quando
3088 1947 3210 2008 post
3237 1952 3427 1993 resur-

122 2047 351 2088 mannte
374 2033 507 2087 aluit
530 2032 584 2088 in
611 2032 845 2089 deserto.
881 2050 900 2085 ι
931 2031 1033 2100 Qui
1058 2032 1349 2088 dixerunt:
1378 2029 1647 2103 Septem.»
1673 2030 1731 2086 iu

118 2124 228 2181 alia
263 2124 562 2183 refectione
606 2128 847 2198 quinque
884 2141 1053 2199 panes
1082 2126 1368 2182 hordeacei
1396 2126 1562 2181 fuisse
1588 2126 1732 2182 refe-

117 2229 355 2286 runtur,
385 2236 481 2293 per
517 2235 675 2290 quos,
733 2229 793 2275 ut
815 2221 1073 2286 diximus,
1100 2221 1365 2291 scriptura
1389 2220 1601 2276 Veteris
1630 2219 1732 2275 Te-

114 2310 390 2365 stamenti
428 2309 728 2383 signiﬁcata
760 2319 866 2377 est,
894 2312 995 2366 sub
1045 2311 1279 2381 tegmine
1313 2312 1504 2366 litteris
1534 2311 1727 2366 latens.

116 2400 289 2455 Nunc
342 2411 522 2457 autem
570 2403 656 2458 hic
700 2411 907 2474 septem
951 2418 1119 2472 panes
1148 2402 1313 2457 fuisse
1338 2411 1729 2467 memorantur,

116 2501 357 2564 propter
387 2494 758 2566 septiformem
801 2496 1033 2568 gratiam
1062 2496 1299 2566 Spiritus
1346 2496 1543 2561 sancti,
1574 2497 1730 2567 cujus

120 2589 308 2659 gratia
337 2588 624 2644 illuminati
655 2591 893 2661 apostoli
936 2604 1235 2661 eorumque
1282 2604 1647 2655 successores,
1677 2597 1732 2644 et

123 2680 291 2735 fidem
333 2689 535 2737 sancta:
586 2680 888 2748 Trinitatis,
924 2692 979 2739 et
1027 2692 1260 2753 quatuor
1317 2684 1729 2756 Evangeiiorum

126 2775 443 2831 doctrinam
469 2776 669 2831 mundo
691 2778 1171 2832 annuntiaverunt.
1197 2776 1349 2845 Quod
1377 2762 1514 2831 bene
1549 2787 1717 2847 septe-

128 2866 323 2923 narius
352 2870 614 2923 numerus
647 2868 845 2939 signat,
894 2868 985 2939 qui
1025 2876 1240 2923 constat
1286 2883 1351 2922 ex
1396 2867 1571 2939 primo
1609 2868 1725 2937 pari

127 2964 180 3012 et
208 2956 391 3030 primo
415 2957 628 3027 impari,
682 2956 735 3012 id
770 2967 869 3023 est,
900 2974 963 3013 ex
1011 2959 1248 3014 ternario
1272 2965 1326 3012 et
1353 2958 1722 3029 quaternario.

131 3047 256 3105 Sive
287 3049 418 3121 quia
441 3051 780 3117 septenarius
805 3063 1061 3106 numerus
1083 3050 1396 3121 frequenter
1426 3065 1524 3121 pro
1551 3049 1724 3120 pleni-

101 3142 319 3209 .tudine
372 3143 613 3211 ponitur,
661 3142 787 3212 quia
836 3157 935 3213 per
980 3142 1153 3197 sancti
1212 3140 1449 3211 Spiritus
1499 3142 1725 3213 gratiam

132 3234 516 3307 perfectionem
536 3215 1062 3306 justititeconsecuti
1094 3244 1217 3291 sunt
1246 3237 1439 3292 sancti.

1836 2029 2130 2085 rectionem
2174 2021 2446 2099 apparens
2493 2027 2619 2092 illis,
2674 2027 2965 2084 inse-ﬂavit
3013 2037 3068 2084 et
3116 2030 3255 2085 dixit
3297 2030 3378 2087 eis
3409 2046 3429 2084 ε

1840 2139 1859 2172 σ
1892 2121 2136 2191 Accipite
2184 2119 2447 2191 Spiritum
2500 2129 2768 2177 sanctum.
2820 2121 3067 2190 Quorum
3107 2122 3429 2181 remiseritls

1833 2223 2078 2287 peccata,
2110 2216 2464 2271 remittuntur
2511 2217 2630 2272 eis:
2683 2225 2740 2271 et
2789 2233 3023 2288 quorum
3064 2217 3421 2285 retinueritis,

1834 2317 2042 2363 retenta
2078 2317 2207 2363 sunt
2249 2308 2432 2380 (locu.
2457 2308 2571 2381 xx).
2600 2330 2618 2362 ι
2665 2309 2927 2379 Discipuli
2954 2318 3141 2365 autem
3162 2324 3428 2381 apposue-

1835 2411 1960 2456 runt
1984 2404 2175 2467 turbae,
2208 2403 2333 2473 quia
2364 2417 2462 2472 per
2483 2417 2669 2458 eorum
2710 2404 3149 2473 praedicationem
3178 2403 3427 2459 notitiam
3470 2434 3471 2437 η

1834 2494 1981 2550 sacri
2022 2494 2269 2567 mysterii
2312 2494 2515 2571 mundo
2564 2494 2733 2548 voluit
2778 2495 3139 2551 innotescere.
3189 2494 3433 2550 Pulchro

1834 2588 2137 2644 refectums
2166 2588 2379 2642 turbam
2437 2587 2638 2659 gratias
2690 2586 2869 2658 egisse
2911 2587 3125 2650 dicitur,
3158 2595 3219 2641 ut
3244 2584 3459 2642 θείω-ι’

1833 2680 1986 2736 deret
2014 2681 2069 2735 in
2094 2680 2347 2735 omnibus
2377 2679 2533 2734 bonis
2578 2679 2837 2734 oneribus
2864 2680 3035 2733 Deum
3064 2695 3093 2732 a
3122 2679 3283 2737 nobis
3303 2692 3431 2733 esse

1830 2772 2265 2845 glorificaudum.

1904 2881 1924 2914 ι
1959 2860 2026 2917 Et
2061 2863 2333 2917 habebant
2361 2861 2651 2932 pisciculos
2687 2876 2913 2932 paucos».
2961 2869 3015 2915 et
3061 2861 3211 2931 ipsos
3255 2862 3421 2915 bene-

1835 2972 1855 3006 c
1885 2954 2040 3019 dixit,
2070 2961 2124 3007 et
2147 2951 2311 3021 jussit
2333 2953 2547 3025 apponi.
2578 2972 2596 3004 ι
2633 2953 2738 3008 Per
2763 2952 3072 3023 pisciculos,
3096 2954 3425 3023 quosbene-

1829 3045 1964 3101 dixit
2005 3054 2062 3099 et
2091 3044 2342 3116 apposuit
2377 3043 2577 3109 turbae,
2617 3053 2939 3099 sanctorum
2976 3044 3254 3099 imitabilis
3288 3057 3421 3099 con-

1828 3136 2067 3194 versatio
2097 3138 2429 3209 designatur,
2459 3137 2562 3206 .qtti
2616 3150 2725 3190 non
2773 3135 2945 3191 solum
2996 3150 3145 3193 more
3190 3134 3419 3207 piscium

1831 3233 2001 3288 saltus
2024 3246 2187 3303 super
2216 3245 2387 3301 aquas
2414 3230 2547 3284 dare
2571 3237 2988 3295 consueverunt,
3012 3239 3420 3284 contemnentes

214 3347 230 3379 ι
267 3328 337 3383 Εῑ
369 3293 627 3400 przece'pit
652 3329 821 3383 turbae
854 3328 1196 3384 discumbere
1243 3343 1407 3398 super
1439 3337 1659 3384 terram.
1701 3348 1718 3381 ι
1754 3293 1799 3356 C
1832 3333 2037 3381 terram
2068 3293 2123 3377 et
2152 3330 2401 3376 amantes
2430 3319 2662 3386 coelum,
2712 3320 2808 3374 sed
2846 3320 3021 3373 etiam
3060 3318 3204 3373 inter
3228 3316 3424 3373 fluctus

137 3418 192 3474 in
222 3419 325 3476 alia
354 3419 649 3476 refectione
680 3421 838 3476 turba
886 3437 1050 3492 super
1078 3419 1260 3476 fenum
1292 3419 1628 3475 discubuisse
1656 3420 1730 3477 le-

135 3512 290 3582 gitur,
320 3513 451 3587 quia
491 3513 575 3569 lex
621 3513 855 3571 carnalia
891 3522 1098 3569 tantum
1128 3514 1451 3587 prohibebat
1480 3523 1723 3585 peccata.

139 3624 155 3655 ί
188 3604 378 3662 Omnis
400 3605 543 3662 enim
569 3621 699 3662 caro
726 3606 929 3671 fenum,
957 3614 1012 3661 ct
1036 3605 1215 3660 omnis
1244 3604 1413 3677 gloria
1463 3604 1579 3675 ejus
1606 3614 1726 3661 tan-

132 3712 287 3767 quam
316 3695 416 3753 ﬂos
446 3697 558 3771 agri
592 3695 728 3768 (Isa.
754 3698 864 3769 χι).
898 3718 916 3749 ι
968 3696 1025 3751 In
1073 3698 1173 3752 hac
1204 3707 1408 3764 autem,
1438 3712 1536 3768 per
1562 3714 1723 3768 quam

134 3790 361 3860 gratiam
422 3789 556 3845 Novi
610 3788 944 3845 Testamenti
993 3789 1230 3845 diximus
1284 3789 1524 3859 ﬁgurari,
1579 3800 1727 3845 recte

135 3881 285 3936 turba
309 3895 475 3951 super
502 3887 704 3935 terram
740 3880 1067 3936 discumbit:
1107 3879 1233 3951 quia
1262 3878 1435 3950 gratia
1466 3878 1596 3934 Novi
1625 3878 1724 3935 Te-

133 3974 381 4029 stamenti
412 3989 516 4027 non
548 3973 719 4029 solum
762 3974 945 4043 culpas
975 3973 1173 4045 operis,
1207 3975 1300 4029 sed
1350 3974 1514 4029 etiam
1542 3974 1725 4045 culpas

133 4066 471 4137 cogitationis
508 4067 788 4137 restringit
812 4085 824 4120 :
850 4082 949 4121 nec
986 4066 1157 4121 solum
1188 4065 1361 4121 aliena
1394 4066 1726 4136 rapientibus

135 4158 469 4225 contradicit,
527 4158 621 4213 sed
670 4160 836 4215 etiam
884 4159 951 4214 ad
997 4159 1387 4231 perfectionem
1436 4160 1719 4215 tendentes

134 4249 379 4320 proprias
400 4247 687 4303 facultates
709 4265 831 4303 cum
864 4249 978 4321 ipsa
1007 4258 1150 4304 terra
1188 4249 1493 4322 relinquere
1518 4258 1718 4313 monet,

135 4339 357 4397 Domino
379 4341 593 4398 dicente
618 4360 630 4396 :
662 4361 680 4393 ι
719 4338 775 4397 Si
800 4342 880 4397 vis
902 4341 1173 4414 perfectus
1198 4356 1341 4407 esse,
1370 4341 1525 4404 vade,
1551 4341 1724 4396 vende

135 4438 305 4492 omnia
337 4452 458 4507 qua:
485 4434 673 4503 habes,
717 4444 769 4490 et
794 4436 860 4491 da
890 4435 1237 4507 pauperibus,
1267 4443 1321 4490 et
1348 4433 1573 4490 habebis
1613 4435 1727 4489 the-

137 4542 347 4583 saurum
387 4529 440 4583 in
464 4528 604 4583 caelo
629 4547 642 4582 :
669 4537 723 4583 et
749 4527 892 4592 veni,
922 4542 1152 4598 sequere
1181 4542 1266 4582 mc
1289 4524 1501 4597 (Matth.
1524 4526 1660 4598 xu).
1699 4546 1716 4578 ι

1830 3420 2105 3475 variarum
2156 3420 2601 3489 persecutionum
2652 3413 3012 3486 spiritualiter
3058 3420 3313 3467 crescunt
3367 3418 3423 3465 et

1828 3512 2156 3585 proficiunt,
2207 3511 2448 3567 dicentes
2484 3526 2606 3565 cum
2633 3494 2931 3579 Apostolo:
2967 3525 2987 3559 ι
3020 3506 3139 3561 Etsi
3180 3504 3427 3560 exterior

1830 3607 1992 3662 homo
2020 3613 2209 3661 noster
2235 3604 2625 3673 corrumpitur,
2675 3603 2773 3658 sed
2813 3602 2860 3655 is
2891 3600 2983 3670 qui
3027 3599 3376 3685 interioroest
3402 3638 3416 3663 ,

1832 3709 2124 3756 renovatur
2151 3698 2239 3771 (11
2265 3697 2388 3753 Cor.
2420 3699 2520 3766 iV).
2553 3717 2571 3749 ι
2626 3696 2761 3753 Cum
2799 3703 3006 3765 septem
3036 3708 3164 3763 ergo
3189 3691 3421 3762 panibus

1829 3809 2034 3867 paucos
2086 3793 2379 3865 pisciculos
2426 3791 2591 3864 jussit
2638 3788 2877 3861 apponi,
2930 3788 3055 3859 quia
3107 3794 3418 3842 sanctorum

1828 3888 2073 3960 exempla
2104 3903 2226 3942 cum
2258 3884 2649 3957 przedicatione
2675 3882 2825 3937 verbi
2861 3880 2928 3935 ad
2959 3879 3278 3935 imitandum
3323 3890 3422 3931 no-

1828 3980 1912 4035 bis
1960 3978 2201 4050 quotidie
2246 3977 2634 4047 praedicatores
2682 3973 2987 4044 proferunt.
3045 3971 3192 4027 Bene
3237 3977 3417 4025 autem

1827 4074 1983 4146 pauci
2013 4072 2256 4145 pisciculi
2293 4071 2462 4126 fuisse
2492 4077 2886 4133 memorantur,
2934 4067 3058 4137 quia
3105 4073 3417 4121 sanctorum

1828 4168 2187 4231 conversatio,
2242 4182 2339 4221 suo
2384 4165 2592 4235 judicio
2640 4163 2862 4218 humilis
2906 4170 2989 4216 est
3036 4168 3092 4216 et
3140 4160 3416 4230 despecta,

1831 4259 2029 4330 quibus
2060 4256 2314 4312 Salvator
2343 4257 2419 4309 ait
2446 4274 2460 4312 :
2498 4274 2515 4305 ι
2551 4253 2728 4309 Nolite
2757 4254 2969 4315 timere,
3000 4249 3225 4321 pusillus
3250 4260 3379 4318 grex
3402 4286 3415 4309 ,

1827 4353 1959 4423 quia
2003 4349 2329 4421 complacuit
2377 4347 2522 4403 Patri
2574 4356 2760 4401 vestro
2811 4346 2940 4399 dare
2988 4342 3142 4397 vobis
3194 4352 3417 4410 regnum

1830 4443 1979 4519 (Luc.
2026 4443 2147 4515 xu).
2180 4464 2197 4495 ι
2254 4442 2331 4498 De
2378 4442 2575 4513 quibus
2627 4455 2724 4511 per
2773 4438 3120 4493 Saiomonem
3171 4434 3413 4487 dicitur:

1834 4557 1851 4588 ς
1883 4535 2234 4607 Lepnsculus,
2264 4533 2414 4605 plebs
2444 4532 2698 4596 invalida,
2723 4529 2952 4585 collocat
2980 4527 3032 4581 in
3066 4534 3215 4597 petra
3242 4522 3418 4578 cubile

135 4615 489 4690 Etsicutipse
512 4618 640 4673 alibi
667 4619 775 4674 ait:
801 4638 817 4671 ι
841 4617 955 4672 Nisi
978 4618 1100 4688 quis
1128 4618 1518 4673 renuntiaverit
1542 4618 1717 4673 omni-
1749 4655 1803 4715 υ
1828 4630 1928 4687 sibi
1963 4626 2143 4701 (νυ-ου,
2172 4626 2325 4696 xxx).
2359 4643 2376 4677 ι
2438 4625 2502 4679 Et
2534 4631 2681 4678 recte
2710 4622 2763 4676 in
2797 4620 2884 4676 illa
2926 4617 3248 4680 refectione,
3296 4630 3416 4687 qme

137 4707 363 4780 busquae
391 4710 653 4781 possidet,
683 4718 869 4765 etnon
898 4709 1012 4765 odit
1035 4717 1271 4781 patrem,
1295 4719 1541 4773 matrem,
1578 4727 1713 4765 uxo-

136 4816 263 4870 rem,
292 4802 515 4868 liberos,
534 4801 733 4860 fratres
753 4813 809 4858 et
830 4816 1069 4867 sorores,
1094 4818 1280 4859 servos
1304 4814 1359 4858 et
1400 4804 1643 4871 ancillas,
1664 4813 1718 4858 et

138 4908 281 4965 iing
311 4904 534 4967 propter
583 4912 779 4951 nomen
821 4911 1021 4961 meum,
1062 4912 1167 4951 11011
1217 4904 1393 4968 pOICSl
1421 4912 1571 4951 meus
1598 4913 1717 4953 esse

137 4987 420 5060 discipulus
453 4988 604 5061 (Luc.
640 4990 772 5057 xlv).
814 5011 831 5042 ι
861 4989 1138 5045 Moralitcr
1163 4999 1342 5044 autem
1375 4992 1529 5046 turba
1555 5007 1717 5063 super

140 5087 330 5137 terram
352 5082 643 5149 discubuit,
660 5099 782 5137 cum
807 5081 1043 5138 ﬁdelium
1061 5082 1255 5138 anima:
1272 5099 1383 5138 suae
1406 5082 1715 5154 fragilitatis

138 5185 420 5239 memores,
450 5182 649 5228 terram
677 5189 735 5228 se
774 5173 976 5244 iugiter
1004 5184 1058 5228 et
1086 5172 1364 5245 pulverem
1391 5189 1511 5230 esse
1540 5178 1718 5232 consi-

140 5262 340 5329 derant,
358 5265 600 5321 dicentes
620 5280 742 5320 cum
762 5264 1044 5320 Psalmista
1071 5283 1083 5319 :
1107 5286 1124 5316 ι
1154 5265 1393 5320 Adhaesit
1414 5267 1723 5335 pavimento

139 5356 306 5412 anima
362 5374 503 5425 mea,
552 5357 766 5413 vivifica
803 5373 888 5412 me
944 5356 1238 5413 secundum
1288 5360 1511 5415 verbum
1572 5370 1721 5416 tuum

141 5445 303 5521 (Paul.
351 5453 561 5522 cxvm).
593 5472 611 5505 ›
663 5452 727 5507 Ει
782 5452 977 5506 iterum
1014 5471 1081 5538 ε’(
1128 5452 1391 5520 Quoniam
1442 5455 1722 5511 humiliata

140 5546 215 5593 est
251 5541 304 5596 in
360 5542 579 5611 pulvere
616 5544 794 5597 anima
837 5552 1045 5606 nostra,
1079 5544 1479 5614 conglutinatus
1532 5554 1614 5599 est
1666 5547 1718 5602 in

140 5637 270 5688 terra
299 5643 489 5691 venter
516 5644 699 5692 noster
736 5633 907 5707 (Psal.
954 5640 1127 5704 mn).
1160 5657 1179 5689 ι
1216 5636 1418 5691 Taliter
1442 5637 1529 5691 illc
1560 5655 1721 5710 super

144 5726 332 5779 terram
380 5725 746 5793 discubuerat,
780 5728 869 5798 qui
899 5727 1151 5783 diccbat:
1187 5746 1205 5780 ο
1244 5726 1465 5798 Loquar
1499 5731 1565 5785 ad
1614 5730 1717 5786 Do-

141 5811 335 5870 minum
362 5833 564 5885 meum,
590 5836 713 5876 cum
745 5821 845 5876 sim
869 5821 1044 5892 pulvis
1071 5831 1124 5876 ct
1151 5822 1287 5878 cinis
1312 5820 1462 5893 (Gen.
1489 5823 1664 5899 xvnt).
1690 5844 1708 5877 ο

146 5921 163 5956 ε
200 5905 262 5963 Et
284 5910 554 5985 accipiens
580 5923 784 5986 septem
813 5930 1001 5987 panes,
1028 5916 1232 5988 gratias
1262 5931 1425 5990 agens
1450 5915 1633 5990 fregit,
1659 5927 1717 5975 et

1829 4739 1893 4776 ex
1927 4721 2162 4791 quinque
2194 4717 2422 4789 panibus
2452 4715 2593 4770 facta
2621 4723 2736 4778 est,
2768 4713 2875 4769 duo
2897 4713 3077 4783 pisces
3103 4711 3269 4765 fuisse
3299 4725 3414 4764 me-

1829 4822 2130 4873 morantur,
2159 4814 2213 4861 ct
2244 4807 2331 4861 hic
2358 4806 2595 4860 incertus
2625 4817 2883 4858 numerus
2907 4801 3209 4856 ostenditur
3238 4819 3248 4853 :
3284 4800 3410 4871 quia
3502 4874 3513 4881 _

1828 4904 1894 4957 ad
1919 4899 2374 4971 comparationem
2402 4895 2636 4957 illorum,
2663 4893 2754 4964 qui
2781 4909 2845 4949 ex
2876 4892 3075 4964 p0pulo
3101 4892 3408 4947 Judceorum

1826 4993 2081 5049 credituri
2116 4998 2303 5055 erant,
2351 4997 2405 5043 et
2450 4986 2661 5043 infinita
2693 4984 2981 5040 multitudo
3009 4999 3072 5039 ex
3103 4982 3288 5055 gentili
3321 4999 3417 5055 po-

1827 5086 1951 5159 pulo
2000 5085 2065 5138 ad
2116 5083 2274 5137 fidem
2306 5080 2471 5146 venit,
2520 5077 2751 5134 Domino
2798 5076 3050 5131 dicente:
3085 5094 3103 5125 ‹
3138 5073 3288 5129 Multi
3317 5090 3411 5132 ve-

1827 5180 1978 5236 nicnt
2026 5178 2095 5233 ab
2135 5177 2344 5232 oriente
2387 5184 2441 5229 et
2486 5172 2789 5237 occidente,
2831 5180 2885 5229 et
2923 5171 3238 5226 recumbeut
3285 5184 3409 5225 cum

1827 5272 2123 5337 Abraham,
2153 5268 2303 5325 Isaac
2331 5278 2385 5324 et
2417 5265 2584 5322 Iacob
2610 5264 2663 5319 in
2692 5279 2860 5336 regno
2894 5262 3160 5319 ctelorum
3190 5259 3384 5333 (Matth

1826 5364 1966 5436 vin).
2000 5386 2017 5417 ι

1902 5475 1921 5507 ι
1965 5456 2033 5511 Et
2085 5454 2583 5515 manducavcrunt,
2640 5456 2696 5503 et
2743 5448 2966 5504 saturati
3019 5454 3164 5501 sunt.
3212 5463 3232 5494 ι
3290 5442 3407 5523 Non

1825 5561 2013 5602 omnes
2065 5544 2346 5616 mqualiter
2396 5542 2897 5607 manducavcrunt,
2961 5538 3055 5593 sed
3108 5547 3296 5591 omnes
3344 5533 3410 5588 ad

1826 5655 1985 5694 uuam
2013 5638 2320 5692 satietatem
2343 5640 2703 5705 pervenerunt
2730 5650 2744 5685 ε
2773 5631 2898 5702 quia
2925 5628 3221 5698 Scriptum
3239 5640 3412 5681 sacnu

1824 5731 2155 5788 intellectum
2181 5745 2287 5784 non
2316 5744 2505 5785 omnes
2530 5727 2810 5798 aequaliter
2836 5727 3075 5795 capiunt,
3100 5721 3194 5777 sed
3226 5730 3413 5777 tamen

1822 5838 2011 5879 onmes
2039 5837 2139 5892 pro
2169 5820 2332 5875 modo
2356 5829 2411 5877 et
2441 5834 2672 5891 persona
2699 5832 2795 5871 sua
2823 5813 3125 5887 spiritalem
3151 5811 3406 5869 refectio-

1821 5932 1946 5976 nem
1975 5915 2030 5974 in
2059 5931 2122 5974 ea
2154 5916 2455 5975 inveniunt.
2489 5914 2646 5975 vitae
2671 5914 2810 5970 bene
2840 5912 2906 5968 de
2937 5926 3133 5967 manna
3167 5910 3413 5967 dicitur:
