4014 6354
600 431 702 488 639

1217 421 1576 481 HAYMONIS
1613 423 2092 481 HALBERSTAT.
2137 423 2350 481 EPISC.
2389 425 2538 482 OPP.
2581 426 2762 483 PARS
2797 427 2954 482 11.-
2993 427 3228 485 HOMIL.

3802 437 3914 487 un

607 565 626 600 ι
659 545 760 614 Qui
787 545 908 618 plus
939 543 1127 599 nabult
1151 556 1258 598 non
1287 540 1620 610 abundavit:
1651 550 1707 597 et
1731 541 1824 612 qui
1847 541 2050 605 minus,
2077 554 2187 596 non
2215 543 2268 605 Α
2294 539 2412 610 ejus
2439 540 2642 609 viride,
2679 550 2736 598 et
2764 542 2818 598 in
2849 552 3090 615 tempore
3118 544 3381 600 siccitatis
3409 561 3517 602 non
3544 548 3653 602 erit
3682 548 3908 605 sollici-

598 637 886 692 minoravit
904 677 918 701 ,
958 633 1053 690 sed
1083 647 1274 689 omnes
1299 632 1474 688 mensi
1500 639 1628 687 sunt
1654 631 1724 686 ad
1751 646 2064 688 mensuram
2091 646 2186 702 go-

596 745 718 786 mor
742 727 829 800 (ΙΙ
853 726 978 783 Cor.
1007 742 1136 793 vm;
1169 724 1344 781 Exod.
1372 725 1508 796 xvr).
1541 744 1560 778 ι
1601 723 1700 780 Est
1725 725 1872 779 enim
1904 723 2184 794 Scriptura

596 836 751 878 sacra
779 819 976 876 fluvius
1002 819 1222 889 quidam
1242 859 1258 885 ,
1304 832 1533 889 magnus
1575 824 1632 872 et
1673 830 1905 886 parvus,
1934 814 2184 871 excelsus

593 922 650 968 et
678 910 918 976 humilis,
952 910 1008 965 in
1035 923 1143 980 quo
1171 908 1393 978 elephas
1422 915 1608 973 natat,
1652 915 1708 962 et
1746 922 1917 978 agnus
1954 906 2184 978 pedibus

593 1003 872 1060 ambulat:
904 1003 1032 1074 quia
1063 1001 1337 1072 spiritales
1365 1010 1421 1057 et
1451 1001 1751 1058 doctissimi
1787 1002 1927 1069 viri,
1978 1012 2184 1073 quanto

591 1096 804 1168 plenius
829 1093 947 1164 ejus
975 1093 1308 1150 intellectum
1331 1095 1639 1165 degustant,
1664 1101 1816 1149 tanto
1841 1095 2072 1164 amplius
2099 1105 2184 1151 est

592 1175 737 1260 quOd
767 1187 823 1242 in
855 1202 921 1243 eo
947 1186 1228 1242 esuriant:
1273 1196 1329 1242 et
1366 1186 1600 1242 humiles
1627 1196 1683 1242 et
1707 1187 1951 1258 parvuli,
1985 1204 2182 1244 secun-

592 1279 722 1336 dum
751 1277 1028 1335 modulum
1054 1293 1166 1334 suae
1191 1278 1526 1348 capacitatis,
1551 1279 1694 1334 unde
1719 1279 2006 1346 satientur,
2036 1281 2090 1333 in
2116 1295 2181 1335 ea

592 1371 893 1428 inveniunt.
913 1371 990 1426 De
1012 1370 1208 1440 quibus
1232 1383 1329 1441 per
1348 1369 1692 1425 Psalmistam
1707 1369 1907 1424 dicitur
1931 1388 1943 1424 :
1967 1389 1986 1421 ‹
2005 1370 2182 1426 Edent

590 1477 856 1533 pauperes
905 1470 961 1518 et
1005 1462 1416 1528 saturabuntur,
1463 1469 1519 1516 et
1561 1459 1861 1516 laudabunt
1890 1460 2179 1517 Dominum

589 1555 682 1626 qui
710 1555 996 1626 requirunt
1020 1569 1144 1610 eum
1163 1596 1178 1621 ,
1207 1554 1390 1611 vivent
1417 1555 1583 1610 corda
1610 1568 1801 1610 eorum
1836 1554 1889 1609 in
1922 1555 2178 1611 sazculum

589 1645 774 1702 steculi
801 1645 977 1717 (Psal.
1000 1645 1138 1718 xxx}.
1169 1665 1188 1697 ι

669 1757 688 1789 ι
716 1737 784 1792 Ει
813 1737 1146 1794 sustulerunt
1173 1738 1318 1809 quod
1350 1745 1704 1809 superaverat
1732 1736 1800 1792 de
1833 1737 2173 1808 fragmentis,

597 1849 616 1882 ι
647 1839 852 1901 septem
879 1838 1116 1902 sportas.
1149 1851 1168 1884 ι
1210 1831 1312 1887 Hic
1333 1831 1545 1888 Domini
1574 1831 1896 1886 miraculum
1920 1847 2179 1904 augmen—

591 1927 762 1975 tatum
792 1930 896 1976 est.
943 1921 1197 1993 Magnum
1238 1923 1382 1978 enim
1424 1930 1570 1978 esset
1613 1921 1971 1989 miraculum,
2018 1924 2065 1980 si
2108 1924 2175 1980 de

547 2091 550 2094 t
589 2026 796 2088 septem
826 2019 1075 2090 panibus,
1108 2027 1344 2090 quatuor
1370 2019 1607 2076 millibus
1636 2019 1913 2076 hominum
1940 2021 2170 2088 satiatis,

591 2110 726 2166 nihil
757 2120 1084 2181 superesset.
1135 2109 1244 2168 Sed
1272 2112 1444 2168 crevit
1468 2112 1681 2182 signum
1703 2151 1718 2177 ,
1754 2112 1906 2167 auxit
1938 2112 2176 2167 admira-

590 2202 811 2258 tionem.
849 2201 967 2258 Non
991 2203 1167 2260 solum
1190 2204 1338 2259 enim
1361 2205 1428 2260 de
1453 2213 1660 2274 septem
1686 2203 1916 2274 panibus
1941 2211 2174 2273 quatuor

587 2295 755 2351 millia
781 2296 1062 2352 hominum
1090 2297 1289 2354 satiata
1318 2305 1466 2363 sunt,
1491 2295 1588 2351 sed
1613 2296 1780 2351 etiam
1807 2297 1876 2352 de
1902 2296 2174 2369 fragmen-

586 2387 676 2452 tis,
714 2387 869 2459 juxta
907 2402 1196 2444 numerum
1221 2403 1451 2459 panum,
1487 2396 1696 2458 septem
1727 2395 1926 2459 sporta:
1953 2387 2172 2458 repletae

585 2488 734 2537 sunt.
765 2481 919 2548 Quod
947 2495 1080 2552 ergo
1105 2481 1262 2536 turba
1291 2497 1401 2538 non
1430 2482 1600 2553 capit,
1631 2482 1856 2553 apostoli
1889 2483 1942 2537 in
1971 2483 2171 2552 sportis

583 2573 912 2629 sustollunt:
953 2573 1082 2644 quia
1107 2575 1455 2632 obscuriores
1484 2574 1784 2630 sententias
1818 2589 1988 2630 sacrae
2017 2575 2181 2646 Scri-l

581 2675 771 2737 ptum,
799 2681 936 2737 quas
964 2667 1237 2739 simplices
1265 2683 1462 2739 capere
1489 2675 1790 2738 nequeunt,
1835 2667 2080 2737 magistri
2116 2676 2171 2723 et

585 2756 837 2811 doctores
873 2757 1128 2814 Ecclesia:
1165 2759 1221 2814 in
1259 2758 1494 2830 propriis
1529 2758 1840 2830 pectoribus
1876 2760 2169 2815 recondere

581 2849 811 2910 debent,
851 2857 912 2904 ut
945 2860 1190 2922 tempore
1217 2850 1477 2907 doctrina:
1504 2851 1795 2920 unicuique
1822 2866 2066 2922 personae
2093 2852 2169 2908 ci-

581 2943 710 2998 hum
737 2944 1036 3014 spiritalem
1063 2944 1305 3000 tribuere
1329 2943 1577 3016 possint:
1615 2945 1744 3015 quia
1775 2953 1930 3016 turpe
1975 2954 2060 3002 est
2102 2959 2169 3001 eo

581 3043 824 3106 tempore
845 3037 1089 3104 discere,
1120 3037 1339 3108 quando
1364 3039 1488 3108 quis
1514 3038 1676 3094 debet
1705 3037 1933 3104 docere;
1970 3048 2028 3093 et
2061 3039 2169 3095 sint

578 3126 644 3182 de
674 3125 800 3193 illis,
839 3127 907 3183 de
936 3127 1132 3198 quibus
1160 3128 1422 3184 Dominus
1452 3128 1530 3183 ait
1555 3147 1568 3183 :
1603 3148 1621 3180 ι
1655 3127 1858 3185 Fidelis
1887 3141 2080 3186 servus
2111 3139 2167 3186 et

2289 638 2436 698 tum,
2488 645 2592 687 nec
2637 631 2928 703 aliquando
2976 635 3189 691 desinet
3227 634 3416 691 facere
3457 636 3704 693 fructum
3759 639 3902 710 (λετ.

2285 725 2444 796 xvii).
2478 745 2497 778 ι
2550 725 2718 794 Quasi
2760 737 2943 783 autem
2983 743 3107 784 cum
3148 727 3316 798 junco
3353 729 3535 801 palma
3584 731 3645 786 in
3696 744 3903 804 sporta

2285 817 2618 884 contexitur,
2665 819 2882 888 quando
2922 819 3088 874 iidem
3119 820 3295 875 sancti
3323 820 3428 874 viri
3466 831 3665 876 contra
3694 825 3900 879 carnis

2282 907 2415 963 vitia
2458 919 2515 964 et
2563 909 2952 982 cogitationum
3002 909 3249 981 spiritale
3295 910 3499 966 bellum
3540 915 3895 985 suscipiunt,

2282 1001 2516 1057 scientes
2551 1003 2676 1072 quia
2710 1017 2854 1066 ,earo
2891 1003 3229 1074 concupiscit
3276 1003 3538 1060 adversus
3584 1007 3855 1076 spiritum
3877 1049 3892 1073 ,

2283 1095 2508 1166 spiritus
2541 1106 2721 1151 autem
2756 1096 3020 1152 adversus
3046 1111 3268 1152 carnem
3309 1115 3322 1150 :
3365 1105 3422 1151 et
3450 1098 3567 1153 haec
3599 1099 3710 1153 sibi
3746 1100 3890 1154 invi-

2283 1201 2402 1242 cem
2427 1188 2808 1254 adversantur,
2831 1197 3020 1242 utnon
3049 1202 3168 1258 quae
3192 1187 3461 1252 volumus,
3489 1187 3585 1242 illa
3615 1187 3894 1244 faciamus

2283 1276 2426 1352 (Gal.
2454 1280 2530 1350 v).
2575 1278 2815 1346 Quorum
2861 1279 3301 1336 constantissima
3326 1281 3751 1351 perseverantia
3774 1295 3886 1335 ma-

2282 1372 2593 1438 nifestatur,
2621 1387 2746 1428 cum
2772 1373 3023 1429 subditur
3047 1390 3060 1426 :

2358 1484 2376 1516 ‹
2407 1464 2580 1519 Erant
2607 1472 2790 1519 autem
2819 1464 2910 1534 qui
2940 1463 3423 1526 manducaverunt,
3453 1463 3612 1532 quasi
3643 1473 3882 1534 quatuor

2286 1573 2306 1608 ‹
2339 1555 2532 1621 millia,
2552 1563 2607 1610 et
2635 1556 2840 1610 dimisit
2867 1569 2982 1610 eos.
3012 1575 3032 1608 ι
3067 1553 3184 1609 Νοη
3209 1555 3418 1610 frustra
3439 1564 3684 1624 quatuor
3712 1556 3879 1611 millia

2281 1646 2563 1702 hominum
2594 1661 2624 1700 a
2653 1645 2883 1702 Domino
2910 1645 3249 1700 reﬁciuntur.
3305 1645 3710 1713 Quaternarius
3735 1648 3877 1700 enim

2281 1753 2542 1794 numerus
2575 1738 2848 1811 perfectus
2886 1747 2971 1794 est
2993 1781 3008 1805 ,
3055 1749 3111 1795 et
3137 1739 3195 1794 in
3223 1739 3334 1794 suis
3359 1740 3616 1811 partibus
3647 1739 3874 1806 divisus,

2283 1830 2672 1902 perfectionem
2701 1831 2931 1888 obtinet.
2963 1831 3233 1888 Dividitur
3253 1832 3397 1888 enim
3429 1833 3485 1886 in
3513 1848 3718 1898 unum,
3751 1834 3874 1886 dno-

2203 1907 2252 1968 B
2277 1926 2379 1983 bus
2420 1935 2476 1982 et
2515 1926 2704 1982 tribus.
2762 1925 2934 1982 Unum
2964 1943 3202 1998 namque
3249 1926 3315 1981 ad
3365 1928 3541 1982 Deum
3587 1929 3864 1998 pertinet,

2277 2019 2403 2090 quia
2423 2039 2441 2071 ‹
2474 2019 2906 2084 unusDominus,
2921 2035 3026 2074 una
3047 2019 3203 2085 fides,
3220 2034 3386 2072 unum
3407 2019 3714 2088 baptisma,
3738 2033 3869 2073 unus

2276 2109 2420 2166 Deus
2447 2119 2502 2166 et
2530 2110 2691 2167 Pater
2719 2111 2986 2177 omnium,
3014 2109 3108 2181 qui
3136 2117 3220 2166 est
3247 2125 3410 2180 super
3437 2107 3665 2175 omnes,
3693 2117 3748 2164 et
3775 2124 3865 2178 per

2275 2205 2492 2271 omnia,
2537 2213 2593 2259 et
2631 2205 2687 2259 in
2724 2205 2978 2260 omnibus
3015 2204 3171 2260 nobis
3208 2201 3370 2275 (Eph.
3399 2206 3494 2275 ιν).
3534 2223 3554 2256 ι
3613 2205 3757 2270 Duo,
3800 2205 3864 2259 ad

2276 2295 2546 2366 geminam
2569 2295 2913 2351 dilectionem
2942 2294 3030 2350 vel
3062 2295 3168 2350 duo
3203 2293 3578 2350 Testamenta.
3615 2293 3772 2358 Tres,
3803 2294 3862 2349 ad

2275 2397 2517 2444 sanctam
2548 2388 2990 2458 individuamque
3018 2386 3376 2451 Trinitatem,
3425 2385 3613 2441 Patris
3656 2386 3851 2440 scilicet

2275 2491 2332 2538 et
2351 2481 2472 2536 Filii
2497 2490 2552 2536 et
2574 2480 2808 2552 Spiritus
2828 2480 3023 2537 sancti.
3055 2479 3302 2546 Quatuor
3331 2487 3518 2534 autem
3545 2479 3616 2534 ad
3641 2467 3858 2548 gratiam

2273 2572 2407 2628 Novi
2437 2571 2774 2628 Testamenti
2795 2611 2812 2637 ,
2853 2570 2939 2626 vel
2977 2570 3046 2625 ad
3083 2578 3320 2640 quatuor
3350 2568 3521 2624 libros
3549 2569 3857 2640 Evangelii,

2272 2679 2393 2735 quae
2421 2663 2660 2718 maxime
2698 2662 2754 2716 in
2792 2661 2880 2717 his
2909 2659 3254 2716 describitur.
3310 2659 3448 2728 Quia
3477 2674 3615 2731 ergo
3646 2661 3706 2714 in
3736 2675 3852 2731 qna-

2273 2763 2398 2810 tuor
2424 2754 2578 2810 libris
2608 2752 3028 2824 Evangeliorum
3065 2751 3392 2817 invenimus,
3431 2750 3680 2822 qualiter
3710 2766 3857 2805 unum

2270 2844 2443 2900 Deum
2465 2844 2770 2909 credamus,
2787 2855 2842 2899 et
2857 2843 3091 2913 qualiter
3114 2842 3384 2912 geminam
3403 2840 3762 2897 dilectionem
3779 2843 3859 2896 ha-

2269 2939 2517 3004 beamus,
2532 2952 2741 2994 necnon
2763 2938 2999 3008 qualiter
3018 2945 3262 2992 sanctam
3284 2936 3742 3008 individuamque
3759 2936 3858 2990 Tri-

2270 3031 2498 3086 nitatem
2526 3029 2905 3096 conﬁteamur,
2947 3039 3097 3086 recte
3125 3039 3356 3099 quatuor
3384 3029 3558 3084 millia
3590 3031 3858 3085 hominum

2271 3136 2300 3176 a
2331 3121 2560 3176 Domino
2580 3109 2778 3177 satiata
2807 3135 2928 3176 esse
2952 3120 3338 3192 dignoscimus.
3378 3118 3507 3176 Sive
3539 3129 3720 3187 recte,
3749 3121 3856 3191 quia

579 3220 836 3290 prudens,
883 3237 1044 3292 quem
1089 3222 1373 3278 consiiluii
1416 3221 1677 3279 Dominus
1705 3238 1869 3293 supra
1901 3221 2164 3278 familiam
2199 3283 2236 3293 _
2271 3221 2505 3283 quatuor
2527 3209 2691 3266 millia
2721 3211 3002 3266 hominum
3029 3227 3058 3265 a
3085 3210 3318 3265 Domino
3347 3209 3498 3264 reﬁci
3529 3211 3854 3273 audivimus,

577 3283 750 3377 gnam,
784 3283 843 3368 ui
868 3283 958 3368 d'ei
986 3313 1094 3370 illis
1119 3313 1176 3370 in
1204 3321 1450 3386 tempore
1476 3315 1645 3370 iriiici
1672 3283 1984 3374 meﬁsuram
2007 3313 2159 3387 (ιυσ,
2192 3283 2237 3346 C
2275 3317 2374 3357 nos
2408 3301 2635 3374 mystice
2664 3302 2940 3367 docemur,
2986 3309 3045 3355 ut
3083 3301 3128 3355 si
3168 3300 3494 3371 spiritaliter
3534 3302 3694 3356 reﬁci
3726 3301 3855 3357 volu-

577 3403 696 3474 ιιι).
726 3424 743 3457 ι
781 3403 1012 3461 Pulchre
1042 3406 1096 3462 in
1122 3405 1233 3473 illa,
1257 3422 1378 3478 quae
1405 3421 1474 3462 ex
1502 3407 1743 3477 quinque
1766 3407 1996 3477 panibus
2020 3405 2164 3462 facta

578 3503 691 3562 est,
721 3495 1006 3552 duodecim
1034 3498 1253 3570 cophini
1283 3496 1716 3570 fragmentorum
1746 3507 2124 3554 remanserunt
2148 3517 2161 3552 :

575 3588 703 3659 quia
744 3587 1002 3646 Judaicus
1048 3590 1278 3661 populus
1326 3589 1610 3647 duodecim
1657 3588 1930 3661 apostolos
1976 3590 2165 3660 plenos

576 3678 781 3751 Spiritu
812 3690 1002 3737 sancto
1028 3682 1097 3736 ad
1135 3697 1288 3736 suam
1319 3681 1682 3737 eruditionem
1713 3679 1920 3736 habuit.
1974 3680 2032 3736 In
2060 3681 2163 3736 ista

575 3778 779 3836 autem,
812 3771 969 3842 juxta
1008 3787 1298 3827 numerum
1329 3788 1549 3844 panum,
1590 3780 1796 3843 septem
1821 3783 2019 3842 sportte
2042 3789 2164 3830 sus-

579 3859 878 3916 tolluntur:
909 3863 1035 3932 quia
1063 3862 1321 3918 Ecclesia
1357 3878 1426 3919 ex
1461 3863 1713 3934 gentibus
1762 3863 1986 3919 collecta
2007 3905 2022 3930 ,
2069 3879 2166 3935 per

576 3953 948 4024 septiformem
980 3957 1210 4028 gratiam
1240 3955 1477 4028 Spiritus
1505 3957 1682 4013 sancti
1713 3957 2044 4025 celebratur,
2078 3974 2163 4013 re-

575 4045 720 4115 gitur
769 4054 931 4116 atque
982 4046 1243 4102 reﬁcitur.
1319 4047 1378 4102 ln
1426 4045 1579 4117 cujus
1638 4056 1765 4120 typo
1822 4046 2059 4105 Joannes
2110 4050 2164 4104 in

576 4137 895 4210 Apocalypsi
944 4153 1040 4194 sua
1088 4149 1294 4209 septem
1339 4139 1598 4197 ecclesias
1654 4151 1977 4208 enumerat,
2031 4157 2162 4196 nec-

575 4245 682 4286 non
729 4239 784 4285 et
829 4241 1034 4303 septem
1078 4232 1401 4288 candelabra
1447 4247 1644 4298 aurea,
1685 4243 1742 4288 et
1786 4243 1991 4304 septem
2037 4250 2162 4290 cor-

575 4338 679 4379 nua
706 4324 849 4394 agni.
893 4323 1046 4381 Unde
1075 4325 1368 4382 Zacharias
1397 4327 1662 4397 propheta
1691 4327 1774 4396 ait
1798 4346 1811 4382 :
1849 4347 1867 4379 ε
1896 4328 1955 4383 In
1985 4328 2164 4400 lapide

574 4431 681 4472 uno
726 4425 932 4488 septem
980 4417 1123 4473 oculi
1173 4427 1301 4474 sunt
1342 4416 1530 4490 (Zach.
1559 4419 1662 4490 ιχ).
1693 4439 1712 4473 ι
1768 4419 1938 4476 Recte
1981 4429 2162 4477 autem

573 4523 779 4585 septem
818 4523 1030 4585 sportas
1062 4516 1362 4586 praecordia
1401 4524 1722 4571 sanctorum
1760 4515 2160 4587 significantur,

571 4606 662 4676 qui
693 4604 928 4677 Spiritus
961 4606 1135 4661 sancti
1169 4605 1344 4677 gratia
1377 4605 1666 4660 illuminati
1687 4647 1702 4671 ,
1743 4614 1797 4661 et
1825 4606 2160 4662 viriditatem

575 4695 696 4750 ﬁdei
741 4696 1245 4752 immarcessibilem
1287 4705 1543 4762 servant,
1591 4704 1647 4751 et
1689 4696 1794 4751 tela
1843 4696 2156 4765 nequissimi

577 4785 730 4855 ignea
760 4786 1094 4856 spiritalibus
1122 4786 1292 4842 armis
1319 4786 1760 4858 exstinguentes,
1793 4786 1861 4842 ad
1894 4795 2156 4858 tropaeum

477 4867 501 4886 ⁶
574 4885 845 4947 perpetuae
867 4878 1108 4934 victoria:
1131 4879 1376 4936 tendunt.
1415 4877 1613 4950 Sporta
1635 4878 1782 4935 enim
1812 4893 1879 4934 ex
1905 4879 2075 4950 junco
2103 4888 2160 4936 et

573 4970 753 5040 palma
785 4970 1112 5038 contexitur,
1139 4981 1194 5027 et
1213 4970 1413 5041 juncus
1439 4971 1657 5042 quidem
1683 4969 1840 5040 juxta
1870 4971 2157 5027 humorem

577 5077 729 5133 aqua:
771 5063 920 5119 nasci
963 5063 1275 5130 consuevit,
1322 5063 1500 5134 palma
1527 5077 1658 5116 vero
1695 5061 1842 5117 dicta
1880 5071 1964 5118 est
2002 5063 2157 5133 quasi

576 5154 728 5226 pacis
765 5155 902 5211 alma
926 5197 940 5222 ,
989 5171 1108 5227 qua:
1140 5156 1424 5213 victricem
1454 5153 1662 5210 solebat
1687 5168 1888 5210 ornare
1916 5169 2154 5209 manum.

580 5245 765 5303 Sancti
796 5265 924 5322 ergo
948 5250 1084 5314 viri,
1132 5249 1287 5320 quasi
1333 5249 1531 5320 juncus
1557 5247 1715 5319 juxta
1771 5263 1966 5318 aquam
2016 5249 2162 5304 vire-

575 5350 754 5407 scunt,
774 5343 986 5412 quando
1009 5341 1348 5397 meditationi
1373 5355 1546 5397 sacra:
1562 5340 1862 5412 Scriptura:
1882 5341 2164 5407 insistunt,

583 5450 650 5488 ne
683 5449 714 5488 a
742 5433 846 5488 ﬁde
872 5444 927 5488 et
953 5433 1109 5488 bonis
1145 5433 1356 5488 actibus
1385 5446 1638 5488 arescere
1666 5433 1908 5505 possint,
1951 5433 2017 5488 de
2040 5434 2166 5504 qui-

578 5525 683 5580 bus
724 5525 986 5597 scriptum
1030 5534 1150 5580 est:
1185 5544 1203 5576 ι
1235 5524 1558 5581 Benedictus
1592 5526 1677 5580 vir
1711 5526 1803 5596 qui
1844 5524 2068 5582 conﬁdit
2111 5526 2165 5581 in

578 5617 821 5682 Domino,
866 5627 922 5674 et
960 5617 1067 5673 erit
1097 5617 1354 5674 Dominus
1381 5617 1576 5674 ﬁducia
1609 5617 1750 5689 ejus,
1795 5628 1853 5676 et
1891 5619 1996 5676 erit
2037 5628 2161 5675 tan-

575 5726 739 5782 quam
783 5711 988 5783 lignum
1032 5711 1176 5782 quod
1219 5711 1517 5782 plantatum
1553 5720 1647 5768 est
1692 5724 1850 5769 secus
1896 5714 2156 5770 decursus

577 5822 872 5877 aquarum,
914 5807 1059 5878 quod
1099 5807 1167 5863 ad
1207 5806 1487 5863 humorem
1519 5807 1723 5862 emittit
1753 5806 1963 5864 radices
2005 5822 2158 5872 suas,

576 5908 633 5954 et
667 5912 772 5953 non
809 5899 1018 5955 timebit
1050 5915 1174 5957 cum
1204 5900 1413 5957 venerit
1443 5909 1610 5957 aestus
1633 5939 1649 5964 ,
1699 5899 1794 5955 sed
1824 5899 1931 5954 erit
1965 5897 2155 5954 folium

2271 3407 2415 3460 mus,
2451 3401 2686 3464 quatuor
2712 3391 3041 3464 principales
3069 3391 3324 3457 virtutes,
3363 3393 3727 3462 prudentiam
3769 3393 3854 3448 sci-

2277 3485 2427 3552 licet,
2466 3483 2882 3556 temperantiam
2902 3524 2916 3549 ,
2960 3481 3338 3538 fortitudinem
3370 3491 3536 3553 atque
3559 3483 3853 3554 justitiam,

2271 3578 2470 3648 quibus
2498 3576 2634 3632 nihil
2663 3584 2748 3632 est
2778 3575 2963 3630 utilius
2998 3575 3053 3630 in
3086 3575 3194 3630 vita
3229 3575 3498 3642 hominis,
3542 3576 3850 3631 habeamus.

2271 3670 2406 3736 Quia
2453 3669 2596 3725 enim
2647 3669 2943 3740 quadratus
2994 3668 3131 3739 lapis
3178 3683 3288 3724 non
3340 3667 3617 3734 ﬂuctuat,
3673 3671 3767 3725 sed
3812 3669 3851 3723 in

2271 3777 2650 3833 quamcunque
2677 3770 2889 3832 partem
2920 3776 3113 3817 versus
3145 3761 3342 3829 fuerit,
3370 3761 3659 3831 aequaliter
3685 3762 3850 3831 jacet,

2271 3865 2418 3912 recte
2445 3855 2794 3926 quaternario
2824 3870 3055 3911 numero
3085 3855 3391 3910 constantia
3424 3865 3751 3910 sanctorum
3778 3856 3852 3910 de-

2268 3949 2534 4021 signatur,
2584 3949 2677 4019 qui
2724 3965 2832 4006 non
2883 3949 3343 4005 circumferuntur
3388 3949 3536 4002 omni
3581 3959 3750 4004 vento
3777 3951 3851 4003 do-

2267 4041 2481 4108 ctrinae,
2513 4042 2607 4096 sed
2639 4050 2700 4096 ut
2731 4041 2872 4096 ﬁrmi
2906 4041 3135 4112 lapides,
3177 4043 3290 4096 sive
3321 4041 3375 4096 in
3407 4043 3716 4112 prosperis,
3757 4041 3851 4096 sive

2267 4133 2324 4188 in
2357 4131 2618 4197 adversis,
2653 4131 2707 4185 in
2753 4130 2911 4187 bonis
2941 4131 3154 4186 actibus
3197 4139 3252 4186 et
3298 4132 3353 4185 in
3388 4129 3496 4186 ﬁde
3525 4132 3848 4186 constantis-

2267 4226 2406 4282 sime
2433 4232 2805 4294 perseverant,
2835 4223 3244 4278 considerantes
3273 4222 3401 4276 illud
3431 4223 3580 4292 quod
3607 4223 3849 4276 Dominus

2267 4318 2384 4374 ait;
2417 4338 2436 4370 ι
2471 4317 2571 4385 Qui
2599 4316 3032 4388 perseveraverit
3059 4331 3230 4386 usque
3259 4316 3312 4370 in
3337 4315 3522 4385 ﬁnem,
3557 4318 3654 4372 hic
3683 4318 3848 4372 salvus

2265 4412 2372 4467 erit
2387 4408 2606 4483 (Matth.
2621 4409 2794 4480 xxiv).
2811 4429 2828 4462 ι
2858 4409 3006 4475 Sive,
3020 4409 3146 4480 quia
3167 4417 3223 4464 et
3245 4408 3404 4464 ﬁdem
3421 4409 3563 4464 bene
3584 4410 3847 4472 credendi,

2265 4511 2322 4558 et
2342 4503 2700 4560 constantiam
2724 4510 2872 4558 recte
2897 4501 3113 4558 vivendi
3142 4516 3241 4572 per
3259 4511 3496 4572 quatuor
3536 4502 3848 4576 Evangelio-

2269 4612 2389 4652 rum
2416 4596 2720 4652 doctrinam
2751 4595 3031 4661 discimus,
3057 4603 3204 4649 recte
3227 4603 3460 4665 quatuor
3490 4594 3668 4649 millia
3693 4595 3849 4649 horni—

2190 4663 2242 4724 D
2268 4705 2396 4745 num
2448 4691 2513 4744 de
2546 4697 2750 4758 septem
2776 4687 3008 4759 panibus
3033 4663 3424 4744 refecta—fuisse
3458 4697 3845 4744 memorantur.

2267 4781 2383 4838 Non
2437 4782 2584 4835 enim
2638 4779 2795 4836 aliter
2823 4781 3044 4836 credere
3075 4789 3170 4835 aut
3197 4781 3380 4834 vivere
3410 4779 3711 4845 debemus,
3758 4778 3848 4833 nisi

2267 4873 2537 4946 quomodo
2565 4882 2801 4944 quatuor
2827 4871 3116 4944 Evangelia
3139 4873 3352 4928 docent.
3369 4871 3527 4928 Unde
3544 4869 3786 4928 Joannes
3804 4871 3847 4924 in

2266 4963 2588 5036 Apocalypsi
2610 4972 2846 5034 quatuor
2868 4962 3124 5017 animalia
3149 4970 3274 5016 ante
3302 4963 3558 5016 thronum
3584 4963 3683 5018 Dei
3706 4963 3848 5034 plena

2265 5059 2438 5116 oculis
2467 5068 2593 5114 ante
2635 5067 2692 5113 et
2734 5066 2883 5113 retro
2911 5071 2969 5112 se
2999 5057 3202 5113 vidisse
3229 5063 3486 5122 testatur,
3520 5056 3846 5112 clamantia:

2273 5168 2293 5201 ι
2323 5149 2580 5216 Sanctus,
2610 5158 2854 5214 sanctus,
2885 5159 3111 5204 sanctus
3137 5147 3399 5204 Dominus
3430 5147 3578 5204 Deus
3611 5149 3848 5214 sabaotb,

2266 5243 2359 5314 qui
2385 5251 2487 5310 est,
2516 5253 2572 5298 et
2596 5242 2688 5313 qui
2713 5253 2856 5306 erat,
2883 5249 2938 5298 et
2962 5242 3056 5311 qui
3084 5249 3343 5297 venturus
3368 5250 3453 5297 est
3479 5240 3673 5314 (Apoc.
3703 5243 3798 5313 iv).
3829 5261 3845 5292 ι

2811 5356 3096 5415 HOMILIA
3133 5356 3298 5413 CXX.

2547 5445 2796 5487 οοιιιΝιοΑ
2837 5445 2976 5486 NONA
3011 5443 3142 5484 POS'I'
3181 5442 3578 5485 PENTECOS'I’EN.

2340 5526 2582 5599 (Mum.
2609 5526 2730 5597 vn.)
2765 5546 2783 5577 ι
2805 5524 2864 5580 In
2903 5523 2994 5580 ili)
3025 5531 3286 5595 tempore,
3321 5525 3458 5580 dixit
3495 5522 3659 5580 Jesus
3697 5523 3851 5578 disci-

2275 5638 2294 5673 σ
2327 5619 2467 5690 pulis
2495 5619 2639 5676 suis:
2666 5619 2942 5674 Attendite
2967 5634 2994 5672 a
3021 5617 3172 5674 falsis
3193 5616 3494 5689 prophetis,
3518 5617 3615 5687 qui
3639 5615 3854 5670 veniunt

2274 5730 2294 5764 ι
2329 5713 2397 5767 ad
2425 5726 2523 5767 vos
2552 5711 2606 5766 in
2636 5709 2978 5766 vestimentis
3005 5709 3208 5765 ovium.
3243 5728 3260 5761 ι
3297 5708 3362 5763 Et
3388 5707 3622 5776 reliqua.
3660 5705 3853 5761 Praevi-

2270 5805 2405 5863 dens
2424 5805 2684 5860 Dominus
2706 5803 3008 5860 doctrinam
3035 5802 3416 5858 haereticorum
3441 5809 3632 5855 contra
3656 5798 3854 5853 electos

2271 5898 2326 5953 in
2358 5896 2599 5954 Ecclesia
2629 5895 2864 5952 futuram
2885 5937 2901 5962 ,
2949 5910 3160 5952 necnon
3203 5902 3258 5948 et
3298 5886 3568 5949 malitiani
3595 5890 3852 5945 falsorum
