4014 6354
186 342 290 398 641

1399 341 1704 401 ΗΟΜΙΙδιίΕ
1750 341 1841 399 DE
1873 341 2220 400 TEMPORE.

3360 348 3468 405 642

185 459 589 516 cathoricorum
621 466 957 524 saevnturam,
1008 457 1262 514 indictum
1308 455 1767 530 cogitationiseo-
1803 458 2016 523 AHuic
2067 459 2360 517 convenire
2413 470 2594 532 potest
2647 463 2776 518 illud
2827 461 3062 520 Maronis
3100 462 3459 538 (Eclog.tu):

186 569 320 608 rum
352 552 504 624 prius
531 551 814 607 ostendere
844 550 1045 617 voluit,
1089 561 1150 607 ut
1173 561 1325 608 tanto
1356 553 1567 610 facilius
1595 553 1779 610 caveri

186 643 441 714 possint,
490 648 692 711 quanto
738 641 1078 698 manifestius
1117 645 1394 715 cognosci.
1449 645 1542 700 Ait
1581 645 1772 700 enim:

193 751 216 784 ε
249 731 530 788 Attendite
563 749 594 787 a
625 730 774 787 falsis
803 734 1099 804 prophetis,
1129 733 1222 804 qui
1249 734 1474 788 veniunt
1503 735 1570 789 ad
1600 749 1695 789 vos
1722 733 1776 788 in

193 844 216 876 α
250 824 594 880 vestimentis
635 824 849 889 ovium,
898 824 1223 882 intrinsecus
1267 835 1447 881 autem
1496 835 1622 882 sunt
1666 826 1777 896 lupi

194 934 216 968 ς
255 932 502 988 rapaces.
539 935 558 969 ι
616 914 769 984 Quod
810 917 1116 986 specialiter
1158 918 1225 973 de
1273 918 1544 974 haereticis
1578 918 1777 974 intelli-

183 1006 430 1077 gendum
457 1016 561 1072 est,
610 1007 702 1076 qui
747 1005 866 1062 falsi
910 1009 1186 1078 propheta:
1213 1017 1361 1073 sunt,
1391 1007 1518 1063 dum
1551 1008 1617 1062 de
1644 995 1776 1063 sub-

185 1100 399 1154 stantia
426 1098 730 1154 divinitatis
759 1107 814 1154 et
842 1100 1195 1156 humanitatis
1222 1101 1390 1156 multa
1417 1101 1772 1166 mentiuntur,
1802 1141 1810 1147 .

183 1191 510 1264 Scripturas
540 1207 748 1258 sacras,
778 1208 898 1262 qua:
928 1193 1185 1248 divinitus
1213 1192 1491 1263 inspirata:
1518 1200 1676 1258 sunt,
1709 1193 1776 1248 ad

183 1299 354 1339 suum
395 1299 614 1338 sensum
655 1284 973 1354 pertrahere
1016 1283 1312 1355 cupientes.
1365 1283 1435 1340 Ut
1464 1283 1607 1339 enim
1640 1282 1775 1338 sim-

181 1373 414 1444 plicium
471 1372 701 1427 fratrum
752 1371 914 1428 corda
963 1372 1176 1428 facilius
1224 1373 1476 1442 decipere
1522 1371 1788 1445 possint,

181 1465 352 1536 quasi
386 1466 564 1521 ovium
595 1465 932 1521 vestimentis
975 1479 1034 1520 se
1074 1465 1334 1530 induunt,
1385 1465 1510 1519 dum
1541 1461 1771 1518 catholi-

181 1573 384 1612 corum
413 1555 633 1611 Patrum
660 1557 956 1611 sententias
985 1570 1097 1610 sua:
1125 1554 1383 1610 doctrina:
1411 1554 1767 1608 interserunt.

181 1647 386 1705 Sciunt
433 1650 576 1704 enim
608 1650 734 1720 quia
767 1650 811 1704 si
842 1665 1055 1720 semper
1093 1648 1233 1704 mala
1280 1648 1557 1713 dicerent,
1609 1646 1772 1702 citius

177 1742 393 1813 cogniti
424 1749 763 1798 caverentur.
815 1741 882 1796 Et
919 1741 1039 1797 ideo
1066 1743 1205 1798 bona
1234 1741 1391 1797 malis
1421 1741 1680 1804 miscent,
1710 1746 1772 1793 ut

1975 573 2068 636 Qui
2091 570 2260 636 legitis
2278 572 2444 634 ﬂores,
2470 579 2522 636 et
2543 571 2674 636 humi
2696 575 2942 624 nascentia
2963 572 3118 636 fraga,

1971 633 2213 698 Frigidus,
2237 645 2269 683 ο
2293 633 2450 698 pueri,
2475 635 2638 697 fugite
2663 635 2792 695 hinc,
2821 636 2946 686 latet
2964 633 3142 700 anguis
3162 637 3212 686 in
3235 637 3405 688 herba.

1948 739 2161 794 Aliter:
2194 738 2328 810 Lupi
2359 753 2604 810 rapaces,
2631 737 2752 794 falsi
2783 739 3038 796 catholici
3065 739 3462 812 intelliguntur,

1879 831 1972 900 qui
1998 830 2325 887 confitentur
2353 845 2411 886 se
2439 845 2602 886 nosse
2633 829 2826 895 Deum,
2877 830 3038 886 factis
3085 840 3266 886 autem
3313 831 3463 886 illum

1878 929 2096 992 negant.
2129 919 2233 987 Qui
2259 920 2385 976 dum
2410 919 2653 975 habitum
2689 917 3112 975 Christianitatis
3139 931 3460 988 assumunt,

1878 1012 2036 1083 quasi
2074 1012 2250 1068 ovinis
2293 1011 2522 1082 pellibus
2567 1010 2740 1067 induti
2789 1019 3068 1082 apparent.
3108 1011 3254 1067 Bene
3285 1019 3462 1066 autem

1878 1102 2020 1172 lupis
2065 1103 2354 1172 rapacibus
2398 1109 2798 1172 comparantur,
2835 1100 2961 1171 quia
3009 1102 3134 1155 dum
3174 1100 3466 1156 carnaliter

1876 1195 2090 1261 vivunt,
2117 1193 2408 1264 aliquando
2433 1192 2569 1249 alios
2591 1208 2690 1248 suo
2716 1191 2858 1246 malo
2886 1190 3134 1260 exemplo
3157 1191 3224 1245 ad
3263 1190 3462 1245 malum

1875 1287 2215 1358 pertrahunt,
2241 1285 2528 1356 aliquando
2558 1283 2788 1339 aliorum
2818 1281 3149 1338 substantias
3188 1296 3338 1336 more
3385 1280 3467 1334 lu-

1875 1394 2067 1450 porum
2094 1378 2378 1448 diripiunt,
2405 1376 2473 1432 de
2494 1375 2746 1446 qualibus
2763 1389 2863 1444 per
2882 1373 3200 1444 prophetam
3224 1372 3424 1428 dicitur
3447 1386 3462 1426 :

1881 1487 1900 1520 ι
1929 1469 2081 1524 Facti
2109 1478 2235 1524 sunt
2257 1467 2530 1538 principes
2565 1466 2643 1520 tui
2672 1473 2733 1521 ut
2775 1465 2886 1535 lupi
2933 1463 3250 1535 vespertini,
3279 1464 3347 1518 ad
3375 1479 3466 1518 vc-

1874 1579 2092 1634 sperum
2114 1579 2220 1617 nou
2250 1562 2615 1631 relinquentes
2648 1561 2703 1614 in
2734 1575 2893 1615 mane
2915 1558 3102 1630 (Soph.
3126 1557 3230 1629 tu).
3263 1577 3282 1610 ι
3307 1555 3464 1612 Tales

1873 1672 2004 1727 ergo
2026 1655 2286 1711 Dominus
2303 1654 2456 1723 jubet
2480 1669 2695 1718 cavere,
2728 1653 2853 1724 quia
2875 1652 3018 1707 sicut
3041 1651 3308 1706 bonorum
3335 1664 3463 1704 con-

1873 1746 2102 1804 sortium
2129 1746 2355 1801 multum
2386 1746 2636 1816 adjuvat,
2683 1744 2764 1800 sic
2791 1741 3058 1797 malorum
3089 1742 3320 1797 societas
3357 1739 3466 1795 fre-

176 1835 319 1891 dutn
349 1837 580 1892 libenter
606 1837 820 1892 auditur
847 1837 901 1892 id
931 1838 1074 1908 quod
1102 1853 1292 1893 verum
1321 1846 1405 1892 est
1426 1877 1440 1902 ,
1475 1853 1582 1891 non
1610 1835 1768 1891 facile
1794 1827 1844 1888 B
1870 1852 2101 1912 quenter
2115 1841 2343 1896 multum
2361 1848 2539 1904 nocet,
2560 1847 2697 1894 teste
2723 1838 3007 1908 propheta,
3027 1835 3121 1906 qui
3136 1836 3214 1889 ait
3239 1853 3252 1888 :
3281 1851 3300 1885 ι
3329 1832 3464 1888 Cum

173 1926 531 1983 discernatur
568 1929 671 1984 hoc
707 1929 850 2000 quod
881 1928 1076 1984 falsum
1108 1940 1228 1984 est:
1261 1944 1468 1985 morem
1501 1928 1770 1983 venefico-

171 2033 312 2073 rum
341 2029 638 2087 servantes,
671 2021 764 2093 qui
793 2021 918 2078 dum
946 2022 1168 2077 cuilibet
1192 2037 1463 2077 venenum
1492 2021 1770 2093 porrigere

169 2109 409 2178 volunt,
441 2126 536 2166 ora
570 2111 755 2167 calicis
782 2111 937 2167 melle
964 2111 1192 2178 liuiunt,
1248 2121 1306 2167 ut
1347 2113 1474 2167 dum
1524 2120 1772 2182 gustatur

167 2201 242 2256 id
280 2202 427 2272 quod
459 2202 616 2258 dulce
659 2211 777 2269 est,
821 2203 1027 2273 absque
1061 2203 1394 2258 retractione
1420 2203 1772 2272 perveniatur

167 2292 256 2347 ad
287 2293 340 2346 id
367 2293 512 2362 quod
541 2293 881 2348 mortiferum
910 2301 994 2348 est
1022 2311 1034 2345 :
1070 2293 1138 2347 ad
1165 2292 1575 2347 similitudinem
1620 2306 1772 2347 scor-

163 2384 411 2455 pionum
441 2385 657 2441 aculeos
684 2385 737 2440 in
769 2386 954 2440 caudis
981 2394 1276 2456 gestantes,
1305 2385 1564 2455 quoniam
1595 2385 1769 2440 haere-

166 2474 280 2529 tici
313 2474 369 2528 in
403 2475 595 2545 primis
622 2475 801 2531 verbis
829 2475 970 2532 bona
999 2476 1325 2541 ostendunt,
1374 2477 1427 2531 in
1459 2475 1771 2531 novissimis

171 2576 368 2622 autem
391 2583 647 2638 perversa
669 2569 1053 2640 dogmatizant,
1078 2569 1220 2624 unde
1241 2577 1296 2624 et
1317 2577 1580 2638 pungunt.
1613 2567 1772 2622 Tales

173 2672 318 2729 ergo
349 2657 488 2728 lupis
526 2660 812 2728 rapacibus
853 2669 1260 2730 comparantur,
1306 2660 1434 2730 quia
1467 2675 1590 2714 cum
1619 2667 1772 2714 exte-

177 2749 300 2803 rius
351 2747 532 2818 lingua
582 2747 944 2814 blandiantur,
1001 2749 1230 2804 interius
1280 2750 1462 2804 animo
1514 2749 1765 2803 saeviunt.

177 2836 321 2904 Quia
363 2838 504 2894 sicut
546 2838 703 2910 lupus
731 2837 951 2910 gregem
980 2838 1280 2908 dispergit,
1329 2837 1557 2892 dilaniat
1605 2823 1771 2908 atque

179 2930 480 2997 dilacerat,
533 2931 607 2985 ita
652 2940 708 2987 et
754 2930 994 2986 haeretici
1025 2945 1356 2985 venenosum
1389 2929 1632 2984 animum
1671 2929 1770 2983 ha-

181 3020 409 3089 bentes,
450 3029 659 3077 mentes
698 3020 1023 3090 simplicium
1066 3019 1330 3076 dilaniare
1374 3036 1482 3076 non
1525 3027 1765 3076 cessant.

182 3115 252 3172 Et
281 3131 418 3186 quos
457 3115 514 3172 in
554 3115 765 3173 occulto
793 3116 1043 3187 decipere
1092 3131 1201 3171 non
1246 3125 1507 3186 possunt,
1553 3115 1769 3186 publice

183 3207 561 3276 insequuntur.
618 3207 686 3262 Et
731 3206 850 3262 ideo
898 3222 956 3262 se
1002 3208 1176 3263 bonos
1212 3223 1332 3264 esse
1367 3207 1662 3274 simulant,
1712 3187 1842 3263 utC

185 3299 509 3370 simplicium
535 3301 747 3356 animos
771 3301 838 3355 ad
865 3316 1020 3356 suam
1046 3301 1295 3357 hzeresim
1321 3316 1512 3372 rapere
1536 3301 1767 3372 possint,

187 3392 273 3448 vel
302 3402 449 3449 certe
476 3407 664 3449 eorum
694 3391 1028 3448 substantias
1055 3393 1213 3462 quasi
1242 3391 1371 3448 boni
1403 3392 1652 3463 magistri
1681 3406 1771 3446 ac-

182 3486 385 3556 cipere.
434 3484 587 3553 Quod
613 3483 814 3539 Paulus
845 3483 1122 3555 apostolus
1152 3485 1207 3539 in
1233 3483 1471 3554 Epistola
1511 3499 1606 3538 sua
1635 3483 1770 3538 scri-

182 3581 284 3645 bit,
310 3580 528 3636 dicens:
549 3600 566 3632 ι
588 3579 654 3634 Hi
679 3588 807 3636 sunt
824 3579 916 3649 qui
940 3587 1228 3648 penetrant
1247 3577 1438 3633 domos
1461 3576 1764 3639 viduarum,

180 3679 239 3727 et
287 3671 528 3742 captivas
577 3671 782 3726 ducunt
824 3669 1174 3724 mulierculas
1222 3679 1480 3724 oneratas
1529 3667 1770 3738 peccatis

181 3762 273 3834 (11
299 3762 434 3816 'I‘im.
455 3763 539 3834 ll),
568 3771 623 3818 et
646 3777 744 3833 per
771 3761 955 3816 dulces
979 3773 1260 3816 sermones
1284 3769 1339 3815 et
1361 3759 1768 3815 benedictiones

182 3854 450 3910 seducunt
478 3854 642 3909 corda
672 3853 1042 3908 innocentium
1070 3851 1247 3924 (Rom.
1278 3851 1412 3922 xvr).
1438 3870 1456 3902 ι
1497 3849 1658 3906 Tales
1689 3849 1770 3904 lu-

181 3961 283 4017 pos
309 3935 523 4002 futuros
555 3945 694 4000 idem
725 3943 1012 4015 Apostolus
1046 3943 1401 4014 praevidebat,
1438 3943 1656 4013 quando
1685 3941 1768 3997 di-

182 4037 382 4092 cebat:
419 4055 438 4088 ι
471 4034 597 4092 Scio
623 4035 750 4106 quia
787 4044 912 4106 post
949 4034 1248 4092 discessum
1279 4047 1458 4089 meum
1490 4035 1773 4089 intrabunt

183 4130 238 4185 in
262 4143 360 4185 vos
382 4129 491 4199 lupi
512 4143 722 4201 graves,
748 4127 858 4199 lupi
882 4143 1127 4200 rapaces,
1153 4143 1261 4196 non
1283 4135 1571 4198 parcentes
1597 4125 1767 4196 gregi.

181 4219 262 4275 Ex
291 4219 446 4275 vobis
487 4227 815 4290 consurgent
843 4218 947 4272 viri
984 4217 1191 4290 iniqui,
1231 4217 1519 4288 loquentes
1545 4217 1772 4272 menda-

181 4312 363 4378 cium,
413 4319 469 4366 et
514 4310 786 4367 abducent
816 4309 1107 4379 discipulos
1154 4317 1277 4379 post
1324 4323 1383 4363 se
1427 4306 1567 4379 (Act.
1593 4305 1708 4377 xx).
1745 4325 1765 4359 ι

183 4406 297 4463 Hos
344 4406 508 4462 etiam
555 4395 733 4461 caveri
785 4403 854 4458 ab
903 4402 1160 4475 apostolis
1204 4402 1422 4457 volebat
1473 4400 1766 4465 Dominus,

183 4499 382 4571 quibus
411 4497 662 4554 dicebat:
696 4516 715 4549 ‹
747 4496 890 4552 Ecce
927 4511 1029 4566 ego
1064 4494 1222 4550 mitto
1251 4509 1349 4548 vos
1384 4493 1526 4547 sicut
1553 4505 1683 4546 oves
1715 4491 1769 4544 in

181 4594 365 4650 medio
391 4593 662 4663 luporum.
696 4591 882 4646 Estote
906 4604 1037 4660 ergo
1060 4588 1354 4659 prudentes
1381 4587 1523 4641 sicut
1551 4599 1772 4655 serpen-

183 4692 290 4752 tes,
317 4693 376 4741 et
403 4684 677 4756 simplices
707 4683 849 4739 sicut
877 4681 1140 4738 columba:
1168 4678 1383 4752 (Matth.
1415 4678 1491 4750 x).
1526 4697 1544 4730 ι
1597 4677 1777 4732 Monet

184 4797 316 4854 ergo
342 4781 606 4837 Dominus
637 4779 772 4834 tales
804 4777 959 4848 lupos
988 4788 1204 4838 cavere,
1237 4771 1362 4841 quia
1396 4770 1536 4825 sicut
1563 4768 1772 4824 doctis-

184 4873 310 4928 simi
341 4871 446 4926 viri
475 4879 531 4927 et
555 4868 804 4926 catholici
833 4865 1108 4923 haereticis
1137 4862 1394 4918 resistere
1425 4860 1658 4927 debent,
1695 4858 1774 4915 sic

181 4965 254 5019 ab
299 4977 488 5018 eorum
532 4961 808 5018 consortio
854 4955 1130 5028 simplices
1179 4953 1485 5018 declinare,
1514 4966 1602 5017 ne,
1647 4951 1775 5005 dum

181 5072 378 5114 eorum
425 5055 672 5113 doctrina
721 5051 963 5116 auditur,
1012 5055 1224 5104 mentes
1254 5045 1589 5100 audientium
1622 5058 1774 5100 com-

183 5150 549 5217 maculentur,
593 5148 805 5206 Joanne
844 5143 1089 5217 apostolo
1132 5145 1482 5206 admonente,
1530 5138 1622 5209 qui
1653 5138 1771 5192 ait:

189 5261 209 5295 ι
234 5242 296 5297 Si
325 5242 449 5312 quis
469 5240 620 5298 venit
647 5240 717 5296 ad
741 5254 858 5305 vos,
882 5245 938 5294 et
963 5237 1106 5292 hanc
1128 5233 1434 5292 doctrinam
1459 5245 1569 5287 non
1596 5226 1772 5290 affert,

184 5332 359 5388 nolite
392 5333 631 5404 recipere
657 5345 784 5388 eum
823 5331 878 5385 in
917 5329 1098 5394 domo,
1140 5341 1241 5383 nec
1273 5325 1386 5380 Ave
1423 5323 1471 5377 ei
1505 5319 1772 5376 dixeritis.

185 5425 248 5481 Si
280 5426 403 5496 quis
437 5425 634 5481 dixerit
678 5423 730 5479 ei
776 5422 889 5478 Ave
909 5463 924 5488 ,
954 5420 1320 5477 communicat
1347 5414 1602 5486 operibus
1636 5411 1778 5467 illius

187 5515 428 5587 indignis
478 5515 589 5587 (II
643 5514 804 5570 Joan.
859 5512 946 5582 ι).
982 5530 1001 5564 ι
1057 5508 1202 5564 Hinc
1253 5515 1308 5562 et
1362 5501 1655 5576 Apostolus
1709 5501 1778 5556 ad

185 5609 375 5664 Titum
437 5607 647 5678 ,scribit
679 5647 695 5673 ,
774 5604 960 5661 dicens
1018 5619 1032 5656 :
1101 5621 1118 5652 ι
1187 5597 1517 5655 Haereticum
1595 5591 1776 5650 homi-

190 5717 318 5758 nem
347 5709 470 5772 post
497 5716 659 5755 uuam
697 5707 752 5753 et
779 5693 1068 5752 secundam
1121 5689 1523 5762 correptionem
1572 5683 1774 5749 devita,

191 5793 376 5850 sciens
429 5792 556 5862 quia
611 5802 900 5860 perversos
927 5793 1012 5842 est
1065 5779 1376 5853 hujusmodi
1428 5776 1555 5852 (Tit.
1615 5775 1721 5846 in).
1755 5793 1773 5826 ι

1872 1941 2060 1990 sancto
2081 1940 2306 1988 sanctus
2331 1931 2464 1997 eris,
2491 1939 2548 1986 et
2575 1945 2697 1985 cum
2736 1929 2852 1983 viro
2888 1928 3176 1982 innocente
3204 1926 3464 1980 innocens

1871 2023 2000 2079 eris.
2045 2021 2112 2076 Et
2161 2037 2284 2075 cum
2335 2020 2512 2076 electo
2560 2018 2768 2074 electus
2794 2017 2925 2082 eris,
2963 2025 3018 2071 et
3057 2031 3178 2071 cum
3206 2028 3463 2086 perverso

1870 2111 2201 2184 perverteris
2228 2109 2311 2183 (ΙΙ
2358 2108 2484 2180 Reg.
2527 2107 2686 2178 χχιι).
2724 2127 2743 2160 ι
2785 2106 2854 2161 Ει
2884 2105 3174 2161 Salomone
3207 2103 3459 2160 dicente:

1878 2224 1897 2256 ε
1924 2204 2026 2272 Qui
2053 2219 2177 2258 cum
2209 2201 2545 2273 sapientibus
2567 2199 2832 2272 graditur,
2863 2198 3079 2270 sapiens
3099 2196 3222 2251 erit.
3241 2195 3464 2250 Amicus

1873 2294 2184 2359 stultorum,
2209 2291 2472 2348 eﬂicietur
2499 2291 2692 2347 similis
2719 2287 2904 2361 (Prov.
2942 2286 3118 2358 xm).i
3153 2287 3291 2341 Hinc
3319 2287 3462 2342 idem

1874 2384 2131 2441 Salomon
2182 2399 2283 2440 nos
2329 2384 2604 2448 admonet,
2631 2382 2816 2438 dicens
2853 2401 2867 2436 :
2907 2401 2925 2434 ι
2965 2379 3086 2435 Noli
3121 2395 3242 2435 esse
3257 2379 3464 2434 amicus

1873 2475 2080 2531 homini
2111 2475 2393 2541 iracundo,
2419 2489 2520 2530 nec
2548 2472 2792 2528 ambules
2821 2487 2944 2527 cum
2977 2472 3095 2526 viro
3137 2469 3366 2535 furioso,
3393 2484 3463 2524 ne

1874 2567 2016 2623 forte
2042 2568 2219 2623 discas
2241 2567 2462 2622 semitas
2492 2565 2628 2636 ejus,
2644 2571 2698 2619 et
2714 2578 2898 2618 sumas
2920 2561 3235 2618 scandalum
3252 2559 3464 2615 anima:

1876 2668 1980 2715 tua:
2009 2658 2192 2729 (Prov.
2220 2658 2412 2730 XIII)J
2446 2657 2583 2712 Hinc
2613 2656 2813 2711 Paulus
2835 2654 3114 2725 discipulis
3139 2653 3354 2718 scribit,
3382 2652 3464 2707 di-

1874 2766 2037 2807 cens:
2059 2771 2078 2802 ι
2101 2750 2157 2806 Si
2185 2751 2307 2821 quis
2332 2750 2500 2806 frater
2517 2747 2848 2812 nominatur,
2865 2754 3020 2802 etest
3038 2745 3341 2802 fornicator
3365 2751 3460 2797 aut

1875 2841 2088 2896 adulter
2111 2849 2204 2895 aut
2232 2856 2450 2899 avarus.
2475 2837 2620 2909 quod
2641 2847 2726 2894 est
2756 2838 3025 2914 idoloqtm
3055 2836 3315 2901 servitus,
3337 2849 3461 2890 cum
3541 2873 3545 2877 «

1873 2931 2182 3003 hujusmodi
2203 2946 2304 2987 nec
2325 2930 2506 2986 cibum
2529 2943 2745 2984 sumere
2758 2927 2810 2999 (Ι
2826 2927 2948 2982 Cor.
2965 2929 3043 2998 v).
3058 2946 3076 2980 ι
3097 2926 3205 2982 Sed
3219 2925 3462 2996 nunquid

1874 3039 2089 3095 semper
2122 3024 2293 3080 latent
2329 3022 2594 3088 haeretici,
2620 3029 2715 3076 aut
2733 3019 2857 3076 falsi
2877 3019 3130 3076 catholici
3171 3019 3272 3074 sub
3301 3017 3461 3073 ovina

1874 3117 2034 3190 pelle,
2051 3125 2143 3171 aut
2165 3130 2379 3186 semper
2404 3111 2951 3189 possuntabscondi?
2979 3124 3108 3164 non.
3135 3107 3270 3163 Nam
3286 3106 3461 3178 quali-

1877 3217 1960 3262 ter
1974 3205 2228 3278 cognosci
2249 3204 2469 3259 valeant
2500 3202 2764 3257 Dominus
2781 3199 2996 3270 aperuit
3023 3214 3146 3254 cum
3177 3196 3457 3267 adjungit:

1951 3315 1970 3348 ι
2004 3298 2051 3351 Δ
2077 3295 2346 3350 fructibus
2387 3307 2576 3348 eorum
2617 3289 2958 3361 cognoscetis
3002 3303 3118 3344 eos.
3151 3306 3172 3340 ι
3227 3286 3462 3342 Fructus

1872 3390 2018 3446 enim
2056 3404 2087 3442 a
2118 3384 2350 3442 fruendo
2396 3398 2593 3439 nomen
2644 3381 2870 3450 accepit,
2915 3379 3056 3434 unde
3081 3393 3178 3449 per
3223 3376 3461 3432 fructum

1871 3497 2036 3554 opera
2066 3479 2461 3552 significantur.
2487 3475 2547 3532 Si
2573 3491 2704 3547 ergo
2726 3476 3032 3544 interrogas
3060 3472 3153 3542 qui
3183 3479 3310 3526 sunt
3336 3469 3463 3525 boni

1873 3573 2105 3638 fructus,
2135 3588 2167 3626 a
2195 3570 2392 3640 quibus
2429 3567 2707 3623 hominem
2737 3578 3064 3634 cognoscere
3088 3561 3288 3632 possis,
3336 3573 3461 3629 apo-

1875 3665 2046 3722 stolus
2088 3661 2291 3718 Paulus
2321 3659 2656 3723 manifestat,
2706 3657 2936 3712 dicens:
2985 3674 3004 3706 ι
3042 3654 3274 3708 Fructus
3319 3651 3464 3707 enim

1874 3759 2098 3829 spiritus
2123 3763 2208 3810 est
2237 3753 2499 3817 charitas,
2526 3749 2805 3822 gaudium,
2844 3763 2973 3819 pax,
3016 3745 3303 3818 patientia,
3348 3743 3466 3799 lon-

1873 3847 2185 3922 ganimitas,
2214 3844 2453 3909 bonitas,
2498 3841 2828 3911 benignitas,
2879 3838 3261 3904 mansuetudo,
3306 3835 3464 3902 fides,

1874 3940 2162 4005 modestia,
2193 3936 2558 4002 continentia,
2587 3933 2810 3989 castitas
2837 3928 2979 4004 (Gal.
3021 3930 3099 4000 v).
3135 3949 3154 3982 ›
3187 3926 3307 3984 Noli
3338 3942 3467 3999 ergo

1875 4033 1931 4087 in
1956 4030 2214 4087 haeretico
2265 4039 2512 4098 quaerere
2557 4023 2687 4080 folia
2732 4022 3024 4078 verborum
3074 4017 3322 4090 pulchra,
3372 4017 3467 4073 sed

1878 4124 2004 4180 fidei
2030 4121 2346 4192 puritatem.
2374 4116 2498 4174 Noli
2527 4115 2811 4172 attendere
2837 4113 2894 4169 in
2921 4111 3234 4168 Christiano
3261 4109 3466 4165 solum-

1873 4213 2038 4271 modo
2069 4211 2272 4266 famam
2303 4210 2459 4264 bona:
2498 4205 2794 4277 Opinionis,
2823 4203 2918 4260 sed
2965 4202 3202 4258 fructum
3253 4199 3468 4270 inquire

1876 4316 2038 4363 rectae
2065 4302 2417 4376 operationis.
2446 4299 2568 4356 Noli
2596 4298 2877 4354 attendere
2911 4295 3151 4366 linguam
3171 4334 3187 4360 ,
3219 4293 3314 4348 sed
3352 4307 3464 4345 ma-

1873 4417 2024 4456 num.
2055 4399 2193 4467 Quia
2217 4397 2358 4454 sicut
2378 4409 2486 4450 non
2506 4393 2760 4450 laudatur
2785 4391 2950 4445 arbor
2971 4403 3038 4443 ex
3060 4384 3468 4458 pulchritudine

1875 4489 2128 4546 foliorum
2156 4485 2244 4542 vel
2266 4486 2461 4541 florqu
2481 4523 2497 4548 ,
2525 4482 2620 4538 sed
2651 4497 2720 4536 ex
2747 4478 3076 4535 abundantia
3105 4475 3341 4544 frugum,
3394 4472 3467 4526 ita

1875 4597 2093 4656 quoque
2125 4579 2366 4636 haeretici
2389 4577 2474 4632 vel
2522 4575 2642 4631 falsi
2685 4569 2974 4635 catholici,
2998 4584 3106 4623 non
3134 4575 3264 4623 sunt
3301 4580 3370 4620 ex
3397 4563 3470 4618 si-

1876 4675 2172 4732 mulatione
2195 4670 2470 4734 laudandi,
2499 4667 2593 4723 sed
2621 4681 2690 4722 ex
2715 4665 2894 4719 fructu
2919 4662 3046 4716 boni
3068 4659 3266 4730 operis.
3299 4677 3316 4708 ο
3351 4656 3468 4712 Νοη

1876 4778 1964 4825 est
1981 4767 2155 4832 enim,
2186 4785 2205 4817 ι
2239 4772 2302 4820 ut
2329 4761 2591 4818 Dominus
2637 4757 2767 4814 alibi
2813 4756 2889 4811 ait
2920 4753 3072 4826 (Luc.
3115 4750 3220 4824 vr),
3260 4768 3279 4801 ‹
3307 4749 3471 4805 arbor

1877 4860 2018 4916 bona
2043 4856 2252 4912 faciens
2295 4854 2507 4910 fructus
2547 4850 2741 4916 malos,
2791 4860 2968 4917 neque
2998 4845 3164 4900 arbor
3196 4841 3338 4898 mala
3386 4839 3470 4895 fa-

1885 4949 2035 5006 ciens
2061 4946 2272 5002 fructus
2299 4947 2493 5002 bonos.
2519 4942 2870 5012 Unaquaeque
2889 4937 3054 4994 arb'or
3080 4951 3148 4992 ex
3165 4933 3346 4990 fructu
3371 4948 3470 4990 suo

1884 5034 2251 5107 cogndscitur.
2288 5051 2310 5086 ι
2350 5030 2504 5087 Unde
2544 5036 2601 5084 et
2643 5026 2933 5084 subditur:
2976 5043 2994 5076 ι
3033 5019 3284 5092 Nunquid
3321 5018 3471 5074 colli-

1891 5145 1910 5178 ι
1947 5135 2080 5199 gunt
2108 5125 2174 5180 de
2203 5121 2376 5194 spinis
2397 5135 2552 5185 uvas,
2587 5126 2681 5174 aut
2699 5116 2768 5174 de
2789 5115 3003 5171 tribulis
3031 5111 3208 5169 ﬁcus?
3242 5130 3262 5164 ι
3299 5109 3466 5180 Spina

1883 5226 1938 5274 et
1976 5217 2206 5274 tribulus
2250 5214 2476 5270 arbores
2507 5219 2633 5268 sunt
2658 5209 2834 5282 plenae
2870 5205 3094 5272 aculeis,
3141 5203 3215 5259 ita
3263 5211 3325 5258 ut
3374 5201 3466 5255 vix

1883 5311 2088 5382 absque
2133 5309 2354 5365 laesione
2400 5304 2624 5362 tractari
2665 5302 2895 5375 possint.
2942 5299 3151 5368 Quibus
3184 5292 3472 5352 contrarize

1859 5411 2013 5461 sunt
2037 5403 2174 5459 ficus
2200 5410 2257 5457 et
2283 5399 2435 5465 vitis,
2484 5413 2605 5469 quae
2653 5405 2712 5452 et
2758 5393 3112 5466 fragrantiam
3161 5383 3468 5446 suavissimi

1884 5495 2090 5561 odoris,
2115 5501 2171 5549 et
2196 5491 2435 5548 fructum
2477 5487 2778 5547 dulcissimi
2819 5485 3030 5556 saporis
3069 5482 3321 5539 reddunt.
3368 5475 3472 5530 Per

1885 5591 2072 5662 spinas
2099 5603 2231 5658 ergo
2259 5596 2314 5644 et
2341 5585 2605 5651 tribulos,
2639 5583 2769 5640 vitia
2805 5589 2863 5638 et
2895 5587 3118 5653 peccata
3165 5577 3467 5647 signantur,

1886 5684 1953 5740 de
1995 5682 2192 5755 quibus
2238 5696 2269 5735 a
2313 5679 2547 5736 Domino
2591 5678 2768 5750 primo
2825 5672 3031 5730 homini
3084 5671 3292 5726 dictum
3343 5673 3468 5721 est:

1893 5794 1911 5828 ι
1947 5773 2116 5832 Terra
2147 5781 2238 5830 tua
2261 5772 2445 5844 spinas
2472 5778 2528 5829 et
2559 5768 2786 5827 tribulos
2831 5762 3160 5836 germinabit
3187 5759 3282 5817 tibi
3315 5755 3467 5832 (Gen.
