4014 6354
580 292 681 348 665
766 326 773 332 -
1187 290 1544 349 HAYMONIS
1583 290 2063 348 HALBERSTAT.
2105 290 2166 347 El

2274 290 2320 347 Β.
2358 287 2514 345 ΟΡΡ.
2551 288 2736 345 PARS
2771 287 2835 343 ιι.
2878 317 2949 329 --
2979 284 3212 345 HOMIL.
3794 282 3913 339 6H

575 406 681 479 ιιι).
722 426 739 460 ι
772 406 877 463 Per
896 420 1055 462 uvam
1093 411 1305 463 vero‘et
1340 406 1501 462 ﬁcum
1552 407 1728 464 dulcis
1778 415 1941 479 alque
1983 406 2165 463 suavis
2194 412 2242 471 Α
2271 405 2631 470 necessarias,
2661 419 3003 462 assumamus
3032 419 3127 460 eas
3172 404 3329 461 nobis
3371 405 3424 459 in
3457 419 3702 471 uxores,
3735 404 3909 474 quia,

575 490 787 552 fructus
814 496 1098 551 charitatis
1124 496 1590 577 accipitur,-quem
1612 498 1794 571 palato
1822 498 2020 555 mentis
2050 512 2168 554 sen-
2260 506 2331 573 ¹ιιι
2346 497 2422 552 ait
2449 495 2735 577 salomon:
2759 518 2779 549 ‹
2802 496 3091 554 Uxorviri
3120 496 3384 567 sapientia
3407 505 3493 553 est
3513 494 3718 568 (Prov.
3746 498 3853 569 x):
3880 517 3902 548 ι

574 598 720 644 serat
765 588 874 654 ille,
930 586 1022 658 qui
1072 585 1288 643 dicebat
1325 608 1336 643 :
1378 608 1397 640 ι
1456 576 1630 657 Quam
1681 589 1861 645 dulcia
1915 586 2165 645 faucibus
2272 586 2347 641 ita
2372 596 2577 655 tamen,
2612 594 2670 641 ut
2700 587 2852 659 prius
2882 588 3159 644 caesariem
3208 588 3400 659 capitis
3431 589 3552 659 ejus
3583 588 3902 657 radamus,

574 680 709 736 meis
737 679 952 750 eloquia
984 688 1097 744 tua,
1131 696 1296 752 super
1318 681 1426 738 mel
1451 689 1506 736 et
1534 680 1717 736 favum
1739 681 1824 738 ori
1844 695 1966 736 meo
1991 678 2165 752 (Psal.
2271 685 2327 732 et
2358 679 2696 734 summitates
2739 680 3002 750 unguium
3053 680 3431 752 przccidamus.
3468 682 3522 737 id
3570 692 3668 738 est
3722 684 3897 754 quid-

571 773 781 844 cxvm).
826 794 843 825 ι
880 772 1033 830 Sicut
1062 790 1195 846 ergo
1229 775 1382 847 spina
1417 783 1472 830 et
1520 774 1752 831 tribulus
1796 771 2170 840 intractabiles
2271 769 2400 838 quid
2434 768 2782 840 superfluum,
2814 772 3076 843 quidquid
3105 772 3448 841 haeretieum,
3473 774 3760 846 quidquid
3784 792 3896 832 no-

572 878 718 936 sunt,
760 869 835 924 ita
859 869 1101 925 haeretici
1149 878 1203 925 et
1253 868 1373 926 falsi
1420 869 1674 925 catholici
1725 868 1897 925 amari
1941 877 1997 924 et
2043 883 2169 923 acu-
2271 868 2397 916 δυ’ίὲ
2427 861 2549 917 ﬁdei
2587 878 2815 935 pravum
2858 873 2915 919 el
2942 866 3281 921 οοιιιτπίιιηι
3326 875 3430 933 εει,
3487 867 3891 924 discernimus

569 958 696 1018 leati
744 962 1009 1032 proximis
1048 961 1401 1017 inveniuntur
1447 980 1459 1014 :
1512 969 1569 1016 et
1608 961 1730 1017 ideo
1770 960 1984 1016 illorum
2033 959 2169 1015 falsa

570 1052 841 1118 doctrina,
874 1062 930 1108 et
957 1053 1188 1109 istorum
1239 1067 1406 1123 prava
1449 1051 1692 1123 exempla
1726 1046 1977 1123 fugienda
2019 1061 2164 1118 sunt,

569 1145 697 1215 quia
732 1144 874 1199 sicut
905 1144 982 1198 ait
1009 1142 1265 1199 Salomon
1304 1160 1316 1197 :
1362 1162 1378 1193 ι
1411 1140 1513 1209 Qui
1550 1142 1791 1213 tetigerit
1834 1142 2029 1213 picem,
2080 1140 2159 1197 in-

574 1235 890 1306 quinabitur
919 1235 987 1290 ab
1016 1250 1082 1289 ea
1111 1251 1126 1300 ;
1162 1242 1216 1290 et
1253 1233 1343 1303 qui
1390 1232 1619 1303 dissipat
1642 1248 1843 1303 sepem,
1896 1230 2166 1289 mordebit

570 1342 696 1384 eum
726 1327 950 1383 coluber
973 1325 1167 1398 (Eccli.
1192 1326 1336 1398 xm).
1377 1345 1395 1378 ι
1432 1323 1550 1392 Vel,
1584 1333 1643 1380 ut
1674 1324 1895 1395 quidam
1923 1325 2164 1393 tradunt,

566 1434 665 1491 per
689 1436 850 1476 uvam
880 1429 936 1477 et
964 1420 1147 1485 ficum,
1181 1417 1410 1474 dulcedo
1436 1419 1711 1474 memoriae
1752 1419 1900 1489 regni
1929 1418 2167 1474 caelestis

569 1510 855 1582 accipitur.
887 1509 1055 1582 lgitur
1083 1509 1151 1565 de
1180 1509 1352 1580 spinis
1379 1523 1485 1564 non
1518 1506 1791 1580 colligitur
1820 1523 1924 1563 uva
1943 1549 1959 1575 ,
1989 1523 2166 1578 neque

571 1601 639 1656 de
679 1599 891 1656 tribulis
916 1600 1074 1665 ﬁcus,
1106 1599 1236 1671 quia
1263 1599 1309 1655 si
1338 1598 1638 1669 requiritur
1680 1598 1732 1652 in
1773 1596 2029 1653 hazretico
2052 1596 2165 1652 fru-

572 1701 693 1746 ctus
726 1690 1040 1753 charitatis,
1073 1689 1243 1762 spinae
1272 1689 1627 1746 dissensionis
1670 1689 2055 1756 inveniuntur;
2111 1696 2167 1744 et

2270 947 2691 1023 et‘ab'jiciamus.
2724 952 2783 1010 Si
2830 955 2952 1026 quis
2988 964 3170 1011 autem
3211 971 3281 1013 ex
3310 956 3397 1012 his
3420 957 3489 1013 ad
3522 968 3784 1014 nostram
3820 959 3889 1013 i-

2271 1045 2393 1100 dem
2428 1045 2754 1102 catholicam
2785 1045 3028 1103 converti
3059 1047 3310 1113 voluerit,
3343 1063 3453 1104 non
3478 1058 3567 1105 est
3593 1049 3880 1122 repellen—

2269 1137 2392 1203 dus,
2431 1136 2525 1192 sed
2573 1136 2933 1209 recipiendus,
2985 1139 3063 1194 ita
3107 1147 3322 1205 tamen,
3376 1147 3433 1193 ut
3480 1138 3673 1210 lugeat
3724 1141 3882 1211 prius

2267 1236 2484 1300 patrem
2512 1245 2668 1285 suum
2696 1239 2751 1285 et
2773 1238 3004 1286 matrem
3024 1246 3143 1288 uno
3170 1248 3389 1299 mense,
3424 1234 3477 1289 id
3521 1242 3614 1290 est
3653 1235 3729 1289 de
3761 1236 3876 1306 pri-

2269 1320 2412 1375 stina
2435 1321 2846 1377 conversatione
2868 1329 2924 1378 et
2948 1321 3203 1377 haeretica
3226 1323 3517 1395 pravitate,
3546 1339 3659 1396 qua
3688 1324 3873 1396 inqui-

2270 1420 2430 1467 natus
2454 1411 2540 1468 vel
2570 1413 2808 1469 nutritus
2828 1422 2932 1480 est,
2964 1414 3340 1484 paenitentiam
3372 1424 3525 1490 agat,
3557 1425 3616 1474 et
3640 1418 3873 1474 anathe-

2271 1502 2494 1558 matizet
2519 1511 2573 1559 ct
2611 1503 2800 1560 diluat.

2347 1612 2366 1643 ‹
2407 1591 2498 1648 Sic
2527 1594 2706 1651 omnis
2727 1595 2893 1651 arbor
2912 1610 3055 1652 bona
3081 1604 3288 1652 tructus
3310 1611 3484 1654 conos
3509 1596 3672 1665 facit,
3728 1600 3863 1655 mala

2276 1693 2507 1748 «autem
2551 1688 2716 1744 arbor
2744 1688 2955 1745 fructus
2990 1688 3161 1746 malos
3190 1690 3336 1747 facit.
3368 1710 3389 1744 ι
3437 1691 3599 1760 Quod
3641 1692 3863 1748 arbores

570 1784 617 1840 si
643 1783 697 1839 in
736 1782 874 1839 falso
907 1782 1179 1839 catholico
1220 1798 1374 1838 amor
1413 1781 1669 1848 ccclesiis,
1722 1797 1876 1837 amor
1916 1790 2164 1837 terrenus
2194 1787 2241 1847 Β
2268 1780 2323 1835 in
2359 1778 2655 1851 Scriptu‘ris
2697 1783 2945 1839 homines
2995 1783 3318 1854 signiﬁcant,
3375 1784 3645 1842 Dominus
3692 1788 3858 1841 mani-

572 1879 884 1950 reperitur;
916 1886 973 1934 et
1001 1877 1051 1935 si
1077 1877 1288 1934 fructus
1320 1877 1613 1944 castitatis,
1661 1874 1873 1932 fructus
1922 1876 2161 1932 libidinis

505 1967 513 1975 ’
570 1969 832 2025 intuetur.
887 1968 995 2026 Sed
1051 1969 1301 2040 quamvis
1358 1967 1513 2039 spina
1569 1983 1678 2023 non
1743 1968 1962 2041 gignat,
2026 1967 2164 2023 solet

571 2071 755 2120 tamen
788 2065 957 2121 vitem
981 2080 1106 2120 cum
1136 2063 1298 2121 botro
1326 2063 1611 2119 sustinere.
1643 2060 1779 2129 Quia
1822 2060 2061 2117 haeretici
2110 2069 2166 2116 et

574 2138 697 2212 falsi
727 2155 1005 2224 catholici,
1053 2171 1177 2212 cum
1228 2155 1284 2210 in
1324 2154 1511 2209 multis
1541 2152 1668 2209 mali
1697 2153 1832 2219 sint,
1884 2151 2058 2208 solent
2082 2158 2163 2205 ta-

573 2264 701 2305 men
748 2249 995 2321 quaedam
1045 2250 1190 2304 bona
1242 2249 1464 2315 docere,
1519 2256 1572 2302 et
1618 2248 1863 2317 quaedam
1915 2246 2166 2319 religiosa

571 2340 879 2396 ostendere.
909 2338 1050 2406 Quid
1069 2353 1200 2410 ergo
1221 2338 1287 2394 de
1311 2338 1511 2395 talibus
1532 2336 1843 2393 faciendum
1865 2336 2005 2391 erit?
2025 2335 2167 2393 Nun-

518 2420 525 2427 λ
572 2431 702 2504 quid
730 2440 954 2503 propter
976 2432 1186 2503 spinam
1222 2416 1607 2501 relinquendus
1629 2436 1714 2484 est
1743 2430 1950 2492 botrus,
1983 2429 2036 2483 id
2081 2436 2167 2486 est

570 2529 798 2594 propter
821 2521 965 2576 mala
992 2521 1134 2576 bona
1156 2521 1179 2575 ἲ
1201 2519 1380 2576 Absit.
1414 2521 1522 2577 Sed
1549 2528 1607 2576 ut
1648 2531 1805 2592 pater
1830 2520 2167 2593 Augustinus

580 2614 658 2670 ait
686 2631 699 2669 :
732 2612 826 2669 Sic
853 2613 1159 2686 carpendus
1192 2622 1277 2670 est
1323 2612 1535 2680 botrus,
1567 2622 1626 2667 ut
1677 2621 1857 2668 tamen
1910 2621 2169 2671 caveatur

575 2705 753 2779 spina.
774 2704 940 2779 Sicut
952 2707 1098 2763 enim
1120 2706 1496 2763 bsereticorum
1519 2706 1765 2762 doctrina
1785 2722 1816 2760 a
1832 2705 2167 2776 simplicibus

578 2798 713 2854 viris
736 2798 957 2869 penitus
983 2797 1239 2870 fugienda
1265 2807 1371 2866 est,
1398 2799 1478 2854 sic
1503 2814 1534 2853 a
1560 2797 1842 2854 catholicis
1881 2807 1936 2853 et
1978 2800 2168 2854 ortho-

574 2892 733 2948 doxis
762 2890 1039 2958 Patribus,
1066 2874 1161 2963 qui
1185 2893 1366 2961 sciunt
1389 2893 1698 2948 discernere
1724 2892 1868 2948 inter
1885 2907 2077 2948 veram
2114 2901 2169 2948 et

577 2990 771 3048 falsam
798 2992 1129 3057 doctrinam,
1154 2991 1296 3046 mala
1323 2989 1623 3062 respuenda
1654 2996 1800 3056 sunt,
1831 2997 1891 3044 ut
1923 2989 2066 3044 bona
2111 2989 2167 3044 in

575 3084 901 3141 auctoritate
927 3083 1300 3157 ecclesiastica
1319 3090 1685 3138 assumantur.
1725 3081 1879 3150 Quod
1910 3080 2169 3137 Dominus

2266 1871 2429 1930 festat
2456 1890 2579 1930 cum
2604 1874 2730 1931 alibi
2760 1876 2891 1932 dicit
2918 1894 2933 1945 ;
2971 1896 2991 1930 ι
3021 1878 3133 1934 Αιιι
3157 1878 3320 1936 facile
3346 1881 3604 1936 arborem
3638 1880 3854 1947 bonum,

2266 1974 2320 2020 et
2351 1963 2586 2020 fructum
2611 1966 2728 2037 ejus
2764 1967 2965 2023 bonum
2990 1986 3009 2036 ς
3039 1977 3132 2024 aut
3165 1970 3326 2026 facite
3352 1972 3611 2028 arborem
3638 1973 3854 2037 malam,

2268 2062 2323 2111 et
2346 2055 2583 2111 fructum
2630 2056 2749 2128 ejus
2785 2057 2989 2112 malum
3041 2058 3255 2131 (Matth.
3295 2060 3432 2133 xm).
3478 2081 3499 2115 ι
3547 2061 3621 2117 Et
3667 2078 3855 2126 caseus.

2268 2145 2420 2218 quia
2449 2145 2679 2203 Domino
2715 2148 3052 2206 illutninatus
3091 2150 3305 2220 fuerat,
3361 2155 3591 2210 aiebat:
3628 2175 3651 2208 ι
3696 2155 3855 2211 Vides

2268 2237 2515 2295 homines
2539 2240 2698 2310 quasi
2726 2241 2952 2298 arbores
2983 2240 3177 2314 (Marc.
3210 2247 3334 2318 sn).
3370 2266 3390 2300 ι
3421 2247 3620 2303 Daniel
3654 2264 3856 2321 quoque

2270 2327 2325 2384 in
2355 2328 2560 2385 visione
2583 2328 3081 2411 Nabuchodonqsor
3112 2334 3273 2407 regis,
3324 2351 3584 2408 magnam
3617 2338 3851 2393 arborem

2271 2423 2447 2494 ipsum
2477 2438 2659 2496 regem
2688 2424 3081 2495 interpretatur
3128 2426 3292 2498 (Dan.
3317 2427 3418 2499 tv).
3470 2429 3539 2483 Et
3573 2445 3678 2500 per
3720 2428 3851 2484 Psal-

2272 2517 2490 2574 mistam
2528 2518 2594 2572 de
2613 2518 2763 2589 justo
2788 2519 3027 2574 dicitur:
3067 2537 3086 2572 ι
3118 2519 3305 2576 Justus
3332 2530 3393 2575 ut
3419 2521 3603 2591 palma
3636 2520 3851 2586 florebit,

2272 2620 2329 2666 et
2359 2611 2502 2668 sicut
2531 2612 2727 2668 cedrus
2752 2611 2945 2668 Libani
2975 2612 3423 2684 multiplicabitur
3456 2612 3643 2688 (Psal.
3681 2616 3807 2684 rei).
3832 2636 3847 2667 ι

2273 2704 2429 2773 Quod
2441 2720 2572 2776 ergo
2598 2705 2702 2760 ait:
2728 2725 2745 2756 ι
2782 2703 2874 2762 Sic
2892 2708 3070 2763 omnis
3092 2708 3257 2764 arbor
3284 2707 3428 2764 bona
3455 2706 3678 2765 fructus
3702 2710 3854 2764 bonos

2273 2793 2427 2861 facit,
2448 2794 2590 2849 mala
2607 2803 2786 2850 autem
2815 2796 2982 2853 arbor
3010 2794 3219 2854 fructus
3246 2798 3422 2854 malos
3433 2798 3591 2865 facit,
3630 2820 3650 2853 ι
3674 2798 3857 2855 taleest

2275 2903 2341 2944 ac
2366 2888 2413 2944 si
2430 2887 2670 2944 diceret:
2697 2887 2850 2945 Sicut
2878 2905 2979 2946 nec
3007 2891 3161 2961 spina
3186 2907 3365 2958 uvam,
3392 2908 3495 2949 nec
3522 2893 3759 2949 tribulos
3778 2909 3855 2965 ge

2275 2988 2433 3036 uerat
2464 2979 2648 3047 ﬁcum,
2675 2981 2756 3036 sic
2787 2996 2857 3037 ex
2892 2980 3077 3038 radice
3100 2982 3292 3039 vitiosa
3312 2984 3488 3041 malus
3512 2984 3856 3056 fructuspro-

2277 3072 2444 3140 cedit,
2473 3079 2527 3128 et
2552 3089 2621 3129 ex
2657 3073 2798 3128 bona
2829 3074 3131 3131 intentione
3153 3076 3293 3132 bona
3320 3079 3573 3148 operatio
3602 3080 3851 3137 nascitur.

568 3176 635 3245 in
671 3175 792 3248 lege
812 3150 1048 3248 ﬁgurate
1071 3174 1333 3240 ostendit,
1359 3174 1575 3243 quando
1601 3173 2009 3245 egredientibus
2042 3171 2169 3228 ﬁliis
2195 3149 2242 3213 ο
2278 3166 2431 3224 Unde
2461 3176 2517 3222 et
2545 3166 2825 3223 subditur:

574 3268 741 3325 Israel
779 3283 846 3327 ex
875 3268 1116 3341 ΕΒΗ)ιο
1154 3267 1352 3340 (Exod.
1381 3267 1505 3339 xu),
1537 3268 1797 3339 praecepit
1820 3268 1918 3333 eis,
1949 3275 2013 3321 ut
2054 3282 2169 3322 mu-

578 3370 796 3417 tuarent
842 3378 875 3416 a
907 3360 1101 3416 vicinis
1150 3359 1264 3415 suis
1290 3374 1421 3415 vasa
1469 3374 1635 3415 aurea
1672 3368 1729 3414 et
1759 3365 2016 3430 argentea
2058 3372 2166 3413 non

577 3470 777 3528 pauca,
807 3461 867 3509 ut
900 3452 1269 3525 esspoliarent
1293 3452 1609 3545 Egyptutn.
1652 3450 1792 3519 Quid
1831 3466 1931 3521 per
1967 3466 2166 3545 argen-

536 3542 541 3545 ’
578 3555 716 3613 tum,
744 3547 848 3602 nisi
880 3561 1052 3602 sacra:
1078 3544 1375 3615 Scriptura;
1407 3543 1704 3615 praeclarus
1742 3558 1937 3599 sensus
1966 3542 2169 3613 accipi-

576 3642 700 3696 tur?
728 3660 748 3694 ι
775 3640 1004 3712 Eloquia
1029 3639 1175 3696 enim
1202 3637 1418 3693 Domini
1444 3637 1659 3707 eloquia
1683 3644 1858 3702 casta,
1885 3644 2168 3707 argentum

568 3732 705 3805 igne
738 3732 1113 3788 examinatum
1146 3727 1320 3803 (Prol.
1367 3729 1544 3801 svnt).
1582 3749 1602 3783 ι
1634 3728 1742 3785 Ρει·
1780 3743 1975 3784 aurum
2016 3743 2166 3797 vero,

578 3823 727 3879 nitor
754 3822 954 3893 eloquii
983 3822 1332 3892 exprimitur,
1359 3820 1654 3878 Salomone
1678 3822 1895 3879 dicente
1924 3840 1939 3879 :
1968 3844 1990 3876 «ι
2029 3822 2171 3879 The-

574 3929 771 3972 saurus
789 3914 1163 3971 desiderabilis
1186 3916 1481 3987 requiescit
1500 3916 1556 3972 in
1576 3931 1674 3974 ore
1696 3917 1957 3989 sapientis
1978 3915 2164 3989 (Prov.

578 4006 717 4077 xxi).
756 4024 777 4059 ι
810 4005 976 4073 Quasi
998 4019 1129 4077 ergo
1159 4021 1289 4062 vasa
1314 4022 1480 4062 aurea
1506 4016 1562 4063 et
1589 4016 1847 4079 argentea
1896 4023 1928 4062 a
1972 4008 2168 4065 vicinis

578 4105 768 4154 mutuo
794 4099 1120 4169 accipimus,
1156 4099 1375 4171 quando
1418 4102 1488 4157 ab
1536 4102 1812 4158 haereticis
1841 4112 1896 4157 et
1941 4103 2171 4173 paganis

576 4174 918 4247 necessarias
963 4192 1264 4248 sententias
1309 4192 1395 4249 vel
1449 4192 1686 4249 nitorem
1737 4193 2062 4264 eloquentiae
2103 4194 2172 4251 ad

575 4293 821 4340 nostram
852 4283 1140 4340 utilitatem
1170 4285 1519 4343 assumimus.
1557 4285 1711 4343 Unde
1738 4287 1793 4341 in
1834 4287 2024 4344 eadem
2054 4286 2173 4361 lege

575 4374 703 4431 alibi
741 4374 1041 4446 ﬁguraliter
1063 4377 1421 4448 praecipitur:
1458 4397 1477 4429 ι
1517 4377 1574 4432 Si
1600 4391 1852 4447 egressus
1887 4377 2055 4435 fueris
2101 4378 2170 4435 ad

575 4468 775 4524 bellum
801 4476 989 4525 contra
1019 4470 1206 4526 hostes
1237 4476 1379 4536 tuos,
1409 4479 1465 4525 et
1486 4470 1769 4526 tradiderit
1790 4485 1884 4527 eos
1907 4470 2168 4527 Dominus

574 4558 719 4616 Deus
755 4569 879 4617 tuus
908 4562 962 4616 in
1004 4577 1199 4617 manus
1228 4570 1371 4628 tuas,
1414 4562 1771 4633 captivosque
1797 4576 1891 4619 eos
1922 4562 2165 4631 duxeris,

578 4662 637 4708 et
662 4654 864 4711 videris
917 4655 972 4710 ln
1021 4668 1250 4710 numero
1296 4654 1585 4710 mulierum
1620 4654 1854 4726 puellam
1882 4655 2166 4726 pulchram

576 4760 695 4816 quae
726 4747 901 4817 placet
925 4748 1249 4813 oculistuis,
1290 4746 1633 4817 volucrisque
1659 4763 1781 4805 eam
1812 4749 2015 4806 habere
2033 4764 2168 4805 uxo-

570 4854 714 4906 rem,
741 4840 1052 4895 introduces
1077 4854 1200 4895 eam
1237 4839 1292 4894 in
1323 4841 1542 4895 domum
1574 4850 1744 4908 tuam,
1777 4842 1850 4898 ita
1877 4852 2080 4908 tamen,
2106 4850 2168 4899 ut

574 4930 729 5002 prius
772 4931 1055 4986 casariem
1096 4930 1290 5001 capitis
1336 4928 1454 5000 ejus
1483 4932 1675 4997 radas,
1718 4942 1774 4989 et
1824 4934 2164 4990 summitates

577 5022 837 5093 unguium
872 5021 1016 5076 illius
1040 5022 1327 5093 praecidas,
1360 5023 1644 5097 lugeatque
1686 5037 1893 5099 patrem
1923 5040 2081 5085 suum
2109 5037 2164 5086 et

579 5124 808 5170 matrem
838 5116 894 5170 in
924 5115 1085 5170 domo
1109 5131 1217 5172 uno
1238 5128 1450 5184 mense,
1483 5127 1537 5175 et
1552 5128 1674 5191 post
1706 5121 1820 5176 haec
1854 5122 2164 5178 introduees

580 5222 701 5263 eam
731 5210 800 5263 ad
822 5216 894 5277 te,
921 5217 979 5264 et
1004 5210 1107 5265 erit
1136 5210 1232 5267 tibi
1259 5226 1396 5268 uxor
1420 5213 1594 5285 (Deut.
1622 5214 1793 5285 xm)»
1832 5215 2164 5285 Spiritaliter

580 5308 763 5356 autem
791 5301 859 5357 ad
887 5300 1086 5358 bellum
1116 5306 1476 5375 procedimus,
1508 5309 1725 5378 quando
1771 5323 1893 5364 eum
1919 5309 2165 5365 hostibus

582 5391 859 5461 Ecclesiae,
898 5394 949 5450 id
988 5404 1073 5451 est
1101 5397 1391 5463 hareticis,
1425 5398 1493 5453 de
1522 5399 1627 5454 llde
1666 5396 1977 5456 Christiana
2001 5408 2055 5455 et
2080 5414 2167 5456 re-

582 5486 780 5559 ligione
817 5489 1123 5547 conflictum
1148 5493 1426 5548 habemus.
1454 5490 1704 5565 Cumque
1746 5494 1931 5549 divina
1974 5500 2165 5549 aucto-

583 5584 743 5639 ritate
769 5585 1032 5655 superati,
1067 5584 1348 5640 tradiderit
1380 5599 1477 5640 eos
1508 5585 1768 5642 Dominus
1808 5585 1952 5641 Deus
1981 5592 2169 5641 noster

584 5681 638 5736 in
670 5696 860 5738 manus
889 5690 1121 5748 nostras,
1155 5682 1199 5737 si
1233 5681 1601 5738 invenerimus
1631 5683 1683 5737 in
1732 5696 1959 5738 numero
1986 5681 2170 5754 dispu-

574 5774 847 5831 tationum
884 5774 1182 5832 sententias
1222 5776 1288 5829 ad
1315 5784 1557 5831 nostram
1600 5777 1757 5832 fidem
1806 5774 2166 5832 roborandam

2196 4522 2247 4583 D

2349 3276 2369 3309 ι
2405 3256 2525 3314 Νοιι
2563 3266 2745 3328 potest
2780 3259 2947 3315 arbor
2997 3260 3140 3315 bona
3191 3260 3397 3320 fructus
3446 3264 3625 3321 malos
3672 3265 3849 3334 facere,

2276 3370 2296 3405 ι
2332 3366 2510 3423 neque
2538 3353 2703 3408 arbor
2748 3352 2890 3407 mala
2920 3351 3130 3411 fructus
3160 3356 3333 3413 bonos
3377 3356 3585 3415 facere.
3619 3380 3644 3414 ι
3678 3362 3739 3417 ιιι
3760 3378 3850 3434 quo

2271 3443 2392 3501 loco
2412 3446 2642 3517 quaestio
2668 3447 2910 3505 animum
2933 3449 3135 3521 pulsat,
3163 3467 3333 3523 quare
3360 3453 3508 3510 dicat
3534 3476 3551 3511 ;
3580 3476 3599 3508 ι
3631 3456 3750 3517 Non
3776 3475 3853 3529 po-

2275 3543 2379 3592 test
2417 3539 2582 3594 arbor
2612 3539 2763 3607 bona
2804 3540 3013 3597 fructus
3064 3543 3237 3601 malos
3278 3544 3462 3603 facere
3490 3587 3507 3613 ,
3550 3564 3737 3621 neque
3781 3567 3850 3605 ar-

2271 3628 2374 3684 bor
2431 3631 2574 3686 mala
2618 3631 2829 3689 fructus
2886 3634 3061 3691 bonos
3106 3634 3321 3705 facere,
3377 3660 3397 3693 ι
3449 3656 3579 3696 cum
3624 3643 3851 3716 legamus

2270 3718 2497 3777 Paulum
2528 3724 2829 3794 apostolum
2865 3727 3119 3783 arborem
3161 3730 3348 3801 utique
3379 3732 3587 3791 bonam
3633 3735 3850 3794 fructum

2272 3818 2474 3874 malum
2520 3819 2740 3889 fecisse,
2787 3823 3007 3892 quando
3053 3824 3355 3883 Ecclesiam
3401 3828 3499 3883 Dei
3552 3839 3853 3900 persecutus

2274 3919 2394 3978 est;
2432 3920 2487 3967 et
2518 3900 2713 3969 ludam
2752 3915 3004 3973 arborem
3034 3916 3233 3973 malam
3258 3917 3499 3976 fructum
3550 3921 3759 3978 bonum
3779 3922 3850 3978 fe-

2273 4002 2438 4069 cisse,
2464 4005 2684 4073 quando
2710 4020 2836 4061 cum
2874 4006 3088 4063 caneris
3111 3998 3371 4078 apostolis
3394 4021 3621 4068 secutus
3651 4024 3738 4069 est
3760 4013 3852 4070 De-

2275 4094 2501 4150 minum.
2530 4097 2613 4152 Ad
2641 4097 2789 4169 quod
2843 4100 3302 4170 respondendum,
3340 4102 3473 4172 quin
3503 4104 3653 4160 sicut
3687 4120 3755 4161 ex
3782 4121 3854 4160 ra-

2274 4186 2394 4244 dice
2417 4188 2632 4245 arboris
2661 4188 2871 4246 fructus
2890 4192 3163 4261 procedit,
3180 4202 3316 4248 etex
3338 4195 3457 4265 ipso
3476 4194 3685 4262 fructu,
3718 4197 3854 4267 enim

2273 4279 2490 4349 generis
2518 4280 2603 4336 vel
2631 4281 2843 4353 saporis
2872 4282 2946 4338 sit
2971 4283 3342 4355 cognoscitur,
3371 4286 3449 4341 ita
3469 4300 3537 4343 ex
3568 4288 3854 4345 intentione

2272 4374 2454 4430 cordis
2477 4388 2615 4446 opus
2643 4376 2939 4446 profertur.
2970 4377 3200 4434 Etsicut
3227 4380 3490 4436 Dominus
3519 4380 3655 4438 dicit
3682 4401 3699 4438 :
3728 4381 3851 4449 Qua-

2273 4465 2340 4521 lis
2360 4466 2526 4522 fuerit
2553 4467 2786 4524 intentio
2817 4476 2927 4534 tua,
2959 4470 3065 4526 tale
3089 4471 3197 4527 erit
3234 4479 3288 4529 et
3326 4487 3469 4543 opus
3496 4481 3675 4529 tuum.
3721 4474 3853 4530 ideo-

2274 4573 2380 4630 que
2408 4559 2601 4616 ‘bonus
2632 4561 2795 4616 homo
2845 4562 3034 4618 tandiu
3070 4562 3242 4620 malos
3281 4564 3494 4621 fructus
3533 4566 3724 4623 facere
3759 4582 3852 4622 non

2269 4658 2471 4721 potest,
2497 4650 2735 4721 quandiu
2764 4652 2821 4707 in
2871 4654 3053 4710 radice
3081 4656 3236 4713 bona
3265 4656 3584 4715 intentionis
3616 4674 3855 4730 persevc-

2272 4750 2389 4809 rat;
2420 4756 2523 4799 nec
2560 4742 2736 4799 malus
2779 4746 2941 4802 homo
2976 4748 3165 4804 tandiu
3211 4748 3421 4807 fructus
3468 4751 3641 4809 bonos
3687 4754 3853 4810 facere

2271 4839 2470 4902 potest,
2500 4833 2743 4903 quandiu
2772 4834 2914 4890 mala
2944 4837 3174 4895 intentio
3198 4840 3477 4908 perdurat.
3510 4841 3679 4899 Juxta
3708 4858 3852 4915 qu

2274 4940 2492 4982 sensum
2523 4925 2753 4998 legimus
2774 4938 2830 4985 et
2869 4930 3092 4987 Petrum
3127 4934 3434 5005 apostolum
3476 4938 3737 4995 arborem
3764 4939 3854 4993 uti-

2272 5032 2380 5088 que
2403 5018 2626 5085 bonam,
2654 5021 2827 5078 malos
2847 5021 3052 5079 fructus
3080 5024 3295 5093 fecisse,
3319 5028 3557 5097 quandiu
3577 5029 3852 5087 Dominum

2272 5109 2491 5181 negavit
2534 5110 2749 5182 (Matth.
2788 5112 2960 5185 χιιι).
3003 5115 3071 5170 Et
3109 5114 3320 5184 Jethro,
3348 5130 3469 5175 cum
3515 5121 3671 5190 prius
3728 5121 3854 5176 male

2279 5205 2444 5261 arbor
2493 5214 2658 5274 esset,
2689 5208 2890 5267 bonum
2942 5209 3183 5269 fructum
3237 5213 3385 5281 fecit,
3433 5218 3655 5285 quando
3700 5216 3856 5287 Μαιγεί

2277 5296 2410 5355 utile
2431 5301 2717 5356 consilium
2748 5301 2902 5358 dedit
2928 5302 3127 5375 (Exod.
3163 5309 3347 5378 xviri).
3390 5306 3654 5366 Similiter
3682 5321 3742 5366 et
3767 5309 3858 5363 Da-

2275 5393 2387 5458 vid,
2421 5393 2561 5449 bona
2587 5395 2773 5466 utique
2799 5396 2985 5465 arbor,
3008 5398 3243 5473 fructum
3280 5400 3480 5458 malum
3511 5401 3672 5468 fecit,
3702 5419 3860 5475 quan.

2278 5486 2349 5542 do
2376 5501 2474 5557 per
2503 5488 3002 5559 concupiscentiam
3034 5494 3308 5549 carnalem
3330 5494 3661 5551 adulterium
3692 5506 3753 5552 et
3775 5496 3861 5551 ho-

2282 5580 2559 5636 micidium
2592 5584 2925 5653 perpetravit
2950 5584 3035 5657 (II
3070 5584 3197 5658 Reg.
3236 5600 3339 5659 ιι).
3371 5585 3862 5643 Nabuchodonosor

2282 5682 2488 5739 autem,
2517 5690 2642 5729 cum
2668 5687 2815 5733 esset
2840 5678 2981 5733 mala
3006 5679 3190 5743 arbor,
3222 5679 3423 5735 bonum
3454 5679 3690 5736 fructum
3718 5679 3859 5741 fecit,

2281 5765 2500 5837 quando
2512 5767 2682 5826 Deum
2702 5771 2935 5829 Danielis
2952 5773 3002 5829 in
3030 5781 3145 5831 toto
3164 5774 3296 5831 orbe
3308 5776 3528 5832 adorari
3541 5770 3856 5845 jussitwu.
