4014 6354
222 280 338 346 648

1432 289 1740 350 unum
1777 291 1865 347 DE
1900 289 2225 348 TEMPORE

3394 286 3500 352 διδ

217 413 329 483 v1).
352 410 544 467 Potest
558 376 747 466 nmen
774 417 830 464 et
853 408 1030 465 maius
1057 408 1219 465 homo
1253 407 1392 464 efﬁci
1420 408 1616 475 bonus,
1647 408 1690 464 si
1713 408 1809 464 de—
1840 409 1887 470 Α
1919 409 2046 464 tatis
2081 424 2187 463 non
2222 408 2324 462 erit
2350 407 2663 475 sollicitum,
2696 422 2796 464 nec
2839 408 3129 479 aliquando
3160 408 3371 466 desinet
3411 380 3498 467 fa-

221 501 463 558 sea'uerit
486 501 717 567 malum;
742 509 798 556 et
823 500 914 571 qui
937 500 1221 558 videbatur
1238 501 1431 568 bonus,
1458 500 1594 557 efﬁci
1618 501 1809 566 malus,

220 597 274 650 si
308 594 597 651 recesserit
624 610 655 650 a
684 594 846 650 bono.
882 592 990 663 Sed
1027 595 1152 664 quia
1184 611 1324 650 unus
1353 594 1602 665 idemque
1628 596 1812 661 homo,

220 687 282 742 in
322 701 431 742 uno
478 672 778 756 eodemque
809 694 1072 755 tempore,
1119 688 1294 742 bonus
1331 685 1493 742 simul
1530 695 1589 742 et
1636 686 1813 741 malus

219 792 349 835 esse
380 792 488 832 non
529 786 723 848 potest,
754 792 860 833 non
888 786 1070 849 petest
1090 780 1256 836 arbor
1283 780 1424 835 bona
1453 777 1663 835 fructus
1684 793 1813 843 ma-

220 870 310 927 los
341 870 543 936 facere,
576 884 753 940 neque
778 871 943 926 arbor
968 871 1106 925 mala
1147 871 1358 928 fructus
1386 872 1561 927 bonos
1605 873 1804 927 facere.

219 963 395 1019 Valde
420 971 599 1019 autem
624 962 870 1018 terribile
893 972 1000 1030 est,
1032 967 1178 1033 quod
1207 963 1579 1021 subinfertur:

303 1073 324 1107 ‹
357 1056 548 1114 Omnis
567 1058 732 1114 arbor
746 1072 866 1128 qua!
880 1074 989 1115 non
1011 1059 1142 1116 facit
1158 1059 1395 1116 fructum
1413 1061 1638 1125 bonum,
1660 1060 1811 1116 exci-

222 1167 244 1199 ι
281 1147 448 1204 detur
475 1158 529 1205 et
559 1150 614 1205 in
642 1150 824 1221 ignem
858 1151 1125 1207 mittetur.
1163 1171 1184 1204 ι
1219 1151 1339 1207 Non
1366 1152 1522 1218 dicit,
1544 1166 1665 1222 qua:
1680 1150 1814 1207 facit

215 1234 463 1293 fructum
494 1238 719 1306 malum,
748 1240 845 1296 sed
872 1256 994 1311 quae
1018 1256 1125 1296 non
1160 1240 1295 1299 facit
1323 1241 1556 1298 fructum
1578 1244 1806 1299 bonum.

218 1326 332 1384 Ubi
363 1345 394 1386 e
423 1331 640 1387 diverso
664 1332 919 1404 colligere
931 1349 1240 1403 possumus,
1269 1351 1392 1406 quae
1422 1350 1583 1407 paena
1602 1352 1811 1408 praepa-

215 1427 347 1474 rata
374 1422 448 1475 sit
474 1420 615 1477 maia
646 1423 1015 1494 operantibus,
1050 1426 1265 1495 quando
1293 1440 1451 1497 pmna
1498 1427 1811 1496 pradicitur

212 1513 391 1569 etiam
421 1530 451 1569 a
480 1515 623 1571 bono
650 1529 817 1588 Opere
854 1518 1212 1589 torpentibus.
1245 1518 1304 1575 Si
1339 1520 1483 1574 enim
1528 1521 1581 1575 in
1630 1520 1810 1591 ignem

212 1605 460 1662 mittitur
511 1607 603 1676 qui
650 1608 853 1664 nudum
900 1624 1011 1664 non
1041 1610 1279 1677 vestivit,
1328 1610 1383 1664 in
1432 1625 1593 1680 quem
1631 1612 1809 1681 ignem

211 1698 520 1754 mittendus
545 1708 647 1767 est,
693 1702 787 1772 qni
817 1689 1101 1757 vestitum.
1126 1704 1487 1774 exspolinvit?
1531 1704 1601 1759 Et
1647 1704 1694 1759 si
1738 1705 1806 1759 ad

1919 515 2045 557 cere
2090 498 2326 555 fructum
2370 497 2581 572 (Ibid.).
2624 520 2642 552 ι
2691 499 2849 557 Tales
2898 499 3103 557 fructus
3152 501 3292 557 bona
3336 504 3499 561 arbor

1915 592 2261 663 proferebat,
2302 608 2422 683 quae
2470 592 2723 650 dicebat:
2763 612 2780 646 t
2821 594 2933 665 Ego
2962 602 3138 650 autem
3184 596 3323 651 sicut
3356 597 3496 653 oliva

1916 685 2233 742 fructilicavi
2263 686 2317 740 in
2345 686 2504 741 domo
2532 686 2654 753 Dei,
2683 689 2893 758 speravi
2925 689 2978 744 in
3004 689 3375 747 misericordia
3398 690 3492 749 Dei

1876 824 1879 829 .
1916 777 1969 832 in
1998 786 2285 843 aeternum,
2315 784 2369 831 et
2397 776 2453 831 in
2477 779 2734 833 saxulum
2759 778 2941 835 steculi
2960 778 3135 851 (Psal.
3163 780 3258 851 LI).
3296 802 3314 833 ι
3342 781 3498 857 Tales

1918 866 2177 924 Dominus
2199 882 2325 924 suos
2346 866 2655 937 discipulos,
2680 868 2850 927 bonas
2875 871 3061 943 utique
3090 875 3331 939 arbores,
3365 889 3494 946 pro-

1915 956 2060 1015 ferre
2104 959 2350 1026 volebat,
2398 960 2593 1032 quibus
2634 962 2845 1017 dicebat
2878 981 2890 1016 :
2926 982 2944 1015 ι
2988 965 3098 1037 Ego
3130 981 3225 1022 vos
3252 966 3390 1038 elegi
3432 968 3499 1024 de

1916 1051 2137 1116 mundo,
2164 1060 2216 1107 et
2248 1053 2402 1122 posui
2434 1067 2527 1108 vos
2555 1060 2613 1108 ut
2636 1054 2795 1118 eatis,
2820 1063 2874 1108 et
2899 1054 3132 1112 fructum
3165 1057 3423 1125 afferatis,
3444 1068 3500 1115 et

1914 1140 2122 1199 fructus
2149 1151 2331 1199 vester
2375 1154 2593 1201 maneat
2619 1145 2806 1217 (Joan.
2849 1148 2963 1218 xv).
2996 1168 3020 1198 ο
3051 1147 3289 1206 lnaniter
3317 1160 3498 1208 autem

1914 1237 2134 1306 quidam
2163 1236 2287 1292 folia
2307 1236 2832 1304 babentverborum,
2850 1239 2944 1307 qui
2973 1249 3228 1296 recusant
3254 1240 3498 1314 proferre

1914 1329 2122 1385 fructus
2150 1344 2411 1401 operumr
2430 1328 2583 1385 Unde
2603 1338 2659 1386 et
2682 1330 2929 1385 subditur
2954 1344 2969 1384 :
3004 1348 3022 1380 ι
3056 1329 3169 1386 Non
3196 1335 3372 1387 omnis
3404 1333 3497 1405 qui

1915 1423 2045 1479 dicit
2083 1421 2234 1488 mihi,
2262 1422 2505 1491 Domine,
2531 1424 2778 1490 Domine,
2808 1423 3033 1478 intrabit
3061 1424 3112 1477 in
3142 1440 3366 1497 regnum
3389 1441 3499 1482 cuc-

1914 1515 2122 1582 lorum,
2150 1515 2242 1571 sed
2272 1517 2365 1586 qui
2389 1515 2521 1572 facit
2546 1516 2878 1571 voluntatem
2915 1515 3094 1571 Patris
3122 1518 3267 1584 mei,
3312 1519 3404 1589 qui
3445 1519 3498 1573 in

1914 1609 2066 1665 ctelis
2092 1618 2194 1673 est,
2230 1610 2345 1680 ipse
2374 1610 2599 1664 intrabit
2628 1610 2681 1664 in
2711 1625 2937 1683 regnum
2979 1610 3242 1666 oraclorum
3278 1611 3494 1682 (Matth.

1913 1702 2030 1772 vn).
2070 1722 2087 1754 ι
2117 1700 2308 1757 Dicere
2349 1702 2515 1769 enim,
2548 1702 2789 1767 Domine,
2816 1702 3082 1769 Domine,
3125 1701 3332 1758 fructus
3372 1703 3501 1759 boni

208 1803 439 1859 penam
468 1792 618 1848 vadit
669 1792 755 1847 ille
789 1795 882 1864 qui
908 1796 1137 1865 propria
1180 1812 1291 1852 non
1335 1798 1502 1864 dedit,
1546 1799 1615 1853 ad
1645 1813 1809 1869 quam
1839 1779 1887 1842 Β
1912 1794 2092 1865 operis
2119 1809 2240 1849 esse
2282 1794 2512 1859 videtur,
2561 1810 2668 1849 non
2716 1802 2895 1850 autem
2943 1794 3124 1850 facere
3167 1794 3497 1851 voluntatem

209 1894 439 1949 pmnam
470 1884 647 1939 iturus
685 1895 772 1941 est
813 1888 905 1957 qui
940 1887 1119 1943 aliena
1156 1889 1332 1961 rapit?
1375 1889 1565 1946 Nullus
1602 1906 1732 1963 ergo
1777 1908 1809 1946 a

207 1970 367 2029 bono
412 1988 577 2045 opere
616 1986 869 2047 torpens,
914 1979 1049 2036 falsa
1091 1982 1384 2039 securitate
1426 1996 1488 2038 se
1534 1982 1806 2054 decipiat;

210 2066 352 2135 quia
395 2069 574 2125 omnis
618 2070 785 2124 arbor
810 2086 934 2141 quae
979 2087 1086 2127 non
1122 2069 1252 2129 facit
1285 2073 1524 2129 fructum
1572 2074 1806 2141 bonum,

208 2157 504 2213 excidetur
548 2169 606 2215 et
653 2162 707 2215 in
748 2162 926 2233 ignem
968 2164 1253 2231 mittetur,
1289 2164 1448 2233 juxta
1486 2166 1615 2221 illud
1666 2167 1813 2237 quod

206 2247 487 2304 Dominus
511 2250 637 2305 alibi
681 2251 760 2306 ait
790 2269 805 2305 :
838 2271 859 2302 ι
914 2251 1142 2308 Omnem
1176 2255 1454 2325 palmitem
1496 2256 1550 2309 in
1586 2271 1676 2312 me
1705 2272 1812 2311 non

206 2335 487 2394 ferentem
520 2340 755 2396 fructum
786 2352 1001 2413 oportet
1051 2345 1258 2401 abscidi
1288 2354 1343 2402 et
1368 2346 1421 2400 in
1464 2347 1646 2418 ignem
1669 2348 1812 2402 mitti

206 2426 403 2501 (lactt.
448 2436 566 2504 xv).
610 2454 631 2487 )
666 2433 782 2491 Non
821 2437 966 2491 enim
1009 2437 1205 2493 sufﬁcit
1236 2438 1519 2493 declinare
1566 2454 1597 2492 a
1642 2439 1811 2505 malo,

206 2522 325 2577 nisi
348 2524 583 2595 quisque
613 2527 826 2583 studeat
853 2528 1034 2584 facere
1085 2528 1308 2583 bonum.
1363 2528 1511 2585 Unde
1551 2528 1812 2585 Dominus

206 2613 393 2669 vineae
418 2628 669 2685 quarens
684 2616 921 2673 fructum
950 2619 1006 2673 in
1029 2618 1281 2685 ficulnea,
1297 2628 1352 2673 et
1373 2634 1480 2675 non
1508 2620 1809 2686 inveniam,

208 2706 297 2760 ait
326 2706 561 2762 colono:
616 2725 636 2759 ι
684 2708 825 2764 Ecce
872 2710 1000 2764 anni
1047 2719 1162 2766 tres
1199 2719 1361 2773 sunt,
1398 2726 1470 2766 ex
1507 2725 1615 2781 quo
1652 2711 1811 2766 venio

206 2813 471 2868 quaerens
498 2799 738 2856 fructum
760 2801 813 2856 in
841 2800 1090 2869 ﬁculnea,
1118 2811 1174 2857 et
1200 2818 1307 2858 non
1331 2804 1566 2859 invenio.
1606 2803 1810 2860 Excide

209 2904 351 2959 ergo
402 2890 571 2957 illam,
602 2898 663 2946 ut
706 2891 834 2961 quid
885 2892 1048 2948 etiam
1105 2904 1305 2948 terram
1332 2895 1601 2962 occupat?
1651 2892 1804 2965 (Luc.

211 2983 365 3056 xm.)
398 3003 417 3036 ι
454 2985 532 3040 Dc
568 2986 674 3041 hac
720 2987 914 3042 arbore
946 3002 1047 3057 per
1081 2985 1346 3043 Joannem
1384 2986 1689 3058 Baptistam
1728 2988 1808 3043 di-

213 3073 394 3129 citur:
435 3096 453 3127 ε
499 3075 620 3131 Jam
656 3078 864 3133 securis
890 3079 957 3133 ad
991 3077 1231 3135 radicem
1257 3080 1468 3135 arboris
1511 3079 1685 3149 posita
1723 3088 1807 3135 est

216 3167 437 3238 (Matth.
467 3172 571 3241 ιιι).
602 3190 621 3222 ι
656 3171 941 3228 Exciditur
994 3173 1138 3227 enim
1171 3173 1358 3238 arbor,
1394 3147 1614 3243 quando
1641 3174 1804 3228 homo
1832 3147 1881 3212 ο

216 3263 471 3316 moritur.
504 3262 701 3317 Excisa
729 3270 911 3318 autem
957 3264 1012 3317 in
1066 3263 1246 3335 ignem
1280 3264 1555 3329 mittitur,
1586 3264 1804 3333 quando

220 3351 452 3422 Quisque
474 3367 766 3423 perversus
798 3368 896 3425 per
923 3362 1152 3409 mortem
1194 3354 1455 3426 gehennte
1480 3368 1805 3410 concrema-

217 3441 422 3499 tionem
454 3444 679 3511 invenit,
712 3446 804 3514 qui
837 3446 963 3501 dum
985 3445 1194 3501 viveret
1244 3443 1483 3501 fructum
1515 3445 1643 3501 boni
1678 3459 1807 3515 ope-

217 3534 298 3589 ris
335 3534 518 3593 facere
565 3537 860 3593 recusavit.
910 3537 1213 3610 lngeminat
1258 3553 1493 3611 namque
1546 3538 1809 3595 Dominus

214 3626 486 3683 bonarum
520 3628 897 3700 malarumque
944 3630 1198 3685 arborum
1249 3631 1644 3702 cognitionem,
1682 3645 1806 3686 cum

215 3719 399 3775 adhuc
425 3718 720 3792 subiungit,
753 3721 980 3777 dicens:

295 3830 316 3864 ι
350 3812 518 3885 Igitur
579 3828 648 3868 ex
702 3812 967 3870 fructibus
1010 3829 1199 3871 eorum
1248 3813 1585 3885 cognoscetis
1629 3829 1745 3871 eos.
1783 3834 1802 3867 ι

215 3904 387 3973 Quasi
413 3906 558 3961 enim
587 3906 818 3975 fructus,
841 3907 895 3962 in
924 3907 1120 3978 quibus
1147 3907 1302 3962 mala:
1340 3907 1565 3963 arbores
1592 3922 1623 3961 a
1652 3907 1811 3964 bonis

216 4000 632 4068 discernantur,
695 4001 895 4059 Paulus
949 4003 1226 4075 apostolus
1282 4004 1523 4059 ostendit
1573 4004 1804 4060 dicens:

222 4114 244 4145 ι
275 4092 560 4152 Manifesta
589 4106 769 4153 autem
797 4107 922 4154 sunt
950 4114 1112 4169 opera
1138 4100 1322 4155 carnis
1344 4139 1362 4166 ,
1394 4112 1515 4171 quae
1540 4109 1668 4156 sunt
1694 4099 1809 4155 for-

220 4186 552 4256 nicationes,
580 4189 936 4247 immunditire
953 4233 968 4258 ,
1012 4192 1382 4263 impudicitiae,
1410 4193 1657 4261 luxuriae,
1695 4194 1812 4250 ido-

218 4277 398 4335 lorum
429 4281 693 4349 servitus,
718 4284 979 4339 veneﬁcia
1004 4323 1019 4350 ,
1051 4284 1349 4340 inimicitia
1368 4325 1384 4352 ,
1415 4287 1809 4353 contentiones,

218 4372 616 4440 aemulationes,
650 4375 764 4442 irae,
814 4376 969 4440 rixae,
999 4375 1398 4443 dissensiones,
1444 4384 1606 4431 secta:
1627 4416 1644 4441 ,
1676 4377 1814 4431 invi-

218 4466 346 4534 dire,
376 4466 691 4535 homicidia,
714 4469 1038 4534 ebrietates,
1066 4469 1491 4525 comessationes
1529 4477 1585 4523 et
1623 4469 1710 4524 his
1741 4470 1814 4525 si-

220 4563 390 4618 milia.
416 4562 564 4619 Talia
590 4564 681 4635 qui
704 4574 889 4637 agunt,
917 4580 1141 4637 regnum
1164 4565 1257 4621 Dei
1280 4581 1386 4621 non
1404 4562 1811 4637 consequentur

219 4653 366 4723 (Gal.
420 4660 495 4727 v).
550 4675 570 4709 ι
603 4655 680 4712 De
708 4657 956 4728 qualibus
1007 4672 1106 4728 per
1147 4656 1437 4714 Jeremiam
1486 4661 1807 4730 prophetam

217 4745 454 4799 dicitur:
485 4767 503 4796 ι
541 4745 857 4802 Maledictus
898 4747 1061 4802 homo
1102 4748 1192 4817 qui
1232 4750 1451 4804 conlidit
1484 4750 1536 4804 in
1566 4750 1801 4815 homine,

218 4847 275 4892 et
302 4839 454 4909 ponit
484 4854 706 4896 carnem
736 4840 1017 4896 brachium
1046 4854 1226 4907 suum,
1258 4850 1314 4896 et
1338 4857 1369 4895 a
1397 4842 1628 4897 Domino
1654 4857 1806 4898 rece-

219 4929 299 4983 dit
321 4945 417 4985 cor
435 4930 571 5000 ejus.
613 4931 731 4987 Erit
765 4932 911 4988 enim
947 4932 1101 5003 quasi
1150 4933 1369 5004 myricae
1395 4933 1449 4988 in
1475 4934 1724 5001 deserto,
1752 4941 1808 4990 et

217 5039 326 5079 non
372 5025 574 5081 videbit
601 5041 724 5082 cum
776 5027 985 5083 venerit
1026 5028 1228 5083 bonum
1254 5069 1267 5092 ,
1315 5028 1407 5083 sed
1441 5029 1707 5086 habitabit
1750 5030 1804 5086 in

219 5118 484 5185 siccitate,
515 5120 568 5173 in
601 5119 911 5186 solitudine,
942 5121 997 5175 in
1035 5129 1182 5176 terra
1236 5120 1529 5192 salsuginis
1555 5130 1611 5177 et
1646 5123 1803 5178 inha-

218 5209 590 5283 bitabili(1er.
620 5213 777 5286 xvu).
816 5233 833 5263 ι
864 5212 933 5267 At
964 5229 1096 5269 vero
1123 5215 1262 5269 bona
1291 5213 1454 5269 arbor
1480 5213 1668 5284 quales
1693 5213 1808 5269 fru-

163 5306 169 5311 ’
218 5310 344 5358 ctus
370 5302 631 5374 proferat,
659 5305 798 5359 idem
824 5305 1086 5375 propheta
1108 5305 1365 5369 declarat,
1398 5304 1623 5360 dicens:
1656 5324 1675 5356 ‹
1706 5303 1806 5361 Be-

222 5394 471 5451 nedictus
501 5396 585 5451 vir
606 5397 701 5466 qui
729 5396 951 5453 confidit
981 5397 1034 5451 in
1065 5397 1313 5463 Domino,
1340 5405 1395 5451 et
1423 5396 1528 5451 erit
1548 5395 1807 5451 Dominus

222 5484 419 5543 fiducia
447 5486 583 5558 ejus,
608 5496 663 5543 et
689 5489 795 5542 erit
818 5482 1070 5556 tanquam
1099 5488 1303 5559 lignum
1328 5490 1471 5558 quod
1504 5488 1806 5558 transplan-

206 5585 393 5633 'tatum
423 5589 509 5634 est
532 5594 691 5636 secus
717 5580 978 5635 decursus
1002 5594 1289 5649 aquarum,
1317 5581 1462 5651 quod
1504 5581 1572 5635 ad
1619 5581 1807 5636 humo.

222 5684 340 5725 rem
380 5671 547 5726 mittit
576 5672 789 5728 radices
817 5686 963 5737 suas,
995 5679 1051 5726 et
1074 5685 1181 5725 non
1214 5671 1424 5728 timebit
1448 5688 1568 5728 cum
1600 5672 1839 5751 venerit.

222 5771 410 5826 aestus,
435 5772 491 5821 et
516 5765 622 5820 erit
650 5764 834 5823 folium
862 5764 981 5833 ejus
1008 5763 1196 5820 viride.
1226 5774 1282 5822 et
1307 5765 1359 5819 in
1383 5772 1625 5828 tempore
1650 5766 1805 5823 sicci-

1913 1883 2067 1955 e'jus,
2098 1900 2205 1941 non
2256 1886 2325 1941 ad
2371 1884 2566 1940 bonam
2611 1886 2859 1939 arborem
2891 1885 3147 1955 pertinet.
3195 1884 3312 1940 Non
3356 1886 3501 1942 enim

1913 1980 2107 2036 suﬂicit
2137 1980 2249 2036 sola
2271 1977 2564 2043 confessio,
2597 1979 2641 2033 si
2672 1975 2905 2032 defuerit
2931 1976 3069 2032 bona
3093 1977 3357 2047 operatio,
3389 1977 3498 2033 Do-

1912 2073 2060 2128 mino
2090 2071 2217 2127 alibi
2241 2070 2456 2126 dicente
2490 2085 2504 2124 :
2542 2086 2561 2119 t
2599 2068 2741 2137 Quid
2766 2080 2946 2123 autem
2989 2068 3195 2125 vocatis
3238 2084 3345 2135 me,
3391 2069 3498 2124 Do—

1914 2163 2080 2229 mine,
2115 2161 2362 2227 Domine,
2393 2169 2581 2216 etnon
2620 2158 2799 2214 facitis
2822 2175 2943 2230 qua:
2973 2159 3130 2215 dico?
3168 2179 3185 2212 ι
3223 2158 3373 2231 (Luc.
3400 2158 3500 2231 vi.)

1914 2256 2051 2311 Hinc
2093 2254 2327 2312 Jacobus
2367 2252 2644 2325 apostolus
2684 2252 2798 2307 ait:
2832 2272 2850 2304 ι
2887 2252 3048 2309 Fides
3091 2253 3206 2308 sine
3246 2255 3501 2324 operibus

1914 2355 2127 2402 mortua
2148 2354 2233 2402 est
2254 2343 2396 2417 (Jac.
2422 2346 2505 2416 ιι).
2540 2365 2559 2398 ι
2592 2343 2746 2400 Unde
2770 2358 2885 2412 eos,
2919 2344 3012 2414 qui
3037 2344 3106 2399 de
3122 2345 3235 2400 sola
3265 2344 3367 2400 ﬁde
3388 2343 3503 2416 glo-

1915 2441 2216 2507 riabantur,
2248 2438 2499 2509 exemplo
2529 2440 2836 2493 daemonum
2866 2437 3080 2503 terruit,
3107 2437 3291 2495 dicens
3316 2455 3327 2492 :
3367 2455 3386 2489 ι
3416 2436 3498 2492 Tu

1911 2532 2092 2588 credis
2115 2531 2371 2602 quoniam
2395 2545 2533 2586 unus
2558 2529 2700 2585 Deus
2719 2536 2824 2595 est,
2848 2529 2985 2584 bene
3006 2529 3202 2594 credis,
3228 2541 3281 2585 et
3303 2531 3503 2587 daemo-

1913 2640 2009 2681 nes
2034 2624 2285 2690 credunt,
2307 2632 2363 2679 et
2381 2622 2807 2680 contremiscunt
2835 2619 3046 2692 (Ibid.).
3085 2642 3105 2674 ι
3141 2620 3288 2689 Quos
3320 2629 3499 2677 autem

1913 2720 2171 2776 Dominus
2201 2735 2297 2789 per
2320 2719 2641 2789 prophetam
2672 2718 2943 2789 reprobat,
2974 2718 3189 2777 dicens:
3214 2738 3232 2771 ί
3264 2716 3499 2789 Populus

1911 2809 2001 2865 hic
2030 2809 2190 2865 labiis
2222 2823 2311 2865 me
2337 2809 2588 2874 honorat,
2620 2824 2715 2863 cor
2742 2817 2925 2867 autem
2946 2824 3139 2864 eorum
3169 2807 3330 2878 longe
3356 2816 3442 2864 est
3469 2822 3500 2862 a

1910 2914 1996 2955 me
2022 2898 2179 2972 (Iani.
2227 2899 2406 2970 xxix),
2445 2919 2465 2951 ι
2500 2899 2637 2955 tales
2678 2908 2918 2977 tempore
2956 2897 3186 2969 judicii,
3215 2898 3345 2970 quia
3386 2899 3505 2954 sine

1909 2993 2085 3049 fructu
2127 2994 2252 3050 boni
2293 2994 2498 3064 operis,
2534 2994 2889 3049 clamabunt:
2924 2993 3150 3050 Domine
3174 3034 3190 3058 ,
3232 2992 3458 3049 Domine
3482 3032 3499 3059 ,

1908 3092 2057 3161 aperi
2083 3090 2263 3157 nobis,
2294 3091 2487 3146 audire
2512 3090 2905 3146 merebuntur:
2934 3108 2954 3141 ι
2976 3090 3149 3145 Amen
3176 3089 3302 3145 dico
3324 3088 3499 3154 vobis,

1910 3183 2094 3238 nescio
2140 3197 2236 3236 vos
2284 3180 2425 3251 (Isa.
2460 3182 2633 3251 χχιι).
2671 3180 2824 3247 »Ωιιί
2871 3195 2999 3251 ergo
3046 3180 3163 3233 vult
3201 3179 3406 3234 intrare
3449 3179 3503 3233 in

1911 3289 2134 3344 regnum
2180 3272 2466 3338 ctelorum,
2510 3288 2618 3327 non
2663 3272 2837 3328 solum
2886 3272 3028 3327 scire
3065 3271 3335 3327 desideret
3375 3270 3505 3341 quid

1910 3366 2041 3421 velit
2063 3365 2224 3429 Deus,
2255 3363 2352 3419 sed
2376 3362 2543 3417 etiam
2573 3362 2797 3434 implere
2837 3362 2981 3431 quod
3002 3361 3341 3431 jubet,quia,
3365 3361 3507 3417 sicut

1878 3457 2175 3513 .Dominus
2202 3456 2277 3511 ait
2304 3456 2356 3510 in
2383 3455 2678 3527 Evangeiio
2714 3473 2727 3509 :
2762 3474 2781 3507 ι
2818 3454 2969 3510 Beati
3005 3455 3095 3524 qui
3127 3454 3352 3510 audiunt
3379 3469 3501 3510 ver-

1909 3548 2037 3603 bum
2060 3546 2177 3613 Dei,
2199 3554 2258 3602 et
2292 3546 2606 3601 custodiunt
2650 3544 2781 3601 illud
2817 3543 2971 3617 (L'uc.
3000 3544 3101 3615 xi).
3150 3565 3169 3597 ι
3209 3544 3278 3599 Et
3310 3544 3505 3599 iterum

1910 3638 2186 3710 discipulis
2227 3656 2241 3694 :
2291 3636 2457 3694 Scitis
2500 3638 2649 3706 haec,
2696 3638 2842 3695 beati
2873 3637 3062 3705 eritis,
3088 3636 3134 3693 si
3169 3635 3409 3693 feceritis
3439 3652 3506 3692 ea

1912 3733 2098 3806 (Joan.
2126 3733 2271 3806 xm).

2456 3821 2741 3881 HOMILIA
2782 3823 2970 3881 CXX].

2154 3931 2410 3974 DOIIRICA
2446 3932 2647 3973 DECIMA
2680 3931 2811 3973 POST
2852 3930 3252 3973 Ρειητεοθδτειι.

1980 4008 2137 4080 (Luc.
2165 4008 2305 4081 xvr.)
2331 4031 2350 4063 ι
2382 4010 2439 4065 In
2470 4009 2561 4065 illo
2588 4019 2855 4079 tempore,
2885 4008 3019 4065 dixit
3045 4007 3205 4065 Jesus
3232 4006 3508 4079 discipulis

1914 4120 1937 4154 ς
1974 4102 2090 4158 suis
2119 4101 2433 4173 parabolam
2465 4103 2644 4157 hanc:
2677 4099 2853 4157 Homo
2894 4101 3113 4171 quidam
3145 4108 3267 4156 erat
3315 4100 3464 4156 dives
3490 4140 3505 4166 ,

1917 4211 1937 4243 ι
1977 4192 2068 4261 qui
2122 4193 2356 4253 habebat
2397 4193 2656 4249 viliicum.
2710 4213 2729 4247 ι
2759 4193 2829 4248 Ει
2875 4192 3099 4265 reliqua.
3154 4192 3294 4249 Usus
3341 4207 3509 4248 same

1915 4282 2211 4355 Scriptura:
2247 4294 2333 4341 est
2353 4326 2367 4350 ,
2400 4293 2459 4339 ut
2486 4286 2776 4357 aliquando
2797 4284 2953 4354 juxta
2991 4285 3227 4340 litteram
3252 4285 3332 4340 sic
3361 4300 3509 4354 qua:-

1915 4377 2037 4432 dam
2068 4378 2212 4433 facta
2236 4386 2649 4445 commemoret,
2686 4387 2748 4432 ut
2776 4386 2956 4433 tamen
2990 4375 3322 4432 intellectum
3348 4376 3509 4446 spiri-

1920 4460 2119 4527 tualém
2166 4471 2219 4527 in
2259 4471 2341 4526 eis
2370 4470 2634 4541 requirat,
2666 4469 2958 4539 aliquando
3000 4483 3131 4523 vero
3167 4466 3506 4523 solummodo

1918 4580 2016 4636 per
2041 4564 2451 4620 similitudinem
2476 4548 2721 4633 quaedam
2751 4561 3075 4633 proferenda
3096 4567 3505 4626 commemoret,

1916 4667 1977 4712 ut
2024 4656 2295 4712 audientis
2344 4656 2589 4711 animum
2641 4655 2711 4711 ad
2761 4653 3165 4725 intelligendum
3216 4652 3507 4709 invisibilia

1913 4747 2169 4803 emolliat.
2211 4745 2367 4814 Quod
2412 4747 2466 4803 in
2510 4744 2800 4817 Evangelia
2844 4743 3179 4814 frequentius
3209 4743 3503 4812 invenitur,

1913 4842 2002 4898 ubi
2028 4856 2096 4897 ex
2123 4841 2453 4911 praecedenti
2483 4840 2852 4896 admonitione
2899 4837 3199 4894 similitudo
3234 4836 3499 4903 nascitur,

1908 4942 1965 4989 et
2008 4950 2076 4990 ex
2124 4935 2313 4989 eadem
2357 4931 2712 4989 similitudine
2770 4930 3066 4989 admonitio
3113 4929 3449 4987 subinfertur
3487 4949 3499 4985 :

1911 5028 2067 5098 Quod
2095 5037 2383 5099 utrumque
2409 5029 2466 5083 in
2498 5029 2602 5084 hac
2634 5026 2989 5083 similitudine
3013 5025 3426 5097 cognoscimus,
3454 5024 3500 5080 si

1911 5123 2275 5196 praecedentia
2317 5131 2373 5178 et
2400 5121 2787 5193 subsequentia
2826 5120 3142 5192 diligentius
3170 5118 3497 5176 considere-

1913 5232 2052 5273 mus.
2084 5215 2220 5271 Nam
2252 5231 2376 5271 cum
2417 5214 2779 5270 accessissent
2805 5211 3080 5283 publicani
3108 5218 3164 5267 et
3187 5218 3502 5281 peccatores

1912 5311 1979 5365 ad
2003 5309 2187 5366 Iesum
2213 5317 2274 5364 ut
2298 5308 2549 5364 audirent
2585 5300 2753 5373 illum,
2777 5316 2833 5363 et
2858 5313 3265 5362 murmurarent
3290 5301 3503 5359 Scriba:

1910 5412 1968 5457 et
2000 5401 2285 5468 Pharisaei,
2316 5410 2375 5455 ut
2399 5416 2561 5471 supra
2602 5398 2937 5472 evangelista
2979 5397 3195 5463 retulit,
3222 5392 3506 5466 proposuit

1910 5495 1992 5550 eis
2015 5492 2426 5549 similitudinem
2452 5500 2670 5547 centum
2699 5491 2906 5557 ovium,
2930 5498 2988 5546 et
3014 5488 3174 5543 unius
3203 5483 3427 5555 perditae
3450 5489 3506 5538 et

1913 5587 2165 5642 iuventte.
2191 5585 2395 5642 Deinde
2411 5584 2659 5654 adjunxit
2697 5582 3107 5641 similitudinem
3150 5579 3339 5634 decem
3389 5576 3507 5632 dra-

1916 5675 2224 5745 chmarum,
2258 5676 2622 5749 gaudiumque
2658 5675 2799 5732 dixit
2815 5689 2938 5732 esse
2966 5676 3022 5728 in
3050 5669 3191 5728 cmlo
3216 5684 3378 5741 super
3400 5683 3507 5725 uno

1917 5776 2201 5837 peccatore
2233 5766 2613 5840 pmnitentiam
2645 5775 2860 5837 agente.
2892 5762 3133 5821 Tertiam
3160 5775 3375 5833 quoque
3411 5759 3505 5817 ad-
