4014 6354
553 309 656 380 fit?

1165 319 1519 376 HAYMONIS
1557 317 2036 376 HALBERSTAT.
2080 317 2296 376 EPISC.
2335 316 2483 374 OPP.
2524 316 2704 374 PARS
2739 318 2802 374 ll.
2840 310 2922 361 -—'-'
2947 319 3182 378 HOMIL.

3728 316 3848 370 ωε

552 443 689 501 didit
717 441 1120 498 similitudinem
1163 439 1231 495 de
1273 437 1498 510 prodigo
1529 436 1640 492 ﬁlio
1664 479 1679 503 ,
1711 437 1802 507 qui
1849 435 2134 507 dissipavit
2159 440 2213 500 Α
2239 433 2313 489 tia
2338 434 2482 505 apud
2507 432 2713 489 inferos
2733 434 2840 490 erit
2873 433 3074 506 (Eccle.
3104 433 3254 504 rx)!»
3289 432 3446 491 Unde
3480 447 3580 506 per
3600 427 3844 491 Psah'ni-

551 537 910 592 substantiam
952 549 1107 589 suam
1149 548 1272 588 cum
1322 529 1742 588 meretricibus:
1771 538 1957 600 postea
2004 542 2135 585 vero

549 643 714 699 quam
739 641 898 699 egere
923 625 1194 695 coepisset,
1227 623 1654 680 misericorditer
1677 638 1743 678 ac
1771 622 2076 693 benigniter
2103 637 2134 676 a

547 719 709 775 Patre
737 726 1017 789 susceptus
1043 725 1148 773 est.
1177 716 1279 773 Ubi
1306 732 1428 772 cum
1469 716 1797 772 ostendisset
1821 725 2135 786 peccatores

547 825 835 866 conversos
873 825 980 865 non
1025 808 1198 865 solum
1246 825 1353 864 non
1398 825 1519 864 esse
1563 807 2008 873 contemnendos,
2038 807 2133 863 sed

544 899 707 955 etiam
730 898 1092 970 recipiendos,
1123 906 1185 953 ut
1215 898 1426 954 animos
1457 897 1847 967 discipulorum
1879 897 1945 952 ad
1971 897 2132 953 mise-

545 991 835 1048 ricordiam
886 999 1230 1062 provocaret,
1278 1005 1574 1047 conversus
1621 991 1690 1045 ad
1741 989 1896 1055 illos,
1947 989 2127 1044 dixit:

548 1099 568 1134 ι
603 1081 774 1138 Homo
813 1071 1035 1154 quidam
1077 1089 1198 1138 erat
1227 1082 1376 1138 dives
1399 1123 1414 1148 ,
1446 1089 1501 1137 et
1537 1079 1771 1136 habebat
1812 1079 2070 1136 villicum.
2105 1099 2123 1133 ι

539 1179 620 1236 Ex
649 1195 755 1250 qua
805 1177 1156 1236 similitudine
1196 1178 1505 1234 exhortatio
1547 1184 1673 1232 nata
1710 1183 1824 1241 est,
1872 1190 1997 1232 cum
2037 1175 2130 1231 illa

540 1271 713 1335 ﬁnita,
743 1272 944 1327 dicitur
974 1287 990 1326 :

616 1383 632 1414 ι
670 1363 736 1417 Ει
762 1379 860 1434 ego
883 1362 1040 1418 vobis
1065 1362 1186 1418 dico
1213 1379 1226 1416 :
1255 1360 1438 1417 Facite
1464 1362 1618 1417 vobis
1639 1361 1844 1416 amicos
1867 1359 1936 1415 de
1957 1375 2128 1414 mam-

544 1473 562 1506 ι
594 1470 755 1510 mona
782 1454 1133 1524 iniquitatis.»
1157 1454 1225 1508 Et
1254 1455 1477 1524 reliqua.
1508 1453 1612 1510 Sed
1633 1455 1758 1524 quia
1777 1454 1907 1510 haec
1933 1469 2031 1523 per
2059 1452 2128 1508 si-

537 1546 899 1602 militudinem
929 1546 1073 1602 dicta
1095 1555 1240 1611 sunt,
1263 1546 1392 1617 quid
1421 1545 1772 1616 spiritualiter
1797 1545 2122 1614 significent,

535 1639 776 1695 breviter
798 1654 1226 1695 commemorare
1245 1639 1395 1695 libet.
1422 1637 1814 1709 Spiritualiter,
1841 1637 2004 1692 homo
2024 1637 2125 1694 iste

539 1729 682 1786 Deus
710 1729 1050 1800 omnipotens
1078 1737 1183 1795 est,
1206 1728 1274 1784 de
1299 1744 1408 1799 quo
1435 1729 1697 1798 scriptum
1741 1735 1824 1782 est
1853 1745 1865 1781 :
1903 1745 1922 1778 ί
1953 1726 2125 1782 Homo

2239 535 2375 582 stam
2410 527 2520 583 Deo
2548 526 2748 583 dicitur
2780 545 2792 582 :
2829 545 2852 579 ι
2887 527 2944 582 ln
2986 525 3198 583 inferno
3229 535 3411 583 autem
3439 529 3564 599 quis
3591 529 3809 586 eonfite

2235 620 2382 677 bitur
2401 620 2426 674 ?
2447 639 2464 673 ι
2486 617 2661 692 (Paul.
2686 619 2786 689 vr.)
2810 619 3162 686 Subauditur,
3180 620 3378 676 nullus.
3407 620 3616 688 Quibus
3642 638 3841 679 exem-

2234 709 2338 781 plis
2386 711 2586 776 territi,
2643 710 2923 766 imitemur
2964 710 3237 778 villicum,
3264 712 3358 782 qui
3397 713 3454 768 in
3495 711 3684 770 futuro
3725 715 3836 771 sibi

2235 800 2528 869 prudenter
2550 801 2818 872 praevidit,
2841 802 3027 858 dicens
3051 802 3195 858 intra
3229 817 3289 858 se
3315 821 3330 857 :

2269 919 2271 921 ι
2309 911 2327 944 ι
2365 892 2504 960 Quid
2535 891 2764 959 faciam,
2791 894 2919 966 quia
2968 895 3228 951 Dominus
3267 910 3422 952 meus
3464 898 3646 954 aufert
3676 914 3710 953 a
3742 915 3836 955 me

2239 1004 2259 1037 ι
2293 985 2717 1042 villicationem?
2744 987 2952 1044 Fodere
2987 1003 3094 1044 non
3135 988 3287 1044 valeo
3306 1030 3321 1053 ,
3353 991 3670 1048 mendicare
3695 1008 3835 1048 eru-

2239 1095 2257 1127 ι
2292 1076 2473 1133 besco.
2507 1077 2632 1134 Seio
2667 1080 2796 1150 quid
2831 1079 3048 1147 faciam,
3082 1090 3141 1136 ut
3175 1097 3302 1138 cum
3346 1092 3561 1138 amotus
3603 1083 3768 1140 fuero
3799 1101 3831 1140 a

2238 1184 2256 1218 ‹
2293 1167 2641 1237 villicatione,
2677 1171 2941 1241 recipiant
2963 1187 3053 1227 me
3079 1171 3132 1226 in
3163 1173 3351 1229 domos
3372 1190 3520 1230 suas.
3557 1194 3576 1228 ι
3616 1175 3832 1233 Fodere

2229 1258 2556 1314 rustieon
2605 1267 2725 1327 est,
2774 1260 3084 1320 mendicare
3139 1261 3491 1319 confusionis.
3543 1264 3828 1321 Fodienda

2228 1348 2372 1402 enim
2399 1349 2595 1420 agitur,
2622 1359 2684 1406 ut
2710 1352 2918 1421 species
2946 1361 3125 1420 terrae,
3157 1371 3279 1426 quae
3305 1355 3446 1410 infra
3473 1355 3635 1421 latet,
3667 1366 3827 1412 extra

2227 1447 2512 1508 appareat:
2539 1448 2594 1496 et
2613 1442 2984 1511 quzeexterius
3009 1452 3252 1515 apparet,
3279 1445 3537 1501 deorsum
3561 1447 3823 1516 jaciatur.

2228 1530 2368 1598 Quid
2403 1540 2586 1586 autem
2617 1547 2712 1604 per
2751 1533 3049 1591 fossionem
3073 1576 3088 1602 ,
3131 1536 3235 1591 nisi
3273 1537 3547 1593 confessio
3571 1549 3824 1607 peccato-

2228 1637 2350 1678 rum
2379 1611 2731 1697 designatur?
2769 1627 2923 1684 Sicut
2947 1643 3078 1700 ergo
3117 1627 3368 1685 fodiendo
3392 1638 3555 1686 terrae
3581 1631 3825 1700 speciem

2227 1715 2518 1780 vertimus,
2572 1716 2648 1771 ita
2694 1731 2916 1774 vomere
2960 1719 3392 1790 compunctionis
3433 1721 3603 1775 corda
3637 1732 3822 1779 nostra

534 1828 641 1886 est,
684 1830 738 1876 et
767 1821 889 1891 quis
929 1824 1216 1890 cognoscet
1263 1820 1425 1874 eum?
1460 1840 1480 1873 ι
1512 1817 1647 1890 (Jer.
1674 1817 1832 1889 xvu.)
1863 1817 1967 1883 Et,
1995 1832 2122 1872 ecce
2150 1807 2198 1867 B
2226 1814 2531 1872 εκπεηιθεν
2565 1815 2789 1877 P900am
2818 1825 2938 1880 quae
2986 1809 3213 1866 ίιιιθτίυε
3241 1810 3442 1878 mem,
3479 1827 3583 1883 Per
3609 1815 3821 1870 οοηίθθ

533 1911 715 1965 veniet
740 1910 882 1965 Deus
907 1918 962 1965 et
983 1910 1146 1965 homo
1174 1911 1241 1965 de
1270 1909 1431 1965 domo
1459 1907 1647 1964 David.
1683 1907 1787 1975 Qui
1815 1907 1954 1963 bene
1973 1906 2122 1961 dives

531 2015 651 2056 esse
679 2001 898 2066 dicitur,
928 2001 1056 2070 quia
1085 2000 1227 2070 apud
1265 1999 1414 2054 illum
1446 2008 1572 2055 sunt
1605 2017 1625 2051 ‹
1661 2013 1851 2055 omnes
1879 1998 2122 2053 thesauri

530 2093 808 2164 sapientiae
833 2100 888 2148 et
913 2092 1154 2148 scientia:
1180 2092 1481 2148 absconditi
1511 2090 1650 2164 (Col.
1678 2092 1762 2163 ιι).
1803 2110 1821 2143 ι
1851 2089 2019 2160 Cujus
2044 2089 2123 2145 di-

529 2187 783 2241 vitiarum
812 2185 1240 2257 magnitudinem
1265 2200 1366 2240 nec
1394 2185 1483 2240 ille
1508 2185 1858 2241 considerare
1883 2183 2118 2249 valebat,

528 2279 620 2349 qui
646 2286 933 2348 postquam
956 2277 1025 2334 ad
1051 2278 1273 2333 tertium
1302 2276 1501 2332 etelum
1531 2277 1728 2332 ductus
1757 2275 1954 2343 fuerat,
1981 2277 2122 2332 dice-

527 2369 621 2424 bat
651 2387 664 2422 :
704 2389 724 2421 ‹
752 2369 797 2425 Ο
827 2368 1057 2424 altitudo
1100 2368 1414 2423 divitiarum
1461 2369 1740 2440 sapientiae
1785 2377 1841 2424 et
1876 2367 2119 2424 scientiae

527 2461 645 2528 Dei,
675 2476 840 2532 quam
882 2461 1459 2532 incomprehensibilia
1490 2470 1618 2517 sunt
1641 2461 1844 2532 judicia
1885 2461 2037 2533 ejus,
2065 2471 2121 2518 et

524 2552 928 2624 investigabiles
953 2553 1056 2608 via:
1084 2553 1232 2623 ejus!
1260 2574 1278 2606 ι
1313 2553 1492 2624 (Rom.
1527 2555 1628 2625 x1.)
1660 2554 1807 2610 Illius
1833 2554 1996 2611 villici
2019 2570 2118 2611 nos

524 2661 711 2701 sumus
758 2660 894 2715 quos
942 2645 1010 2700 ad
1057 2645 1349 2717 imaginem
1395 2655 1450 2702 et
1496 2646 1907 2702 similitudinem
1961 2663 2116 2703 suam

522 2737 752 2803 creavit,
777 2735 971 2807 quibus
991 2737 1155 2792 etiam
1177 2753 1395 2794 sensum
1422 2746 1478 2793 et
1502 2738 1835 2794 intellectum
1859 2739 2108 2810 praebuit.

525 2827 753 2885 Villicus
778 2829 922 2885 enim
951 2845 984 2884 a
1010 2829 1138 2884 villa
1162 2846 1360 2886 nomen
1390 2831 1615 2901 accepit,
1641 2832 1734 2901 qui
1765 2831 1954 2887 alienae
1973 2831 2116 2886 villa:

522 2935 710 2974 curam
726 2919 930 2976 habere
952 2921 1308 2993 dignoscitur,
1330 2937 1493 2993 quem
1528 2939 1627 2978 nos
1639 2939 2006 2991 oeconomum,
2028 2924 2114 2981 vel

519 3011 794 3084 divulgato
827 3027 1082 3069 sermone
1124 3015 1552 3084 dispensatorem
1593 3031 1882 3086 possumus
1925 3015 2109 3088 appel-

2229 1898 2441 1954 sionem
2457 1901 2752 1970 aperimus.
2773 1902 2841 1957 Et
2868 1903 2991 1958 inde
3012 1917 3076 1958 ea
3097 1911 3222 1958 ante
3250 1903 3437 1960 oculos
3456 1905 3680 1962 Domini
3702 1907 3821 1962 abs-

2227 1992 2532 2057 condimus,
2555 1992 2700 2062 quod
2727 2007 2827 2063 per
2860 1993 3042 2050 cordis
3064 1995 3540 2065 compunctionem
3568 2011 3636 2052 ea
3665 1997 3816 2052 mini-

2223 2083 2351 2138 stris
2378 2082 2474 2138 Dei
2497 2083 2805 2140 conlitendo
2831 2085 3139 2156 pandimus,
3170 2085 3313 2142 sicut
3340 2103 3473 2144 voce
3499 2089 3816 2159 paenitentis

2223 2174 2278 2228 in
2311 2173 2522 2244 psalmo
2553 2174 2750 2247 legitur
2780 2191 2794 2231 :
2831 2194 2851 2228 ι
2887 2176 3152 2232 Delictum
3187 2193 3368 2234 meum
3409 2180 3693 2250 cognitum
3720 2179 3810 2233 tibi

2221 2265 2324 2322 feci
2360 2264 2535 2338 (Psal.
2582 2267 2756 2341 xxxi).
2807 2289 2826 2322 ι
2866 2268 2935 2324 Et
2969 2270 3164 2326 iterum
3195 2288 3208 2325 :
3237 2289 3256 2324 ι
3301 2270 3464 2339 Dixi,
3509 2272 3811 2328 conﬁtebor

2223 2360 2506 2416 adversum
2547 2376 2634 2416 me
2672 2361 2994 2433 injustitiam
3039 2378 3216 2418 meam
3262 2364 3516 2431 Domino,
3549 2375 3607 2420 et
3635 2375 3695 2420 tu
3727 2381 3811 2421 re-

2223 2452 2422 2530 misisti
2471 2453 2808 2524 impietatem
2858 2455 3069 2526 peccati
3112 2456 3220 2512 mei
3247 2455 3458 2529 (Ibid.).
3493 2476 3514 2510 ι
3557 2456 3717 2514 Unde
3762 2459 3812 2514 in

2221 2544 2337 2616 lege
2367 2545 2666 2618 ﬁguraliter
2685 2549 3020 2618 praecipitur,
3058 2557 3119 2604 ut
3151 2548 3409 2606 lsraelitze
3433 2560 3734 2622 pergentes
3761 2551 3810 2606 in

2220 2637 2415 2694 itinere
2456 2639 2688 2710 paxillos
2717 2639 2871 2710 juxta
2901 2641 3104 2698 balteos
3139 2640 3362 2708 ferrent,
3407 2651 3465 2698 et
3504 2645 3722 2716 egressi
3751 2646 3810 2700 ad

2218 2735 2543 2806 requirenda
2572 2738 2893 2797 necessaria.
2921 2748 3160 2805 naturae,
3205 2738 3473 2796 fodientes
3506 2741 3566 2796 in
3612 2751 3808 2798 terram

2220 2836 2462 2883 stercora
2507 2829 2674 2886 humo
2709 2831 2987 2900 operirent
3031 2831 3212 2902 (Deut.
3268 2832 3452 2904 xxiii).
3499 2830 3664 2888 Sicut
3693 2848 3812 2904 ergo

2216 2935 2315 2991 per
2341 2920 2574 2990 paxillos
2595 2923 2778 2978 cordis
2801 2922 3162 2994 compunctio,
3192 2923 3272 2979 sic
3292 2939 3390 2994 per
3415 2932 3672 2981 stercora
3695 2940 3812 2996 pec-

2217 3023 2339 3068 cata
2362 3013 2734 3084 designantur,
2759 3014 2974 3071 dicente
2995 3015 3291 3086 propheta:
3312 3034 3331 3067 ι
3352 3015 3812 3087 Computruerunt

521 3102 653 3158 lare.
684 3103 972 3160 Et'revera
997 3119 1225 3175 magnas
1262 3121 1390 3160 suas
1424 3105 1642 3160 divitias
1672 3104 1816 3162 Deus
1859 3107 2110 3178 omnipo-
2146 3167 2184 3179 _
2211 3101 2456 3174 jumenta
2500 3105 2556 3159 in
2593 3113 2833 3161 stercore
2876 3121 2975 3162 suo
3017 3105 3178 3176 (Joel.
3209 3104 3272 3177 ι).
3313 3126 3332 3158 ι
3372 3105 3642 3162 Jubemur
3690 3122 3810 3179 ergo

521 3201 645 3250 tens
671 3195 826 3252 nobis
850 3167 1154 3263 commisit,
1197 3197 1416 3266 quando
1451 3196 1772 3252 rationalem
1813 3167 2034 3254 sensum
2057 3208 2112 3256 et
2140 3167 2186 3230 ο
2211 3167 2449 3266 paxillus
2479 3197 2683 3254 habere
2705 3197 2861 3268 juxta
2889 3167 3129 3265 balteos,
3156 3207 3216 3254 ut
3231 3167 3562 3269 'quotidiana
3588 3167 3808 3270 peccata

521 3286 854 3342 intellectum
909 3303 1255 3343 communem
1307 3303 1430 3343 cum
1480 3287 1690 3358 angelis
1736 3303 1849 3358 prae
1899 3289 2112 3346 caeteris

431 3369 436 3372 ”
518 3385 787 3441 creaturis
813 3385 1024 3442 tribuit.
1054 3385 1190 3440 Male
1218 3394 1398 3441 autem
1429 3386 1646 3441 divitias
1681 3385 1896 3442 Domini
1936 3386 2109 3442 nostri

519 3476 922 3545 dispensamus,
951 3477 1166 3547 quando
1193 3492 1412 3532 sensum
1444 3477 1809 3542 discretionis,
1839 3492 2001 3548 quem
2041 3476 2110 3532 ad

519 3585 679 3625 usum
717 3569 844 3624 boni
883 3570 1216 3640 accepimus,
1254 3569 1311 3625 in
1356 3585 1514 3625 usum
1549 3569 1914 3626 convertimus
1947 3569 2109 3626 vitio-

517 3678 662 3717 rum.
688 3661 1044 3716 Diﬂ'amamur
1075 3671 1256 3717 autem
1279 3661 1420 3732 apud
1443 3661 1751 3728 Dominum,
1779 3662 1923 3732 quod
1953 3663 2110 3720 dissi-

523 3767 711 3823 pemus
740 3753 884 3808 bona
923 3751 1095 3822 ipsius
1121 3793 1136 3819 ,
1173 3753 1300 3822 quia
1347 3768 1454 3809 non
1497 3753 1671 3808 solum
1717 3754 1881 3809 corda
1922 3762 2108 3810 nostra

519 3844 804 3914 conspicit,
834 3842 989 3913 cujus
1011 3844 1184 3900 oculis
1211 3844 1355 3900 nuda
1381 3853 1434 3900 et
1460 3855 1646 3916 aperta
1675 3854 1801 3901 sunt
1821 3847 2030 3913 omnia,
2053 3854 2113 3900 ut

518 3936 735 4003 videat,
769 3938 815 3993 si
843 3946 928 3994 est
952 3937 1291 4009 intelligens,
1321 3947 1414 3992 aut
1444 3939 1731 4010 requirens
1760 3939 1929 3996 Deum
1954 3980 1972 4007 ,
2014 3940 2112 3996 sed

523 4028 688 4083 etiam
713 4030 781 4086 ab
801 4029 1007 4101 angelis
1021 4030 1294 4100 deputatis
1315 4040 1502 4088 nostra
1532 4047 1696 4103 opera
1727 4033 1815 4089 die
1836 4043 2110 4106 noctuque

517 4119 593 4175 illi
634 4121 982 4190 nuntiantur,
1033 4123 1174 4178 sicut
1222 4123 1342 4179 viro
1378 4124 1528 4196 justo
1572 4125 1638 4180 ab
1675 4125 1867 4196 angelo
1905 4126 2109 4182 dictum

515 4222 600 4270 est
630 4232 644 4268 :
675 4234 694 4266 ι
731 4213 864 4269 Cum
903 4215 1165 4281 oraretis,
1214 4231 1314 4287 ego
1359 4217 1530 4273 obtuli
1573 4217 1849 4272 orationes
1895 4227 2108 4273 vestras

519 4313 644 4359 ante
674 4305 843 4360 Deum
868 4303 1021 4375 (Tob.
1047 4306 1169 4378 xu).
1210 4326 1228 4358 ι
1263 4307 1391 4362 Sive
1415 4317 1562 4362 certe
1596 4306 1939 4362 dill'amamur
1965 4308 2108 4378 apud

515 4395 800 4453 Dominum
827 4406 1097 4464 nostrum,
1117 4397 1335 4469 quando
1358 4414 1426 4452 ex
1450 4397 1743 4468 nobisipsis
1763 4399 1962 4454 malam
1990 4400 2109 4471 opi-

514 4487 730 4543 nionem
758 4486 971 4553 damus,
1012 4487 1069 4543 in
1095 4497 1329 4553 tantum,
1358 4496 1419 4542 ut
1451 4487 1712 4558 pudorem
1743 4489 1826 4545 vel
1857 4505 2108 4546 reveren-

2215 3287 2530 3358 quotidiana
2579 3289 2905 3360 paenitentia
2963 3298 3020 3346 et
3083 3292 3501 3361 compunctione
3556 3290 3808 3348 fodiendo

2213 3381 2610 3452 cooperiemus.
2635 3381 2944 3438 Mendicare
2970 3384 3136 3448 enim,
3165 3393 3226 3438 ut
3251 3384 3509 3450 diximus,
3532 3385 3805 3441 confusio-

2213 3472 2300 3527 nis
2327 3481 2431 3539 est,
2453 3474 2688 3529 maxime
2708 3473 2800 3530 illo
2826 3475 3062 3544 pessimo
3084 3490 3283 3546 genere
3309 3477 3685 3544 mendicandi,
3709 3493 3806 3549 quo

2214 3561 2392 3618 fatuas
2417 3562 2660 3634 virgines
2683 3563 2914 3634 legimus
2940 3565 3300 3632 mendicasse,
3325 3567 3547 3638 quando
3575 3569 3805 3640 pruden-

2214 3651 2358 3708 tibus
2383 3653 2640 3708 dixerunt
2662 3653 2878 3728 (Matth.
2907 3656 3036 3729 xxv)
3064 3675 3076 3712 :
3109 3676 3128 3708 ‹
3150 3657 3284 3714 Date
3304 3659 3462 3715 nobis
3484 3661 3553 3716 de
3582 3661 3705 3717 oleo
3727 3678 3805 3716 ve-

2213 3754 2347 3810 stro,
2372 3746 2498 3816 quia
2532 3746 2810 3818 lampades
2837 3757 3038 3806 nostrae
3067 3751 3509 3822 exstinguuntur.
3553 3773 3573 3806 ι
3603 3753 3802 3820 Quibus

2212 3837 2416 3893 dictum
2443 3848 2564 3894 est:
2602 3859 2621 3892 ι
2649 3839 2728 3895 Ne
2771 3840 2912 3897 forte
2941 3857 3050 3898 non
3079 3841 3312 3899 suﬂiciat
3337 3845 3496 3900 nobis
3542 3855 3601 3900 et
3637 3847 3800 3909 vobis,

2212 3929 2288 3986 ite
2327 3931 2506 4002 potius
2537 3932 2605 3988 ad
2631 3933 2946 4000 vendentes,
2968 3943 3023 3990 et
3052 3936 3216 3991 emite
3247 3937 3422 3993 vobis.
3449 3957 3469 3989 ι
3491 3937 3695 4008 Dequo
3720 3953 3802 4008 ge-

2215 4038 2345 4079 nere
2372 4025 2608 4095 pessimo
2648 4026 2990 4082 mendicandi
3018 4027 3183 4082 etiam
3217 4042 3319 4098 per
3345 4027 3698 4084 Salomonem
3730 4029 3801 4083 di-

2217 4116 2361 4171 citur
2388 4135 2402 4170 :
2440 4136 2458 4168 ι
2491 4115 2719 4188 Propter
2739 4117 2911 4189 frigus
2937 4119 3090 4191 piger
3118 4134 3277 4175 arare
3307 4119 3504 4186 noluit,
3532 4121 3800 4177 mendica—

2210 4206 2292 4262 bit
2323 4223 2452 4279 ergo
2475 4217 2684 4276 aastate,
2713 4218 2768 4265 et
2796 4225 2905 4264 non
2949 4211 3166 4266 dabitur
3205 4212 3263 4290 ei.
3294 4209 3480 4283 (Prov.
3515 4217 3633 4284 xx).
3678 4233 3697 4267 ι
3722 4214 3800 4266 Ait

2210 4314 2342 4370 ergo
2377 4299 2592 4357 villicus
2632 4319 2645 4355 ε
2681 4320 2700 4353 ‹
2733 4300 2942 4356 Fodere
2973 4317 3078 4357 non
3105 4302 3293 4370 valeo,
3335 4304 3652 4360 mendicare
3683 4321 3797 4359 eru-

2210 4395 2390 4451 besco.
2425 4414 2444 4448 ι
2479 4395 2618 4464 Quia
2643 4404 2765 4466 post
2788 4407 3021 4452 mortem
3048 4411 3150 4452 nec
3176 4397 3515 4454 fructuosam
3539 4400 3796 4470 paeniten-

2213 4488 2342 4542 tiam
2380 4490 2446 4545 de
2482 4488 2642 4544 malis
2671 4504 2834 4560 agere
2857 4488 3063 4556 licebit,
3089 4505 3190 4546 nec
3230 4491 3283 4545 in
3325 4491 3485 4547 bonis
3523 4507 3792 4554 exercere.

514 4573 646 4630 tiam
671 4575 774 4647 piis
806 4578 1080 4643 mentibus
1106 4553 1524 4649 ingeramusiut
1549 4579 1718 4633 simus
1747 4579 1813 4635 de
1839 4579 1966 4648 illis,
1989 4583 2108 4652 qui-
2133 4553 2188 4614 Β
2215 4581 2357 4636 sicut
2379 4596 2513 4638 voce
2534 4553 2812 4650 sapientiae
2838 4595 2936 4651 per
2955 4553 3312 4660 .SalomOIiem
3350 4584 3417 4639 de
3452 4583 3702 4654 reprobis
3724 4553 3793 4638 die

513 4665 616 4722 bus
637 4667 712 4720 ait
735 4667 1084 4736 Apostoluszc
1107 4667 1313 4725 Nomen
1338 4668 1436 4724 Dei
1463 4683 1564 4739 per
1576 4683 1674 4724 vos
1701 4669 2108 4741 blasphematur

514 4757 658 4812 inter
705 4766 892 4827 gentes
922 4758 1095 4830 (Rom.
1135 4760 1220 4831 ιι).
1257 4779 1275 4813 ι
1309 4759 1416 4816 Sed
1459 4761 1700 4831 nunquid
1729 4777 1943 4833 semper
1965 4764 2108 4820 male

518 4849 736 4906 divitias
766 4850 980 4906 Domini
1022 4854 1412 4912 tractabimus?
1434 4855 1570 4913 Non.
1617 4859 1757 4913 Audi
1798 4861 2097 4930 sequentia.

592 4961 610 4993 ‹
645 4941 713 4996 Et
741 4943 954 4998 vocavit
981 4943 1150 5013 illum,
1183 4955 1240 5001 et
1266 4948 1343 5002 ait
1366 4947 1444 5003 illi
1473 4967 1485 5002 :
1514 4948 1655 5016 Quid
1703 4951 1806 5006 hoc
1847 4951 2010 5008 audio
2037 4955 2105 5009 de

520 5051 538 5085 ι
572 5034 658 5089 te?
701 5033 887 5091 Redde
939 5037 1207 5095 rationem
1248 5039 1599 5096 villicationis
1647 5051 1766 5098 tum.
1809 5043 1930 5101 Jam
1957 5047 2105 5102 enim

520 5143 539 5176 ι
574 5141 682 5181 non
710 5128 916 5198 poteris
945 5129 1209 5188 villicare.
1251 5149 1271 5183 ι
1308 5131 1608 5202 Dupliciter
1635 5149 1736 5191 nos
1760 5146 1922 5193 vocat
1963 5137 2105 5192 Deus

515 5216 568 5270 in
587 5219 841 5286 praesenti
862 5221 928 5276 ad
951 5222 1350 5292 ptenitentiam,
1371 5230 1425 5278 et
1448 5223 1502 5278 in
1533 5222 1714 5281 futuro
1733 5226 1801 5282 ad
1812 5226 2098 5296 judicium.

515 5305 784 5367 Voeamur
815 5329 944 5385 ergo
972 5316 1041 5371 ad
1072 5315 1400 5371 reddendam
1447 5318 1714 5374 rationem
1753 5319 2104 5377 villicationis

512 5413 734 5471 nostrae,
764 5422 888 5463 cum
911 5409 977 5463 de
1001 5409 1255 5478 praesenti
1292 5409 1402 5464 vita
1430 5409 1499 5465 ad
1525 5410 1643 5481 ejus
1658 5411 1926 5483 judicium
1947 5414 2094 5470 duci-

513 5510 652 5564 mur,
685 5499 777 5554 ubi
816 5515 922 5554 non
953 5499 1126 5554 solum
1160 5500 1227 5554 de
1255 5515 1420 5572 Opere
1441 5543 1454 5569 ,
1494 5504 1591 5559 sed
1616 5505 1783 5562 etiam
1817 5506 1885 5562 de
1921 5507 2098 5563 otioso

512 5601 760 5646 sermone
789 5590 1054 5648 rationem
1083 5590 1348 5648 reddituri
1378 5609 1584 5651 sumus.
1617 5595 1684 5652 Et
1709 5598 1949 5669 posthaec
1989 5613 2097 5654 non

508 5682 811 5753 poterimus
835 5681 1077 5739 villicare
1097 5722 1113 5748 ,
1147 5682 1272 5754 quia
1319 5694 1440 5755 post
1476 5695 1730 5755 mortem,
1756 5697 1817 5744 ut
1839 5690 1918 5745 ait
1946 5688 2098 5745 Salo-

514 5789 667 5840 mon,
695 5791 714 5826 ι
749 5789 848 5830 nec
877 5789 1032 5845 opus,
1056 5791 1158 5834 nec
1180 5777 1339 5845 ratio,
1362 5794 1464 5836 nec
1490 5781 1775 5851 sapientia,
1801 5798 1904 5838 nec
1922 5783 2098 5841 scien-

2215 4673 2397 4729 eitur:
2437 4691 2456 4724 ‹
2506 4669 2835 4756 invocabant
2879 4689 3000 4739 me,
3043 4682 3098 4729 et
3147 4691 3254 4731 non
3305 4676 3614 4732 exaudiam.
3649 4675 3793 4730 Hane

2215 4774 2561 4837 consurgent,
2590 4775 2646 4821 et
2673 4781 2780 4822 non
2816 4767 3091 4822 invenient
3131 4784 3252 4835 me,
3295 4783 3362 4824 eo
3400 4769 3545 4838 quod
3577 4782 3788 4824 exesam

2217 4857 2508 4913 habuerint
2534 4857 2898 4929 disciplinam,
2924 4867 2981 4914 et
3015 4860 3264 4916 timorem
3297 4858 3514 4916 Domini
3542 4875 3654 4915 non
3683 4874 3791 4915 sus-

2210 4947 2473 5018 ceperint,
2500 4963 2600 5003 uee
2625 4949 2998 5019 acquieverint
3015 4949 3255 5005 consiliis
3277 4950 3431 5013 meis,
3463 4958 3520 5005 et
3547 4951 3787 5006 detraxe-

2210 5043 2322 5098 rint
2340 5044 2604 5100 universaa
2617 5044 2944 5116 correptioni
2960 5060 3092 5099 meae
3105 5043 3157 5116 (Ι
3163 5045 3268 5099 bid.
3285 5044 3347 5117 ι).
3377 5064 3395 5096 ι
3411 5043 3585 5117 Igitur
3595 5046 3717 5115 quia
3740 5044 3786 5097 in

2207 5137 2294 5192 die
2339 5137 2529 5208 judicii
2577 5137 2754 5194 nullus
2808 5139 2959 5195 locus
2987 5138 3282 5209 paenitendi
3305 5179 3320 5206 ,
3349 5139 3662 5211 corrigendi
3709 5137 3785 5191 vel

2206 5233 2526 5289 emendandi
2564 5248 2684 5290 esse
2721 5233 2941 5304 poterit,
2983 5242 3044 5289 ut
3085 5233 3341 5300 diximus,
3377 5248 3603 5289 necesse
3628 5243 3709 5289 est
3734 5239 3787 5285 ut

2205 5326 2332 5382 dum
2357 5327 2412 5382 in
2439 5327 2542 5382 hoc
2568 5325 2766 5382 sreculo
2793 5341 2979 5383 sumus
2998 5335 3055 5382 et
3081 5326 3334 5393 vivimus,
3353 5335 3409 5382 et
3431 5327 3588 5383 nobis
3613 5335 3782 5389 vacat,

2204 5416 2498 5473 secundum
2523 5418 2861 5489 Apostolum,
2896 5439 2916 5470 ‹
2949 5419 3075 5475 dum
3109 5429 3318 5490 tempus
3342 5420 3631 5485 habemus,
3659 5434 3780 5490 ope-

2204 5525 2389 5566 remur
2408 5511 2606 5566 bonum
2641 5511 2710 5566 ad
2730 5525 2938 5576 omnes,
2964 5510 3201 5567 maxime
3224 5519 3406 5567 autem
3435 5511 3506 5566 ad
3532 5509 3782 5568 domesti-

2204 5614 2298 5656 cos
2323 5595 2448 5656 fidei
2476 5599 2620 5672 (Gal.
2659 5600 2755 5673 v1).
2782 5622 2801 5655 ι
2830 5601 2982 5658 Unde
3004 5618 3105 5657 nos
3134 5602 3394 5658 Dominus
3414 5602 3469 5658 in
3501 5599 3782 5672 Evangelio

2205 5691 2478 5755 admonet,
2515 5691 2743 5748 dicens:
2778 5710 2795 5742 ι
2830 5691 3045 5747 Currite
3083 5694 3210 5748 dum
3254 5693 3427 5748 lucem
3479 5693 3690 5749 habetis
3727 5700 3781 5746 ut

2205 5800 2312 5842 non
2338 5783 2576 5844 tenebrae
2620 5800 2714 5842 vos
2753 5785 3217 5856 comprehendant
3256 5785 3442 5856 (Joan.
3480 5786 3621 5858 xm).
3669 5805 3687 5838 ι
3719 5783 3780 5838 Et
