4014 6354
165 353 272 412 διο

1366 343 1670 404 HOMILIE
1713 343 1799 399 DE
1837 341 2186 400 TEMI’ORE.

3323 337 3429 400 6'30

161 462 602 538 perPrOphetam
627 475 643 516 :
664 478 681 513 ι
701 459 934 529 Quatrite
951 459 1235 515 Dominum
1263 458 1389 515 dum
1413 457 1638 513 inveniri
1661 471 1750 526 po-
1779 456 1823 515 A
1854 462 2162 508 manentem
2193 452 2491 518 civitatem,
2523 453 2615 508 sed
2649 453 2883 509 futuram
2913 461 3024 507 toto
3048 453 3322 511 desiderio
3347 457 3430 512 in-

167 562 299 620 test,
333 554 580 610 invocate
601 567 726 608 eum
757 551 882 606 dum
911 564 1079 620 prope
1121 558 1203 606 est
1241 548 1376 620 (ha.
1408 547 1517 619 LV).
1561 567 1578 598 ι
1619 545 1752 600 ilinc

161 657 223 702 et
242 643 531 716 Apostolus
551 644 686 697 aitzc
709 642 848 697 Ecce
869 656 1012 696 nunc
1039 649 1248 712 tempus
1263 637 1610 709 acceptabile,
1628 650 1754 692 ecce

167 749 317 791 nunc
341 733 457 789 dies
486 732 695 788 salutis.
721 731 936 788 Nemini
969 733 1158 787 dantes
1187 731 1349 784 ullam
1378 728 1752 793 offensionem,

165 831 232 877 ut
257 837 368 877 non
394 821 729 891 vituperetur
755 820 1115 876 ministerium
1137 828 1403 874 nostrum.
1433 817 1540 872 Sed
1564 817 1617 871 in
1641 831 1755 871 om-

166 914 335 970 nibus
362 911 712 968 exhibeamus
738 913 1098 981 nosmetipsos
1123 951 1139 976 ,
1171 910 1310 965 sicut
1336 909 1427 964 Dei
1456 909 1753 971 ministros,

167 1007 228 1061 in
259 1006 428 1060 multa
455 1005 739 1074 patientia,
763 1004 818 1058 in
847 1003 1307 1069 tribulationibus,
1335 1003 1390 1057 in
1423 999 1759 1056 necessitati-

167 1097 378 1162 bus,-in
401 1097 686 1169 angustiis,
713 1097 764 1150 in
786 1097 980 1168 plagis,
1010 1095 1066 1152 in
1093 1096 1420 1160 carceribus,
1451 1095 1506 1149 in
1535 1091 1757 1148 seditio-

173 1190 363 1254 nibus,
381 1189 436 1242 in
459 1187 759 1254 laboribus,
783 1188 836 1242 in
852 1187 1066 1258 vigiliis,
1083 1189 1135 1242 in
1149 1180 1394 1257 jejuniis,
1409 1182 1466 1240 in
1489 1183 1756 1246 castitate,

168 1280 229 1334 in
254 1278 506 1342 scientia,
527 1278 594 1332 in
612 1273 1046 1348 longanimitate,
1074 1278 1128 1332 in
1159 1279 1446 1343 suavitate,
1470 1277 1524 1330 in
1553 1271 1758 1346 Spiritu

165 1375 388 1437 saneto,
418 1370 471 1424 in
507 1358 774 1424 charitate
799 1385 906 1424 non
936 1368 1062 1424 ﬁcta
1089 1368 1140 1440 (ι
1167 1369 1290 1425 Cor.
1317 1367 1415 1439 vi).
1464 1387 1484 1419 ι
1515 1366 1583 1422 Et
1609 1366 1762 1422 Salo-

165 1473 303 1516 mon
335 1478 348 1514 :
382 1474 406 1511 ‘r
445 1458 816 1530 Quodcunque
851 1469 1028 1531 potest
1058 1477 1252 1516 manus
1297 1471 1388 1515 tua
1430 1459 1644 1525 facere,
1675 1459 1760 1514 in-

165 1554 385 1605 stanter
412 1557 638 1618 operare
695 1549 897 1619 (Eccie.
940 1550 1038 1619 ix).
1078 1569 1096 1601 ι
1130 1550 1270 1603 Ante
1305 1549 1449 1604 enim
1482 1548 1663 1604 omnia
1707 1556 1764 1604 et

165 1654 340 1710 super
359 1639 540 1694 omnia
566 1680 580 1702 ,
615 1639 758 1694 diem
797 1639 988 1695 mortis
1015 1648 1138 1696 ante
1159 1640 1344 1697 oculos
1370 1656 1572 1711 ponere
1592 1641 1761 1696 debe-

167 1746 318 1786 mus.
334 1730 515 1786 Facile
538 1732 771 1802 namque
797 1732 1098 1787 contemnit
1119 1731 1324 1798 omnia,
1355 1731 1447 1802 qui
1469 1747 1527 1787 se
1547 1746 1764 1803 semper

1855 543 2070 614 quirere
2103 541 2292 617 (Hebr.
2320 543 2461 611 nn).
2503 543 2618 598 Filii
2650 545 2829 600 saeculi
2865 544 3154 610 dicuntur,
3193 546 3285 615 qui
3325 547 3431 604 hoc

1855 633 2108 689 sreculum
2139 642 2321 688 mente
2346 641 2403 687 et
2431 632 2698 688 desiderio
2727 633 3050 689 inhabitant.
3094 634 3249 690 Sicut
3283 638 3432 693 enim

1855 723 1947 778 filii
1976 723 2113 778 lucis
2141 723 2416 786 dicuntur,
2445 721 2534 789 qui
2568 721 2993 777 inaccessibilem
3024 724 3218 788 lucem,
3265 725 3319 780 id
3350 734 3435 781 est

1855 813 2023 869 Deum
2053 822 2166 868 toto
2195 813 2358 869 corde
2387 811 2651 882 diligunt:
2682 812 2762 867 sic
2791 813 2883 867 ﬁlii
2922 815 3103 870 saeculi
3146 816 3304 884 hujus
3340 831 3434 871 vo-

1856 912 2074 970 cantur,
2103 904 2198 975 qui
2244 906 2299 958 in
2349 901 2528 958 saeculi
2575 900 2733 970 hujus
2777 917 2962 959 amore
3002 905 3213 961 radices
3257 907 3437 962 cordis

1857 995 2256 1066 plantaverunt,
2290 995 2344 1048 in
2371 993 2566 1063 quibus
2595 992 2841 1049 voluntas
2869 1004 3015 1073 esset
3055 996 3173 1052 sine
3215 997 3326 1075 ﬁne.
3358 998 3438 1052 vi-

1857 1086 2040 1152 vendi,
2065 1094 2203 1142 teste
2226 1085 2388 1140 Petro
2410 1084 2673 1154 apostolo,
2697 1083 2788 1153 qui
2812 1085 2886 1138 ait
2907 1103 2918 1138 :
2943 1085 3108 1156 Cujus
3133 1088 3254 1157 quis
3273 1104 3438 1158 opera

1858 1173 2006 1240 facit,
2041 1175 2157 1244 ejus
2186 1174 2330 1230 ﬁlius
2357 1173 2677 1244 appellatur.
2707 1173 2849 1245 Ergo
2883 1192 2900 1224 ‹
2935 1173 3027 1229 ﬁlii
3069 1177 3272 1244 sreculi,
3310 1193 3440 1249 pru-

1860 1269 2138 1324 dentiores
2164 1269 2290 1324 ﬁliis
2319 1268 2456 1324 lucis
2487 1268 2540 1322 in
2567 1269 2914 1340 generatione
2937 1284 3035 1323 sua
3062 1279 3221 1336 sunt,
3254 1289 3274 1323 ι
3313 1271 3441 1341 quia

1861 1376 1984 1416 cum
2014 1360 2088 1415 illi
2115 1361 2222 1417 sint
2249 1361 2463 1426 callidi,
2496 1360 2659 1414 astuti
2687 1368 2742 1415 et
2771 1359 3070 1432 ingeniosi,
3100 1361 3438 1433 deceptores,

1861 1453 2102 1523 duplices
2131 1454 2346 1519 animo,
2376 1453 2467 1508 isti
2496 1453 2804 1507 econtrario
2832 1453 3104 1532 simplices
3123 1495 3138 1519 ,
3176 1456 3407 1511 humiles
3425 1499 3439 1522 ,

1861 1545 2016 1616 puri,
2062 1547 2277 1617 benigni
2294 1586 2308 1611 ,
2335 1545 2639 1600 nescientes
2666 1544 2864 1598 malum
2886 1561 2984 1615 pro
3007 1546 3148 1600 malo
3172 1547 3394 1602 reddere
3423 1565 3436 1601 :

1863 1651 1918 1697 et
1946 1641 2087 1696 sicut
2111 1641 2198 1696 isti
2229 1640 2499 1712 simplices
2533 1648 2662 1694 sunt
2688 1640 2746 1694 in.
2781 1638 2944 1706 malo,
2978 1641 3271 1710 prudentes
3312 1655 3444 1695 vero
3538 1687 3541 1694 .

1866 1732 1922 1787 in
1973 1733 2134 1798 bono,
2193 1732 2273 1788 sic
2322 1731 2400 1786 illi
2451 1731 2726 1801 sapientes
2758 1739 2885 1785 sunt
2922 1740 2981 1785 ut
3019 1731 3218 1808 faciant
3267 1731 3442 1795 mala,

164 1822 382 1892 cogitat
434 1822 777 1878 moriturum.
829 1821 979 1878 Unde
1027 1839 1126 1893 per
1168 1823 1417 1877 eumdem
1460 1823 1759 1893 sapientem
1791 1803 1836 1864 Β
1863 1829 2000 1884 bene
2027 1835 2205 1882 autem
2234 1825 2419 1882 facere
2441 1827 2712 1881 nesciunt.
2741 1825 2816 1879 De
2843 1825 3037 1893 quibus
3060 1803 3320 1880 Dominus
3337 1825 3442 1881 ait:

168 1915 376 1970 dicitur
398 1930 414 1970 :
451 1933 470 1967 ι
506 1915 566 1970 1η
591 1916 678 1972 die
702 1915 1060 1973 malorum'ne
1088 1918 1374 1973 immemor
1394 1916 1472 1973 sis
1495 1917 1760 1973 bonorum

174 2003 385 2073 (Eccle.
418 2004 519 2073 ιι).
551 2023 570 2057 ι
601 2005 668 2059 Et
698 2005 890 2060 iterum
922 2023 936 2059 :
974 2023 993 2056 ι
1027 2005 1085 2060 in
1115 2006 1364 2062 omnibus
1389 2007 1494 2062 viis
1523 2007 1628 2062 tuis
1649 2021 1763 2063 me-

169 2112 392 2151 morare
416 2105 504 2152 tua
527 2097 818 2152 novissima
847 2097 1046 2167 (Eccte.
1075 2099 1195 2170 vn).
1235 2117 1254 2149 ι

255 2205 276 2238 ι
311 2185 636 2242 Convocatis
677 2186 860 2255 itaque
901 2186 1126 2258 singulis
1173 2182 1509 2243 debitOribns
1550 2182 1761 2242 Domini

171 2298 197 2330 ‹
231 2278 343 2344 sui,
372 2277 582 2332 dicebat
605 2277 787 2347 primo
814 2294 827 2330 :
863 2275 1134 2343 Quantum
1163 2277 1328 2333 debes
1348 2269 1578 2333 Domino
1608 2279 1766 2333 meo?

177 2385 202 2419 ‹
237 2360 315 2422 At
341 2364 430 2420 ille
455 2366 621 2420 dixit:
648 2365 874 2420 Centum
902 2367 1066 2422 cados
1091 2367 1216 2422 olei.
1243 2368 1494 2438 Dixitque
1519 2369 1594 2425 illi
1621 2388 1634 2424 :
1663 2370 1766 2425 Ac-

176 2477 199 2511 ‹
240 2442 364 2527 cipe
397 2460 698 2514 cantionem
716 2462 870 2515 'tu‘am
899 2470 954 2515 et
983 2461 1132 2526 sede,
1160 2461 1268 2515 cito
1296 2463 1474 2518 scribe
1501 2464 1766 2533 quinqua-

177 2568 200 2600 ‹
233 2547 409 2618 ginta.
441 2548 644 2605 Deinde
673 2550 763 2605 alii
792 2534 926 2605 disit
951 2568 964 2604 :
1001 2550 1080 2604 Tu
1110 2567 1240 2606 vero
1268 2562 1530 2622 quantum
1563 2553 1768 2608 debes?

180 2658 202 2691 α
229 2632 341 2706 Ὠυί
368 2640 446 2694 ait
471 2657 483 2692 :
504 2632 736 2696 Centum
760 2656 917 2697 coros
939 2643 1126 2696 tritici.
1151 2642 1404 2714 Dixitque
1429 2644 1505 2698 illi
1528 2664 1542 2699 :
1565 2645 1769 2715 Accipe

181 2747 204 2781 ο
230 2729 449 2784 litteras
476 2740 618 2797 tuas,
654 2741 710 2787 et
743 2733 920 2788 scribe
946 2735 1238 2804 octoginta.
1267 2755 1287 2788 ι
1331 2735 1389 2790 In
1427 2738 1531 2793 hoc
1565 2739 1764 2804 villico,

178 2835 351 2891 quem
381 2822 630 2878 dominus
657 2825 724 2879 de
750 2824 985 2879 villicatu
1015 2825 1284 2895 ejiciebat,
1317 2842 1425 2881 non
1455 2828 1637 2883 omnia
1669 2830 1766 2884 de-

178 2915 380 2970 bemus
403 2914 471 2968 ad
500 2914 821 2970 imitandum
850 2932 1149 2972 assumere.
1179 2917 1366 2988 Neque
1385 2920 1530 2974 enim
1552 2927 1646 2974 aut
1671 2920 1768 2975 do-

182 3007 372 3073 minis,
403 3013 495 3061 aut
523 3008 796 3063 extraneis
831 3008 1076 3064 fraudem
1116 3009 1351 3080 aliquam
1387 3009 1566 3066 facere
1600 3011 1758 3067 debe-

185 3115 334 3163 mus,
360 3108 419 3154 ut
441 3099 564 3156 inde
585 3099 956 3171 eleemosynas
978 3099 1258 3168 faciamus,
1290 3102 1406 3169 sed,
1433 3112 1492 3157 ut
1520 3103 1769 3173 superius

185 3179 579 3254 diximus,ista
610 3207 707 3263 per
737 3193 1143 3248 similitudinem
1173 3186 1449 3260 dicuntur,
1483 3205 1541 3250 ut
1578 3194 1774 3250 intelli-

189 3297 382 3350 gamus
413 3284 540 3352 quia
567 3283 612 3338 si
649 3284 859 3340 laudari
891 3285 1064 3354 potuit
1108 3285 1156 3340 is
1185 3286 1276 3355 qui
1312 3285 1556 3341 fraudem
1608 3275 1772 3353 fecit,

196 3387 264 3427 eo
288 3374 426 3443 quod
455 3375 512 3428 in
541 3372 785 3429 futurum
813 3375 915 3429 sibi
937 3375 1234 3446 prudenter
1251 3375 1584 3444 pra-viderit,
1606 3374 1777 3430 multo

195 3467 370 3534 magis
395 3483 498 3521 nos
529 3467 915 3522 laudabiliores
943 3466 1169 3532 erimus,
1207 3466 1251 3521 si
1273 3467 1338 3520 de
1373 3466 1609 3536 propriis
1644 3466 1776 3522 sub-

190 3553 410 3609 stantiis
445 3555 626 3627 largas
663 3543 1035 3628 eieemosynas
1072 3549 1363 3612 fecerimus
1407 3574 1420 3610 :
1461 3564 1517 3610 et
1554 3556 1682 3610 dum
1721 3556 1778 3610 in

190 3645 447 3715 prmsenti
475 3647 740 3712 vivimus,
768 3647 823 3701 in
854 3646 1094 3701 futurum
1121 3647 1276 3702 nobis
1305 3646 1777 3717 prospexerimus,

189 3736 338 3791 sicut
361 3737 524 3791 etiam
552 3737 618 3792 de
638 3737 820 3806 judice
846 3737 1149 3807 iniquitatis
1167 3778 1182 3803 ,
1215 3737 1306 3806 qui
1336 3737 1781 3806 interpellabatur

190 3841 226 3880 a
256 3826 443 3892 vidua,
468 3828 926 3895 comparationem
951 3827 1105 3882 duxit
1130 3828 1195 3881 ad
1210 3825 1448 3895 judicem
1468 3821 1777 3892 Dominum,

193 3918 286 3973 cui
334 3917 478 3972 nulla
521 3932 589 3970 ex
631 3925 784 3986 parte
819 3917 984 3988 judex
1025 3918 1240 3986 iniquus
1268 3915 1629 3972 conlerendus
1655 3922 1737 3969 est
1762 3953 1779 3981 ,

193 4006 352 4070 κᾶδος
379 4008 523 4062 enim
551 4007 757 4075 Graece,
797 4006 986 4062 Latine
1021 4022 1274 4063 mensura
1325 4015 1440 4070 est,
1479 4014 1590 4060 tres
1617 4015 1783 4060 urnas

195 4098 504 4153 continens.
529 4097 704 4154 Corus
727 4112 855 4153 vero
879 4097 1096 4167 triginta
1118 4085 1311 4160 modiis
1331 4095 1604 4166 impletur.
1627 4094 1785 4162 Quod

135 4229 144 4239 .
194 4203 330 4258 ergo
361 4187 427 4242 de
455 4197 672 4243 centum
701 4188 850 4243 cadis
876 4187 982 4242 olei
1008 4187 1434 4258 quinquaginta,
1474 4193 1528 4239 et
1557 4185 1624 4240 de
1653 4199 1783 4239 cen-

198 4288 316 4357 tutp
332 4278 475 4333 coris
498 4278 660 4332 tritici
682 4279 953 4349 octoginta
975 4294 1005 4332 a
1023 4278 1358 4354 debitoribus
1379 4275 1616 4334 scribere
1639 4282 1784 4345 fecit,

199 4373 308 4427 hoc
340 4370 612 4437 insinuat,
643 4371 768 4440 quia
795 4371 974 4426 omnis
1015 4371 1106 4440 qui
1137 4369 1203 4424 de
1229 4372 1519 4440 prieteritis
1551 4373 1788 4442 peccatis

199 4463 577 4535 paenitentiam
595 4462 725 4531 agit,
742 4477 847 4517 non
864 4461 1036 4516 solum
1054 4461 1105 4515 in
1123 4476 1180 4517 se
1193 4463 1538 4532 peccantibus
1552 4463 1789 4520 clemen-

202 4566 287 4612 ter
317 4555 590 4610 dimittere
619 4554 793 4620 debet,
841 4554 935 4610 sed
975 4554 1137 4608 etiam
1181 4570 1248 4609 ex
1289 4555 1606 4612 substantiis
1639 4554 1788 4627 juste

201 4645 488 4717 acquisitis
518 4645 887 4716 eleemosynas
917 4658 1175 4714 erogare,
1215 4659 1316 4700 nec
1345 4642 1516 4702 solum
1551 4647 1790 4704 decimas

201 4750 256 4795 et
283 4737 579 4809 primitias,
607 4748 668 4792 ut
698 4739 751 4793 in
783 4738 896 4808 lege
928 4745 1253 4808 praeceptum
1280 4747 1385 4802 est,
1417 4741 1566 4807 dare,
1595 4741 1691 4797 sed
1721 4758 1790 4797 ex

204 4832 414 4902 reliqua
429 4841 586 4902 parte
601 4830 965 4901 indigentibus
990 4829 1317 4891 ministrare.
1337 4829 1432 4885 Vel
1462 4841 1609 4886 certe
1633 4833 1794 4888 dimi-

205 4923 356 4978 dium
379 4935 561 4976 rerum
578 4935 797 4975 suarum
815 4919 1070 4983 tribuere,
1087 4918 1226 4973 sicut
1241 4917 1364 4973 fecit
1385 4920 1666 4987 Zachzeus,
1682 4921 1795 4992 qui,

206 5029 334 5068 cum
378 5013 704 5082 suscepisset
728 5008 1015 5065 Dominum
1057 5006 1239 5064 Jesum
1273 5010 1325 5064 in
1370 5011 1587 5067 domum
1618 5029 1795 5080 suam,

208 5104 285 5158 ait
322 5118 339 5157 :
379 5103 671 5157 Dimidium
713 5117 894 5157 rerum
935 5117 1176 5156 mearum
1198 5101 1265 5156 do
1284 5100 1637 5173 pauperibus,
1669 5113 1723 5158 et
1752 5103 1800 5160 si

207 5194 341 5267 quid
368 5194 527 5249 alicui
556 5193 672 5257 tuli,
701 5193 755 5247 in
788 5191 1146 5263 quadruplum
1173 5193 1455 5247 restituam
1480 5191 1632 5265 (Luc.
1660 5194 1797 5266 nx).

288 5302 308 5336 ι
339 5283 408 5339 Ει
441 5284 681 5339 laudavit
722 5283 974 5338 dominus
1020 5277 1634 5353 villicum‘iniquitatis,
1673 5285 1801 5356 quia

217 5396 237 5429 ι
275 5375 573 5448 prudenter
612 5373 852 5429 fecisset.
883 5372 1018 5440 Quia
1050 5371 1146 5428 ﬁlii
1174 5373 1336 5445 hujus
1362 5375 1540 5430 saeculi
1566 5377 1801 5445 pruden-

217 5489 238 5521 ι
276 5469 446 5524 tiores
488 5465 615 5520 ﬁliis
655 5463 793 5520 lucis
830 5465 883 5518 in
930 5465 1277 5536 generatione
1315 5481 1411 5521 sua
1447 5476 1591 5520 sunt.
1624 5485 1643 5517 ι
1682 5465 1798 5521 Νοη

216 5558 459 5614 laudavit
488 5557 738 5613 dominus
761 5555 998 5610 villicum
1035 5556 1355 5624 iniquitatis,
1386 5557 1528 5627 quod
1561 5557 1805 5614 fraudem

219 5647 446 5716 fecerat,
483 5649 578 5705 sed
613 5647 758 5718 quod
788 5646 890 5701 sibi
920 5645 973 5699 in
1008 5645 1249 5702 futurum
1287 5651 1582 5719 prudenter
1611 5651 1806 5721 praevi-

220 5739 382 5806 derit,
410 5748 469 5796 ttt
495 5753 594 5796 nos
621 5738 737 5794 eius
759 5735 1010 5807 exemplo
1031 5735 1324 5805 discamus,
1357 5756 1462 5795 non
1494 5741 1580 5796 hic
1608 5743 1807 5799 haltere

699 5831 970 5915 Parnm.
1018 5828 1298 5915 CXVIII.
1362 5823 1365 5825 ’

1797 3151 1844 3214 C

1869 1936 1889 1970 ι
1919 1918 2013 1974 Va:
2041 1917 2132 1987 qui
2161 1917 2433 1987 sapientes
2461 1917 2594 1971 estis
2627 1914 2682 1968 in
2717 1914 2887 1970 oculis
2917 1915 3136 1979 vestris,
3171 1923 3226 1969 et
3257 1930 3444 1970 coram

1863 2011 2019 2067 vobis
2055 2010 2188 2082 ipsis
2215 2010 2509 2080 prudentes
2537 2008 2686 2080 (13a.
2714 2009 2800 2080 v).
2829 2028 2850 2062 ι
2889 2008 2992 2076 Qui
3023 2017 3169 2064 recte
3203 2010 3256 2064 in
3285 2023 3447 2081 gene-

1863 2104 2075 2160 ratione
2097 2117 2192 2158 sua
2214 2101 2509 2172 prudentes
2535 2101 2809 2168 dicuntur,
2835 2100 2960 2172 quia
2985 2100 3116 2156 tales
3144 2115 3248 2156 non
3274 2101 3328 2156 in
3355 2117 3447 2172 ge-

1863 2193 2141 2250 neratione
2160 2192 2279 2258 Dei,
2307 2191 2401 2247 sed
2429 2192 2484 2246 in
2512 2207 2607 2247 sua
2637 2198 3035 2262 computantur,
3060 2192 3186 2261 quia
3207 2193 3446 2262 pruden-

1865 2286 1939 2340 tia
1976 2283 2134 2354 hujus
2170 2283 2349 2340 saeculi
2406 2283 2637 2339 stultitia
2677 2293 2760 2338 est
2811 2283 2952 2354 apud
2992 2284 3180 2339 Deum.
3223 2284 3299 2339 De
3335 2298 3441 2353 qua

1862 2376 2146 2448 prudentia
2174 2375 2370 2432 Paulus
2419 2373 2691 2445 apostolus
2733 2375 2845 2430 ait:
2883 2394 2903 2427 ‹
2932 2375 3224 2431 Prudentia
3259 2375 3445 2430 carnis

1864 2480 2012 2520 mors
2035 2474 2112 2520 est
2130 2463 2302 2536 (Rom.
2327 2463 2464 2535 vni).
2485 2484 2506 2516 ι
2526 2463 2642 2519 Νοιι
2666 2464 2810 2520 enim
2824 2465 2888 2520 de
2913 2464 3016 2522 illis
3036 2465 3232 2520 dicitur
3253 2483 3267 2519 :
3292 2483 3312 2518 ι
3341 2465 3450 2522 Gc-

1866 2555 2078 2616 neratio
2107 2564 2378 2610 rectorum
2406 2553 3086 2628 benedicetur(Psal.exr),
3113 2577 3131 2610 ι
3151 2557 3245 2614 sed
3266 2558 3446 2628 potius

1868 2635 2011 2700 iriter
2055 2661 2150 2700 eos
2197 2653 2606 2710 enumerantur,
2659 2644 2726 2700 de
2771 2646 2968 2715 quibus
3014 2646 3276 2717 scriptum
3323 2655 3446 2703 est:

1873 2755 1893 2786 ‹
1921 2734 2208 2791 Generatio
2231 2752 2398 2806 prava
2428 2745 2482 2791 et
2501 2733 2746 2791 adultera
2775 2734 2988 2806 (Matth.
3019 2738 3142 2809 xu).
3175 2757 3194 2790 ο
3228 2737 3298 2792 At
3321 2753 3454 2795 vero

1868 2825 1933 2880 de
1958 2826 2244 2895 prudentia
2279 2825 2509 2881 ﬁliorum
2539 2825 2676 2881 lucis
2705 2825 2904 2881 dictum
2935 2834 3057 2881 est:
3093 2846 3111 2879 ε
3137 2827 3231 2882 llla
3270 2837 3450 2884 autem

1868 2930 1989 2985 qua;
2014 2931 2229 2971 sursum
2257 2925 2342 2972 est
2363 2917 2667 2987 sapientia,
2716 2916 2953 2987 primum
2999 2916 3216 2986 quidem
3259 2919 3456 2989 pudica

1867 3012 1974 3072 est,
2008 3005 2203 3062 deinde
2231 3005 2456 3076 paciﬁca
2478 3045 2494 3070 ,
2528 3005 2812 3071 modesta,
2846 3005 3158 3071 suadibilis,
3205 3007 3258 3062 in
3302 3006 3463 3076 bonis

1875 3099 2219 3154 consentiens
2250 3099 2396 3169 (Jac.
2435 3099 2538 3170 ιιι).
2570 3118 2590 3151 ι
2637 3100 2817 3155 Finita
2859 3110 3040 3156 autem
3083 3101 3458 3166 similitudine,

1875 3191 1994 3260 pius
2031 3190 2292 3246 Dominus
2318 3192 2383 3245 ad
2409 3198 2653 3246 nostram
2692 3177 3115 3248 admonitionem
3151 3207 3472 3251 sermonem.

1877 3281 2159 3354 convertit,
2190 3280 2405 3335 dicens:

1956 3387 1975 3421 ι
2004 3370 2074 3424 Et
2102 3385 2202 3439 ego
2228 3367 2350 3425 dico
2378 3370 2567 3426 vobis:
2593 3369 2778 3426 Facite
2802 3372 2953 3427 vobis
2979 3372 3183 3428 amicos
3204 3371 3272 3428 de
3293 3387 3463 3429 mam-

1885 3483 1904 3514 ‹
1934 3477 2090 3518 mona
2124 3462 2445 3532 iniquitatis,
2476 3473 2536 3518 ut
2562 3478 2685 3518 cum
2718 3461 3047 3530 defeceritis,
3076 3464 3342 3535 recipiant
3364 3481 3462 3521 vos

1885 3573 1904 3606 ε
1934 3554 1988 3608 in
2011 3561 2215 3608 aeterna
2240 3551 2605 3607 tabernacula.
2637 3572 2656 3604 ι
2692 3551 2861 3619 Quam
2894 3554 3221 3608 sententiam
3246 3554 3466 3623 quidam

1881 3645 1958 3700 ita
1989 3643 2388 3712 intelligendam
2418 3652 2700 3713 putavere,
2738 3649 2798 3696 ut
2825 3642 3002 3698 aliena
3023 3629 3228 3714 rapere
3255 3651 3312 3698 ct
3340 3643 3468 3700 inde

1881 3735 2210 3808 pauperibus
2257 3735 2532 3800 tribuere,
2584 3734 2687 3788 hoc
2738 3742 2882 3789 esset
2927 3734 3134 3789 amicos
3177 3733 3358 3788 facere
3400 3735 3470 3812 de

1882 3841 2191 3884 mammona
2218 3825 2543 3897 iniquitatis.
2580 3824 2733 3892 Quod
2763 3833 3021 3894 quantum
3065 3824 3136 3882 sit
3175 3823 3472 3880 absurdum

1883 3929 1940 3977 et
1980 3936 2010 3974 a
2054 3920 2314 3992 religione
2352 3919 2585 3974 alienum
2626 3919 2910 3975 manifeste
2955 3927 3121 3989 patet.
3169 3918 3285 3978 Non
3323 3918 3471 3974 enim

1881 4012 2024 4066 Deus
2052 4011 2394 4082 omnipotens
2439 4009 2614 4065 aliena
2663 4024 2853 4080 rapere
2881 4005 3065 4078 jubet,
3113 4010 3204 4079 qui
3249 3993 3471 4086 propria

1887 4101 2145 4173 prmcepit
2172 4100 2356 4169 largiri
2388 4115 2542 4170 :.nec
2570 4100 2822 4171 dignatur
2848 4101 2914 4156 de
2943 4101 3149 4171 rapinis
3177 4087 3478 4172 eleemosyé

1887 4206 2012 4245 nam
2049 4189 2360 4259 suscipere,
2403 4190 2496 4260 qui
2525 4206 2624 4260 per
2667 4190 2987 4260 prophetam
3031 4191 3231 4246 clamat
3267 4209 3280 4247 :
3330 4208 3349 4242 ‹
3379 4190 3481 4258 Qui

1889 4279 2048 4336 ollert
2084 4280 2415 4336 sacriﬁcium
2455 4281 2523 4335 de
2573 4281 2893 4336 substantiis
2940 4267 3276 4352 pauperum,
3325 4281 3482 4350 quasi

1890 4369 1980 4440 qui
2010 4367 2267 4442 lvictimat
2311 4370 2365 4424 in
2413 4379 2706 4442 conspectu
2755 4371 2928 4442 patris
2960 4371 3040 4425 sui
3084 4371 3252 4426 ﬁlium
3288 4356 3480 4440 (Eccli.

1892 4459 2114 4529 xxxiv).
2156 4479 2173 4510 ι
2226 4459 2380 4515 Unde
2424 4474 2523 4529 per
2569 4460 2856 4529 quemdam
2903 4463 3200 4530 sapientem
3232 4460 3430 4515 dicitur
3465 4477 3479 4516 :

1896 4546 2046 4603 Unus
2074 4549 2352 4604 adilicans
2373 4589 2389 4615 ,
2422 4558 2476 4603 et
2510 4548 2650 4603 alter
2676 4549 2996 4605 destruens:
3025 4565 3164 4604 unus
3197 4565 3388 4618 orans,
3429 4561 3487 4607 et

1895 4639 2034 4695 alter
2087 4639 2422 4695 malediceus
2466 4655 2480 4693 :
2530 4639 2684 4709 cujus
2735 4655 2923 4695 vocem
2977 4641 3252 4708 exaudivit
3302 4640 3488 4696 Deus?

1903 4729 2209 4786 Mammona
2238 4729 2501 4786 Hebraicc
2535 4730 2621 4784 vel
2651 4729 2876 4801 Syriace
2896 4771 2910 4796 ,
2945 4719 3137 4785 Latine
3176 4731 3374 4787 divitia:
3406 4723 3491 4795 inv

1905 4830 2293 4893 terpretantur,
2324 4823 2450 4892 quia
2478 4821 2679 4878 Punice
2708 4837 2980 4878 mammon
3030 4821 3238 4877 lucrum
3267 4824 3481 4880 dicitur.

1905 4913 2211 4968 Hammona
2254 4929 2385 4985 ergo
2423 4914 2755 4985 iniquitatis,
2801 4915 2918 4970 istas
2961 4915 3161 4972 divitiae
3203 4926 3484 4983 vocantur,

1905 5005 2068 5061 etiam
2097 5021 2164 5062 ex
2191 5004 2400 5078 justitia
2430 5005 2711 5075 acquisitze
2732 5047 2746 5071 ,
2789 5015 2844 5062 et
2881 5022 3002 5078 qua:
3042 5023 3109 5063 ex
3141 5006 3266 5078 jure
3292 5023 3490 5079 paren-

1907 5107 2020 5152 tum
2042 5096 2361 5163 succedunt,
2385 5095 2511 5168 quia
2536 5111 2658 5150 cum
2683 5095 2872 5153 labore
2893 5096 3267 5166 acquiruntur,
3293 5106 3493 5154 etcum

1909 5204 2103 5261 magna
2131 5187 2493 5244 sollicitudine
2519 5189 2915 5252 custodiuntur,
2955 5197 3010 5244 et
3047 5189 3165 5246 sine
3205 5189 3495 5260 iniquitate

1911 5289 2004 5336 aut
2042 5281 2134 5337 vix
2175 5289 2267 5335 aut
2293 5296 2418 5336 raro
2447 5279 2636 5337 haberi
2662 5293 2908 5353 possunt.
2954 5281 3115 5339 Jubet
3143 5297 3273 5353 ergo
3304 5283 3492 5364 Domi7

1908 5387 2010 5427 nus
2051 5371 2256 5427 amicos
2297 5369 2478 5426 facere
2519 5371 2586 5426 de
2613 5387 2917 5428 mammona
2948 5372 3280 5443 iniquitatis,
3324 5372 3377 5426 id
3414 5379 3498 5446 est

1908 5463 1976 5520 de
2005 5464 2210 5521 divitiis
2236 5481 2359 5520 cum
2389 5465 2574 5521 labore
2603 5465 2884 5535 acquisitis
2907 5463 3306 5534 eleemosynam
3342 5459 3495 5525 dare,

1910 5564 1998 5621 ut,
2041 5557 2340 5612 secundum
2373 5556 2515 5628 quod
2547 5557 2624 5610 ait
2647 5553 2966 5626 Apostolus,
3008 5556 3062 5609 in
3093 5551 3344 5624 praesenti
3386 5550 3498 5636 vita

1911 5664 2207 5718 pauperum
2236 5648 2474 5718 inopiam
2512 5647 2739 5702 divitum
2769 5647 3096 5702 abundantia
3125 5642 3406 5714 suppleat;
3440 5652 3500 5726 ut

1910 5740 2102 5798 iterum
2134 5741 2188 5796 in
2219 5741 2321 5798 alia
2358 5742 2462 5796 vita
2516 5741 2742 5794 divitum
2772 5739 2964 5809 inopize
3006 5752 3297 5807 pauperum
3332 5735 3513 5806 abun-r

2992 5830 3066 5890 21
