  <div class='ocr_page' id='page_1' title='image "/cluster/home/n/w/nwhite01/storage/ocr_20150623/118/hvd.32044015466907/331.png"; bbox 0 0 4014 6354; ppageno 0'>
   <div class='ocr_carea' id='block_1_1' title="bbox 566 304 675 369">
    <p class='ocr_par' dir='ltr' id='par_1_1' title="bbox 566 304 675 369">
     <span class='ocr_line' id='line_1_1' title="bbox 566 304 675 369; baseline -0.037 0"><span class='ocrx_word' id='word_1_1' title='bbox 566 304 675 369; x_wconf 65' lang='grc'><strong>651.</strong></span> 
     </span>
    </p>
   </div>
   <div class='ocr_carea' id='block_1_2' title="bbox 1195 287 2132 352">
    <p class='ocr_par' dir='ltr' id='par_1_2' title="bbox 1195 288 2132 352">
     <span class='ocr_line' id='line_1_2' title="bbox 1195 288 2132 352; baseline -0.012 -1"><span class='ocrx_word' id='word_1_2' title='bbox 1195 296 1545 352; x_wconf 68' lang='grc' dir='ltr'><strong>ΗΑΥΜΟΝΙδ</strong></span> <span class='ocrx_word' id='word_1_3' title='bbox 1584 291 2057 349; x_wconf 63' lang='grc' dir='ltr'>ιιΑυιΕιιδΤΑτ.</span> <span class='ocrx_word' id='word_1_4' title='bbox 2103 288 2132 341; x_wconf 70' lang='lat' dir='ltr'><strong>li</strong></span> 
     </span>
    </p>
   </div>
   <div class='ocr_carea' id='block_1_3' title="bbox 2234 287 3192 352">
    <p class='ocr_par' dir='ltr' id='par_1_3' title="bbox 2234 287 3192 349">
     <span class='ocr_line' id='line_1_3' title="bbox 2234 287 3192 349; baseline 0.007 -8"><span class='ocrx_word' id='word_1_5' title='bbox 2234 287 2503 347; x_wconf 61' lang='lat'><strong>50.01‘1’.</strong></span> <span class='ocrx_word' id='word_1_6' title='bbox 2548 290 2726 345; x_wconf 78' lang='lat' dir='ltr'><strong>PARS</strong></span> <span class='ocrx_word' id='word_1_7' title='bbox 2766 291 2825 345; x_wconf 94' lang='lat' dir='ltr'><strong>ll.</strong></span> <span class='ocrx_word' id='word_1_8' title='bbox 2864 324 2924 332; x_wconf 84' lang='grc'><strong>--</strong></span> <span class='ocrx_word' id='word_1_9' title='bbox 2956 292 3192 349; x_wconf 65' lang='grc' dir='ltr'><strong>ΙΙΟΜΙῐι.</strong></span> 
     </span>
    </p>
   </div>
   <div class='ocr_carea' id='block_1_4' title="bbox 3737 302 3866 357">
    <p class='ocr_par' dir='ltr' id='par_1_4' title="bbox 3737 302 3866 357">
     <span class='ocr_line' id='line_1_4' title="bbox 3737 302 3866 357; baseline 0 0"><span class='ocrx_word' id='word_1_10' title='bbox 3737 302 3866 357; x_wconf 73' lang='lat'><strong>652</strong></span> 
     </span>
    </p>
   </div>
   <div class='ocr_carea' id='block_1_5' title="bbox 566 401 3854 488">
    <p class='ocr_par' dir='ltr' id='par_1_5' title="bbox 566 401 3854 488">
     <span class='ocr_line' id='line_1_5' title="bbox 566 401 3854 488; baseline 0.001 -20"><span class='ocrx_word' id='word_1_11' title='bbox 566 416 751 474; x_wconf 83' lang='lat' dir='ltr'><strong>dantia</strong></span> <span class='ocrx_word' id='word_1_12' title='bbox 775 414 845 468; x_wconf 89' lang='lat' dir='ltr'><strong>sit</strong></span> <span class='ocrx_word' id='word_1_13' title='bbox 872 410 1162 466; x_wconf 74' lang='lat' dir='ltr'><strong>consolatio</strong></span> <span class='ocrx_word' id='word_1_14' title='bbox 1192 407 1274 475; x_wconf 84' lang='lat' dir='ltr'><strong>(ll</strong></span> <span class='ocrx_word' id='word_1_15' title='bbox 1302 406 1424 460; x_wconf 74' lang='lat' dir='ltr'><strong>Cor.</strong></span> <span class='ocrx_word' id='word_1_16' title='bbox 1454 406 1568 477; x_wconf 73' lang='lat' dir='ltr'><strong>vnn)</strong></span> <span class='ocrx_word' id='word_1_17' title='bbox 1587 447 1600 460; x_wconf 93' lang='lat'><strong>.</strong></span> <span class='ocrx_word' id='word_1_18' title='bbox 1635 406 1837 471; x_wconf 81' lang='lat' dir='ltr'><strong>Amici,</strong></span> <span class='ocrx_word' id='word_1_19' title='bbox 1888 420 2023 475; x_wconf 89' lang='lat' dir='ltr'><strong>quos</strong></span> <span class='ocrx_word' id='word_1_20' title='bbox 2068 402 2133 457; x_wconf 89' lang='lat' dir='ltr'><strong>de</strong></span> <span class='ocrx_word' id='word_1_21' title='bbox 2163 404 2211 465; x_wconf 80' lang='grc' dir='ltr'>Α</span> <span class='ocrx_word' id='word_1_22' title='bbox 2238 401 2598 488; x_wconf 77' lang='lat' dir='ltr'><strong>eleemosyua,</strong></span> <span class='ocrx_word' id='word_1_23' title='bbox 2633 405 2683 458; x_wconf 89' lang='lat' dir='ltr'><strong>in</strong></span> <span class='ocrx_word' id='word_1_24' title='bbox 2717 407 2970 461; x_wconf 77' lang='lat' dir='ltr'><strong>omnibus</strong></span> <span class='ocrx_word' id='word_1_25' title='bbox 2998 408 3320 466; x_wconf 59' lang='lat' dir='ltr'><strong>facientibus</strong></span> <span class='ocrx_word' id='word_1_26' title='bbox 3345 425 3463 467; x_wconf 85' lang='lat' dir='ltr'><strong>eam</strong></span> <span class='ocrx_word' id='word_1_27' title='bbox 3493 412 3651 485; x_wconf 79' lang='lat' dir='ltr'><strong>(Tob.</strong></span> <span class='ocrx_word' id='word_1_28' title='bbox 3686 415 3799 487; x_wconf 84' lang='lat' dir='ltr'><strong>tv).</strong></span> <span class='ocrx_word' id='word_1_29' title='bbox 3830 437 3854 471; x_wconf 68' lang='grc' dir='ltr'><strong>ι</strong></span> 
     </span>
    </p>
   </div>
   <div class='ocr_carea' id='block_1_6' title="bbox 565 494 2136 571">
    <p class='ocr_par' dir='ltr' id='par_1_6' title="bbox 565 494 2136 571">
     <span class='ocr_line' id='line_1_6' title="bbox 565 494 2136 571; baseline -0.011 -8"><span class='ocrx_word' id='word_1_30' title='bbox 565 494 873 563; x_wconf 81' lang='lat' dir='ltr'><strong>mammona</strong></span> <span class='ocrx_word' id='word_1_31' title='bbox 905 498 1202 571; x_wconf 71' lang='lat' dir='ltr'><strong>iniquitatis</strong></span> <span class='ocrx_word' id='word_1_32' title='bbox 1227 497 1405 552; x_wconf 88' lang='lat' dir='ltr'><strong>facere</strong></span> <span class='ocrx_word' id='word_1_33' title='bbox 1428 495 1701 567; x_wconf 89' lang='lat' dir='ltr'><strong>jubemur,</strong></span> <span class='ocrx_word' id='word_1_34' title='bbox 1730 509 1991 565; x_wconf 84' lang='lat' dir='ltr'><strong>pauperes</strong></span> <span class='ocrx_word' id='word_1_35' title='bbox 2011 501 2136 548; x_wconf 91' lang='lat' dir='ltr'><strong>sunt</strong></span> 
     </span>
    </p>
   </div>
   <div class='ocr_carea' id='block_1_7' title="bbox 567 576 2134 667">
    <p class='ocr_par' dir='ltr' id='par_1_7' title="bbox 567 576 2134 667">
     <span class='ocr_line' id='line_1_7' title="bbox 567 576 2134 667; baseline -0.013 -13"><span class='ocrx_word' id='word_1_36' title='bbox 567 576 623 654; x_wconf 83' lang='lat' dir='ltr'><strong>et</strong></span> <span class='ocrx_word' id='word_1_37' title='bbox 653 595 978 667; x_wconf 77' lang='lat' dir='ltr'><strong>indigentes,</strong></span> <span class='ocrx_word' id='word_1_38' title='bbox 1010 605 1145 660; x_wconf 89' lang='lat' dir='ltr'><strong>quos</strong></span> <span class='ocrx_word' id='word_1_39' title='bbox 1172 587 1315 644; x_wconf 84' lang='lat' dir='ltr'><strong>Deus</strong></span> <span class='ocrx_word' id='word_1_40' title='bbox 1343 586 1589 658; x_wconf 80' lang='lat' dir='ltr'><strong>permisit</strong></span> <span class='ocrx_word' id='word_1_41' title='bbox 1620 600 1779 657; x_wconf 85' lang='lat' dir='ltr'><strong>egere</strong></span> <span class='ocrx_word' id='word_1_42' title='bbox 1818 585 1885 639; x_wconf 88' lang='lat' dir='ltr'><strong>ad</strong></span> <span class='ocrx_word' id='word_1_43' title='bbox 1922 583 2134 649; x_wconf 83' lang='lat' dir='ltr'><strong>illorum</strong></span> 
     </span>
    </p>
   </div>
   <div class='ocr_carea' id='block_1_8' title="bbox 565 670 2138 758">
    <p class='ocr_par' dir='ltr' id='par_1_8' title="bbox 565 670 2138 758">
     <span class='ocr_line' id='line_1_8' title="bbox 565 670 2138 758; baseline -0.009 -18"><span class='ocrx_word' id='word_1_44' title='bbox 565 670 937 758; x_wconf 74' lang='lat' dir='ltr'><strong>purgationem</strong></span> <span class='ocrx_word' id='word_1_45' title='bbox 976 688 1028 735; x_wconf 93' lang='lat' dir='ltr'><strong>et</strong></span> <span class='ocrx_word' id='word_1_46' title='bbox 1070 686 1308 739; x_wconf 78' lang='lat' dir='ltr'><strong>nostram</strong></span> <span class='ocrx_word' id='word_1_47' title='bbox 1354 676 1745 747; x_wconf 83' lang='lat' dir='ltr'><strong>probationem.</strong></span> <span class='ocrx_word' id='word_1_48' title='bbox 1791 674 1938 742; x_wconf 88' lang='lat' dir='ltr'><strong>Quos</strong></span> <span class='ocrx_word' id='word_1_49' title='bbox 1980 670 2138 727; x_wconf 88' lang='lat' dir='ltr'><strong>nobis</strong></span> 
     </span>
    </p>
   </div>
   <div class='ocr_carea' id='block_1_9' title="bbox 565 762 2135 847">
    <p class='ocr_par' dir='ltr' id='par_1_9' title="bbox 565 762 2135 847">
     <span class='ocr_line' id='line_1_9' title="bbox 565 762 2135 847; baseline -0.011 -15"><span class='ocrx_word' id='word_1_50' title='bbox 565 775 771 847; x_wconf 87' lang='lat' dir='ltr'><strong>amicos</strong></span> <span class='ocrx_word' id='word_1_51' title='bbox 798 770 1045 834; x_wconf 82' lang='lat' dir='ltr'><strong>facimus,</strong></span> <span class='ocrx_word' id='word_1_52' title='bbox 1071 767 1287 838; x_wconf 83' lang='lat' dir='ltr'><strong>quando</strong></span> <span class='ocrx_word' id='word_1_53' title='bbox 1310 782 1496 821; x_wconf 90' lang='lat' dir='ltr'><strong>eorum</strong></span> <span class='ocrx_word' id='word_1_54' title='bbox 1522 765 1817 819; x_wconf 84' lang='lat' dir='ltr'><strong>nuditatem</strong></span> <span class='ocrx_word' id='word_1_55' title='bbox 1840 762 2135 832; x_wconf 90' lang='lat' dir='ltr'><strong>operimus,</strong></span> 
     </span>
    </p>
   </div>
   <div class='ocr_carea' id='block_1_10' title="bbox 565 852 2138 937">
    <p class='ocr_par' dir='ltr' id='par_1_10' title="bbox 565 852 2138 937">
     <span class='ocr_line' id='line_1_10' title="bbox 565 852 2138 937; baseline -0.01 -16"><span class='ocrx_word' id='word_1_56' title='bbox 565 865 800 937; x_wconf 80' lang='lat' dir='ltr'><strong>esuriem</strong></span> <span class='ocrx_word' id='word_1_57' title='bbox 824 862 1117 924; x_wconf 83' lang='lat' dir='ltr'><strong>reﬁcimus,</strong></span> <span class='ocrx_word' id='word_1_58' title='bbox 1142 859 1288 915; x_wconf 90' lang='lat' dir='ltr'><strong>sitim</strong></span> <span class='ocrx_word' id='word_1_59' title='bbox 1302 856 1727 928; x_wconf 78' lang='lat' dir='ltr'><strong>exstinguimus,</strong></span> <span class='ocrx_word' id='word_1_60' title='bbox 1750 862 1804 910; x_wconf 88' lang='lat' dir='ltr'><strong>et</strong></span> <span class='ocrx_word' id='word_1_61' title='bbox 1820 855 1873 910; x_wconf 90' lang='lat' dir='ltr'><strong>in</strong></span> <span class='ocrx_word' id='word_1_62' title='bbox 1888 852 2138 909; x_wconf 89' lang='lat' dir='ltr'><strong>omnibus</strong></span> 
     </span>
    </p>
   </div>
   <div class='ocr_carea' id='block_1_11' title="bbox 563 944 2138 1016">
    <p class='ocr_par' dir='ltr' id='par_1_11' title="bbox 563 944 2138 1016">
     <span class='ocr_line' id='line_1_11' title="bbox 563 944 2138 1016; baseline -0.011 -1"><span class='ocrx_word' id='word_1_63' title='bbox 563 944 749 1016; x_wconf 79' lang='lat' dir='ltr'><strong>eorum</strong></span> <span class='ocrx_word' id='word_1_64' title='bbox 781 954 1194 1012; x_wconf 83' lang='lat' dir='ltr'><strong>necessitatibus</strong></span> <span class='ocrx_word' id='word_1_65' title='bbox 1223 949 1588 1007; x_wconf 90' lang='lat' dir='ltr'><strong>subvenimus.</strong></span> <span class='ocrx_word' id='word_1_66' title='bbox 1625 947 1726 1016; x_wconf 91' lang='lat' dir='ltr'><strong>Qui</strong></span> <span class='ocrx_word' id='word_1_67' title='bbox 1765 961 1863 1001; x_wconf 89' lang='lat' dir='ltr'><strong>nos</strong></span> <span class='ocrx_word' id='word_1_68' title='bbox 1896 944 2138 1015; x_wconf 83' lang='lat' dir='ltr'><strong>recipere</strong></span> 
     </span>
    </p>
   </div>
   <div class='ocr_carea' id='block_1_12' title="bbox 562 1033 2138 1108">
    <p class='ocr_par' dir='ltr' id='par_1_12' title="bbox 562 1033 2138 1108">
     <span class='ocr_line' id='line_1_12' title="bbox 562 1033 2138 1108; baseline -0.013 -2"><span class='ocrx_word' id='word_1_69' title='bbox 562 1034 816 1107; x_wconf 88' lang='lat' dir='ltr'><strong>dicuntur</strong></span> <span class='ocrx_word' id='word_1_70' title='bbox 836 1047 890 1101; x_wconf 91' lang='lat' dir='ltr'><strong>iu</strong></span> <span class='ocrx_word' id='word_1_71' title='bbox 915 1055 1118 1100; x_wconf 78' lang='lat' dir='ltr'><strong>aeterna</strong></span> <span class='ocrx_word' id='word_1_72' title='bbox 1144 1039 1516 1105; x_wconf 89' lang='lat' dir='ltr'><strong>tabernacula,</strong></span> <span class='ocrx_word' id='word_1_73' title='bbox 1542 1038 1666 1108; x_wconf 82' lang='lat' dir='ltr'><strong>quia</strong></span> <span class='ocrx_word' id='word_1_74' title='bbox 1700 1036 1790 1092; x_wconf 90' lang='lat' dir='ltr'><strong>ille</strong></span> <span class='ocrx_word' id='word_1_75' title='bbox 1813 1049 1914 1106; x_wconf 90' lang='lat' dir='ltr'><strong>pro</strong></span> <span class='ocrx_word' id='word_1_76' title='bbox 1937 1033 2016 1089; x_wconf 92' lang='lat' dir='ltr'><strong>eis</strong></span> <span class='ocrx_word' id='word_1_77' title='bbox 2037 1046 2138 1086; x_wconf 92' lang='lat' dir='ltr'><strong>nos</strong></span> 
     </span>
    </p>
   </div>
   <div class='ocr_carea' id='block_1_13' title="bbox 562 1122 2139 1210">
    <p class='ocr_par' dir='ltr' id='par_1_13' title="bbox 562 1122 2139 1210">
     <span class='ocr_line' id='line_1_13' title="bbox 562 1122 2139 1210; baseline -0.013 -13"><span class='ocrx_word' id='word_1_78' title='bbox 562 1147 882 1210; x_wconf 81' lang='lat' dir='ltr'><strong>recepturus</strong></span> <span class='ocrx_word' id='word_1_79' title='bbox 917 1144 1023 1202; x_wconf 88' lang='lat' dir='ltr'><strong>est,</strong></span> <span class='ocrx_word' id='word_1_80' title='bbox 1053 1134 1144 1205; x_wconf 87' lang='lat' dir='ltr'><strong>qui</strong></span> <span class='ocrx_word' id='word_1_81' title='bbox 1195 1134 1311 1187; x_wconf 87' lang='lat' dir='ltr'><strong>ait:</strong></span> <span class='ocrx_word' id='word_1_82' title='bbox 1354 1150 1373 1183; x_wconf 86' lang='grc'><strong>‹</strong></span> <span class='ocrx_word' id='word_1_83' title='bbox 1404 1130 1625 1197; x_wconf 80' lang='lat' dir='ltr'><strong>Venite,</strong></span> <span class='ocrx_word' id='word_1_84' title='bbox 1659 1126 1926 1183; x_wconf 86' lang='lat' dir='ltr'><strong>benedicti</strong></span> <span class='ocrx_word' id='word_1_85' title='bbox 1960 1122 2139 1179; x_wconf 86' lang='lat' dir='ltr'><strong>Patris</strong></span> 
     </span>
    </p>
   </div>
   <div class='ocr_carea' id='block_1_14' title="bbox 560 1211 2138 1302">
    <p class='ocr_par' dir='ltr' id='par_1_14' title="bbox 560 1211 2138 1302">
     <span class='ocr_line' id='line_1_14' title="bbox 560 1211 2138 1302; baseline -0.013 -15"><span class='ocrx_word' id='word_1_86' title='bbox 560 1214 667 1287; x_wconf 84' lang='lat' dir='ltr'><strong>mei</strong></span> <span class='ocrx_word' id='word_1_87' title='bbox 691 1247 707 1298; x_wconf 93' lang='lat'><strong>;</strong></span> <span class='ocrx_word' id='word_1_88' title='bbox 736 1227 999 1302; x_wconf 92' lang='lat' dir='ltr'><strong>percipite</strong></span> <span class='ocrx_word' id='word_1_89' title='bbox 1027 1239 1250 1296; x_wconf 81' lang='lat' dir='ltr'><strong>regnum</strong></span> <span class='ocrx_word' id='word_1_90' title='bbox 1272 1262 1288 1289; x_wconf 92' lang='lat'><strong>,</strong></span> <span class='ocrx_word' id='word_1_91' title='bbox 1315 1220 1458 1292; x_wconf 90' lang='lat' dir='ltr'><strong>quod</strong></span> <span class='ocrx_word' id='word_1_92' title='bbox 1497 1219 1647 1274; x_wconf 85' lang='lat' dir='ltr'><strong>vobis</strong></span> <span class='ocrx_word' id='word_1_93' title='bbox 1680 1224 1928 1290; x_wconf 89' lang='lat' dir='ltr'><strong>paratum</strong></span> <span class='ocrx_word' id='word_1_94' title='bbox 1959 1223 2043 1269; x_wconf 90' lang='lat' dir='ltr'><strong>est</strong></span> <span class='ocrx_word' id='word_1_95' title='bbox 2070 1211 2138 1267; x_wconf 89' lang='lat' dir='ltr'><strong>ab</strong></span> 
     </span>
    </p>
   </div>
   <div class='ocr_carea' id='block_1_15' title="bbox 560 1303 2135 1393">
    <p class='ocr_par' dir='ltr' id='par_1_15' title="bbox 560 1303 2135 1393">
     <span class='ocr_line' id='line_1_15' title="bbox 560 1303 2135 1393; baseline -0.015 -15"><span class='ocrx_word' id='word_1_96' title='bbox 560 1322 773 1393; x_wconf 75' lang='lat' dir='ltr'><strong>origine</strong></span> <span class='ocrx_word' id='word_1_97' title='bbox 800 1316 1009 1373; x_wconf 90' lang='lat' dir='ltr'><strong>mundi.</strong></span> <span class='ocrx_word' id='word_1_98' title='bbox 1038 1312 1255 1370; x_wconf 85' lang='lat' dir='ltr'><strong>Esurivi</strong></span> <span class='ocrx_word' id='word_1_99' title='bbox 1283 1311 1458 1377; x_wconf 89' lang='lat' dir='ltr'><strong>enim,</strong></span> <span class='ocrx_word' id='word_1_100' title='bbox 1489 1318 1546 1364; x_wconf 92' lang='lat' dir='ltr'><strong>et</strong></span> <span class='ocrx_word' id='word_1_101' title='bbox 1571 1307 1794 1363; x_wconf 87' lang='lat' dir='ltr'><strong>dedistis</strong></span> <span class='ocrx_word' id='word_1_102' title='bbox 1819 1303 1950 1359; x_wconf 88' lang='lat' dir='ltr'><strong>mihi</strong></span> <span class='ocrx_word' id='word_1_103' title='bbox 1981 1316 2135 1357; x_wconf 87' lang='lat' dir='ltr'><strong>man-</strong></span> 
     </span>
    </p>
   </div>
   <div class='ocr_carea' id='block_1_16' title="bbox 559 1399 2133 1478">
    <p class='ocr_par' dir='ltr' id='par_1_16' title="bbox 559 1399 2133 1478">
     <span class='ocr_line' id='line_1_16' title="bbox 559 1399 2133 1478; baseline -0.016 -7"><span class='ocrx_word' id='word_1_104' title='bbox 559 1409 795 1478; x_wconf 83' lang='lat' dir='ltr'><strong>ducare;</strong></span> <span class='ocrx_word' id='word_1_105' title='bbox 824 1409 992 1477; x_wconf 85' lang='lat' dir='ltr'><strong>sitivi,</strong></span> <span class='ocrx_word' id='word_1_106' title='bbox 1015 1416 1072 1465; x_wconf 91' lang='lat' dir='ltr'><strong>et</strong></span> <span class='ocrx_word' id='word_1_107' title='bbox 1091 1405 1316 1463; x_wconf 87' lang='lat' dir='ltr'><strong>dedistis</strong></span> <span class='ocrx_word' id='word_1_108' title='bbox 1344 1402 1473 1459; x_wconf 90' lang='lat' dir='ltr'><strong>mihi</strong></span> <span class='ocrx_word' id='word_1_109' title='bbox 1494 1401 1712 1465; x_wconf 86' lang='lat' dir='ltr'><strong>bibere;</strong></span> <span class='ocrx_word' id='word_1_110' title='bbox 1746 1399 1943 1468; x_wconf 88' lang='lat' dir='ltr'><strong>hospes</strong></span> <span class='ocrx_word' id='word_1_111' title='bbox 1958 1408 2133 1460; x_wconf 86' lang='lat' dir='ltr'><strong>eram,</strong></span> 
     </span>
    </p>
   </div>
   <div class='ocr_carea' id='block_1_17' title="bbox 559 1482 2136 1577">
    <p class='ocr_par' dir='ltr' id='par_1_17' title="bbox 559 1482 2136 1577">
     <span class='ocr_line' id='line_1_17' title="bbox 559 1482 2136 1577; baseline -0.016 -16"><span class='ocrx_word' id='word_1_112' title='bbox 559 1506 618 1577; x_wconf 82' lang='lat' dir='ltr'><strong>et</strong></span> <span class='ocrx_word' id='word_1_113' title='bbox 641 1500 936 1574; x_wconf 89' lang='lat' dir='ltr'><strong>collegistis</strong></span> <span class='ocrx_word' id='word_1_114' title='bbox 963 1514 1052 1555; x_wconf 88' lang='lat' dir='ltr'><strong>me</strong></span> <span class='ocrx_word' id='word_1_115' title='bbox 1079 1515 1093 1553; x_wconf 93' lang='lat'><strong>:</strong></span> <span class='ocrx_word' id='word_1_116' title='bbox 1123 1497 1330 1561; x_wconf 89' lang='lat' dir='ltr'><strong>nudus,</strong></span> <span class='ocrx_word' id='word_1_117' title='bbox 1358 1501 1413 1550; x_wconf 90' lang='lat' dir='ltr'><strong>et</strong></span> <span class='ocrx_word' id='word_1_118' title='bbox 1438 1489 1792 1561; x_wconf 88' lang='lat' dir='ltr'><strong>cooperuistis</strong></span> <span class='ocrx_word' id='word_1_119' title='bbox 1824 1502 1948 1542; x_wconf 92' lang='lat' dir='ltr'><strong>me:</strong></span> <span class='ocrx_word' id='word_1_120' title='bbox 1984 1482 2136 1538; x_wconf 74' lang='lat' dir='ltr'><strong>infir-</strong></span> 
     </span>
    </p>
   </div>
   <div class='ocr_carea' id='block_1_18' title="bbox 560 1576 2139 1657">
    <p class='ocr_par' dir='ltr' id='par_1_18' title="bbox 560 1576 2139 1657">
     <span class='ocr_line' id='line_1_18' title="bbox 560 1576 2139 1657; baseline -0.016 -2"><span class='ocrx_word' id='word_1_121' title='bbox 560 1576 683 1655; x_wconf 86' lang='lat' dir='ltr'><strong>mus</strong></span> <span class='ocrx_word' id='word_1_122' title='bbox 706 1607 762 1651; x_wconf 91' lang='lat' dir='ltr'><strong>et</strong></span> <span class='ocrx_word' id='word_1_123' title='bbox 792 1597 844 1651; x_wconf 90' lang='lat' dir='ltr'><strong>in</strong></span> <span class='ocrx_word' id='word_1_124' title='bbox 868 1606 1108 1656; x_wconf 89' lang='lat' dir='ltr'><strong>carcere,</strong></span> <span class='ocrx_word' id='word_1_125' title='bbox 1136 1599 1190 1647; x_wconf 92' lang='lat' dir='ltr'><strong>et</strong></span> <span class='ocrx_word' id='word_1_126' title='bbox 1214 1587 1472 1645; x_wconf 88' lang='lat' dir='ltr'><strong>visitastis</strong></span> <span class='ocrx_word' id='word_1_127' title='bbox 1496 1600 1581 1640; x_wconf 92' lang='lat' dir='ltr'><strong>me</strong></span> <span class='ocrx_word' id='word_1_128' title='bbox 1602 1581 1816 1657; x_wconf 75' lang='lat' dir='ltr'><strong>(Matth.</strong></span> <span class='ocrx_word' id='word_1_129' title='bbox 1840 1579 1989 1651; x_wconf 80' lang='lat' dir='ltr'><strong>xxv).</strong></span> <span class='ocrx_word' id='word_1_130' title='bbox 2022 1576 2139 1630; x_wconf 67' lang='lat' dir='ltr'><strong>i&#39;Et</strong></span> 
     </span>
    </p>
   </div>
   <div class='ocr_carea' id='block_1_19' title="bbox 559 1671 2137 1747">
    <p class='ocr_par' dir='ltr' id='par_1_19' title="bbox 559 1671 2137 1747">
     <span class='ocr_line' id='line_1_19' title="bbox 559 1671 2137 1747; baseline -0.015 -4"><span class='ocrx_word' id='word_1_131' title='bbox 559 1688 669 1744; x_wconf 87' lang='lat' dir='ltr'><strong>illis</strong></span> <span class='ocrx_word' id='word_1_132' title='bbox 693 1686 1034 1743; x_wconf 87' lang='lat' dir='ltr'><strong>dicentibus:</strong></span> <span class='ocrx_word' id='word_1_133' title='bbox 1070 1701 1088 1734; x_wconf 74' lang='grc' dir='ltr'><strong>ι</strong></span> <span class='ocrx_word' id='word_1_134' title='bbox 1116 1680 1374 1741; x_wconf 78' lang='lat' dir='ltr'><strong>Domine,</strong></span> <span class='ocrx_word' id='word_1_135' title='bbox 1413 1674 1631 1747; x_wconf 86' lang='lat' dir='ltr'><strong>quando</strong></span> <span class='ocrx_word' id='word_1_136' title='bbox 1669 1681 1721 1728; x_wconf 89' lang='lat' dir='ltr'><strong>te</strong></span> <span class='ocrx_word' id='word_1_137' title='bbox 1759 1671 1990 1724; x_wconf 77' lang='lat' dir='ltr'><strong>vidimus</strong></span> <span class='ocrx_word' id='word_1_138' title='bbox 2013 1681 2137 1722; x_wconf 86' lang='lat' dir='ltr'><strong>esu-</strong></span> 
     </span>
    </p>
   </div>
   <div class='ocr_carea' id='block_1_20' title="bbox 2238 493 3857 579">
    <p class='ocr_par' dir='ltr' id='par_1_20' title="bbox 2238 493 3857 579">
     <span class='ocr_line' id='line_1_20' title="bbox 2238 493 3857 579; baseline 0.01 -33"><span class='ocrx_word' id='word_1_139' title='bbox 2238 493 2513 549; x_wconf 89' lang='lat' dir='ltr'><strong>Etiterum</strong></span> <span class='ocrx_word' id='word_1_140' title='bbox 2539 512 2553 549; x_wconf 91' lang='lat'><strong>:</strong></span> <span class='ocrx_word' id='word_1_141' title='bbox 2583 494 2707 566; x_wconf 84' lang='lat' dir='ltr'><strong>Fili,</strong></span> <span class='ocrx_word' id='word_1_142' title='bbox 2737 518 2755 547; x_wconf 69' lang='grc' dir='ltr'><strong>ι</strong></span> <span class='ocrx_word' id='word_1_143' title='bbox 2783 497 3125 571; x_wconf 85' lang='lat' dir='ltr'><strong>clecmosyua</strong></span> <span class='ocrx_word' id='word_1_144' title='bbox 3162 514 3192 552; x_wconf 89' lang='lat' dir='ltr'><strong>a</strong></span> <span class='ocrx_word' id='word_1_145' title='bbox 3225 509 3398 557; x_wconf 90' lang='lat' dir='ltr'><strong>morte</strong></span> <span class='ocrx_word' id='word_1_146' title='bbox 3426 502 3623 560; x_wconf 83' lang='lat' dir='ltr'><strong>liberat</strong></span> <span class='ocrx_word' id='word_1_147' title='bbox 3671 506 3857 579; x_wconf 76' lang='lat' dir='ltr'><strong>(Tob.</strong></span> 
     </span>
    </p>
   </div>
   <div class='ocr_carea' id='block_1_21' title="bbox 2239 583 3851 656">
    <p class='ocr_par' dir='ltr' id='par_1_21' title="bbox 2239 583 3851 656">
     <span class='ocr_line' id='line_1_21' title="bbox 2239 583 3851 656; baseline 0.012 -20"><span class='ocrx_word' id='word_1_148' title='bbox 2239 583 2358 655; x_wconf 83' lang='lat' dir='ltr'><strong>xu),</strong></span> <span class='ocrx_word' id='word_1_149' title='bbox 2390 603 2408 636; x_wconf 78' lang='grc' dir='ltr'><strong>ι</strong></span> <span class='ocrx_word' id='word_1_150' title='bbox 2450 594 2505 640; x_wconf 90' lang='lat' dir='ltr'><strong>et</strong></span> <span class='ocrx_word' id='word_1_151' title='bbox 2535 602 2640 642; x_wconf 90' lang='lat' dir='ltr'><strong>non</strong></span> <span class='ocrx_word' id='word_1_152' title='bbox 2670 588 2873 656; x_wconf 89' lang='lat' dir='ltr'><strong>patitur</strong></span> <span class='ocrx_word' id='word_1_153' title='bbox 2910 590 3183 646; x_wconf 82' lang='lat' dir='ltr'><strong>hominem</strong></span> <span class='ocrx_word' id='word_1_154' title='bbox 3220 591 3423 648; x_wconf 89' lang='lat' dir='ltr'><strong>intrare</strong></span> <span class='ocrx_word' id='word_1_155' title='bbox 3459 596 3513 650; x_wconf 92' lang='lat' dir='ltr'><strong>in</strong></span> <span class='ocrx_word' id='word_1_156' title='bbox 3545 598 3851 655; x_wconf 81' lang='lat' dir='ltr'><strong>tenebras.</strong></span> 
     </span>
    </p>
   </div>
   <div class='ocr_carea' id='block_1_22' title="bbox 2238 674 3856 754">
    <p class='ocr_par' dir='ltr' id='par_1_22' title="bbox 2238 674 3856 754">
     <span class='ocr_line' id='line_1_22' title="bbox 2238 674 3856 754; baseline 0.012 -25"><span class='ocrx_word' id='word_1_157' title='bbox 2238 674 2307 729; x_wconf 87' lang='lat' dir='ltr'><strong>Et</strong></span> <span class='ocrx_word' id='word_1_158' title='bbox 2334 692 2549 731; x_wconf 90' lang='lat' dir='ltr'><strong>rursum</strong></span> <span class='ocrx_word' id='word_1_159' title='bbox 2574 694 2587 729; x_wconf 92' lang='lat'><strong>:</strong></span> <span class='ocrx_word' id='word_1_160' title='bbox 2613 676 2847 733; x_wconf 85' lang='lat' dir='ltr'><strong>Desudet</strong></span> <span class='ocrx_word' id='word_1_161' title='bbox 2873 679 3212 752; x_wconf 88' lang='lat' dir='ltr'><strong>eleemosyna</strong></span> <span class='ocrx_word' id='word_1_162' title='bbox 3235 681 3289 737; x_wconf 90' lang='lat' dir='ltr'><strong>in</strong></span> <span class='ocrx_word' id='word_1_163' title='bbox 3318 698 3480 740; x_wconf 90' lang='lat' dir='ltr'><strong>manu</strong></span> <span class='ocrx_word' id='word_1_164' title='bbox 3507 695 3620 754; x_wconf 87' lang='lat' dir='ltr'><strong>tua,</strong></span> <span class='ocrx_word' id='word_1_165' title='bbox 3650 688 3856 748; x_wconf 79' lang='lat' dir='ltr'><strong>donec</strong></span> 
     </span>
    </p>
   </div>
   <div class='ocr_carea' id='block_1_23' title="bbox 2238 762 3852 851">
    <p class='ocr_par' dir='ltr' id='par_1_23' title="bbox 2238 762 3852 851">
     <span class='ocr_line' id='line_1_23' title="bbox 2238 762 3852 851; baseline 0.012 -35"><span class='ocrx_word' id='word_1_166' title='bbox 2238 762 2481 819; x_wconf 79' lang='lat' dir='ltr'><strong>invenias</strong></span> <span class='ocrx_word' id='word_1_167' title='bbox 2511 765 2717 836; x_wconf 90' lang='lat' dir='ltr'><strong>justum</strong></span> <span class='ocrx_word' id='word_1_168' title='bbox 2754 768 2841 823; x_wconf 91' lang='lat' dir='ltr'><strong>cui</strong></span> <span class='ocrx_word' id='word_1_169' title='bbox 2882 769 3063 827; x_wconf 85' lang='lat' dir='ltr'><strong>tradas</strong></span> <span class='ocrx_word' id='word_1_170' title='bbox 3097 784 3238 826; x_wconf 89' lang='lat' dir='ltr'><strong>eam.</strong></span> <span class='ocrx_word' id='word_1_171' title='bbox 3280 771 3349 828; x_wconf 87' lang='lat' dir='ltr'><strong>Et</strong></span> <span class='ocrx_word' id='word_1_172' title='bbox 3388 789 3659 846; x_wconf 85' lang='lat' dir='ltr'><strong>pauperes</strong></span> <span class='ocrx_word' id='word_1_173' title='bbox 3701 794 3852 851; x_wconf 78' lang='lat' dir='ltr'><strong>ergo</strong></span> 
     </span>
    </p>
   </div>
   <div class='ocr_carea' id='block_1_24' title="bbox 2231 855 3851 937">
    <p class='ocr_par' dir='ltr' id='par_1_24' title="bbox 2231 855 3851 937">
     <span class='ocr_line' id='line_1_24' title="bbox 2231 855 3851 937; baseline 0.011 -28"><span class='ocrx_word' id='word_1_174' title='bbox 2231 855 2382 925; x_wconf 84' lang='lat' dir='ltr'><strong>juxta</strong></span> <span class='ocrx_word' id='word_1_175' title='bbox 2413 859 2822 928; x_wconf 85' lang='lat' dir='ltr'><strong>possibilitatem</strong></span> <span class='ocrx_word' id='word_1_176' title='bbox 2858 877 3009 918; x_wconf 89' lang='lat' dir='ltr'><strong>suam</strong></span> <span class='ocrx_word' id='word_1_177' title='bbox 3040 863 3412 937; x_wconf 82' lang='lat' dir='ltr'><strong>eleemosynas</strong></span> <span class='ocrx_word' id='word_1_178' title='bbox 3452 869 3705 926; x_wconf 83' lang='lat' dir='ltr'><strong>tribuere</strong></span> <span class='ocrx_word' id='word_1_179' title='bbox 3743 869 3851 928; x_wconf 72' lang='grc' dir='ltr'><strong>(ιε.</strong></span> 
     </span>
    </p>
   </div>
   <div class='ocr_carea' id='block_1_25' title="bbox 2237 945 3845 1025">
    <p class='ocr_par' dir='ltr' id='par_1_25' title="bbox 2237 945 3845 1025">
     <span class='ocr_line' id='line_1_25' title="bbox 2237 945 3845 1025; baseline 0.009 -23"><span class='ocrx_word' id='word_1_180' title='bbox 2237 945 2383 1002; x_wconf 85' lang='lat' dir='ltr'><strong>bent.</strong></span> <span class='ocrx_word' id='word_1_181' title='bbox 2421 947 2571 1004; x_wconf 90' lang='lat' dir='ltr'><strong>Unde</strong></span> <span class='ocrx_word' id='word_1_182' title='bbox 2598 950 2771 1006; x_wconf 89' lang='lat' dir='ltr'><strong>bonus</strong></span> <span class='ocrx_word' id='word_1_183' title='bbox 2793 959 2950 1022; x_wconf 86' lang='lat' dir='ltr'><strong>pater</strong></span> <span class='ocrx_word' id='word_1_184' title='bbox 2986 954 3243 1009; x_wconf 88' lang='lat' dir='ltr'><strong>erudiens</strong></span> <span class='ocrx_word' id='word_1_185' title='bbox 3277 956 3447 1012; x_wconf 83' lang='lat' dir='ltr'><strong>lilium</strong></span> <span class='ocrx_word' id='word_1_186' title='bbox 3486 973 3675 1025; x_wconf 88' lang='lat' dir='ltr'><strong>suum,</strong></span> <span class='ocrx_word' id='word_1_187' title='bbox 3710 961 3799 1015; x_wconf 84' lang='lat' dir='ltr'><strong>ait</strong></span> <span class='ocrx_word' id='word_1_188' title='bbox 3826 977 3845 1016; x_wconf 96' lang='lat'><strong>:</strong></span> 
     </span>
    </p>
   </div>
   <div class='ocr_carea' id='block_1_26' title="bbox 2236 1037 3843 1110">
    <p class='ocr_par' dir='ltr' id='par_1_26' title="bbox 2236 1037 3843 1110">
     <span class='ocr_line' id='line_1_26' title="bbox 2236 1037 3843 1110; baseline 0.009 -19"><span class='ocrx_word' id='word_1_189' title='bbox 2236 1037 2359 1105; x_wconf 88' lang='lat' dir='ltr'><strong>Fili,</strong></span> <span class='ocrx_word' id='word_1_190' title='bbox 2393 1057 2412 1091; x_wconf 77' lang='grc' dir='ltr'><strong>ι</strong></span> <span class='ocrx_word' id='word_1_191' title='bbox 2443 1040 2488 1096; x_wconf 91' lang='lat' dir='ltr'><strong>si</strong></span> <span class='ocrx_word' id='word_1_192' title='bbox 2515 1040 2743 1096; x_wconf 91' lang='lat' dir='ltr'><strong>multum</strong></span> <span class='ocrx_word' id='word_1_193' title='bbox 2774 1042 2870 1097; x_wconf 88' lang='lat' dir='ltr'><strong>tibi</strong></span> <span class='ocrx_word' id='word_1_194' title='bbox 2900 1042 3083 1110; x_wconf 89' lang='lat' dir='ltr'><strong>fuerit,</strong></span> <span class='ocrx_word' id='word_1_195' title='bbox 3109 1046 3447 1103; x_wconf 84' lang='lat' dir='ltr'><strong>abundanter</strong></span> <span class='ocrx_word' id='word_1_196' title='bbox 3473 1048 3648 1105; x_wconf 85' lang='lat' dir='ltr'><strong>tribue</strong></span> <span class='ocrx_word' id='word_1_197' title='bbox 3676 1068 3694 1104; x_wconf 94' lang='lat'><strong>:</strong></span> <span class='ocrx_word' id='word_1_198' title='bbox 3732 1069 3756 1103; x_wconf 73' lang='grc' dir='ltr'><strong>ι</strong></span> <span class='ocrx_word' id='word_1_199' title='bbox 3791 1052 3843 1106; x_wconf 92' lang='lat' dir='ltr'><strong>si</strong></span> 
     </span>
    </p>
   </div>
   <div class='ocr_carea' id='block_1_27' title="bbox 2237 1129 3843 1212">
    <p class='ocr_par' dir='ltr' id='par_1_27' title="bbox 2237 1129 3843 1212">
     <span class='ocr_line' id='line_1_27' title="bbox 2237 1129 3843 1212; baseline 0.012 -32"><span class='ocrx_word' id='word_1_200' title='bbox 2237 1135 2418 1182; x_wconf 89' lang='lat' dir='ltr'><strong>autem</strong></span> <span class='ocrx_word' id='word_1_201' title='bbox 2451 1129 2725 1201; x_wconf 78' lang='lat' dir='ltr'><strong>exiguum,</strong></span> <span class='ocrx_word' id='word_1_202' title='bbox 2771 1132 2934 1188; x_wconf 89' lang='lat' dir='ltr'><strong>etiam</strong></span> <span class='ocrx_word' id='word_1_203' title='bbox 2971 1134 3224 1207; x_wconf 80' lang='lat' dir='ltr'><strong>exiguum</strong></span> <span class='ocrx_word' id='word_1_204' title='bbox 3267 1137 3502 1195; x_wconf 87' lang='lat' dir='ltr'><strong>libenter</strong></span> <span class='ocrx_word' id='word_1_205' title='bbox 3536 1140 3843 1212; x_wconf 83' lang='lat' dir='ltr'><strong>impartire</strong></span> 
     </span>
    </p>
   </div>
   <div class='ocr_carea' id='block_1_28' title="bbox 2238 1215 3836 1298">
    <p class='ocr_par' dir='ltr' id='par_1_28' title="bbox 2238 1215 3836 1298">
     <span class='ocr_line' id='line_1_28' title="bbox 2238 1215 3836 1298; baseline 0.013 -30"><span class='ocrx_word' id='word_1_206' title='bbox 2238 1215 2391 1289; x_wconf 84' lang='lat' dir='ltr'><strong>(Tob.</strong></span> <span class='ocrx_word' id='word_1_207' title='bbox 2438 1217 2536 1290; x_wconf 86' lang='lat' dir='ltr'><strong>tv).</strong></span> <span class='ocrx_word' id='word_1_208' title='bbox 2572 1219 2759 1291; x_wconf 82' lang='lat' dir='ltr'><strong>Neque</strong></span> <span class='ocrx_word' id='word_1_209' title='bbox 2786 1222 2932 1277; x_wconf 91' lang='lat' dir='ltr'><strong>enim</strong></span> <span class='ocrx_word' id='word_1_210' title='bbox 2977 1225 3119 1295; x_wconf 91' lang='lat' dir='ltr'><strong>apud</strong></span> <span class='ocrx_word' id='word_1_211' title='bbox 3150 1224 3355 1296; x_wconf 88' lang='lat' dir='ltr'><strong>justum</strong></span> <span class='ocrx_word' id='word_1_212' title='bbox 3380 1227 3621 1298; x_wconf 77' lang='lat' dir='ltr'><strong>iudicem</strong></span> <span class='ocrx_word' id='word_1_213' title='bbox 3650 1248 3836 1288; x_wconf 69' lang='lat' dir='ltr'><strong>exet:-</strong></span> 
     </span>
    </p>
   </div>
   <div class='ocr_carea' id='block_1_29' title="bbox 2237 1308 3837 1391">
    <p class='ocr_par' dir='ltr' id='par_1_29' title="bbox 2237 1308 3837 1391">
     <span class='ocr_line' id='line_1_29' title="bbox 2237 1308 3837 1391; baseline 0.012 -30"><span class='ocrx_word' id='word_1_214' title='bbox 2237 1308 2377 1362; x_wconf 86' lang='lat' dir='ltr'><strong>satio</strong></span> <span class='ocrx_word' id='word_1_215' title='bbox 2405 1309 2472 1364; x_wconf 89' lang='lat' dir='ltr'><strong>de</strong></span> <span class='ocrx_word' id='word_1_216' title='bbox 2499 1309 2840 1389; x_wconf 80' lang='lat' dir='ltr'><strong>eleemosyna</strong></span> <span class='ocrx_word' id='word_1_217' title='bbox 2873 1315 3012 1383; x_wconf 87' lang='lat' dir='ltr'><strong>erit,</strong></span> <span class='ocrx_word' id='word_1_218' title='bbox 3050 1317 3266 1391; x_wconf 83' lang='lat' dir='ltr'><strong>quando</strong></span> <span class='ocrx_word' id='word_1_219' title='bbox 3305 1319 3472 1376; x_wconf 90' lang='lat' dir='ltr'><strong>etiam</strong></span> <span class='ocrx_word' id='word_1_220' title='bbox 3512 1337 3614 1391; x_wconf 89' lang='lat' dir='ltr'><strong>pro</strong></span> <span class='ocrx_word' id='word_1_221' title='bbox 3652 1323 3837 1379; x_wconf 78' lang='lat' dir='ltr'><strong>calice</strong></span> 
     </span>
    </p>
   </div>
   <div class='ocr_carea' id='block_1_30' title="bbox 2237 1389 3830 1483">
    <p class='ocr_par' dir='ltr' id='par_1_30' title="bbox 2237 1389 3830 1483">
     <span class='ocr_line' id='line_1_30' title="bbox 2237 1389 3830 1483; baseline 0.01 -32"><span class='ocrx_word' id='word_1_222' title='bbox 2237 1412 2391 1468; x_wconf 75' lang='lat' dir='ltr'><strong>aqure</strong></span> <span class='ocrx_word' id='word_1_223' title='bbox 2412 1398 2620 1471; x_wconf 75' lang='lat' dir='ltr'><strong>frigida:</strong></span> <span class='ocrx_word' id='word_1_224' title='bbox 2642 1404 2945 1459; x_wconf 88' lang='lat' dir='ltr'><strong>mercedem</strong></span> <span class='ocrx_word' id='word_1_225' title='bbox 2967 1420 3024 1461; x_wconf 91' lang='lat' dir='ltr'><strong>se</strong></span> <span class='ocrx_word' id='word_1_226' title='bbox 3044 1389 3292 1477; x_wconf 77' lang='lat' dir='ltr'><strong>promisit</strong></span> <span class='ocrx_word' id='word_1_227' title='bbox 3313 1389 3569 1465; x_wconf 78' lang='lat' dir='ltr'><strong>daturum</strong></span> <span class='ocrx_word' id='word_1_228' title='bbox 3600 1410 3830 1483; x_wconf 64' lang='lat' dir='ltr'><strong>(Matth.</strong></span> 
     </span>
    </p>
   </div>
   <div class='ocr_carea' id='block_1_31' title="bbox 2234 1488 3832 1562">
    <p class='ocr_par' dir='ltr' id='par_1_31' title="bbox 2234 1488 3832 1562">
     <span class='ocr_line' id='line_1_31' title="bbox 2234 1488 3832 1562; baseline 0.011 -20"><span class='ocrx_word' id='word_1_229' title='bbox 2234 1488 2325 1562; x_wconf 69' lang='grc' dir='ltr'><strong>ι).</strong></span> <span class='ocrx_word' id='word_1_230' title='bbox 2372 1489 2838 1559; x_wconf 83' lang='lat' dir='ltr'><strong>Aliter:Quidam</strong></span> <span class='ocrx_word' id='word_1_231' title='bbox 2886 1504 3065 1551; x_wconf 90' lang='lat' dir='ltr'><strong>autem</strong></span> <span class='ocrx_word' id='word_1_232' title='bbox 3115 1497 3257 1554; x_wconf 86' lang='lat' dir='ltr'><strong>hanc</strong></span> <span class='ocrx_word' id='word_1_233' title='bbox 3302 1499 3723 1561; x_wconf 84' lang='lat' dir='ltr'><strong>similitudinem</strong></span> <span class='ocrx_word' id='word_1_234' title='bbox 3773 1502 3832 1559; x_wconf 79' lang='lat' dir='ltr'><strong>in</strong></span> 
     </span>
    </p>
   </div>
   <div class='ocr_carea' id='block_1_32' title="bbox 2236 1577 3826 1658">
    <p class='ocr_par' dir='ltr' id='par_1_32' title="bbox 2236 1577 3826 1658">
     <span class='ocr_line' id='line_1_32' title="bbox 2236 1577 3826 1658; baseline 0.009 -27"><span class='ocrx_word' id='word_1_235' title='bbox 2236 1577 2402 1633; x_wconf 87' lang='lat' dir='ltr'><strong>Paulo</strong></span> <span class='ocrx_word' id='word_1_236' title='bbox 2436 1580 2681 1652; x_wconf 87' lang='lat' dir='ltr'><strong>apostolo</strong></span> <span class='ocrx_word' id='word_1_237' title='bbox 2713 1582 2986 1654; x_wconf 86' lang='lat' dir='ltr'><strong>impletam</strong></span> <span class='ocrx_word' id='word_1_238' title='bbox 3015 1585 3240 1658; x_wconf 77' lang='lat' dir='ltr'><strong>intelligi</strong></span> <span class='ocrx_word' id='word_1_239' title='bbox 3267 1587 3455 1642; x_wconf 88' lang='lat' dir='ltr'><strong>volunt</strong></span> <span class='ocrx_word' id='word_1_240' title='bbox 3484 1588 3591 1644; x_wconf 88' lang='lat' dir='ltr'><strong>hoc</strong></span> <span class='ocrx_word' id='word_1_241' title='bbox 3619 1589 3826 1646; x_wconf 82' lang='lat' dir='ltr'><strong>modo:</strong></span> 
     </span>
    </p>
   </div>
   <div class='ocr_carea' id='block_1_33' title="bbox 2235 1665 3827 1748">
    <p class='ocr_par' dir='ltr' id='par_1_33' title="bbox 2235 1665 3827 1748">
     <span class='ocr_line' id='line_1_33' title="bbox 2235 1665 3827 1748; baseline 0.009 -26"><span class='ocrx_word' id='word_1_242' title='bbox 2235 1665 2408 1724; x_wconf 79' lang='lat' dir='ltr'><strong>Homo</strong></span> <span class='ocrx_word' id='word_1_243' title='bbox 2434 1669 2534 1726; x_wconf 86' lang='lat' dir='ltr'><strong>iste</strong></span> <span class='ocrx_word' id='word_1_244' title='bbox 2560 1670 2702 1727; x_wconf 86' lang='lat' dir='ltr'><strong>Deus</strong></span> <span class='ocrx_word' id='word_1_245' title='bbox 2722 1672 3061 1745; x_wconf 86' lang='lat' dir='ltr'><strong>omnipotens</strong></span> <span class='ocrx_word' id='word_1_246' title='bbox 3084 1684 3187 1743; x_wconf 90' lang='lat' dir='ltr'><strong>est,</strong></span> <span class='ocrx_word' id='word_1_247' title='bbox 3216 1676 3308 1746; x_wconf 88' lang='lat' dir='ltr'><strong>qui</strong></span> <span class='ocrx_word' id='word_1_248' title='bbox 3336 1677 3530 1733; x_wconf 85' lang='lat' dir='ltr'><strong>habuit</strong></span> <span class='ocrx_word' id='word_1_249' title='bbox 3555 1678 3827 1748; x_wconf 81' lang='lat' dir='ltr'><strong>villicum,</strong></span> 
     </span>
    </p>
   </div>
   <div class='ocr_carea' id='block_1_34' title="bbox 558 1753 3827 1845">
    <p class='ocr_par' dir='ltr' id='par_1_34' title="bbox 558 1753 3827 1845">
     <span class='ocr_line' id='line_1_34' title="bbox 558 1753 3827 1845; baseline -0.006 -14"><span class='ocrx_word' id='word_1_250' title='bbox 558 1776 815 1840; x_wconf 86' lang='lat' dir='ltr'><strong>rientem,</strong></span> <span class='ocrx_word' id='word_1_251' title='bbox 847 1782 904 1827; x_wconf 91' lang='lat' dir='ltr'><strong>et</strong></span> <span class='ocrx_word' id='word_1_252' title='bbox 934 1770 1210 1843; x_wconf 90' lang='lat' dir='ltr'><strong>pavimus;</strong></span> <span class='ocrx_word' id='word_1_253' title='bbox 1237 1772 1297 1823; x_wconf 78' lang='lat' dir='ltr'><strong>et</strong></span> <span class='ocrx_word' id='word_1_254' title='bbox 1322 1765 1617 1828; x_wconf 84' lang='lat' dir='ltr'><strong>sitientem,</strong></span> <span class='ocrx_word' id='word_1_255' title='bbox 1662 1768 1720 1816; x_wconf 91' lang='lat' dir='ltr'><strong>et</strong></span> <span class='ocrx_word' id='word_1_256' title='bbox 1759 1757 2003 1815; x_wconf 90' lang='lat' dir='ltr'><strong>dedimus</strong></span> <span class='ocrx_word' id='word_1_257' title='bbox 2038 1753 2136 1809; x_wconf 87' lang='lat' dir='ltr'><strong>tibi</strong></span> <span class='ocrx_word' id='word_1_258' title='bbox 2162 1764 2215 1826; x_wconf 76' lang='grc' dir='ltr'><strong>Β</strong></span> <span class='ocrx_word' id='word_1_259' title='bbox 2240 1761 2448 1818; x_wconf 73' lang='lat' dir='ltr'><strong>scilicet</strong></span> <span class='ocrx_word' id='word_1_260' title='bbox 2470 1762 2696 1819; x_wconf 78' lang='lat' dir='ltr'><strong>Paulum</strong></span> <span class='ocrx_word' id='word_1_261' title='bbox 2722 1766 3044 1837; x_wconf 67' lang='grc' dir='ltr'><strong>εροειοιηιη,</strong></span> <span class='ocrx_word' id='word_1_262' title='bbox 3080 1770 3177 1824; x_wconf 22' lang='lat' dir='ltr'><strong>cui.</strong></span> <span class='ocrx_word' id='word_1_263' title='bbox 3197 1770 3416 1827; x_wconf 52' lang='lat' dir='ltr'><strong>divitias</strong></span> <span class='ocrx_word' id='word_1_264' title='bbox 3444 1786 3575 1829; x_wconf 69' lang='lat' dir='ltr'><strong>suas</strong></span> <span class='ocrx_word' id='word_1_265' title='bbox 3603 1773 3827 1845; x_wconf 61' lang='grc' dir='ltr'><strong>ὤφθη-</strong></span> 
     </span>
    </p>
   </div>
   <div class='ocr_carea' id='block_1_35' title="bbox 558 1849 2136 1937">
    <p class='ocr_par' dir='ltr' id='par_1_35' title="bbox 558 1849 2136 1937">
     <span class='ocr_line' id='line_1_35' title="bbox 558 1849 2136 1937; baseline -0.014 -15"><span class='ocrx_word' id='word_1_266' title='bbox 558 1876 774 1937; x_wconf 90' lang='lat' dir='ltr'><strong>potum;</strong></span> <span class='ocrx_word' id='word_1_267' title='bbox 801 1862 1089 1932; x_wconf 86' lang='lat' dir='ltr'><strong>hospitem,</strong></span> <span class='ocrx_word' id='word_1_268' title='bbox 1117 1867 1173 1915; x_wconf 92' lang='lat' dir='ltr'><strong>et</strong></span> <span class='ocrx_word' id='word_1_269' title='bbox 1205 1855 1539 1925; x_wconf 80' lang='lat' dir='ltr'><strong>suscepimus</strong></span> <span class='ocrx_word' id='word_1_270' title='bbox 1565 1861 1651 1917; x_wconf 91' lang='lat' dir='ltr'><strong>te;</strong></span> <span class='ocrx_word' id='word_1_271' title='bbox 1677 1849 1904 1916; x_wconf 87' lang='lat' dir='ltr'><strong>nudum,</strong></span> <span class='ocrx_word' id='word_1_272' title='bbox 1930 1855 1985 1903; x_wconf 93' lang='lat' dir='ltr'><strong>et</strong></span> <span class='ocrx_word' id='word_1_273' title='bbox 2009 1860 2136 1937; x_wconf 31' lang='lat' dir='ltr'><strong>eoos</strong></span> 
     </span>
    </p>
   </div>
   <div class='ocr_carea' id='block_1_36' title="bbox 557 1936 2135 2028">
    <p class='ocr_par' dir='ltr' id='par_1_36' title="bbox 557 1936 2135 2028">
     <span class='ocr_line' id='line_1_36' title="bbox 557 1936 2135 2028; baseline -0.014 -16"><span class='ocrx_word' id='word_1_274' title='bbox 557 1936 837 2028; x_wconf 84' lang='lat' dir='ltr'><strong>peruimus</strong></span> <span class='ocrx_word' id='word_1_275' title='bbox 865 1963 917 2008; x_wconf 89' lang='lat' dir='ltr'><strong>te</strong></span> <span class='ocrx_word' id='word_1_276' title='bbox 940 1949 1261 2017; x_wconf 83' lang='lat' dir='ltr'><strong>;&#39;inlirmum</strong></span> <span class='ocrx_word' id='word_1_277' title='bbox 1290 1956 1347 2002; x_wconf 89' lang='lat' dir='ltr'><strong>et</strong></span> <span class='ocrx_word' id='word_1_278' title='bbox 1371 1946 1427 2001; x_wconf 88' lang='lat' dir='ltr'><strong>in</strong></span> <span class='ocrx_word' id='word_1_279' title='bbox 1451 1956 1696 2009; x_wconf 87' lang='lat' dir='ltr'><strong>carcere,</strong></span> <span class='ocrx_word' id='word_1_280' title='bbox 1723 1947 1779 1997; x_wconf 93' lang='lat' dir='ltr'><strong>et</strong></span> <span class='ocrx_word' id='word_1_281' title='bbox 1801 1938 2046 1994; x_wconf 84' lang='lat' dir='ltr'><strong>venimus</strong></span> <span class='ocrx_word' id='word_1_282' title='bbox 2067 1936 2135 1992; x_wconf 87' lang='lat' dir='ltr'><strong>ad</strong></span> 
     </span>
    </p>
   </div>
   <div class='ocr_carea' id='block_1_37' title="bbox 558 2028 2135 2117">
    <p class='ocr_par' dir='ltr' id='par_1_37' title="bbox 558 2028 2135 2117">
     <span class='ocr_line' id='line_1_37' title="bbox 558 2028 2135 2117; baseline -0.013 -15"><span class='ocrx_word' id='word_1_283' title='bbox 558 2046 650 2103; x_wconf 78' lang='lat' dir='ltr'><strong>te?</strong></span> <span class='ocrx_word' id='word_1_284' title='bbox 678 2043 865 2117; x_wconf 65' lang='grc' dir='ltr'><strong>(ιδιά.)</strong></span> <span class='ocrx_word' id='word_1_285' title='bbox 887 2062 907 2097; x_wconf 72' lang='grc' dir='ltr'><strong>ι</strong></span> <span class='ocrx_word' id='word_1_286' title='bbox 940 2039 1266 2110; x_wconf 86' lang='lat' dir='ltr'><strong>respondet:</strong></span> <span class='ocrx_word' id='word_1_287' title='bbox 1300 2056 1319 2088; x_wconf 76' lang='grc' dir='ltr'><strong>ι</strong></span> <span class='ocrx_word' id='word_1_288' title='bbox 1347 2035 1517 2090; x_wconf 86' lang='lat' dir='ltr'><strong>Amen</strong></span> <span class='ocrx_word' id='word_1_289' title='bbox 1547 2032 1669 2088; x_wconf 89' lang='lat' dir='ltr'><strong>dico</strong></span> <span class='ocrx_word' id='word_1_290' title='bbox 1689 2029 1864 2098; x_wconf 88' lang='lat' dir='ltr'><strong>vobis,</strong></span> <span class='ocrx_word' id='word_1_291' title='bbox 1894 2028 2135 2099; x_wconf 88' lang='lat' dir='ltr'><strong>quandiu</strong></span> 
     </span>
    </p>
   </div>
   <div class='ocr_carea' id='block_1_38' title="bbox 556 2119 2130 2195">
    <p class='ocr_par' dir='ltr' id='par_1_38' title="bbox 556 2119 2130 2195">
     <span class='ocr_line' id='line_1_38' title="bbox 556 2119 2130 2195; baseline -0.011 -3"><span class='ocrx_word' id='word_1_292' title='bbox 556 2137 652 2194; x_wconf 85' lang='lat' dir='ltr'><strong>uni</strong></span> <span class='ocrx_word' id='word_1_293' title='bbox 676 2151 745 2192; x_wconf 76' lang='lat' dir='ltr'><strong>ex</strong></span> <span class='ocrx_word' id='word_1_294' title='bbox 770 2133 1008 2191; x_wconf 87' lang='lat' dir='ltr'><strong>minimis</strong></span> <span class='ocrx_word' id='word_1_295' title='bbox 1033 2132 1171 2187; x_wconf 88' lang='lat' dir='ltr'><strong>meis</strong></span> <span class='ocrx_word' id='word_1_296' title='bbox 1194 2128 1431 2193; x_wconf 81' lang='lat' dir='ltr'><strong>fecistis,</strong></span> <span class='ocrx_word' id='word_1_297' title='bbox 1465 2125 1598 2181; x_wconf 91' lang='lat' dir='ltr'><strong>mihi</strong></span> <span class='ocrx_word' id='word_1_298' title='bbox 1628 2122 1834 2180; x_wconf 76' lang='lat' dir='ltr'><strong>fecistis</strong></span> <span class='ocrx_word' id='word_1_299' title='bbox 1862 2119 2076 2195; x_wconf 64' lang='lat' dir='ltr'><strong>(Ibid).</strong></span> <span class='ocrx_word' id='word_1_300' title='bbox 2109 2138 2130 2174; x_wconf 77' lang='grc' dir='ltr'><strong>ι</strong></span> 
     </span>
    </p>
   </div>
   <div class='ocr_carea' id='block_1_39' title="bbox 559 2214 2133 2295">
    <p class='ocr_par' dir='ltr' id='par_1_39' title="bbox 559 2214 2133 2295">
     <span class='ocr_line' id='line_1_39' title="bbox 559 2214 2133 2295; baseline -0.011 -10"><span class='ocrx_word' id='word_1_301' title='bbox 559 2227 671 2285; x_wconf 79' lang='lat' dir='ltr'><strong>llos</strong></span> <span class='ocrx_word' id='word_1_302' title='bbox 704 2226 909 2282; x_wconf 88' lang='lat' dir='ltr'><strong>amicos</strong></span> <span class='ocrx_word' id='word_1_303' title='bbox 948 2224 1075 2295; x_wconf 88' lang='lat' dir='ltr'><strong>quia</strong></span> <span class='ocrx_word' id='word_1_304' title='bbox 1120 2221 1293 2277; x_wconf 91' lang='lat' dir='ltr'><strong>uoluit</strong></span> <span class='ocrx_word' id='word_1_305' title='bbox 1339 2219 1541 2275; x_wconf 87' lang='lat' dir='ltr'><strong>habere</strong></span> <span class='ocrx_word' id='word_1_306' title='bbox 1590 2217 1680 2273; x_wconf 87' lang='lat' dir='ltr'><strong>ille</strong></span> <span class='ocrx_word' id='word_1_307' title='bbox 1726 2215 1898 2282; x_wconf 80' lang='lat' dir='ltr'><strong>dives,</strong></span> <span class='ocrx_word' id='word_1_308' title='bbox 1934 2229 2041 2270; x_wconf 92' lang='lat' dir='ltr'><strong>non</strong></span> <span class='ocrx_word' id='word_1_309' title='bbox 2079 2214 2133 2269; x_wconf 90' lang='lat' dir='ltr'><strong>in</strong></span> 
     </span>
    </p>
   </div>
   <div class='ocr_carea' id='block_1_40' title="bbox 557 2305 2132 2381">
    <p class='ocr_par' dir='ltr' id='par_1_40' title="bbox 557 2305 2132 2381">
     <span class='ocr_line' id='line_1_40' title="bbox 557 2305 2132 2381; baseline -0.012 -3"><span class='ocrx_word' id='word_1_310' title='bbox 557 2330 761 2379; x_wconf 68' lang='lat' dir='ltr'><strong>aeterna</strong></span> <span class='ocrx_word' id='word_1_311' title='bbox 811 2315 1186 2381; x_wconf 86' lang='lat' dir='ltr'><strong>tabernacula,</strong></span> <span class='ocrx_word' id='word_1_312' title='bbox 1228 2314 1323 2371; x_wconf 89' lang='lat' dir='ltr'><strong>sed</strong></span> <span class='ocrx_word' id='word_1_313' title='bbox 1364 2312 1419 2367; x_wconf 90' lang='lat' dir='ltr'><strong>in</strong></span> <span class='ocrx_word' id='word_1_314' title='bbox 1458 2319 1660 2366; x_wconf 58' lang='lat' dir='ltr'><strong>aeterna</strong></span> <span class='ocrx_word' id='word_1_315' title='bbox 1699 2321 1857 2379; x_wconf 64' lang='lat' dir='ltr'><strong>pana</strong></span> <span class='ocrx_word' id='word_1_316' title='bbox 1902 2305 2132 2378; x_wconf 85' lang='lat' dir='ltr'><strong>positus,</strong></span> 
     </span>
    </p>
   </div>
   <div class='ocr_carea' id='block_1_41' title="bbox 557 2394 2136 2470">
    <p class='ocr_par' dir='ltr' id='par_1_41' title="bbox 557 2394 2136 2470">
     <span class='ocr_line' id='line_1_41' title="bbox 557 2394 2136 2470; baseline -0.013 -1"><span class='ocrx_word' id='word_1_317' title='bbox 557 2414 778 2469; x_wconf 87' lang='lat' dir='ltr'><strong>aiebat:</strong></span> <span class='ocrx_word' id='word_1_318' title='bbox 818 2416 836 2462; x_wconf 70' lang='grc' dir='ltr'><strong>ι</strong></span> <span class='ocrx_word' id='word_1_319' title='bbox 869 2409 1032 2465; x_wconf 88' lang='lat' dir='ltr'><strong>Pater</strong></span> <span class='ocrx_word' id='word_1_320' title='bbox 1075 2406 1374 2470; x_wconf 83' lang='lat' dir='ltr'><strong>Abraham,</strong></span> <span class='ocrx_word' id='word_1_321' title='bbox 1420 2399 1680 2456; x_wconf 89' lang='lat' dir='ltr'><strong>miserere</strong></span> <span class='ocrx_word' id='word_1_322' title='bbox 1727 2397 1859 2464; x_wconf 89' lang='lat' dir='ltr'><strong>mei,</strong></span> <span class='ocrx_word' id='word_1_323' title='bbox 1892 2404 1948 2452; x_wconf 86' lang='lat' dir='ltr'><strong>ct</strong></span> <span class='ocrx_word' id='word_1_324' title='bbox 1978 2394 2136 2450; x_wconf 89' lang='lat' dir='ltr'><strong>mitte</strong></span> 
     </span>
    </p>
   </div>
   <div class='ocr_carea' id='block_1_42' title="bbox 556 2487 2135 2567">
    <p class='ocr_par' dir='ltr' id='par_1_42' title="bbox 556 2487 2135 2567">
     <span class='ocr_line' id='line_1_42' title="bbox 556 2487 2135 2567; baseline -0.013 -9"><span class='ocrx_word' id='word_1_325' title='bbox 556 2503 823 2558; x_wconf 80' lang='lat' dir='ltr'><strong>Lazarum</strong></span> <span class='ocrx_word' id='word_1_326' title='bbox 851 2506 910 2553; x_wconf 90' lang='lat' dir='ltr'><strong>ut</strong></span> <span class='ocrx_word' id='word_1_327' title='bbox 931 2496 1162 2567; x_wconf 87' lang='lat' dir='ltr'><strong>intingat</strong></span> <span class='ocrx_word' id='word_1_328' title='bbox 1194 2501 1496 2550; x_wconf 79' lang='lat' dir='ltr'><strong>extremum</strong></span> <span class='ocrx_word' id='word_1_329' title='bbox 1517 2488 1668 2562; x_wconf 88' lang='lat' dir='ltr'><strong>digiti</strong></span> <span class='ocrx_word' id='word_1_330' title='bbox 1690 2487 1772 2544; x_wconf 89' lang='lat' dir='ltr'><strong>sui</strong></span> <span class='ocrx_word' id='word_1_331' title='bbox 1798 2487 1851 2543; x_wconf 91' lang='lat' dir='ltr'><strong>in</strong></span> <span class='ocrx_word' id='word_1_332' title='bbox 1873 2499 2036 2556; x_wconf 90' lang='lat' dir='ltr'><strong>aqua,</strong></span> <span class='ocrx_word' id='word_1_333' title='bbox 2073 2490 2135 2538; x_wconf 92' lang='lat' dir='ltr'><strong>ut</strong></span> 
     </span>
    </p>
   </div>
   <div class='ocr_carea' id='block_1_43' title="bbox 556 2574 2131 2668">
    <p class='ocr_par' dir='ltr' id='par_1_43' title="bbox 556 2574 2131 2668">
     <span class='ocr_line' id='line_1_43' title="bbox 556 2574 2131 2668; baseline -0.015 -14"><span class='ocrx_word' id='word_1_334' title='bbox 556 2596 841 2668; x_wconf 85' lang='lat' dir='ltr'><strong>refrigeret</strong></span> <span class='ocrx_word' id='word_1_335' title='bbox 865 2578 1104 2665; x_wconf 84' lang='lat' dir='ltr'><strong>linguam</strong></span> <span class='ocrx_word' id='word_1_336' title='bbox 1132 2603 1328 2655; x_wconf 89' lang='lat' dir='ltr'><strong>meam,</strong></span> <span class='ocrx_word' id='word_1_337' title='bbox 1356 2585 1480 2657; x_wconf 89' lang='lat' dir='ltr'><strong>quia</strong></span> <span class='ocrx_word' id='word_1_338' title='bbox 1506 2583 1722 2640; x_wconf 87' lang='lat' dir='ltr'><strong>crucior</strong></span> <span class='ocrx_word' id='word_1_339' title='bbox 1745 2581 1800 2636; x_wconf 85' lang='lat' dir='ltr'><strong>in</strong></span> <span class='ocrx_word' id='word_1_340' title='bbox 1840 2580 1946 2635; x_wconf 88' lang='lat' dir='ltr'><strong>hac</strong></span> <span class='ocrx_word' id='word_1_341' title='bbox 1974 2574 2131 2668; x_wconf 82' lang='lat' dir='ltr'><strong>ﬂam-</strong></span> 
     </span>
    </p>
   </div>
   <div class='ocr_carea' id='block_1_44' title="bbox 554 2664 2134 2759">
    <p class='ocr_par' dir='ltr' id='par_1_44' title="bbox 554 2664 2134 2759">
     <span class='ocr_line' id='line_1_44' title="bbox 554 2664 2134 2759; baseline -0.016 -15"><span class='ocrx_word' id='word_1_342' title='bbox 554 2702 643 2745; x_wconf 90' lang='lat' dir='ltr'><strong>ma</strong></span> <span class='ocrx_word' id='word_1_343' title='bbox 671 2664 823 2759; x_wconf 64' lang='lat' dir='ltr'><strong>(lue.</strong></span> <span class='ocrx_word' id='word_1_344' title='bbox 848 2664 982 2752; x_wconf 72' lang='lat' dir='ltr'><strong>xvi).</strong></span> <span class='ocrx_word' id='word_1_345' title='bbox 1013 2701 1035 2736; x_wconf 69' lang='grc' dir='ltr'><strong>ι</strong></span> <span class='ocrx_word' id='word_1_346' title='bbox 1071 2678 1297 2735; x_wconf 67' lang='lat' dir='ltr'><strong>IEterna</strong></span> <span class='ocrx_word' id='word_1_347' title='bbox 1333 2671 1680 2732; x_wconf 85' lang='lat' dir='ltr'><strong>tabernacula</strong></span> <span class='ocrx_word' id='word_1_348' title='bbox 1717 2670 1943 2726; x_wconf 82' lang='lat' dir='ltr'><strong>diversa:</strong></span> <span class='ocrx_word' id='word_1_349' title='bbox 1976 2664 2134 2723; x_wconf 82' lang='lat' dir='ltr'><strong>retri-</strong></span> 
     </span>
    </p>
   </div>
   <div class='ocr_carea' id='block_1_45' title="bbox 553 2755 2131 2837">
    <p class='ocr_par' dir='ltr' id='par_1_45' title="bbox 553 2755 2131 2837">
     <span class='ocr_line' id='line_1_45' title="bbox 553 2755 2131 2837; baseline -0.016 -1"><span class='ocrx_word' id='word_1_350' title='bbox 553 2755 805 2835; x_wconf 84' lang='lat' dir='ltr'><strong>butiones</strong></span> <span class='ocrx_word' id='word_1_351' title='bbox 826 2782 954 2831; x_wconf 84' lang='lat' dir='ltr'><strong>sunt</strong></span> <span class='ocrx_word' id='word_1_352' title='bbox 981 2771 1320 2834; x_wconf 90' lang='lat' dir='ltr'><strong>meritorum,</strong></span> <span class='ocrx_word' id='word_1_353' title='bbox 1346 2764 1489 2837; x_wconf 90' lang='lat' dir='ltr'><strong>quod</strong></span> <span class='ocrx_word' id='word_1_354' title='bbox 1510 2761 1772 2819; x_wconf 87' lang='lat' dir='ltr'><strong>Dominus</strong></span> <span class='ocrx_word' id='word_1_355' title='bbox 1792 2757 1919 2815; x_wconf 90' lang='lat' dir='ltr'><strong>alibi</strong></span> <span class='ocrx_word' id='word_1_356' title='bbox 1947 2755 2131 2813; x_wconf 86' lang='lat' dir='ltr'><strong>decla-</strong></span> 
     </span>
    </p>
   </div>
   <div class='ocr_carea' id='block_1_46' title="bbox 554 2846 2133 2938">
    <p class='ocr_par' dir='ltr' id='par_1_46' title="bbox 554 2846 2133 2938">
     <span class='ocr_line' id='line_1_46' title="bbox 554 2846 2133 2938; baseline -0.016 -11"><span class='ocrx_word' id='word_1_357' title='bbox 554 2878 663 2938; x_wconf 88' lang='lat' dir='ltr'><strong>rat,</strong></span> <span class='ocrx_word' id='word_1_358' title='bbox 695 2868 882 2924; x_wconf 90' lang='lat' dir='ltr'><strong>dicens</strong></span> <span class='ocrx_word' id='word_1_359' title='bbox 909 2883 923 2920; x_wconf 92' lang='lat'><strong>:</strong></span> <span class='ocrx_word' id='word_1_360' title='bbox 960 2883 978 2917; x_wconf 78' lang='lat' dir='ltr'><strong>t</strong></span> <span class='ocrx_word' id='word_1_361' title='bbox 996 2863 1056 2919; x_wconf 83' lang='grc' dir='ltr'><strong>ιιι</strong></span> <span class='ocrx_word' id='word_1_362' title='bbox 1086 2863 1248 2918; x_wconf 89' lang='lat' dir='ltr'><strong>domo</strong></span> <span class='ocrx_word' id='word_1_363' title='bbox 1272 2859 1452 2914; x_wconf 87' lang='lat' dir='ltr'><strong>Patris</strong></span> <span class='ocrx_word' id='word_1_364' title='bbox 1477 2855 1585 2912; x_wconf 88' lang='lat' dir='ltr'><strong>mei</strong></span> <span class='ocrx_word' id='word_1_365' title='bbox 1613 2853 1922 2910; x_wconf 90' lang='lat' dir='ltr'><strong>mansiones</strong></span> <span class='ocrx_word' id='word_1_366' title='bbox 1949 2846 2133 2904; x_wconf 77' lang='lat' dir='ltr'><strong>multa:</strong></span> 
     </span>
    </p>
   </div>
   <div class='ocr_carea' id='block_1_47' title="bbox 554 2939 2133 3030">
    <p class='ocr_par' dir='ltr' id='par_1_47' title="bbox 554 2939 2133 3030">
     <span class='ocr_line' id='line_1_47' title="bbox 554 2939 2133 3030; baseline -0.014 -15"><span class='ocrx_word' id='word_1_367' title='bbox 554 2966 684 3015; x_wconf 71' lang='lat' dir='ltr'><strong>Sunt</strong></span> <span class='ocrx_word' id='word_1_368' title='bbox 720 2955 904 3030; x_wconf 72' lang='lat' dir='ltr'><strong>(Iona.</strong></span> <span class='ocrx_word' id='word_1_369' title='bbox 930 2942 1065 3025; x_wconf 68' lang='lat' dir='ltr'><strong>xxv).</strong></span> <span class='ocrx_word' id='word_1_370' title='bbox 1097 2970 1117 3006; x_wconf 74' lang='grc' dir='ltr'><strong>ι</strong></span> <span class='ocrx_word' id='word_1_371' title='bbox 1167 2948 1367 3006; x_wconf 84' lang='lat' dir='ltr'><strong>Audiat</strong></span> <span class='ocrx_word' id='word_1_372' title='bbox 1405 2960 1536 3019; x_wconf 86' lang='lat' dir='ltr'><strong>ergo</strong></span> <span class='ocrx_word' id='word_1_373' title='bbox 1573 2946 1677 3001; x_wconf 87' lang='lat' dir='ltr'><strong>hoc</strong></span> <span class='ocrx_word' id='word_1_374' title='bbox 1725 2943 1907 3008; x_wconf 88' lang='lat' dir='ltr'><strong>dives,</strong></span> <span class='ocrx_word' id='word_1_375' title='bbox 1947 2939 2133 3030; x_wconf 85' lang='lat' dir='ltr'><strong>audiat</strong></span> 
     </span>
    </p>
   </div>
   <div class='ocr_carea' id='block_1_48' title="bbox 553 3028 2132 3113">
    <p class='ocr_par' dir='ltr' id='par_1_48' title="bbox 553 3028 2132 3113">
     <span class='ocr_line' id='line_1_48' title="bbox 553 3028 2132 3113; baseline -0.013 -7"><span class='ocrx_word' id='word_1_376' title='bbox 553 3028 918 3113; x_wconf 81' lang='lat' dir='ltr'><strong>Christianus,</strong></span> <span class='ocrx_word' id='word_1_377' title='bbox 947 3042 1125 3100; x_wconf 90' lang='lat' dir='ltr'><strong>discat</strong></span> <span class='ocrx_word' id='word_1_378' title='bbox 1151 3037 1389 3096; x_wconf 80' lang='lat' dir='ltr'><strong>tribuere</strong></span> <span class='ocrx_word' id='word_1_379' title='bbox 1412 3037 1661 3102; x_wconf 78' lang='lat' dir='ltr'><strong>minima,</strong></span> <span class='ocrx_word' id='word_1_380' title='bbox 1690 3042 1750 3090; x_wconf 86' lang='lat' dir='ltr'><strong>ut</strong></span> <span class='ocrx_word' id='word_1_381' title='bbox 1780 3033 1956 3104; x_wconf 89' lang='lat' dir='ltr'><strong>possit</strong></span> <span class='ocrx_word' id='word_1_382' title='bbox 1984 3028 2132 3087; x_wconf 49' lang='lat' dir='ltr'><strong>accis-</strong></span> 
     </span>
    </p>
   </div>
   <div class='ocr_carea' id='block_1_49' title="bbox 2236 1850 3823 1930">
    <p class='ocr_par' dir='ltr' id='par_1_49' title="bbox 2236 1850 3823 1930">
     <span class='ocr_line' id='line_1_49' title="bbox 2236 1850 3823 1930; baseline 0.007 -25"><span class='ocrx_word' id='word_1_383' title='bbox 2236 1850 2434 1907; x_wconf 89' lang='lat' dir='ltr'><strong>sandas</strong></span> <span class='ocrx_word' id='word_1_384' title='bbox 2459 1851 2750 1920; x_wconf 88' lang='lat' dir='ltr'><strong>commisit,</strong></span> <span class='ocrx_word' id='word_1_385' title='bbox 2782 1854 2997 1925; x_wconf 88' lang='lat' dir='ltr'><strong>quando</strong></span> <span class='ocrx_word' id='word_1_386' title='bbox 3025 1871 3181 1913; x_wconf 87' lang='lat' dir='ltr'><strong>secus</strong></span> <span class='ocrx_word' id='word_1_387' title='bbox 3208 1859 3374 1930; x_wconf 90' lang='lat' dir='ltr'><strong>pedes</strong></span> <span class='ocrx_word' id='word_1_388' title='bbox 3398 1858 3722 1918; x_wconf 88' lang='lat' dir='ltr'><strong>Gamalielis</strong></span> <span class='ocrx_word' id='word_1_389' title='bbox 3748 1861 3823 1916; x_wconf 81' lang='lat' dir='ltr'><strong>le-</strong></span> 
     </span>
    </p>
   </div>
   <div class='ocr_carea' id='block_1_50' title="bbox 2235 1939 3821 2022">
    <p class='ocr_par' dir='ltr' id='par_1_50' title="bbox 2235 1939 3821 2022">
     <span class='ocr_line' id='line_1_50' title="bbox 2235 1939 3821 2022; baseline 0.01 -28"><span class='ocrx_word' id='word_1_390' title='bbox 2235 1939 2320 2012; x_wconf 85' lang='lat' dir='ltr'><strong>gis</strong></span> <span class='ocrx_word' id='word_1_391' title='bbox 2342 1941 2598 2011; x_wconf 88' lang='lat' dir='ltr'><strong>doctoris,</strong></span> <span class='ocrx_word' id='word_1_392' title='bbox 2617 1943 2774 2016; x_wconf 78' lang='lat' dir='ltr'><strong>juxta</strong></span> <span class='ocrx_word' id='word_1_393' title='bbox 2802 1946 3087 2002; x_wconf 86' lang='lat' dir='ltr'><strong>veritatem</strong></span> <span class='ocrx_word' id='word_1_394' title='bbox 3113 1958 3351 2018; x_wconf 77' lang='lat' dir='ltr'><strong>paterna:</strong></span> <span class='ocrx_word' id='word_1_395' title='bbox 3375 1950 3516 2022; x_wconf 85' lang='lat' dir='ltr'><strong>legis</strong></span> <span class='ocrx_word' id='word_1_396' title='bbox 3543 1967 3675 2009; x_wconf 88' lang='lat' dir='ltr'><strong>eum</strong></span> <span class='ocrx_word' id='word_1_397' title='bbox 3696 1969 3821 2009; x_wconf 76' lang='lat' dir='ltr'><strong>eru-</strong></span> 
     </span>
    </p>
   </div>
   <div class='ocr_carea' id='block_1_51' title="bbox 2235 2032 3823 2116">
    <p class='ocr_par' dir='ltr' id='par_1_51' title="bbox 2235 2032 3823 2116">
     <span class='ocr_line' id='line_1_51' title="bbox 2235 2032 3823 2116; baseline 0.009 -29"><span class='ocrx_word' id='word_1_398' title='bbox 2235 2032 2387 2089; x_wconf 86' lang='lat' dir='ltr'><strong>divit.</strong></span> <span class='ocrx_word' id='word_1_399' title='bbox 2414 2033 2521 2092; x_wconf 84' lang='lat' dir='ltr'><strong>Sed</strong></span> <span class='ocrx_word' id='word_1_400' title='bbox 2546 2036 2687 2092; x_wconf 88' lang='lat' dir='ltr'><strong>male</strong></span> <span class='ocrx_word' id='word_1_401' title='bbox 2708 2037 2924 2095; x_wconf 85' lang='lat' dir='ltr'><strong>divitias</strong></span> <span class='ocrx_word' id='word_1_402' title='bbox 2949 2038 3161 2096; x_wconf 89' lang='lat' dir='ltr'><strong>Domini</strong></span> <span class='ocrx_word' id='word_1_403' title='bbox 3188 2042 3272 2097; x_wconf 88' lang='lat' dir='ltr'><strong>sui</strong></span> <span class='ocrx_word' id='word_1_404' title='bbox 3305 2045 3581 2111; x_wconf 83' lang='lat' dir='ltr'><strong>tractavit,</strong></span> <span class='ocrx_word' id='word_1_405' title='bbox 3605 2046 3823 2116; x_wconf 81' lang='lat' dir='ltr'><strong>quando</strong></span> 
     </span>
    </p>
   </div>
   <div class='ocr_carea' id='block_1_52' title="bbox 2234 2123 3816 2203">
    <p class='ocr_par' dir='ltr' id='par_1_52' title="bbox 2234 2123 3816 2203">
     <span class='ocr_line' id='line_1_52' title="bbox 2234 2123 3816 2203; baseline 0.008 -25"><span class='ocrx_word' id='word_1_406' title='bbox 2234 2123 2406 2194; x_wconf 83' lang='lat' dir='ltr'><strong>legem</strong></span> <span class='ocrx_word' id='word_1_407' title='bbox 2433 2125 2729 2182; x_wconf 83' lang='lat' dir='ltr'><strong>carnaliter</strong></span> <span class='ocrx_word' id='word_1_408' title='bbox 2752 2127 3084 2200; x_wconf 80' lang='lat' dir='ltr'><strong>intelligens,</strong></span> <span class='ocrx_word' id='word_1_409' title='bbox 3121 2129 3460 2189; x_wconf 83' lang='lat' dir='ltr'><strong>Christianos</strong></span> <span class='ocrx_word' id='word_1_410' title='bbox 3494 2142 3816 2203; x_wconf 75' lang='lat' dir='ltr'><strong>persecutus</strong></span> 
     </span>
    </p>
   </div>
   <div class='ocr_carea' id='block_1_53' title="bbox 2234 2218 3816 2296">
    <p class='ocr_par' dir='ltr' id='par_1_53' title="bbox 2234 2218 3816 2296">
     <span class='ocr_line' id='line_1_53' title="bbox 2234 2218 3816 2296; baseline 0.004 -21"><span class='ocrx_word' id='word_1_411' title='bbox 2234 2227 2319 2275; x_wconf 88' lang='lat' dir='ltr'><strong>est</strong></span> <span class='ocrx_word' id='word_1_412' title='bbox 2345 2218 2633 2286; x_wconf 88' lang='lat' dir='ltr'><strong>intantum,</strong></span> <span class='ocrx_word' id='word_1_413' title='bbox 2660 2227 2720 2275; x_wconf 91' lang='lat' dir='ltr'><strong>ut</strong></span> <span class='ocrx_word' id='word_1_414' title='bbox 2741 2220 3013 2292; x_wconf 86' lang='lat' dir='ltr'><strong>acciperet</strong></span> <span class='ocrx_word' id='word_1_415' title='bbox 3032 2222 3291 2293; x_wconf 86' lang='lat' dir='ltr'><strong>epistolas</strong></span> <span class='ocrx_word' id='word_1_416' title='bbox 3312 2238 3343 2278; x_wconf 91' lang='lat' dir='ltr'><strong>a</strong></span> <span class='ocrx_word' id='word_1_417' title='bbox 3366 2223 3714 2296; x_wconf 87' lang='lat' dir='ltr'><strong>principibus</strong></span> <span class='ocrx_word' id='word_1_418' title='bbox 3734 2240 3816 2281; x_wconf 83' lang='lat' dir='ltr'><strong>sa-</strong></span> 
     </span>
    </p>
   </div>
   <div class='ocr_carea' id='block_1_54' title="bbox 2234 2309 3825 2385">
    <p class='ocr_par' dir='ltr' id='par_1_54' title="bbox 2234 2309 3825 2385">
     <span class='ocr_line' id='line_1_54' title="bbox 2234 2309 3825 2385; baseline 0.006 -20"><span class='ocrx_word' id='word_1_419' title='bbox 2234 2309 2545 2377; x_wconf 88' lang='lat' dir='ltr'><strong>cerdotum,</strong></span> <span class='ocrx_word' id='word_1_420' title='bbox 2583 2319 2645 2367; x_wconf 92' lang='lat' dir='ltr'><strong>ut</strong></span> <span class='ocrx_word' id='word_1_421' title='bbox 2678 2327 3029 2384; x_wconf 82' lang='lat' dir='ltr'><strong>quoscunque</strong></span> <span class='ocrx_word' id='word_1_422' title='bbox 3065 2315 3334 2372; x_wconf 83' lang='lat' dir='ltr'><strong>inveniret</strong></span> <span class='ocrx_word' id='word_1_423' title='bbox 3358 2314 3525 2385; x_wconf 83' lang='lat' dir='ltr'><strong>hujus</strong></span> <span class='ocrx_word' id='word_1_424' title='bbox 3547 2318 3655 2374; x_wconf 64' lang='lat' dir='ltr'><strong>vim</strong></span> <span class='ocrx_word' id='word_1_425' title='bbox 3680 2319 3825 2374; x_wconf 81' lang='lat' dir='ltr'><strong>viros</strong></span> 
     </span>
    </p>
   </div>
   <div class='ocr_carea' id='block_1_55' title="bbox 2233 2399 3814 2474">
    <p class='ocr_par' dir='ltr' id='par_1_55' title="bbox 2233 2399 3814 2474">
     <span class='ocr_line' id='line_1_55' title="bbox 2233 2399 3814 2474; baseline 0.007 -20"><span class='ocrx_word' id='word_1_426' title='bbox 2233 2413 2300 2455; x_wconf 90' lang='lat' dir='ltr'><strong>ac</strong></span> <span class='ocrx_word' id='word_1_427' title='bbox 2325 2399 2600 2467; x_wconf 87' lang='lat' dir='ltr'><strong>mulieres,</strong></span> <span class='ocrx_word' id='word_1_428' title='bbox 2626 2401 2840 2458; x_wconf 89' lang='lat' dir='ltr'><strong>vinctos</strong></span> <span class='ocrx_word' id='word_1_429' title='bbox 2867 2402 3188 2474; x_wconf 87' lang='lat' dir='ltr'><strong>perduceret</strong></span> <span class='ocrx_word' id='word_1_430' title='bbox 3214 2405 3268 2461; x_wconf 92' lang='lat' dir='ltr'><strong>in</strong></span> <span class='ocrx_word' id='word_1_431' title='bbox 3296 2405 3624 2464; x_wconf 74' lang='lat' dir='ltr'><strong>Jerusalem.</strong></span> <span class='ocrx_word' id='word_1_432' title='bbox 3655 2407 3814 2465; x_wconf 69' lang='grc' dir='ltr'><strong>Ι)ίῶ-</strong></span> 
     </span>
    </p>
   </div>
   <div class='ocr_carea' id='block_1_56' title="bbox 2234 2496 3812 2571">
    <p class='ocr_par' dir='ltr' id='par_1_56' title="bbox 2234 2496 3812 2571">
     <span class='ocr_line' id='line_1_56' title="bbox 2234 2496 3812 2571; baseline 0.007 -24"><span class='ocrx_word' id='word_1_433' title='bbox 2234 2500 2413 2549; x_wconf 89' lang='lat' dir='ltr'><strong>matus</strong></span> <span class='ocrx_word' id='word_1_434' title='bbox 2436 2501 2518 2549; x_wconf 91' lang='lat' dir='ltr'><strong>est</strong></span> <span class='ocrx_word' id='word_1_435' title='bbox 2544 2501 2725 2549; x_wconf 87' lang='lat' dir='ltr'><strong>autem</strong></span> <span class='ocrx_word' id='word_1_436' title='bbox 2750 2496 2892 2566; x_wconf 88' lang='lat' dir='ltr'><strong>apud</strong></span> <span class='ocrx_word' id='word_1_437' title='bbox 2931 2496 3215 2554; x_wconf 89' lang='lat' dir='ltr'><strong>Dominum</strong></span> <span class='ocrx_word' id='word_1_438' title='bbox 3242 2514 3395 2555; x_wconf 91' lang='lat' dir='ltr'><strong>suum</strong></span> <span class='ocrx_word' id='word_1_439' title='bbox 3416 2540 3433 2567; x_wconf 91' lang='lat'><strong>,</strong></span> <span class='ocrx_word' id='word_1_440' title='bbox 3473 2502 3702 2571; x_wconf 87' lang='lat' dir='ltr'><strong>quando</strong></span> <span class='ocrx_word' id='word_1_441' title='bbox 3736 2501 3812 2557; x_wconf 86' lang='lat' dir='ltr'><strong>di-</strong></span> 
     </span>
    </p>
   </div>
   <div class='ocr_carea' id='block_1_57' title="bbox 2233 2582 3813 2659">
    <p class='ocr_par' dir='ltr' id='par_1_57' title="bbox 2233 2582 3813 2659">
     <span class='ocr_line' id='line_1_57' title="bbox 2233 2582 3813 2659; baseline 0.006 -19"><span class='ocrx_word' id='word_1_442' title='bbox 2233 2592 2379 2640; x_wconf 92' lang='lat' dir='ltr'><strong>ctum</strong></span> <span class='ocrx_word' id='word_1_443' title='bbox 2399 2594 2483 2641; x_wconf 91' lang='lat' dir='ltr'><strong>est</strong></span> <span class='ocrx_word' id='word_1_444' title='bbox 2505 2586 2571 2642; x_wconf 90' lang='lat' dir='ltr'><strong>de</strong></span> <span class='ocrx_word' id='word_1_445' title='bbox 2592 2582 2659 2642; x_wconf 83' lang='lat' dir='ltr'><strong>eo</strong></span> <span class='ocrx_word' id='word_1_446' title='bbox 2684 2603 2699 2640; x_wconf 92' lang='lat'><strong>:</strong></span> <span class='ocrx_word' id='word_1_447' title='bbox 2730 2585 2981 2654; x_wconf 90' lang='lat' dir='ltr'><strong>Domine,</strong></span> <span class='ocrx_word' id='word_1_448' title='bbox 3002 2589 3179 2645; x_wconf 86' lang='lat' dir='ltr'><strong>audivi</strong></span> <span class='ocrx_word' id='word_1_449' title='bbox 3200 2604 3231 2644; x_wconf 91' lang='lat' dir='ltr'><strong>a</strong></span> <span class='ocrx_word' id='word_1_450' title='bbox 3256 2591 3441 2648; x_wconf 90' lang='lat' dir='ltr'><strong>multis</strong></span> <span class='ocrx_word' id='word_1_451' title='bbox 3461 2592 3531 2648; x_wconf 90' lang='lat' dir='ltr'><strong>de</strong></span> <span class='ocrx_word' id='word_1_452' title='bbox 3553 2593 3676 2649; x_wconf 85' lang='lat' dir='ltr'><strong>viro</strong></span> <span class='ocrx_word' id='word_1_453' title='bbox 3696 2593 3813 2659; x_wconf 84' lang='lat' dir='ltr'><strong>hoc,</strong></span> 
     </span>
    </p>
   </div>
   <div class='ocr_carea' id='block_1_58' title="bbox 2233 2673 3814 2749">
    <p class='ocr_par' dir='ltr' id='par_1_58' title="bbox 2233 2673 3814 2749">
     <span class='ocr_line' id='line_1_58' title="bbox 2233 2673 3814 2749; baseline 0.006 -21"><span class='ocrx_word' id='word_1_454' title='bbox 2233 2683 2432 2744; x_wconf 89' lang='lat' dir='ltr'><strong>quanta</strong></span> <span class='ocrx_word' id='word_1_455' title='bbox 2453 2673 2592 2730; x_wconf 87' lang='lat' dir='ltr'><strong>mala</strong></span> <span class='ocrx_word' id='word_1_456' title='bbox 2613 2676 2818 2732; x_wconf 89' lang='lat' dir='ltr'><strong>sanctis</strong></span> <span class='ocrx_word' id='word_1_457' title='bbox 2844 2677 2950 2732; x_wconf 90' lang='lat' dir='ltr'><strong>tuis</strong></span> <span class='ocrx_word' id='word_1_458' title='bbox 2968 2676 3164 2734; x_wconf 77' lang='lat' dir='ltr'><strong>fecerit</strong></span> <span class='ocrx_word' id='word_1_459' title='bbox 3187 2678 3240 2733; x_wconf 91' lang='lat' dir='ltr'><strong>in</strong></span> <span class='ocrx_word' id='word_1_460' title='bbox 3263 2678 3641 2749; x_wconf 81' lang='lat' dir='ltr'><strong>Hierusalem;</strong></span> <span class='ocrx_word' id='word_1_461' title='bbox 3666 2692 3721 2738; x_wconf 89' lang='lat' dir='ltr'><strong>et</strong></span> <span class='ocrx_word' id='word_1_462' title='bbox 3733 2682 3814 2738; x_wconf 85' lang='lat' dir='ltr'><strong>hic</strong></span> 
     </span>
    </p>
   </div>
   <div class='ocr_carea' id='block_1_59' title="bbox 2233 2764 3811 2843">
    <p class='ocr_par' dir='ltr' id='par_1_59' title="bbox 2233 2764 3811 2843">
     <span class='ocr_line' id='line_1_59' title="bbox 2233 2764 3811 2843; baseline 0.005 -23"><span class='ocrx_word' id='word_1_463' title='bbox 2233 2764 2397 2820; x_wconf 89' lang='lat' dir='ltr'><strong>habet</strong></span> <span class='ocrx_word' id='word_1_464' title='bbox 2420 2773 2746 2835; x_wconf 85' lang='lat' dir='ltr'><strong>potestatem</strong></span> <span class='ocrx_word' id='word_1_465' title='bbox 2766 2781 2798 2821; x_wconf 90' lang='lat' dir='ltr'><strong>a</strong></span> <span class='ocrx_word' id='word_1_466' title='bbox 2825 2766 3163 2839; x_wconf 84' lang='lat' dir='ltr'><strong>principibus</strong></span> <span class='ocrx_word' id='word_1_467' title='bbox 3188 2770 3531 2825; x_wconf 89' lang='lat' dir='ltr'><strong>sacerdotum</strong></span> <span class='ocrx_word' id='word_1_468' title='bbox 3562 2770 3811 2843; x_wconf 84' lang='lat' dir='ltr'><strong>alligandi</strong></span> 
     </span>
    </p>
   </div>
   <div class='ocr_carea' id='block_1_60' title="bbox 2231 2853 3810 2931">
    <p class='ocr_par' dir='ltr' id='par_1_60' title="bbox 2231 2853 3810 2931">
     <span class='ocr_line' id='line_1_60' title="bbox 2231 2853 3810 2931; baseline 0.003 -21"><span class='ocrx_word' id='word_1_469' title='bbox 2231 2868 2424 2911; x_wconf 87' lang='lat' dir='ltr'><strong>omnes</strong></span> <span class='ocrx_word' id='word_1_470' title='bbox 2443 2853 2535 2925; x_wconf 90' lang='lat' dir='ltr'><strong>qui</strong></span> <span class='ocrx_word' id='word_1_471' title='bbox 2557 2853 2815 2910; x_wconf 88' lang='lat' dir='ltr'><strong>invocant</strong></span> <span class='ocrx_word' id='word_1_472' title='bbox 2837 2871 3036 2912; x_wconf 84' lang='lat' dir='ltr'><strong>nomen</strong></span> <span class='ocrx_word' id='word_1_473' title='bbox 3063 2864 3233 2912; x_wconf 76' lang='lat' dir='ltr'><strong>tuum.</strong></span> <span class='ocrx_word' id='word_1_474' title='bbox 3260 2856 3504 2930; x_wconf 82' lang='lat' dir='ltr'><strong>Cumque</strong></span> <span class='ocrx_word' id='word_1_475' title='bbox 3527 2858 3677 2914; x_wconf 88' lang='lat' dir='ltr'><strong>fama</strong></span> <span class='ocrx_word' id='word_1_476' title='bbox 3698 2875 3810 2931; x_wconf 84' lang='lat' dir='ltr'><strong>pcr-</strong></span> 
     </span>
    </p>
   </div>
   <div class='ocr_carea' id='block_1_61' title="bbox 2233 2942 3812 3021">
    <p class='ocr_par' dir='ltr' id='par_1_61' title="bbox 2233 2942 3812 3021">
     <span class='ocr_line' id='line_1_61' title="bbox 2233 2942 3812 3021; baseline 0.004 -21"><span class='ocrx_word' id='word_1_477' title='bbox 2233 2942 2528 3000; x_wconf 85' lang='lat' dir='ltr'><strong>secutionis</strong></span> <span class='ocrx_word' id='word_1_478' title='bbox 2565 2943 2685 3016; x_wconf 88' lang='lat' dir='ltr'><strong>ejus</strong></span> <span class='ocrx_word' id='word_1_479' title='bbox 2723 2945 2793 3001; x_wconf 91' lang='lat' dir='ltr'><strong>ad</strong></span> <span class='ocrx_word' id='word_1_480' title='bbox 2829 2943 3114 3001; x_wconf 83' lang='lat' dir='ltr'><strong>Dbminum</strong></span> <span class='ocrx_word' id='word_1_481' title='bbox 3153 2947 3517 3014; x_wconf 82' lang='lat' dir='ltr'><strong>ascendisset,</strong></span> <span class='ocrx_word' id='word_1_482' title='bbox 3561 2959 3812 3021; x_wconf 76' lang='lat' dir='ltr'><strong>pergente</strong></span> 
     </span>
    </p>
   </div>
   <div class='ocr_carea' id='block_1_62' title="bbox 2232 3035 3809 3106">
    <p class='ocr_par' dir='ltr' id='par_1_62' title="bbox 2232 3035 3809 3106">
     <span class='ocr_line' id='line_1_62' title="bbox 2232 3035 3809 3106; baseline 0.005 -17"><span class='ocrx_word' id='word_1_483' title='bbox 2232 3049 2300 3090; x_wconf 92' lang='lat' dir='ltr'><strong>eo</strong></span> <span class='ocrx_word' id='word_1_484' title='bbox 2326 3035 2671 3104; x_wconf 89' lang='lat' dir='ltr'><strong>Damascum,</strong></span> <span class='ocrx_word' id='word_1_485' title='bbox 2699 3037 2917 3093; x_wconf 89' lang='lat' dir='ltr'><strong>vocavit</strong></span> <span class='ocrx_word' id='word_1_486' title='bbox 2950 3036 3101 3093; x_wconf 91' lang='lat' dir='ltr'><strong>illum</strong></span> <span class='ocrx_word' id='word_1_487' title='bbox 3127 3037 3386 3094; x_wconf 90' lang='lat' dir='ltr'><strong>Dominus</strong></span> <span class='ocrx_word' id='word_1_488' title='bbox 3406 3055 3542 3095; x_wconf 90' lang='lat' dir='ltr'><strong>suus</strong></span> <span class='ocrx_word' id='word_1_489' title='bbox 3567 3040 3636 3096; x_wconf 90' lang='lat' dir='ltr'><strong>de</strong></span> <span class='ocrx_word' id='word_1_490' title='bbox 3656 3039 3809 3106; x_wconf 67' lang='lat' dir='ltr'><strong>coelo,</strong></span> 
     </span>
    </p>
   </div>
   <div class='ocr_carea' id='block_1_63' title="bbox 552 3116 3805 3211">
    <p class='ocr_par' dir='ltr' id='par_1_63' title="bbox 552 3116 3805 3211">
     <span class='ocr_line' id='line_1_63' title="bbox 552 3116 3805 3211; baseline -0.006 -16"><span class='ocrx_word' id='word_1_491' title='bbox 552 3151 685 3211; x_wconf 89' lang='lat' dir='ltr'><strong>pere</strong></span> <span class='ocrx_word' id='word_1_492' title='bbox 703 3149 916 3209; x_wconf 86' lang='lat' dir='ltr'><strong>magna.</strong></span> <span class='ocrx_word' id='word_1_493' title='bbox 949 3131 1086 3201; x_wconf 87' lang='lat' dir='ltr'><strong>Quia</strong></span> <span class='ocrx_word' id='word_1_494' title='bbox 1119 3149 1139 3183; x_wconf 74' lang='grc' dir='ltr'><strong>ι</strong></span> <span class='ocrx_word' id='word_1_495' title='bbox 1170 3129 1261 3200; x_wconf 88' lang='lat' dir='ltr'><strong>qui</strong></span> <span class='ocrx_word' id='word_1_496' title='bbox 1289 3129 1343 3183; x_wconf 90' lang='lat' dir='ltr'><strong>in</strong></span> <span class='ocrx_word' id='word_1_497' title='bbox 1374 3126 1595 3182; x_wconf 90' lang='lat' dir='ltr'><strong>minimo</strong></span> <span class='ocrx_word' id='word_1_498' title='bbox 1621 3123 1800 3180; x_wconf 86' lang='lat' dir='ltr'><strong>fidelis</strong></span> <span class='ocrx_word' id='word_1_499' title='bbox 1817 3132 1922 3188; x_wconf 88' lang='lat' dir='ltr'><strong>est,</strong></span> <span class='ocrx_word' id='word_1_500' title='bbox 1947 3129 2009 3177; x_wconf 94' lang='lat' dir='ltr'><strong>ut</strong></span> <span class='ocrx_word' id='word_1_501' title='bbox 2030 3119 2131 3177; x_wconf 90' lang='lat' dir='ltr'><strong>Do-</strong></span> <span class='ocrx_word' id='word_1_502' title='bbox 2157 3116 2203 3181; x_wconf 85' lang='lat' dir='ltr'><strong>C</strong></span> <span class='ocrx_word' id='word_1_503' title='bbox 2233 3133 2289 3182; x_wconf 91' lang='lat' dir='ltr'><strong>et</strong></span> <span class='ocrx_word' id='word_1_504' title='bbox 2327 3124 2405 3181; x_wconf 88' lang='lat' dir='ltr'><strong>ait</strong></span> <span class='ocrx_word' id='word_1_505' title='bbox 2447 3123 2525 3181; x_wconf 84' lang='lat' dir='ltr'><strong>illi</strong></span> <span class='ocrx_word' id='word_1_506' title='bbox 2559 3143 2577 3181; x_wconf 95' lang='lat'><strong>:</strong></span> <span class='ocrx_word' id='word_1_507' title='bbox 2623 3145 2642 3179; x_wconf 74' lang='grc' dir='ltr'><strong>ι</strong></span> <span class='ocrx_word' id='word_1_508' title='bbox 2673 3124 2864 3190; x_wconf 90' lang='lat' dir='ltr'><strong>Saule,</strong></span> <span class='ocrx_word' id='word_1_509' title='bbox 2892 3124 3055 3182; x_wconf 90' lang='lat' dir='ltr'><strong>Saule</strong></span> <span class='ocrx_word' id='word_1_510' title='bbox 3075 3167 3090 3194; x_wconf 90' lang='lat'><strong>,</strong></span> <span class='ocrx_word' id='word_1_511' title='bbox 3116 3127 3245 3198; x_wconf 89' lang='lat' dir='ltr'><strong>quid</strong></span> <span class='ocrx_word' id='word_1_512' title='bbox 3271 3142 3358 3183; x_wconf 90' lang='lat' dir='ltr'><strong>me</strong></span> <span class='ocrx_word' id='word_1_513' title='bbox 3382 3129 3758 3201; x_wconf 75' lang='lat' dir='ltr'><strong>persequeris?</strong></span> <span class='ocrx_word' id='word_1_514' title='bbox 3783 3148 3805 3181; x_wconf 66' lang='grc' dir='ltr'><strong>ι</strong></span> 
     </span>
    </p>
   </div>
   <div class='ocr_carea' id='block_1_64' title="bbox 551 3212 2131 3296">
    <p class='ocr_par' dir='ltr' id='par_1_64' title="bbox 551 3212 2131 3296">
     <span class='ocr_line' id='line_1_64' title="bbox 551 3212 2131 3296; baseline -0.012 -9"><span class='ocrx_word' id='word_1_515' title='bbox 551 3230 735 3287; x_wconf 88' lang='lat' dir='ltr'><strong>minus</strong></span> <span class='ocrx_word' id='word_1_516' title='bbox 757 3228 868 3293; x_wconf 88' lang='lat' dir='ltr'><strong>ait,</strong></span> <span class='ocrx_word' id='word_1_517' title='bbox 899 3233 956 3282; x_wconf 90' lang='lat' dir='ltr'><strong>et</strong></span> <span class='ocrx_word' id='word_1_518' title='bbox 984 3225 1039 3282; x_wconf 91' lang='lat' dir='ltr'><strong>in</strong></span> <span class='ocrx_word' id='word_1_519' title='bbox 1064 3238 1260 3296; x_wconf 89' lang='lat' dir='ltr'><strong>magno</strong></span> <span class='ocrx_word' id='word_1_520' title='bbox 1287 3219 1461 3277; x_wconf 81' lang='lat' dir='ltr'><strong>lldelis</strong></span> <span class='ocrx_word' id='word_1_521' title='bbox 1484 3218 1589 3274; x_wconf 90' lang='lat' dir='ltr'><strong>erit</strong></span> <span class='ocrx_word' id='word_1_522' title='bbox 1621 3216 1774 3288; x_wconf 78' lang='lat' dir='ltr'><strong>(Luc.</strong></span> <span class='ocrx_word' id='word_1_523' title='bbox 1801 3213 1935 3288; x_wconf 78' lang='lat' dir='ltr'><strong>xvi).</strong></span> <span class='ocrx_word' id='word_1_524' title='bbox 1969 3232 1988 3267; x_wconf 81' lang='grc' dir='ltr'><strong>ι</strong></span> <span class='ocrx_word' id='word_1_525' title='bbox 2037 3212 2131 3269; x_wconf 89' lang='lat' dir='ltr'><strong>Di-</strong></span> 
     </span>
    </p>
   </div>
   <div class='ocr_carea' id='block_1_65' title="bbox 552 3307 2126 3379">
    <p class='ocr_par' dir='ltr' id='par_1_65' title="bbox 552 3307 2126 3379">
     <span class='ocr_line' id='line_1_65' title="bbox 552 3307 2126 3379; baseline -0.013 -1"><span class='ocrx_word' id='word_1_526' title='bbox 552 3327 672 3378; x_wconf 87' lang='lat' dir='ltr'><strong>scat</strong></span> <span class='ocrx_word' id='word_1_527' title='bbox 694 3319 824 3374; x_wconf 89' lang='lat' dir='ltr'><strong>dare</strong></span> <span class='ocrx_word' id='word_1_528' title='bbox 849 3313 1159 3374; x_wconf 87' lang='lat' dir='ltr'><strong>transitoria</strong></span> <span class='ocrx_word' id='word_1_529' title='bbox 1180 3353 1195 3379; x_wconf 92' lang='lat'><strong>,</strong></span> <span class='ocrx_word' id='word_1_530' title='bbox 1234 3318 1295 3367; x_wconf 90' lang='lat' dir='ltr'><strong>ut</strong></span> <span class='ocrx_word' id='word_1_531' title='bbox 1330 3317 1603 3365; x_wconf 88' lang='lat' dir='ltr'><strong>mereatur</strong></span> <span class='ocrx_word' id='word_1_532' title='bbox 1632 3307 1879 3377; x_wconf 87' lang='lat' dir='ltr'><strong>accipere</strong></span> <span class='ocrx_word' id='word_1_533' title='bbox 1902 3312 2126 3361; x_wconf 69' lang='lat' dir='ltr'><strong>attenta.</strong></span> 
     </span>
    </p>
   </div>
   <div class='ocr_carea' id='block_1_66' title="bbox 555 3395 2133 3479">
    <p class='ocr_par' dir='ltr' id='par_1_66' title="bbox 555 3395 2133 3479">
     <span class='ocr_line' id='line_1_66' title="bbox 555 3395 2133 3479; baseline -0.01 -14"><span class='ocrx_word' id='word_1_534' title='bbox 555 3407 828 3479; x_wconf 85' lang='lat' dir='ltr'><strong>Suscipiat</strong></span> <span class='ocrx_word' id='word_1_535' title='bbox 850 3418 1143 3478; x_wconf 80' lang='lat' dir='ltr'><strong>pauperem</strong></span> <span class='ocrx_word' id='word_1_536' title='bbox 1171 3403 1226 3458; x_wconf 92' lang='lat' dir='ltr'><strong>in</strong></span> <span class='ocrx_word' id='word_1_537' title='bbox 1253 3402 1473 3457; x_wconf 90' lang='lat' dir='ltr'><strong>domum</strong></span> <span class='ocrx_word' id='word_1_538' title='bbox 1502 3414 1675 3466; x_wconf 89' lang='lat' dir='ltr'><strong>suam,</strong></span> <span class='ocrx_word' id='word_1_539' title='bbox 1701 3407 1763 3453; x_wconf 92' lang='lat' dir='ltr'><strong>ut</strong></span> <span class='ocrx_word' id='word_1_540' title='bbox 1789 3395 1988 3479; x_wconf 83' lang='lat' dir='ltr'><strong>suscipi</strong></span> <span class='ocrx_word' id='word_1_541' title='bbox 2021 3406 2133 3448; x_wconf 85' lang='lat' dir='ltr'><strong>me-</strong></span> 
     </span>
    </p>
   </div>
   <div class='ocr_carea' id='block_1_67' title="bbox 552 3486 2129 3561">
    <p class='ocr_par' dir='ltr' id='par_1_67' title="bbox 552 3486 2129 3561">
     <span class='ocr_line' id='line_1_67' title="bbox 552 3486 2129 3561; baseline -0.011 -5"><span class='ocrx_word' id='word_1_542' title='bbox 552 3507 742 3557; x_wconf 82' lang='lat' dir='ltr'><strong>reatur</strong></span> <span class='ocrx_word' id='word_1_543' title='bbox 768 3511 799 3552; x_wconf 84' lang='lat' dir='ltr'><strong>a</strong></span> <span class='ocrx_word' id='word_1_544' title='bbox 825 3495 1043 3553; x_wconf 84' lang='lat' dir='ltr'><strong>Christo</strong></span> <span class='ocrx_word' id='word_1_545' title='bbox 1070 3494 1124 3549; x_wconf 93' lang='lat' dir='ltr'><strong>in</strong></span> <span class='ocrx_word' id='word_1_546' title='bbox 1155 3489 1502 3548; x_wconf 86' lang='lat' dir='ltr'><strong>tabernacula</strong></span> <span class='ocrx_word' id='word_1_547' title='bbox 1532 3504 1647 3561; x_wconf 81' lang='lat' dir='ltr'><strong>sua.</strong></span> <span class='ocrx_word' id='word_1_548' title='bbox 1673 3488 1731 3543; x_wconf 91' lang='lat' dir='ltr'><strong>In</strong></span> <span class='ocrx_word' id='word_1_549' title='bbox 1760 3486 1844 3542; x_wconf 89' lang='lat' dir='ltr'><strong>bis</strong></span> <span class='ocrx_word' id='word_1_550' title='bbox 1875 3487 2129 3541; x_wconf 87' lang='lat' dir='ltr'><strong>taberna-</strong></span> 
     </span>
    </p>
   </div>
   <div class='ocr_carea' id='block_1_68' title="bbox 554 3574 2125 3656">
    <p class='ocr_par' dir='ltr' id='par_1_68' title="bbox 554 3574 2125 3656">
     <span class='ocr_line' id='line_1_68' title="bbox 554 3574 2125 3656; baseline -0.013 -7"><span class='ocrx_word' id='word_1_551' title='bbox 554 3590 693 3649; x_wconf 88' lang='lat' dir='ltr'><strong>culis</strong></span> <span class='ocrx_word' id='word_1_552' title='bbox 712 3590 888 3647; x_wconf 89' lang='lat' dir='ltr'><strong>locum</strong></span> <span class='ocrx_word' id='word_1_553' title='bbox 915 3586 1017 3643; x_wconf 90' lang='lat' dir='ltr'><strong>sibi</strong></span> <span class='ocrx_word' id='word_1_554' title='bbox 1040 3585 1260 3656; x_wconf 89' lang='lat' dir='ltr'><strong>optabat</strong></span> <span class='ocrx_word' id='word_1_555' title='bbox 1285 3581 1561 3647; x_wconf 89' lang='lat' dir='ltr'><strong>invenire,</strong></span> <span class='ocrx_word' id='word_1_556' title='bbox 1590 3579 1683 3650; x_wconf 89' lang='lat' dir='ltr'><strong>qui</strong></span> <span class='ocrx_word' id='word_1_557' title='bbox 1715 3578 1930 3635; x_wconf 91' lang='lat' dir='ltr'><strong>dicebat</strong></span> <span class='ocrx_word' id='word_1_558' title='bbox 1953 3574 2125 3647; x_wconf 78' lang='lat' dir='ltr'><strong>(Psal.</strong></span> 
     </span>
    </p>
   </div>
   <div class='ocr_carea' id='block_1_69' title="bbox 551 3665 2127 3754">
    <p class='ocr_par' dir='ltr' id='par_1_69' title="bbox 551 3665 2127 3754">
     <span class='ocr_line' id='line_1_69' title="bbox 551 3665 2127 3754; baseline -0.013 -15"><span class='ocrx_word' id='word_1_559' title='bbox 551 3681 668 3754; x_wconf 74' lang='lat' dir='ltr'><strong>xxv)</strong></span> <span class='ocrx_word' id='word_1_560' title='bbox 695 3698 709 3735; x_wconf 93' lang='lat'><strong>:</strong></span> <span class='ocrx_word' id='word_1_561' title='bbox 747 3697 766 3732; x_wconf 75' lang='grc' dir='ltr'><strong>ι</strong></span> <span class='ocrx_word' id='word_1_562' title='bbox 800 3676 1056 3743; x_wconf 88' lang='lat' dir='ltr'><strong>Domine,</strong></span> <span class='ocrx_word' id='word_1_563' title='bbox 1086 3674 1208 3745; x_wconf 89' lang='lat' dir='ltr'><strong>quis</strong></span> <span class='ocrx_word' id='word_1_564' title='bbox 1242 3671 1508 3727; x_wconf 89' lang='lat' dir='ltr'><strong>habitabit</strong></span> <span class='ocrx_word' id='word_1_565' title='bbox 1540 3670 1596 3724; x_wconf 91' lang='lat' dir='ltr'><strong>in</strong></span> <span class='ocrx_word' id='word_1_566' title='bbox 1625 3665 1973 3724; x_wconf 87' lang='lat' dir='ltr'><strong>tabernaculo</strong></span> <span class='ocrx_word' id='word_1_567' title='bbox 2001 3674 2127 3730; x_wconf 91' lang='lat' dir='ltr'><strong>tuo,</strong></span> 
     </span>
    </p>
   </div>
   <div class='ocr_carea' id='block_1_70' title="bbox 552 3755 2128 3842">
    <p class='ocr_par' dir='ltr' id='par_1_70' title="bbox 552 3755 2128 3842">
     <span class='ocr_line' id='line_1_70' title="bbox 552 3755 2128 3842; baseline -0.013 -14"><span class='ocrx_word' id='word_1_568' title='bbox 552 3780 652 3828; x_wconf 81' lang='lat' dir='ltr'><strong>aut</strong></span> <span class='ocrx_word' id='word_1_569' title='bbox 673 3769 796 3842; x_wconf 87' lang='lat' dir='ltr'><strong>quis</strong></span> <span class='ocrx_word' id='word_1_570' title='bbox 808 3768 1115 3839; x_wconf 85' lang='lat' dir='ltr'><strong>requiescet</strong></span> <span class='ocrx_word' id='word_1_571' title='bbox 1135 3765 1190 3820; x_wconf 91' lang='lat' dir='ltr'><strong>in</strong></span> <span class='ocrx_word' id='word_1_572' title='bbox 1215 3771 1400 3819; x_wconf 89' lang='lat' dir='ltr'><strong>monte</strong></span> <span class='ocrx_word' id='word_1_573' title='bbox 1418 3768 1606 3817; x_wconf 87' lang='lat' dir='ltr'><strong>sancto</strong></span> <span class='ocrx_word' id='word_1_574' title='bbox 1634 3758 1762 3814; x_wconf 85' lang='lat' dir='ltr'><strong>tuo?</strong></span> <span class='ocrx_word' id='word_1_575' title='bbox 1789 3777 1810 3810; x_wconf 73' lang='grc' dir='ltr'><strong>ι</strong></span> <span class='ocrx_word' id='word_1_576' title='bbox 1836 3756 1933 3813; x_wconf 88' lang='lat' dir='ltr'><strong>Cui</strong></span> <span class='ocrx_word' id='word_1_577' title='bbox 1948 3755 2128 3811; x_wconf 85' lang='lat' dir='ltr'><strong>divina</strong></span> 
     </span>
    </p>
   </div>
   <div class='ocr_carea' id='block_1_71' title="bbox 551 3846 2132 3932">
    <p class='ocr_par' dir='ltr' id='par_1_71' title="bbox 551 3846 2132 3932">
     <span class='ocr_line' id='line_1_71' title="bbox 551 3846 2132 3932; baseline -0.013 -12"><span class='ocrx_word' id='word_1_578' title='bbox 551 3876 689 3921; x_wconf 83' lang='lat' dir='ltr'><strong>voce</strong></span> <span class='ocrx_word' id='word_1_579' title='bbox 724 3860 972 3932; x_wconf 87' lang='lat' dir='ltr'><strong>protinus</strong></span> <span class='ocrx_word' id='word_1_580' title='bbox 1016 3854 1372 3928; x_wconf 90' lang='lat' dir='ltr'><strong>respondetur</strong></span> <span class='ocrx_word' id='word_1_581' title='bbox 1406 3870 1420 3906; x_wconf 91' lang='lat'><strong>:</strong></span> <span class='ocrx_word' id='word_1_582' title='bbox 1473 3870 1492 3903; x_wconf 72' lang='grc' dir='ltr'><strong>ι</strong></span> <span class='ocrx_word' id='word_1_583' title='bbox 1522 3850 1622 3918; x_wconf 86' lang='lat' dir='ltr'><strong>Qui</strong></span> <span class='ocrx_word' id='word_1_584' title='bbox 1670 3848 1972 3920; x_wconf 79' lang='lat' dir='ltr'><strong>ingreditur</strong></span> <span class='ocrx_word' id='word_1_585' title='bbox 2014 3846 2132 3901; x_wconf 89' lang='lat' dir='ltr'><strong>sine</strong></span> 
     </span>
    </p>
   </div>
   <div class='ocr_carea' id='block_1_72' title="bbox 552 3938 2130 4021">
    <p class='ocr_par' dir='ltr' id='par_1_72' title="bbox 552 3938 2130 4021">
     <span class='ocr_line' id='line_1_72' title="bbox 552 3938 2130 4021; baseline -0.011 -12"><span class='ocrx_word' id='word_1_586' title='bbox 552 3951 768 4011; x_wconf 82' lang='lat' dir='ltr'><strong>macula</strong></span> <span class='ocrx_word' id='word_1_587' title='bbox 799 3959 855 4006; x_wconf 92' lang='lat' dir='ltr'><strong>et</strong></span> <span class='ocrx_word' id='word_1_588' title='bbox 880 3957 1137 4021; x_wconf 75' lang='lat' dir='ltr'><strong>operatur</strong></span> <span class='ocrx_word' id='word_1_589' title='bbox 1156 3945 1440 4017; x_wconf 82' lang='lat' dir='ltr'><strong>justitiam,</strong></span> <span class='ocrx_word' id='word_1_590' title='bbox 1473 3943 1566 4013; x_wconf 89' lang='lat' dir='ltr'><strong>qui</strong></span> <span class='ocrx_word' id='word_1_591' title='bbox 1592 3941 1828 4012; x_wconf 91' lang='lat' dir='ltr'><strong>loquitur</strong></span> <span class='ocrx_word' id='word_1_592' title='bbox 1848 3938 2130 3995; x_wconf 87' lang='lat' dir='ltr'><strong>veritatem</strong></span> 
     </span>
    </p>
   </div>
   <div class='ocr_carea' id='block_1_73' title="bbox 550 4024 2133 4113">
    <p class='ocr_par' dir='ltr' id='par_1_73' title="bbox 550 4024 2133 4113">
     <span class='ocr_line' id='line_1_73' title="bbox 550 4024 2133 4113; baseline -0.011 -12"><span class='ocrx_word' id='word_1_593' title='bbox 550 4044 614 4101; x_wconf 81' lang='lat' dir='ltr'><strong>in</strong></span> <span class='ocrx_word' id='word_1_594' title='bbox 641 4040 813 4113; x_wconf 30' lang='lat' dir='ltr'><strong>corde.</strong></span> <span class='ocrx_word' id='word_1_595' title='bbox 831 4054 949 4105; x_wconf 86' lang='lat' dir='ltr'><strong>suo,</strong></span> <span class='ocrx_word' id='word_1_596' title='bbox 976 4037 1068 4109; x_wconf 86' lang='lat' dir='ltr'><strong>qui</strong></span> <span class='ocrx_word' id='word_1_597' title='bbox 1097 4052 1204 4092; x_wconf 91' lang='lat' dir='ltr'><strong>non</strong></span> <span class='ocrx_word' id='word_1_598' title='bbox 1231 4034 1343 4106; x_wconf 90' lang='lat' dir='ltr'><strong>egit</strong></span> <span class='ocrx_word' id='word_1_599' title='bbox 1367 4033 1548 4090; x_wconf 89' lang='lat' dir='ltr'><strong>dolum</strong></span> <span class='ocrx_word' id='word_1_600' title='bbox 1577 4032 1631 4087; x_wconf 91' lang='lat' dir='ltr'><strong>in</strong></span> <span class='ocrx_word' id='word_1_601' title='bbox 1661 4031 1841 4102; x_wconf 85' lang='lat' dir='ltr'><strong>lingua</strong></span> <span class='ocrx_word' id='word_1_602' title='bbox 1872 4043 1966 4086; x_wconf 90' lang='lat' dir='ltr'><strong>sua</strong></span> <span class='ocrx_word' id='word_1_603' title='bbox 1983 4069 1999 4095; x_wconf 89' lang='lat'><strong>,</strong></span> <span class='ocrx_word' id='word_1_604' title='bbox 2030 4024 2133 4084; x_wconf 83' lang='lat' dir='ltr'><strong>nec</strong></span> 
     </span>
    </p>
   </div>
   <div class='ocr_carea' id='block_1_74' title="bbox 552 4122 2133 4205">
    <p class='ocr_par' dir='ltr' id='par_1_74' title="bbox 552 4122 2133 4205">
     <span class='ocr_line' id='line_1_74' title="bbox 552 4122 2133 4205; baseline -0.011 -13"><span class='ocrx_word' id='word_1_605' title='bbox 552 4133 688 4192; x_wconf 84' lang='lat' dir='ltr'><strong>fecit</strong></span> <span class='ocrx_word' id='word_1_606' title='bbox 708 4132 957 4205; x_wconf 82' lang='lat' dir='ltr'><strong>proximo</strong></span> <span class='ocrx_word' id='word_1_607' title='bbox 987 4145 1086 4186; x_wconf 89' lang='lat' dir='ltr'><strong>suo</strong></span> <span class='ocrx_word' id='word_1_608' title='bbox 1114 4127 1316 4185; x_wconf 88' lang='lat' dir='ltr'><strong>malum</strong></span> <span class='ocrx_word' id='word_1_609' title='bbox 1336 4166 1352 4191; x_wconf 91' lang='lat'><strong>,</strong></span> <span class='ocrx_word' id='word_1_610' title='bbox 1381 4135 1437 4181; x_wconf 90' lang='lat' dir='ltr'><strong>et</strong></span> <span class='ocrx_word' id='word_1_611' title='bbox 1464 4122 1811 4197; x_wconf 88' lang='lat' dir='ltr'><strong>opprobrium</strong></span> <span class='ocrx_word' id='word_1_612' title='bbox 1838 4136 1943 4177; x_wconf 91' lang='lat' dir='ltr'><strong>non</strong></span> <span class='ocrx_word' id='word_1_613' title='bbox 1973 4134 2133 4176; x_wconf 90' lang='lat' dir='ltr'><strong>acce-</strong></span> 
     </span>
    </p>
   </div>
   <div class='ocr_carea' id='block_1_75' title="bbox 551 4213 2134 4297">
    <p class='ocr_par' dir='ltr' id='par_1_75' title="bbox 551 4213 2134 4297">
     <span class='ocr_line' id='line_1_75' title="bbox 551 4213 2134 4297; baseline -0.008 -18"><span class='ocrx_word' id='word_1_614' title='bbox 551 4224 635 4297; x_wconf 89' lang='lat' dir='ltr'><strong>pit</strong></span> <span class='ocrx_word' id='word_1_615' title='bbox 661 4225 921 4280; x_wconf 86' lang='lat' dir='ltr'><strong>adversus</strong></span> <span class='ocrx_word' id='word_1_616' title='bbox 941 4219 1218 4294; x_wconf 80' lang='lat' dir='ltr'><strong>proximos</strong></span> <span class='ocrx_word' id='word_1_617' title='bbox 1239 4231 1384 4274; x_wconf 86' lang='lat' dir='ltr'><strong>suos.</strong></span> <span class='ocrx_word' id='word_1_618' title='bbox 1413 4217 1493 4272; x_wconf 83' lang='lat' dir='ltr'><strong>Ad</strong></span> <span class='ocrx_word' id='word_1_619' title='bbox 1519 4214 1744 4272; x_wconf 90' lang='lat' dir='ltr'><strong>nihilum</strong></span> <span class='ocrx_word' id='word_1_620' title='bbox 1767 4213 2029 4269; x_wconf 89' lang='lat' dir='ltr'><strong>deductus</strong></span> <span class='ocrx_word' id='word_1_621' title='bbox 2049 4218 2134 4267; x_wconf 78' lang='lat' dir='ltr'><strong>est</strong></span> 
     </span>
    </p>
   </div>
   <div class='ocr_carea' id='block_1_76' title="bbox 551 4303 2130 4388">
    <p class='ocr_par' dir='ltr' id='par_1_76' title="bbox 551 4303 2130 4388">
     <span class='ocr_line' id='line_1_76' title="bbox 551 4303 2130 4388; baseline -0.009 -15"><span class='ocrx_word' id='word_1_622' title='bbox 551 4316 609 4373; x_wconf 84' lang='lat' dir='ltr'><strong>in</strong></span> <span class='ocrx_word' id='word_1_623' title='bbox 640 4323 927 4388; x_wconf 88' lang='lat' dir='ltr'><strong>conspectu</strong></span> <span class='ocrx_word' id='word_1_624' title='bbox 955 4313 1075 4387; x_wconf 86' lang='lat' dir='ltr'><strong>ejus</strong></span> <span class='ocrx_word' id='word_1_625' title='bbox 1100 4309 1388 4383; x_wconf 86' lang='lat' dir='ltr'><strong>malignus,</strong></span> <span class='ocrx_word' id='word_1_626' title='bbox 1432 4309 1685 4364; x_wconf 88' lang='lat' dir='ltr'><strong>timentes</strong></span> <span class='ocrx_word' id='word_1_627' title='bbox 1725 4315 1905 4362; x_wconf 90' lang='lat' dir='ltr'><strong>autem</strong></span> <span class='ocrx_word' id='word_1_628' title='bbox 1945 4303 2130 4359; x_wconf 90' lang='lat' dir='ltr'><strong>Domi-</strong></span> 
     </span>
    </p>
   </div>
   <div class='ocr_carea' id='block_1_77' title="bbox 550 4398 2132 4486">
    <p class='ocr_par' dir='ltr' id='par_1_77' title="bbox 550 4398 2132 4486">
     <span class='ocr_line' id='line_1_77' title="bbox 550 4398 2132 4486; baseline -0.011 -15"><span class='ocrx_word' id='word_1_629' title='bbox 550 4418 684 4470; x_wconf 82' lang='lat' dir='ltr'><strong>‘num</strong></span> <span class='ocrx_word' id='word_1_630' title='bbox 712 4410 999 4486; x_wconf 80' lang='lat' dir='ltr'><strong>gloriﬁcat.</strong></span> <span class='ocrx_word' id='word_1_631' title='bbox 1039 4408 1139 4477; x_wconf 92' lang='lat' dir='ltr'><strong>Qui</strong></span> <span class='ocrx_word' id='word_1_632' title='bbox 1156 4406 1307 4477; x_wconf 83' lang='lat' dir='ltr'><strong>jurat</strong></span> <span class='ocrx_word' id='word_1_633' title='bbox 1329 4403 1579 4478; x_wconf 77' lang='lat' dir='ltr'><strong>proximo</strong></span> <span class='ocrx_word' id='word_1_634' title='bbox 1604 4416 1722 4468; x_wconf 90' lang='lat' dir='ltr'><strong>suo,</strong></span> <span class='ocrx_word' id='word_1_635' title='bbox 1759 4412 1814 4457; x_wconf 92' lang='lat' dir='ltr'><strong>et</strong></span> <span class='ocrx_word' id='word_1_636' title='bbox 1845 4416 1950 4457; x_wconf 93' lang='lat' dir='ltr'><strong>non</strong></span> <span class='ocrx_word' id='word_1_637' title='bbox 1986 4398 2132 4454; x_wconf 90' lang='lat' dir='ltr'><strong>deci-</strong></span> 
     </span>
    </p>
   </div>
   <div class='ocr_carea' id='block_1_78' title="bbox 2231 3215 3805 3291">
    <p class='ocr_par' dir='ltr' id='par_1_78' title="bbox 2231 3215 3805 3291">
     <span class='ocr_line' id='line_1_78' title="bbox 2231 3215 3805 3291; baseline 0.004 -21"><span class='ocrx_word' id='word_1_638' title='bbox 2231 3216 2381 3290; x_wconf 87' lang='lat' dir='ltr'><strong>(Act.</strong></span> <span class='ocrx_word' id='word_1_639' title='bbox 2431 3215 2552 3291; x_wconf 76' lang='lat' dir='ltr'><strong>Ix.)</strong></span> <span class='ocrx_word' id='word_1_640' title='bbox 2603 3216 2805 3272; x_wconf 92' lang='lat' dir='ltr'><strong>Durum</strong></span> <span class='ocrx_word' id='word_1_641' title='bbox 2843 3225 2930 3272; x_wconf 89' lang='lat' dir='ltr'><strong>est</strong></span> <span class='ocrx_word' id='word_1_642' title='bbox 2964 3217 3062 3273; x_wconf 87' lang='lat' dir='ltr'><strong>tibi</strong></span> <span class='ocrx_word' id='word_1_643' title='bbox 3105 3227 3291 3273; x_wconf 87' lang='lat' dir='ltr'><strong>contra</strong></span> <span class='ocrx_word' id='word_1_644' title='bbox 3331 3218 3610 3275; x_wconf 89' lang='lat' dir='ltr'><strong>stimulum</strong></span> <span class='ocrx_word' id='word_1_645' title='bbox 3650 3220 3805 3276; x_wconf 85' lang='lat' dir='ltr'><strong>calci—</strong></span> 
     </span>
    </p>
   </div>
   <div class='ocr_carea' id='block_1_79' title="bbox 2231 3307 3811 3378">
    <p class='ocr_par' dir='ltr' id='par_1_79' title="bbox 2231 3307 3811 3378">
     <span class='ocr_line' id='line_1_79' title="bbox 2231 3307 3811 3378; baseline 0.002 -15"><span class='ocrx_word' id='word_1_646' title='bbox 2231 3316 2399 3365; x_wconf 91' lang='lat' dir='ltr'><strong>trare.</strong></span> <span class='ocrx_word' id='word_1_647' title='bbox 2451 3307 2605 3376; x_wconf 84' lang='lat' dir='ltr'><strong>Quod</strong></span> <span class='ocrx_word' id='word_1_648' title='bbox 2650 3318 2735 3365; x_wconf 86' lang='lat' dir='ltr'><strong>est</strong></span> <span class='ocrx_word' id='word_1_649' title='bbox 2776 3308 2993 3365; x_wconf 80' lang='lat' dir='ltr'><strong>dicere:</strong></span> <span class='ocrx_word' id='word_1_650' title='bbox 3028 3308 3215 3378; x_wconf 68' lang='lat' dir='ltr'><strong>(Quid</strong></span> <span class='ocrx_word' id='word_1_651' title='bbox 3264 3311 3369 3366; x_wconf 87' lang='lat' dir='ltr'><strong>hoe</strong></span> <span class='ocrx_word' id='word_1_652' title='bbox 3411 3312 3576 3367; x_wconf 91' lang='lat' dir='ltr'><strong>audio</strong></span> <span class='ocrx_word' id='word_1_653' title='bbox 3618 3313 3687 3369; x_wconf 88' lang='lat' dir='ltr'><strong>de</strong></span> <span class='ocrx_word' id='word_1_654' title='bbox 3728 3312 3811 3369; x_wconf 79' lang='lat' dir='ltr'><strong>te?</strong></span> 
     </span>
    </p>
   </div>
   <div class='ocr_carea' id='block_1_80' title="bbox 2232 3400 3803 3475">
    <p class='ocr_par' dir='ltr' id='par_1_80' title="bbox 2232 3400 3803 3475">
     <span class='ocr_line' id='line_1_80' title="bbox 2232 3400 3803 3475; baseline 0.001 -18"><span class='ocrx_word' id='word_1_655' title='bbox 2232 3400 2415 3457; x_wconf 82' lang='lat' dir='ltr'><strong>Redde</strong></span> <span class='ocrx_word' id='word_1_656' title='bbox 2457 3401 2725 3457; x_wconf 89' lang='lat' dir='ltr'><strong>rationem</strong></span> <span class='ocrx_word' id='word_1_657' title='bbox 2769 3401 3115 3457; x_wconf 87' lang='lat' dir='ltr'><strong>villicationis</strong></span> <span class='ocrx_word' id='word_1_658' title='bbox 3158 3413 3292 3465; x_wconf 73' lang='lat' dir='ltr'><strong>tute,</strong></span> <span class='ocrx_word' id='word_1_659' title='bbox 3344 3400 3459 3472; x_wconf 89' lang='lat' dir='ltr'><strong>jam</strong></span> <span class='ocrx_word' id='word_1_660' title='bbox 3508 3420 3619 3459; x_wconf 88' lang='lat' dir='ltr'><strong>non</strong></span> <span class='ocrx_word' id='word_1_661' title='bbox 3661 3414 3803 3475; x_wconf 86' lang='lat' dir='ltr'><strong>pote—</strong></span> 
     </span>
    </p>
   </div>
   <div class='ocr_carea' id='block_1_81' title="bbox 2229 3490 3806 3564">
    <p class='ocr_par' dir='ltr' id='par_1_81' title="bbox 2229 3490 3806 3564">
     <span class='ocr_line' id='line_1_81' title="bbox 2229 3490 3806 3564; baseline 0.002 -18"><span class='ocrx_word' id='word_1_662' title='bbox 2229 3492 2307 3547; x_wconf 86' lang='lat' dir='ltr'><strong>ris</strong></span> <span class='ocrx_word' id='word_1_663' title='bbox 2361 3491 2600 3547; x_wconf 83' lang='lat' dir='ltr'><strong>villicare</strong></span> <span class='ocrx_word' id='word_1_664' title='bbox 2652 3490 2807 3563; x_wconf 85' lang='lat' dir='ltr'><strong>(Luc.</strong></span> <span class='ocrx_word' id='word_1_665' title='bbox 2858 3490 2994 3564; x_wconf 75' lang='lat' dir='ltr'><strong>xvi),</strong></span> <span class='ocrx_word' id='word_1_666' title='bbox 3043 3512 3066 3545; x_wconf 84' lang='grc'>›</span> <span class='ocrx_word' id='word_1_667' title='bbox 3125 3492 3178 3548; x_wconf 88' lang='lat' dir='ltr'><strong>id</strong></span> <span class='ocrx_word' id='word_1_668' title='bbox 3244 3503 3330 3549; x_wconf 85' lang='lat' dir='ltr'><strong>cst</strong></span> <span class='ocrx_word' id='word_1_669' title='bbox 3378 3492 3682 3562; x_wconf 73' lang='lat' dir='ltr'><strong>judaizare.</strong></span> <span class='ocrx_word' id='word_1_670' title='bbox 3736 3493 3806 3549; x_wconf 73' lang='lat' dir='ltr'><strong>Ac</strong></span> 
     </span>
    </p>
   </div>
   <div class='ocr_carea' id='block_1_82' title="bbox 2229 3583 3805 3659">
    <p class='ocr_par' dir='ltr' id='par_1_82' title="bbox 2229 3583 3805 3659">
     <span class='ocr_line' id='line_1_82' title="bbox 2229 3583 3805 3659; baseline 0.002 -20"><span class='ocrx_word' id='word_1_671' title='bbox 2229 3583 2275 3639; x_wconf 88' lang='lat' dir='ltr'><strong>si</strong></span> <span class='ocrx_word' id='word_1_672' title='bbox 2344 3583 2614 3639; x_wconf 89' lang='lat' dir='ltr'><strong>diceretur</strong></span> <span class='ocrx_word' id='word_1_673' title='bbox 2662 3597 2679 3638; x_wconf 90' lang='lat'><strong>:</strong></span> <span class='ocrx_word' id='word_1_674' title='bbox 2739 3583 2874 3651; x_wconf 86' lang='lat' dir='ltr'><strong>Quia</strong></span> <span class='ocrx_word' id='word_1_675' title='bbox 2943 3599 3114 3655; x_wconf 89' lang='lat' dir='ltr'><strong>usque</strong></span> <span class='ocrx_word' id='word_1_676' title='bbox 3181 3584 3344 3641; x_wconf 89' lang='lat' dir='ltr'><strong>hodie</strong></span> <span class='ocrx_word' id='word_1_677' title='bbox 3418 3586 3555 3659; x_wconf 86' lang='lat' dir='ltr'><strong>legis</strong></span> <span class='ocrx_word' id='word_1_678' title='bbox 3626 3586 3805 3642; x_wconf 88' lang='lat' dir='ltr'><strong>doctor</strong></span> 
     </span>
    </p>
   </div>
   <div class='ocr_carea' id='block_1_83' title="bbox 2229 3675 3799 3750">
    <p class='ocr_par' dir='ltr' id='par_1_83' title="bbox 2229 3675 3799 3750">
     <span class='ocr_line' id='line_1_83' title="bbox 2229 3675 3799 3750; baseline 0.004 -21"><span class='ocrx_word' id='word_1_679' title='bbox 2229 3675 2379 3731; x_wconf 88' lang='lat' dir='ltr'><strong>fuisti</strong></span> <span class='ocrx_word' id='word_1_680' title='bbox 2431 3675 2742 3742; x_wconf 86' lang='lat' dir='ltr'><strong>carnaliter,</strong></span> <span class='ocrx_word' id='word_1_681' title='bbox 2780 3675 3077 3747; x_wconf 86' lang='lat' dir='ltr'><strong>discipulus</strong></span> <span class='ocrx_word' id='word_1_682' title='bbox 3125 3678 3372 3734; x_wconf 88' lang='lat' dir='ltr'><strong>veritatis</strong></span> <span class='ocrx_word' id='word_1_683' title='bbox 3414 3678 3643 3750; x_wconf 87' lang='lat' dir='ltr'><strong>incipies</strong></span> <span class='ocrx_word' id='word_1_684' title='bbox 3681 3696 3799 3736; x_wconf 85' lang='lat' dir='ltr'><strong>esse</strong></span> 
     </span>
    </p>
   </div>
   <div class='ocr_carea' id='block_1_84' title="bbox 2231 3766 3801 3841">
    <p class='ocr_par' dir='ltr' id='par_1_84' title="bbox 2231 3766 3801 3841">
     <span class='ocr_line' id='line_1_84' title="bbox 2231 3766 3801 3841; baseline 0.003 -20"><span class='ocrx_word' id='word_1_685' title='bbox 2231 3767 2567 3837; x_wconf 90' lang='lat' dir='ltr'><strong>spiritaliter.</strong></span> <span class='ocrx_word' id='word_1_686' title='bbox 2612 3766 2835 3824; x_wconf 77' lang='lat' dir='ltr'><strong>Villicus</strong></span> <span class='ocrx_word' id='word_1_687' title='bbox 2863 3767 3082 3833; x_wconf 90' lang='lat' dir='ltr'><strong>dicitur,</strong></span> <span class='ocrx_word' id='word_1_688' title='bbox 3114 3768 3208 3840; x_wconf 82' lang='lat' dir='ltr'><strong>qui</strong></span> <span class='ocrx_word' id='word_1_689' title='bbox 3234 3783 3402 3841; x_wconf 84' lang='lat' dir='ltr'><strong>super</strong></span> <span class='ocrx_word' id='word_1_690' title='bbox 3436 3769 3670 3825; x_wconf 85' lang='lat' dir='ltr'><strong>alienam</strong></span> <span class='ocrx_word' id='word_1_691' title='bbox 3699 3771 3801 3825; x_wconf 79' lang='lat' dir='ltr'><strong>vii-</strong></span> 
     </span>
    </p>
   </div>
   <div class='ocr_carea' id='block_1_85' title="bbox 2230 3855 3802 3930">
    <p class='ocr_par' dir='ltr' id='par_1_85' title="bbox 2230 3855 3802 3930">
     <span class='ocr_line' id='line_1_85' title="bbox 2230 3855 3802 3930; baseline 0.004 -20"><span class='ocrx_word' id='word_1_692' title='bbox 2230 3855 2336 3911; x_wconf 90' lang='lat' dir='ltr'><strong>lam</strong></span> <span class='ocrx_word' id='word_1_693' title='bbox 2363 3872 2551 3912; x_wconf 86' lang='lat' dir='ltr'><strong>curam</strong></span> <span class='ocrx_word' id='word_1_694' title='bbox 2593 3857 2753 3928; x_wconf 89' lang='lat' dir='ltr'><strong>gerit.</strong></span> <span class='ocrx_word' id='word_1_695' title='bbox 2807 3856 2984 3929; x_wconf 83' lang='lat' dir='ltr'><strong>Super</strong></span> <span class='ocrx_word' id='word_1_696' title='bbox 3025 3857 3255 3918; x_wconf 88' lang='lat' dir='ltr'><strong>alienam</strong></span> <span class='ocrx_word' id='word_1_697' title='bbox 3278 3860 3477 3930; x_wconf 86' lang='lat' dir='ltr'><strong>quippe</strong></span> <span class='ocrx_word' id='word_1_698' title='bbox 3512 3860 3694 3915; x_wconf 83' lang='lat' dir='ltr'><strong>villam</strong></span> <span class='ocrx_word' id='word_1_699' title='bbox 3717 3878 3802 3916; x_wconf 82' lang='lat' dir='ltr'><strong>cu-</strong></span> 
     </span>
    </p>
   </div>
   <div class='ocr_carea' id='block_1_86' title="bbox 2231 3946 3804 4022">
    <p class='ocr_par' dir='ltr' id='par_1_86' title="bbox 2231 3946 3804 4022">
     <span class='ocr_line' id='line_1_86' title="bbox 2231 3946 3804 4022; baseline 0.002 -20"><span class='ocrx_word' id='word_1_700' title='bbox 2231 3961 2348 4002; x_wconf 90' lang='lat' dir='ltr'><strong>ram</strong></span> <span class='ocrx_word' id='word_1_701' title='bbox 2395 3948 2619 4018; x_wconf 88' lang='lat' dir='ltr'><strong>gerebat</strong></span> <span class='ocrx_word' id='word_1_702' title='bbox 2665 3946 2895 4014; x_wconf 87' lang='lat' dir='ltr'><strong>Paulus,</strong></span> <span class='ocrx_word' id='word_1_703' title='bbox 2948 3948 3166 4018; x_wconf 88' lang='lat' dir='ltr'><strong>quando</strong></span> <span class='ocrx_word' id='word_1_704' title='bbox 3215 3948 3387 4019; x_wconf 84' lang='lat' dir='ltr'><strong>legem</strong></span> <span class='ocrx_word' id='word_1_705' title='bbox 3442 3964 3542 4019; x_wconf 91' lang='lat' dir='ltr'><strong>per</strong></span> <span class='ocrx_word' id='word_1_706' title='bbox 3594 3949 3804 4022; x_wconf 78' lang='lat' dir='ltr'><strong>Moysen</strong></span> 
     </span>
    </p>
   </div>
   <div class='ocr_carea' id='block_1_87' title="bbox 2232 4038 3804 4098">
    <p class='ocr_par' dir='ltr' id='par_1_87' title="bbox 2232 4038 3804 4098">
     <span class='ocr_line' id='line_1_87' title="bbox 2232 4038 3804 4098; baseline 0 -4"><span class='ocrx_word' id='word_1_707' title='bbox 2232 4039 2412 4094; x_wconf 85' lang='lat' dir='ltr'><strong>datam</strong></span> <span class='ocrx_word' id='word_1_708' title='bbox 2450 4038 2741 4097; x_wconf 85' lang='lat' dir='ltr'><strong>carnaliter</strong></span> <span class='ocrx_word' id='word_1_709' title='bbox 2778 4039 3025 4096; x_wconf 85' lang='lat' dir='ltr'><strong>docebat.</strong></span> <span class='ocrx_word' id='word_1_710' title='bbox 3068 4040 3176 4096; x_wconf 84' lang='lat' dir='ltr'><strong>Sed</strong></span> <span class='ocrx_word' id='word_1_711' title='bbox 3208 4041 3387 4097; x_wconf 87' lang='lat' dir='ltr'><strong>ablata</strong></span> <span class='ocrx_word' id='word_1_712' title='bbox 3418 4052 3507 4097; x_wconf 89' lang='lat' dir='ltr'><strong>est</strong></span> <span class='ocrx_word' id='word_1_713' title='bbox 3529 4043 3600 4098; x_wconf 91' lang='lat' dir='ltr'><strong>ab</strong></span> <span class='ocrx_word' id='word_1_714' title='bbox 3628 4059 3695 4098; x_wconf 89' lang='lat' dir='ltr'><strong>eo</strong></span> <span class='ocrx_word' id='word_1_715' title='bbox 3719 4042 3804 4096; x_wconf 89' lang='lat' dir='ltr'><strong>vil-</strong></span> 
     </span>
    </p>
   </div>
   <div class='ocr_carea' id='block_1_88' title="bbox 2232 4129 3805 4203">
    <p class='ocr_par' dir='ltr' id='par_1_88' title="bbox 2232 4129 3805 4203">
     <span class='ocr_line' id='line_1_88' title="bbox 2232 4129 3805 4203; baseline 0.002 -17"><span class='ocrx_word' id='word_1_716' title='bbox 2232 4131 2432 4197; x_wconf 82' lang='lat' dir='ltr'><strong>licatio,</strong></span> <span class='ocrx_word' id='word_1_717' title='bbox 2466 4131 2681 4202; x_wconf 89' lang='lat' dir='ltr'><strong>quando</strong></span> <span class='ocrx_word' id='word_1_718' title='bbox 2718 4132 2952 4187; x_wconf 87' lang='lat' dir='ltr'><strong>carnalis</strong></span> <span class='ocrx_word' id='word_1_719' title='bbox 2981 4129 3067 4186; x_wconf 80' lang='lat' dir='ltr'><strong>lex</strong></span> <span class='ocrx_word' id='word_1_720' title='bbox 3102 4148 3210 4186; x_wconf 91' lang='lat' dir='ltr'><strong>non</strong></span> <span class='ocrx_word' id='word_1_721' title='bbox 3246 4132 3561 4199; x_wconf 88' lang='lat' dir='ltr'><strong>carnaliter,</strong></span> <span class='ocrx_word' id='word_1_722' title='bbox 3588 4133 3683 4189; x_wconf 85' lang='lat' dir='ltr'><strong>sed</strong></span> <span class='ocrx_word' id='word_1_723' title='bbox 3708 4134 3805 4203; x_wconf 56' lang='lat' dir='ltr'><strong>spio</strong></span> 
     </span>
    </p>
   </div>
   <div class='ocr_carea' id='block_1_89' title="bbox 2233 4218 3805 4293">
    <p class='ocr_par' dir='ltr' id='par_1_89' title="bbox 2233 4218 3805 4293">
     <span class='ocr_line' id='line_1_89' title="bbox 2233 4218 3805 4293; baseline -0.003 -15"><span class='ocrx_word' id='word_1_724' title='bbox 2233 4221 2503 4278; x_wconf 88' lang='lat' dir='ltr'><strong>ritualiter</strong></span> <span class='ocrx_word' id='word_1_725' title='bbox 2533 4221 2583 4275; x_wconf 89' lang='lat' dir='ltr'><strong>ei</strong></span> <span class='ocrx_word' id='word_1_726' title='bbox 2610 4218 2836 4292; x_wconf 84' lang='lat' dir='ltr'><strong>intelligi</strong></span> <span class='ocrx_word' id='word_1_727' title='bbox 2863 4229 3129 4293; x_wconf 76' lang='lat' dir='ltr'><strong>praecepta</strong></span> <span class='ocrx_word' id='word_1_728' title='bbox 3153 4229 3256 4277; x_wconf 90' lang='lat' dir='ltr'><strong>est.</strong></span> <span class='ocrx_word' id='word_1_729' title='bbox 3297 4240 3315 4273; x_wconf 77' lang='grc' dir='ltr'><strong>ι</strong></span> <span class='ocrx_word' id='word_1_730' title='bbox 3346 4221 3437 4276; x_wconf 84' lang='lat' dir='ltr'><strong>Ait</strong></span> <span class='ocrx_word' id='word_1_731' title='bbox 3461 4233 3647 4277; x_wconf 87' lang='lat' dir='ltr'><strong>autem</strong></span> <span class='ocrx_word' id='word_1_732' title='bbox 3681 4221 3805 4275; x_wconf 85' lang='lat' dir='ltr'><strong>villi-</strong></span> 
     </span>
    </p>
   </div>
   <div class='ocr_carea' id='block_1_90' title="bbox 2233 4298 3805 4382">
    <p class='ocr_par' dir='ltr' id='par_1_90' title="bbox 2233 4298 3805 4382">
     <span class='ocr_line' id='line_1_90' title="bbox 2233 4298 3805 4382; baseline -0.001 -13"><span class='ocrx_word' id='word_1_733' title='bbox 2233 4329 2329 4369; x_wconf 90' lang='lat' dir='ltr'><strong>cus</strong></span> <span class='ocrx_word' id='word_1_734' title='bbox 2354 4313 2495 4369; x_wconf 88' lang='lat' dir='ltr'><strong>intra</strong></span> <span class='ocrx_word' id='word_1_735' title='bbox 2520 4327 2579 4368; x_wconf 91' lang='lat' dir='ltr'><strong>se</strong></span> <span class='ocrx_word' id='word_1_736' title='bbox 2609 4331 2622 4366; x_wconf 89' lang='lat'><strong>:</strong></span> <span class='ocrx_word' id='word_1_737' title='bbox 2655 4311 2792 4380; x_wconf 90' lang='lat' dir='ltr'><strong>Quid</strong></span> <span class='ocrx_word' id='word_1_738' title='bbox 2827 4298 3044 4378; x_wconf 86' lang='lat' dir='ltr'><strong>faciam,</strong></span> <span class='ocrx_word' id='word_1_739' title='bbox 3075 4312 3202 4382; x_wconf 89' lang='lat' dir='ltr'><strong>quia</strong></span> <span class='ocrx_word' id='word_1_740' title='bbox 3246 4311 3500 4368; x_wconf 89' lang='lat' dir='ltr'><strong>dominus</strong></span> <span class='ocrx_word' id='word_1_741' title='bbox 3538 4327 3697 4368; x_wconf 86' lang='lat' dir='ltr'><strong>meus</strong></span> <span class='ocrx_word' id='word_1_742' title='bbox 3722 4316 3805 4367; x_wconf 68' lang='grc' dir='ltr'><strong>ευ-</strong></span> 
     </span>
    </p>
   </div>
   <div class='ocr_carea' id='block_1_91' title="bbox 2237 4400 3805 4474">
    <p class='ocr_par' dir='ltr' id='par_1_91' title="bbox 2237 4400 3805 4474">
     <span class='ocr_line' id='line_1_91' title="bbox 2237 4400 3805 4474; baseline -0.003 -16"><span class='ocrx_word' id='word_1_743' title='bbox 2237 4405 2397 4460; x_wconf 90' lang='lat' dir='ltr'><strong>ferta</strong></span> <span class='ocrx_word' id='word_1_744' title='bbox 2419 4418 2504 4459; x_wconf 89' lang='lat' dir='ltr'><strong>me</strong></span> <span class='ocrx_word' id='word_1_745' title='bbox 2525 4401 2939 4457; x_wconf 87' lang='lat' dir='ltr'><strong>villicationem?</strong></span> <span class='ocrx_word' id='word_1_746' title='bbox 2973 4420 2992 4454; x_wconf 80' lang='grc' dir='ltr'><strong>ι</strong></span> <span class='ocrx_word' id='word_1_747' title='bbox 3026 4400 3181 4474; x_wconf 86' lang='lat' dir='ltr'><strong>(Luc.</strong></span> <span class='ocrx_word' id='word_1_748' title='bbox 3209 4402 3347 4473; x_wconf 77' lang='lat' dir='ltr'><strong>xvi.)</strong></span> <span class='ocrx_word' id='word_1_749' title='bbox 3370 4401 3536 4470; x_wconf 90' lang='lat' dir='ltr'><strong>Quasi</strong></span> <span class='ocrx_word' id='word_1_750' title='bbox 3572 4401 3805 4459; x_wconf 88' lang='lat' dir='ltr'><strong>diceret:</strong></span> 
     </span>
    </p>
   </div>
   <div class='ocr_carea' id='block_1_92' title="bbox 549 4470 3806 4577">
    <p class='ocr_par' dir='ltr' id='par_1_92' title="bbox 549 4470 3806 4577">
     <span class='ocr_line' id='line_1_92' title="bbox 549 4470 3806 4577; baseline -0.004 -18"><span class='ocrx_word' id='word_1_751' title='bbox 549 4490 661 4577; x_wconf 83' lang='lat' dir='ltr'><strong>pit;</strong></span> <span class='ocrx_word' id='word_1_752' title='bbox 704 4470 796 4575; x_wconf 63' lang='lat' dir='ltr'><strong>qui</strong></span> <span class='ocrx_word' id='word_1_753' title='bbox 829 4470 1111 4574; x_wconf 59' lang='lat' dir='ltr'><strong>pecuniam</strong></span> <span class='ocrx_word' id='word_1_754' title='bbox 1154 4470 1458 4554; x_wconf 47' lang='lat' dir='ltr'><strong>suam-non</strong></span> <span class='ocrx_word' id='word_1_755' title='bbox 1501 4494 1649 4551; x_wconf 89' lang='lat' dir='ltr'><strong>dedit</strong></span> <span class='ocrx_word' id='word_1_756' title='bbox 1686 4493 1754 4548; x_wconf 87' lang='lat' dir='ltr'><strong>ad</strong></span> <span class='ocrx_word' id='word_1_757' title='bbox 1796 4507 2037 4557; x_wconf 89' lang='lat' dir='ltr'><strong>usuram,</strong></span> <span class='ocrx_word' id='word_1_758' title='bbox 2077 4500 2132 4547; x_wconf 92' lang='lat' dir='ltr'><strong>et</strong></span> <span class='ocrx_word' id='word_1_759' title='bbox 2157 4470 2210 4532; x_wconf 79' lang='grc' dir='ltr'><strong>Ῑ)</strong></span> <span class='ocrx_word' id='word_1_760' title='bbox 2239 4496 2378 4564; x_wconf 88' lang='lat' dir='ltr'><strong>Quid</strong></span> <span class='ocrx_word' id='word_1_761' title='bbox 2401 4495 2619 4559; x_wconf 84' lang='lat' dir='ltr'><strong>faciam,</strong></span> <span class='ocrx_word' id='word_1_762' title='bbox 2645 4493 2771 4564; x_wconf 90' lang='lat' dir='ltr'><strong>quia</strong></span> <span class='ocrx_word' id='word_1_763' title='bbox 2802 4470 3060 4571; x_wconf 82' lang='lat' dir='ltr'><strong>magister</strong></span> <span class='ocrx_word' id='word_1_764' title='bbox 3100 4491 3177 4547; x_wconf 89' lang='lat' dir='ltr'><strong>fui</strong></span> <span class='ocrx_word' id='word_1_765' title='bbox 3222 4492 3276 4548; x_wconf 90' lang='lat' dir='ltr'><strong>in</strong></span> <span class='ocrx_word' id='word_1_766' title='bbox 3323 4470 3531 4549; x_wconf 83' lang='lat' dir='ltr'><strong>carnali</strong></span> <span class='ocrx_word' id='word_1_767' title='bbox 3569 4493 3806 4548; x_wconf 87' lang='lat' dir='ltr'><strong>doctrina</strong></span> 
     </span>
    </p>
   </div>
   <div class='ocr_carea' id='block_1_93' title="bbox 549 4582 2130 4669">
    <p class='ocr_par' dir='ltr' id='par_1_93' title="bbox 549 4582 2130 4669">
     <span class='ocr_line' id='line_1_93' title="bbox 549 4582 2130 4669; baseline -0.008 -18"><span class='ocrx_word' id='word_1_768' title='bbox 549 4609 778 4669; x_wconf 81' lang='lat' dir='ltr'><strong>munera</strong></span> <span class='ocrx_word' id='word_1_769' title='bbox 803 4608 966 4664; x_wconf 88' lang='lat' dir='ltr'><strong>super</strong></span> <span class='ocrx_word' id='word_1_770' title='bbox 995 4591 1308 4646; x_wconf 88' lang='lat' dir='ltr'><strong>innocentes</strong></span> <span class='ocrx_word' id='word_1_771' title='bbox 1322 4603 1429 4643; x_wconf 91' lang='lat' dir='ltr'><strong>non</strong></span> <span class='ocrx_word' id='word_1_772' title='bbox 1458 4584 1694 4656; x_wconf 83' lang='lat' dir='ltr'><strong>accepit;</strong></span> <span class='ocrx_word' id='word_1_773' title='bbox 1728 4583 1820 4654; x_wconf 90' lang='lat' dir='ltr'><strong>qui</strong></span> <span class='ocrx_word' id='word_1_774' title='bbox 1844 4582 1974 4639; x_wconf 89' lang='lat' dir='ltr'><strong>facit</strong></span> <span class='ocrx_word' id='word_1_775' title='bbox 1994 4583 2130 4649; x_wconf 80' lang='lat' dir='ltr'><strong>haec,</strong></span> 
     </span>
    </p>
   </div>
   <div class='ocr_carea' id='block_1_94' title="bbox 548 4672 2126 4748">
    <p class='ocr_par' dir='ltr' id='par_1_94' title="bbox 548 4672 2126 4748">
     <span class='ocr_line' id='line_1_94' title="bbox 548 4672 2126 4748; baseline -0.01 -9"><span class='ocrx_word' id='word_1_776' title='bbox 548 4699 660 4741; x_wconf 82' lang='lat' dir='ltr'><strong>non</strong></span> <span class='ocrx_word' id='word_1_777' title='bbox 679 4682 983 4740; x_wconf 87' lang='lat' dir='ltr'><strong>movebitur</strong></span> <span class='ocrx_word' id='word_1_778' title='bbox 1006 4679 1060 4735; x_wconf 92' lang='lat' dir='ltr'><strong>in</strong></span> <span class='ocrx_word' id='word_1_779' title='bbox 1083 4687 1342 4735; x_wconf 76' lang='lat' dir='ltr'><strong>aeternum</strong></span> <span class='ocrx_word' id='word_1_780' title='bbox 1366 4674 1575 4748; x_wconf 64' lang='lat' dir='ltr'><strong>(Ibid).</strong></span> <span class='ocrx_word' id='word_1_781' title='bbox 1608 4693 1626 4727; x_wconf 78' lang='grc' dir='ltr'><strong>ι</strong></span> <span class='ocrx_word' id='word_1_782' title='bbox 1653 4693 1672 4726; x_wconf 72' lang='grc' dir='ltr'><strong>ι</strong></span> <span class='ocrx_word' id='word_1_783' title='bbox 1701 4672 1900 4728; x_wconf 90' lang='lat' dir='ltr'><strong>Beatus</strong></span> <span class='ocrx_word' id='word_1_784' title='bbox 1918 4674 2083 4737; x_wconf 90' lang='lat' dir='ltr'><strong>enim,</strong></span> <span class='ocrx_word' id='word_1_785' title='bbox 2109 4691 2126 4724; x_wconf 76' lang='grc' dir='ltr'><strong>ι</strong></span> 
     </span>
    </p>
   </div>
   <div class='ocr_carea' id='block_1_95' title="bbox 545 4768 2130 4843">
    <p class='ocr_par' dir='ltr' id='par_1_95' title="bbox 545 4768 2130 4843">
     <span class='ocr_line' id='line_1_95' title="bbox 545 4768 2130 4843; baseline -0.007 -14"><span class='ocrx_word' id='word_1_786' title='bbox 545 4774 630 4829; x_wconf 78' lang='lat' dir='ltr'><strong>ait</strong></span> <span class='ocrx_word' id='word_1_787' title='bbox 665 4772 955 4843; x_wconf 85' lang='lat' dir='ltr'><strong>Propheta,</strong></span> <span class='ocrx_word' id='word_1_788' title='bbox 992 4788 1012 4823; x_wconf 71' lang='grc' dir='ltr'><strong>ι</strong></span> <span class='ocrx_word' id='word_1_789' title='bbox 1039 4770 1131 4842; x_wconf 89' lang='lat' dir='ltr'><strong>qui</strong></span> <span class='ocrx_word' id='word_1_790' title='bbox 1167 4768 1415 4838; x_wconf 87' lang='lat' dir='ltr'><strong>intelligit</strong></span> <span class='ocrx_word' id='word_1_791' title='bbox 1444 4781 1606 4838; x_wconf 89' lang='lat' dir='ltr'><strong>super</strong></span> <span class='ocrx_word' id='word_1_792' title='bbox 1628 4779 1856 4836; x_wconf 89' lang='lat' dir='ltr'><strong>egenum</strong></span> <span class='ocrx_word' id='word_1_793' title='bbox 1894 4771 1949 4819; x_wconf 85' lang='lat' dir='ltr'><strong>et</strong></span> <span class='ocrx_word' id='word_1_794' title='bbox 1995 4778 2130 4835; x_wconf 84' lang='lat' dir='ltr'><strong>pau-</strong></span> 
     </span>
    </p>
   </div>
   <div class='ocr_carea' id='block_1_96' title="bbox 548 4856 2121 4939">
    <p class='ocr_par' dir='ltr' id='par_1_96' title="bbox 548 4856 2121 4939">
     <span class='ocr_line' id='line_1_96' title="bbox 548 4856 2121 4939; baseline -0.005 -18"><span class='ocrx_word' id='word_1_795' title='bbox 548 4876 754 4939; x_wconf 85' lang='lat' dir='ltr'><strong>perem,</strong></span> <span class='ocrx_word' id='word_1_796' title='bbox 782 4866 839 4920; x_wconf 91' lang='lat' dir='ltr'><strong>in</strong></span> <span class='ocrx_word' id='word_1_797' title='bbox 864 4864 951 4921; x_wconf 92' lang='lat' dir='ltr'><strong>die</strong></span> <span class='ocrx_word' id='word_1_798' title='bbox 996 4863 1136 4919; x_wconf 89' lang='lat' dir='ltr'><strong>mala</strong></span> <span class='ocrx_word' id='word_1_799' title='bbox 1182 4861 1432 4917; x_wconf 86' lang='lat' dir='ltr'><strong>liberabit</strong></span> <span class='ocrx_word' id='word_1_800' title='bbox 1472 4875 1596 4916; x_wconf 91' lang='lat' dir='ltr'><strong>eum</strong></span> <span class='ocrx_word' id='word_1_801' title='bbox 1638 4858 1897 4915; x_wconf 88' lang='lat' dir='ltr'><strong>Dominus</strong></span> <span class='ocrx_word' id='word_1_802' title='bbox 1950 4856 2121 4927; x_wconf 78' lang='lat' dir='ltr'><strong>(Psal.</strong></span> 
     </span>
    </p>
   </div>
   <div class='ocr_carea' id='block_1_97' title="bbox 446 4949 2123 5028">
    <p class='ocr_par' dir='ltr' id='par_1_97' title="bbox 446 4949 2123 5028">
     <span class='ocr_line' id='line_1_97' title="bbox 446 4949 2123 5028; baseline -0.005 -16"><span class='ocrx_word' id='word_1_803' title='bbox 446 4998 449 5002; x_wconf 85' lang='grc'><strong><em>-</em></strong></span> <span class='ocrx_word' id='word_1_804' title='bbox 550 4954 667 5028; x_wconf 70' lang='grc' dir='ltr'>ιιι).</span> <span class='ocrx_word' id='word_1_805' title='bbox 719 4975 739 5009; x_wconf 76' lang='grc' dir='ltr'><strong>ι</strong></span> <span class='ocrx_word' id='word_1_806' title='bbox 795 4954 932 5010; x_wconf 86' lang='lat' dir='ltr'><strong>Nam</strong></span> <span class='ocrx_word' id='word_1_807' title='bbox 985 4963 1246 5024; x_wconf 91' lang='lat' dir='ltr'><strong>quantum</strong></span> <span class='ocrx_word' id='word_1_808' title='bbox 1299 4952 1471 5007; x_wconf 88' lang='lat' dir='ltr'><strong>virtus</strong></span> <span class='ocrx_word' id='word_1_809' title='bbox 1514 4950 1869 5023; x_wconf 74' lang='lat' dir='ltr'><strong>eleemosynm</strong></span> <span class='ocrx_word' id='word_1_810' title='bbox 1919 4949 2123 5016; x_wconf 90' lang='lat' dir='ltr'><strong>valeat,</strong></span> 
     </span>
    </p>
   </div>
   <div class='ocr_carea' id='block_1_98' title="bbox 548 5040 2126 5113">
    <p class='ocr_par' dir='ltr' id='par_1_98' title="bbox 548 5040 2126 5113">
     <span class='ocr_line' id='line_1_98' title="bbox 548 5040 2126 5113; baseline -0.004 -12"><span class='ocrx_word' id='word_1_811' title='bbox 548 5045 812 5103; x_wconf 88' lang='lat' dir='ltr'><strong>Dominus</strong></span> <span class='ocrx_word' id='word_1_812' title='bbox 848 5046 1186 5111; x_wconf 81' lang='lat' dir='ltr'><strong>manifestat,</strong></span> <span class='ocrx_word' id='word_1_813' title='bbox 1226 5045 1413 5101; x_wconf 90' lang='lat' dir='ltr'><strong>dicens</strong></span> <span class='ocrx_word' id='word_1_814' title='bbox 1450 5061 1465 5098; x_wconf 91' lang='lat'><strong>:</strong></span> <span class='ocrx_word' id='word_1_815' title='bbox 1503 5060 1522 5094; x_wconf 78' lang='grc' dir='ltr'><strong>ι</strong></span> <span class='ocrx_word' id='word_1_816' title='bbox 1552 5043 1687 5099; x_wconf 85' lang='lat' dir='ltr'><strong>Date</strong></span> <span class='ocrx_word' id='word_1_817' title='bbox 1728 5040 2126 5113; x_wconf 86' lang='lat' dir='ltr'><strong>eleemosynam</strong></span> 
     </span>
    </p>
   </div>
   <div class='ocr_carea' id='block_1_99' title="bbox 551 5133 2126 5208">
    <p class='ocr_par' dir='ltr' id='par_1_99' title="bbox 551 5133 2126 5208">
     <span class='ocr_line' id='line_1_99' title="bbox 551 5133 2126 5208; baseline -0.002 -17"><span class='ocrx_word' id='word_1_818' title='bbox 551 5144 607 5192; x_wconf 89' lang='lat' dir='ltr'><strong>et</strong></span> <span class='ocrx_word' id='word_1_819' title='bbox 633 5136 814 5192; x_wconf 89' lang='lat' dir='ltr'><strong>omnia</strong></span> <span class='ocrx_word' id='word_1_820' title='bbox 841 5136 1037 5192; x_wconf 88' lang='lat' dir='ltr'><strong>munda</strong></span> <span class='ocrx_word' id='word_1_821' title='bbox 1066 5144 1193 5192; x_wconf 90' lang='lat' dir='ltr'><strong>sunt</strong></span> <span class='ocrx_word' id='word_1_822' title='bbox 1216 5136 1369 5191; x_wconf 87' lang='lat' dir='ltr'><strong>vobis</strong></span> <span class='ocrx_word' id='word_1_823' title='bbox 1408 5134 1560 5205; x_wconf 85' lang='lat' dir='ltr'><strong>(Luc.</strong></span> <span class='ocrx_word' id='word_1_824' title='bbox 1590 5133 1690 5208; x_wconf 68' lang='grc' dir='ltr'>χι).</span> <span class='ocrx_word' id='word_1_825' title='bbox 1721 5152 1740 5186; x_wconf 80' lang='grc' dir='ltr'><strong>ι</strong></span> <span class='ocrx_word' id='word_1_826' title='bbox 1784 5134 1853 5190; x_wconf 84' lang='lat' dir='ltr'><strong>Et</strong></span> <span class='ocrx_word' id='word_1_827' title='bbox 1889 5133 2083 5189; x_wconf 86' lang='lat' dir='ltr'><strong>iterum</strong></span> <span class='ocrx_word' id='word_1_828' title='bbox 2112 5150 2126 5188; x_wconf 96' lang='lat'><strong>:</strong></span> 
     </span>
    </p>
   </div>
   <div class='ocr_carea' id='block_1_100' title="bbox 556 5226 2131 5303">
    <p class='ocr_par' dir='ltr' id='par_1_100' title="bbox 556 5226 2131 5303">
     <span class='ocr_line' id='line_1_100' title="bbox 556 5226 2131 5303; baseline -0.001 -20"><span class='ocrx_word' id='word_1_829' title='bbox 556 5250 575 5283; x_wconf 76' lang='grc' dir='ltr'><strong>ι</strong></span> <span class='ocrx_word' id='word_1_830' title='bbox 625 5229 760 5286; x_wconf 90' lang='lat' dir='ltr'><strong>Cum</strong></span> <span class='ocrx_word' id='word_1_831' title='bbox 807 5227 942 5286; x_wconf 89' lang='lat' dir='ltr'><strong>facis</strong></span> <span class='ocrx_word' id='word_1_832' title='bbox 995 5228 1281 5303; x_wconf 89' lang='lat' dir='ltr'><strong>prandium</strong></span> <span class='ocrx_word' id='word_1_833' title='bbox 1318 5239 1412 5285; x_wconf 89' lang='lat' dir='ltr'><strong>aut</strong></span> <span class='ocrx_word' id='word_1_834' title='bbox 1450 5244 1661 5285; x_wconf 69' lang='lat' dir='ltr'><strong>coenam</strong></span> <span class='ocrx_word' id='word_1_835' title='bbox 1686 5268 1703 5291; x_wconf 89' lang='lat'><strong>,</strong></span> <span class='ocrx_word' id='word_1_836' title='bbox 1744 5227 1852 5283; x_wconf 92' lang='lat' dir='ltr'><strong>noli</strong></span> <span class='ocrx_word' id='word_1_837' title='bbox 1898 5226 2131 5283; x_wconf 88' lang='lat' dir='ltr'><strong>invitare</strong></span> 
     </span>
    </p>
   </div>
   <div class='ocr_carea' id='block_1_101' title="bbox 552 5319 2131 5395">
    <p class='ocr_par' dir='ltr' id='par_1_101' title="bbox 552 5319 2131 5395">
     <span class='ocr_line' id='line_1_101' title="bbox 552 5319 2131 5395; baseline -0.004 -16"><span class='ocrx_word' id='word_1_838' title='bbox 552 5336 649 5379; x_wconf 88' lang='lat' dir='ltr'><strong>eos</strong></span> <span class='ocrx_word' id='word_1_839' title='bbox 680 5322 772 5395; x_wconf 88' lang='lat' dir='ltr'><strong>qui</strong></span> <span class='ocrx_word' id='word_1_840' title='bbox 802 5331 855 5379; x_wconf 89' lang='lat' dir='ltr'><strong>te</strong></span> <span class='ocrx_word' id='word_1_841' title='bbox 881 5323 1192 5389; x_wconf 89' lang='lat' dir='ltr'><strong>reinvitent,</strong></span> <span class='ocrx_word' id='word_1_842' title='bbox 1226 5320 1317 5377; x_wconf 92' lang='lat' dir='ltr'><strong>sed</strong></span> <span class='ocrx_word' id='word_1_843' title='bbox 1353 5336 1483 5377; x_wconf 89' lang='lat' dir='ltr'><strong>voca</strong></span> <span class='ocrx_word' id='word_1_844' title='bbox 1519 5335 1806 5391; x_wconf 88' lang='lat' dir='ltr'><strong>pauperes,</strong></span> <span class='ocrx_word' id='word_1_845' title='bbox 1845 5326 1902 5374; x_wconf 91' lang='lat' dir='ltr'><strong>et</strong></span> <span class='ocrx_word' id='word_1_846' title='bbox 1940 5319 2131 5375; x_wconf 89' lang='lat' dir='ltr'><strong>beatus</strong></span> 
     </span>
    </p>
   </div>
   <div class='ocr_carea' id='block_1_102' title="bbox 548 5409 2126 5487">
    <p class='ocr_par' dir='ltr' id='par_1_102' title="bbox 548 5409 2126 5487">
     <span class='ocr_line' id='line_1_102' title="bbox 548 5409 2126 5487; baseline -0.006 -14"><span class='ocrx_word' id='word_1_847' title='bbox 548 5415 822 5487; x_wconf 86' lang='lat' dir='ltr'><strong>eris,quia</strong></span> <span class='ocrx_word' id='word_1_848' title='bbox 839 5432 943 5471; x_wconf 93' lang='lat' dir='ltr'><strong>non</strong></span> <span class='ocrx_word' id='word_1_849' title='bbox 963 5415 1314 5472; x_wconf 87' lang='lat' dir='ltr'><strong>habentunde</strong></span> <span class='ocrx_word' id='word_1_850' title='bbox 1338 5412 1745 5469; x_wconf 88' lang='lat' dir='ltr'><strong>retribuanttibi</strong></span> <span class='ocrx_word' id='word_1_851' title='bbox 1787 5409 1918 5483; x_wconf 86' lang='lat' dir='ltr'><strong>(Luc</strong></span> <span class='ocrx_word' id='word_1_852' title='bbox 1940 5412 2073 5483; x_wconf 81' lang='lat' dir='ltr'><strong>xw).</strong></span> <span class='ocrx_word' id='word_1_853' title='bbox 2108 5430 2126 5464; x_wconf 70' lang='grc' dir='ltr'><strong>ι</strong></span> 
     </span>
    </p>
   </div>
   <div class='ocr_carea' id='block_1_103' title="bbox 545 5503 2131 5577">
    <p class='ocr_par' dir='ltr' id='par_1_103' title="bbox 545 5503 2131 5577">
     <span class='ocr_line' id='line_1_103' title="bbox 545 5503 2131 5577; baseline -0.004 -15"><span class='ocrx_word' id='word_1_854' title='bbox 545 5507 619 5564; x_wconf 85' lang='lat' dir='ltr'><strong>Et</strong></span> <span class='ocrx_word' id='word_1_855' title='bbox 632 5507 757 5564; x_wconf 92' lang='lat' dir='ltr'><strong>alibi</strong></span> <span class='ocrx_word' id='word_1_856' title='bbox 782 5526 795 5562; x_wconf 93' lang='lat'><strong>:</strong></span> <span class='ocrx_word' id='word_1_857' title='bbox 818 5525 837 5559; x_wconf 68' lang='grc' dir='ltr'><strong>ι</strong></span> <span class='ocrx_word' id='word_1_858' title='bbox 860 5504 1468 5577; x_wconf 71' lang='lat' dir='ltr'><strong>Sicutaquaexstinguit</strong></span> <span class='ocrx_word' id='word_1_859' title='bbox 1490 5503 1690 5575; x_wconf 87' lang='lat' dir='ltr'><strong>ignem,</strong></span> <span class='ocrx_word' id='word_1_860' title='bbox 1706 5505 1777 5559; x_wconf 92' lang='lat' dir='ltr'><strong>ita</strong></span> <span class='ocrx_word' id='word_1_861' title='bbox 1792 5504 2131 5576; x_wconf 81' lang='lat' dir='ltr'><strong>eleemosyna</strong></span> 
     </span>
    </p>
   </div>
   <div class='ocr_carea' id='block_1_104' title="bbox 551 5594 2133 5672">
    <p class='ocr_par' dir='ltr' id='par_1_104' title="bbox 551 5594 2133 5672">
     <span class='ocr_line' id='line_1_104' title="bbox 551 5594 2133 5672; baseline -0.003 -18"><span class='ocrx_word' id='word_1_862' title='bbox 551 5599 845 5672; x_wconf 76' lang='lat' dir='ltr'><strong>exstinguit</strong></span> <span class='ocrx_word' id='word_1_863' title='bbox 869 5608 1149 5670; x_wconf 90' lang='lat' dir='ltr'><strong>peccatum</strong></span> <span class='ocrx_word' id='word_1_864' title='bbox 1178 5596 1366 5669; x_wconf 82' lang='lat' dir='ltr'><strong>(Eccli.</strong></span> <span class='ocrx_word' id='word_1_865' title='bbox 1397 5596 1500 5668; x_wconf 87' lang='grc' dir='ltr'>ιιι).</span> <span class='ocrx_word' id='word_1_866' title='bbox 1527 5618 1547 5651; x_wconf 77' lang='grc' dir='ltr'><strong>ι</strong></span> <span class='ocrx_word' id='word_1_867' title='bbox 1567 5594 1721 5654; x_wconf 90' lang='lat' dir='ltr'><strong>Unde</strong></span> <span class='ocrx_word' id='word_1_868' title='bbox 1739 5595 1870 5667; x_wconf 88' lang='lat' dir='ltr'><strong>justi</strong></span> <span class='ocrx_word' id='word_1_869' title='bbox 1887 5596 1986 5655; x_wconf 88' lang='lat' dir='ltr'><strong>viri</strong></span> <span class='ocrx_word' id='word_1_870' title='bbox 2004 5611 2133 5670; x_wconf 74' lang='lat' dir='ltr'><strong>voce</strong></span> 
     </span>
    </p>
   </div>
   <div class='ocr_carea' id='block_1_105' title="bbox 462 5688 2131 5761">
    <p class='ocr_par' dir='ltr' id='par_1_105' title="bbox 462 5688 2131 5761">
     <span class='ocr_line' id='line_1_105' title="bbox 462 5688 2131 5761; baseline -0.001 -15"><span class='ocrx_word' id='word_1_871' title='bbox 462 5714 474 5725; x_wconf 86' lang='lat'><strong>-</strong></span> <span class='ocrx_word' id='word_1_872' title='bbox 556 5688 785 5746; x_wconf 83' lang='lat' dir='ltr'><strong>dicitur:</strong></span> <span class='ocrx_word' id='word_1_873' title='bbox 831 5708 850 5743; x_wconf 73' lang='grc' dir='ltr'><strong>ι</strong></span> <span class='ocrx_word' id='word_1_874' title='bbox 889 5689 1107 5746; x_wconf 88' lang='lat' dir='ltr'><strong>Fiducia</strong></span> <span class='ocrx_word' id='word_1_875' title='bbox 1154 5704 1346 5761; x_wconf 80' lang='lat' dir='ltr'><strong>magna</strong></span> <span class='ocrx_word' id='word_1_876' title='bbox 1393 5690 1499 5743; x_wconf 86' lang='lat' dir='ltr'><strong>erit</strong></span> <span class='ocrx_word' id='word_1_877' title='bbox 1541 5705 1722 5745; x_wconf 89' lang='lat' dir='ltr'><strong>coram</strong></span> <span class='ocrx_word' id='word_1_878' title='bbox 1772 5706 1982 5746; x_wconf 88' lang='lat' dir='ltr'><strong>sununo</strong></span> <span class='ocrx_word' id='word_1_879' title='bbox 2022 5691 2131 5745; x_wconf 90' lang='lat' dir='ltr'><strong>Deo</strong></span> 
     </span>
    </p>
   </div>
   <div class='ocr_carea' id='block_1_106' title="bbox 2239 4585 3804 4659">
    <p class='ocr_par' dir='ltr' id='par_1_106' title="bbox 2239 4585 3804 4659">
     <span class='ocr_line' id='line_1_106' title="bbox 2239 4585 3804 4659; baseline -0.004 -12"><span class='ocrx_word' id='word_1_880' title='bbox 2239 4590 2391 4659; x_wconf 83' lang='lat' dir='ltr'><strong>legis,</strong></span> <span class='ocrx_word' id='word_1_881' title='bbox 2418 4595 2473 4643; x_wconf 91' lang='lat' dir='ltr'><strong>et</strong></span> <span class='ocrx_word' id='word_1_882' title='bbox 2512 4587 2724 4643; x_wconf 87' lang='lat' dir='ltr'><strong>villicus</strong></span> <span class='ocrx_word' id='word_1_883' title='bbox 2773 4594 2829 4641; x_wconf 91' lang='lat' dir='ltr'><strong>et</strong></span> <span class='ocrx_word' id='word_1_884' title='bbox 2866 4585 3162 4657; x_wconf 89' lang='lat' dir='ltr'><strong>discipulus</strong></span> <span class='ocrx_word' id='word_1_885' title='bbox 3186 4600 3350 4657; x_wconf 86' lang='lat' dir='ltr'><strong>cogor</strong></span> <span class='ocrx_word' id='word_1_886' title='bbox 3385 4600 3507 4641; x_wconf 87' lang='lat' dir='ltr'><strong>esse</strong></span> <span class='ocrx_word' id='word_1_887' title='bbox 3537 4595 3596 4641; x_wconf 88' lang='lat' dir='ltr'><strong>et</strong></span> <span class='ocrx_word' id='word_1_888' title='bbox 3631 4601 3804 4657; x_wconf 80' lang='lat' dir='ltr'><strong>Opera-</strong></span> 
     </span>
    </p>
   </div>
   <div class='ocr_carea' id='block_1_107' title="bbox 2238 4674 3807 4751">
    <p class='ocr_par' dir='ltr' id='par_1_107' title="bbox 2238 4674 3807 4751">
     <span class='ocr_line' id='line_1_107' title="bbox 2238 4674 3807 4751; baseline -0.005 -14"><span class='ocrx_word' id='word_1_889' title='bbox 2238 4681 2351 4737; x_wconf 86' lang='lat' dir='ltr'><strong>rius</strong></span> <span class='ocrx_word' id='word_1_890' title='bbox 2373 4677 2630 4750; x_wconf 89' lang='lat' dir='ltr'><strong>spiritalis</strong></span> <span class='ocrx_word' id='word_1_891' title='bbox 2660 4675 2827 4747; x_wconf 84' lang='lat' dir='ltr'><strong>legis?</strong></span> <span class='ocrx_word' id='word_1_892' title='bbox 2859 4693 2878 4727; x_wconf 75' lang='grc' dir='ltr'><strong>ι</strong></span> <span class='ocrx_word' id='word_1_893' title='bbox 2911 4674 3119 4731; x_wconf 90' lang='lat' dir='ltr'><strong>Fodere</strong></span> <span class='ocrx_word' id='word_1_894' title='bbox 3141 4691 3248 4730; x_wconf 93' lang='lat' dir='ltr'><strong>non</strong></span> <span class='ocrx_word' id='word_1_895' title='bbox 3270 4675 3431 4751; x_wconf 83' lang='lat' dir='ltr'><strong>valeo</strong></span> <span class='ocrx_word' id='word_1_896' title='bbox 3456 4675 3675 4749; x_wconf 61' lang='grc' dir='ltr'><strong>(υἱώ).</strong></span> <span class='ocrx_word' id='word_1_897' title='bbox 3713 4696 3731 4727; x_wconf 77' lang='grc' dir='ltr'><strong>ι</strong></span> <span class='ocrx_word' id='word_1_898' title='bbox 3762 4674 3807 4729; x_wconf 89' lang='lat' dir='ltr'><strong>id</strong></span> 
     </span>
    </p>
   </div>
   <div class='ocr_carea' id='block_1_108' title="bbox 2236 4767 3807 4839">
    <p class='ocr_par' dir='ltr' id='par_1_108' title="bbox 2236 4767 3807 4839">
     <span class='ocr_line' id='line_1_108' title="bbox 2236 4767 3807 4839; baseline -0.004 -12"><span class='ocrx_word' id='word_1_899' title='bbox 2236 4782 2319 4829; x_wconf 88' lang='lat' dir='ltr'><strong>est</strong></span> <span class='ocrx_word' id='word_1_900' title='bbox 2366 4769 2668 4826; x_wconf 89' lang='lat' dir='ltr'><strong>doctrinam</strong></span> <span class='ocrx_word' id='word_1_901' title='bbox 2722 4767 2856 4838; x_wconf 87' lang='lat' dir='ltr'><strong>legis</strong></span> <span class='ocrx_word' id='word_1_902' title='bbox 2895 4767 3227 4839; x_wconf 89' lang='lat' dir='ltr'><strong>perscrutari</strong></span> <span class='ocrx_word' id='word_1_903' title='bbox 3281 4782 3379 4839; x_wconf 91' lang='lat' dir='ltr'><strong>per</strong></span> <span class='ocrx_word' id='word_1_904' title='bbox 3436 4768 3807 4839; x_wconf 84' lang='lat' dir='ltr'><strong>memetipsum</strong></span> 
     </span>
    </p>
   </div>
   <div class='ocr_carea' id='block_1_109' title="bbox 2237 4842 3807 4934">
    <p class='ocr_par' dir='ltr' id='par_1_109' title="bbox 2237 4842 3807 4934">
     <span class='ocr_line' id='line_1_109' title="bbox 2237 4842 3807 4934; baseline -0.004 -14"><span class='ocrx_word' id='word_1_905' title='bbox 2237 4877 2468 4934; x_wconf 86' lang='lat' dir='ltr'><strong>nequeo.</strong></span> <span class='ocrx_word' id='word_1_906' title='bbox 2507 4881 2524 4913; x_wconf 74' lang='grc' dir='ltr'><strong>ι</strong></span> <span class='ocrx_word' id='word_1_907' title='bbox 2562 4860 2871 4917; x_wconf 82' lang='lat' dir='ltr'><strong>Mendicare</strong></span> <span class='ocrx_word' id='word_1_908' title='bbox 2913 4859 3177 4916; x_wconf 87' lang='lat' dir='ltr'><strong>erubesco</strong></span> <span class='ocrx_word' id='word_1_909' title='bbox 3198 4857 3414 4933; x_wconf 63' lang='lat' dir='ltr'><strong>(Ibid),</strong></span> <span class='ocrx_word' id='word_1_910' title='bbox 3453 4878 3472 4911; x_wconf 81' lang='grc' dir='ltr'><strong>ι</strong></span> <span class='ocrx_word' id='word_1_911' title='bbox 3505 4860 3635 4929; x_wconf 87' lang='lat' dir='ltr'><strong>quia</strong></span> <span class='ocrx_word' id='word_1_912' title='bbox 3661 4842 3807 4914; x_wconf 75' lang='lat' dir='ltr'><strong>fidem</strong></span> 
     </span>
    </p>
   </div>
   <div class='ocr_carea' id='block_1_110' title="bbox 2235 4951 3804 5023">
    <p class='ocr_par' dir='ltr' id='par_1_110' title="bbox 2235 4951 3804 5023">
     <span class='ocr_line' id='line_1_110' title="bbox 2235 4951 3804 5023; baseline -0.006 -11"><span class='ocrx_word' id='word_1_913' title='bbox 2235 4954 2656 5012; x_wconf 86' lang='lat' dir='ltr'><strong>Christianitatis</strong></span> <span class='ocrx_word' id='word_1_914' title='bbox 2701 4953 2771 5011; x_wconf 88' lang='lat' dir='ltr'><strong>ab</strong></span> <span class='ocrx_word' id='word_1_915' title='bbox 2801 4952 3033 5017; x_wconf 82' lang='lat' dir='ltr'><strong>Anania,</strong></span> <span class='ocrx_word' id='word_1_916' title='bbox 3074 4968 3236 5023; x_wconf 89' lang='lat' dir='ltr'><strong>quem</strong></span> <span class='ocrx_word' id='word_1_917' title='bbox 3265 4951 3591 5022; x_wconf 90' lang='lat' dir='ltr'><strong>discipulum</strong></span> <span class='ocrx_word' id='word_1_918' title='bbox 3634 4951 3804 5011; x_wconf 84' lang='lat' dir='ltr'><strong>habui,</strong></span> 
     </span>
    </p>
   </div>
   <div class='ocr_carea' id='block_1_111' title="bbox 2237 5042 3808 5117">
    <p class='ocr_par' dir='ltr' id='par_1_111' title="bbox 2237 5042 3808 5117">
     <span class='ocr_line' id='line_1_111' title="bbox 2237 5042 3808 5117; baseline -0.008 -9"><span class='ocrx_word' id='word_1_919' title='bbox 2237 5051 2446 5109; x_wconf 90' lang='lat' dir='ltr'><strong>discere</strong></span> <span class='ocrx_word' id='word_1_920' title='bbox 2476 5060 2688 5102; x_wconf 91' lang='lat' dir='ltr'><strong>vereor.</strong></span> <span class='ocrx_word' id='word_1_921' title='bbox 2736 5064 2754 5096; x_wconf 78' lang='grc' dir='ltr'><strong>ι</strong></span> <span class='ocrx_word' id='word_1_922' title='bbox 2794 5042 2919 5100; x_wconf 88' lang='lat' dir='ltr'><strong>Scio</strong></span> <span class='ocrx_word' id='word_1_923' title='bbox 2956 5046 3083 5117; x_wconf 90' lang='lat' dir='ltr'><strong>quid</strong></span> <span class='ocrx_word' id='word_1_924' title='bbox 3114 5044 3331 5110; x_wconf 88' lang='lat' dir='ltr'><strong>faciam,</strong></span> <span class='ocrx_word' id='word_1_925' title='bbox 3368 5053 3429 5099; x_wconf 85' lang='lat' dir='ltr'><strong>ut</strong></span> <span class='ocrx_word' id='word_1_926' title='bbox 3455 5059 3580 5099; x_wconf 90' lang='lat' dir='ltr'><strong>cum</strong></span> <span class='ocrx_word' id='word_1_927' title='bbox 3607 5053 3808 5100; x_wconf 87' lang='lat' dir='ltr'><strong>amotus</strong></span> 
     </span>
    </p>
   </div>
   <div class='ocr_carea' id='block_1_112' title="bbox 2236 5134 3806 5208">
    <p class='ocr_par' dir='ltr' id='par_1_112' title="bbox 2236 5134 3806 5208">
     <span class='ocr_line' id='line_1_112' title="bbox 2236 5134 3806 5208; baseline -0.005 -11"><span class='ocrx_word' id='word_1_928' title='bbox 2236 5139 2390 5198; x_wconf 91' lang='lat' dir='ltr'><strong>fuero</strong></span> <span class='ocrx_word' id='word_1_929' title='bbox 2406 5154 2437 5193; x_wconf 91' lang='lat' dir='ltr'><strong>a</strong></span> <span class='ocrx_word' id='word_1_930' title='bbox 2454 5137 2802 5202; x_wconf 89' lang='lat' dir='ltr'><strong>villicatione,</strong></span> <span class='ocrx_word' id='word_1_931' title='bbox 2827 5134 3093 5208; x_wconf 89' lang='lat' dir='ltr'><strong>recipiant</strong></span> <span class='ocrx_word' id='word_1_932' title='bbox 3116 5152 3203 5195; x_wconf 88' lang='lat' dir='ltr'><strong>me</strong></span> <span class='ocrx_word' id='word_1_933' title='bbox 3225 5134 3525 5192; x_wconf 86' lang='lat' dir='ltr'><strong>Christiani</strong></span> <span class='ocrx_word' id='word_1_934' title='bbox 3546 5135 3602 5190; x_wconf 87' lang='lat' dir='ltr'><strong>in</strong></span> <span class='ocrx_word' id='word_1_935' title='bbox 3630 5135 3806 5190; x_wconf 82' lang='lat' dir='ltr'><strong>domos</strong></span> 
     </span>
    </p>
   </div>
   <div class='ocr_carea' id='block_1_113' title="bbox 2236 5224 3807 5303">
    <p class='ocr_par' dir='ltr' id='par_1_113' title="bbox 2236 5224 3807 5303">
     <span class='ocr_line' id='line_1_113' title="bbox 2236 5224 3807 5303; baseline -0.006 -15"><span class='ocrx_word' id='word_1_936' title='bbox 2236 5234 2364 5303; x_wconf 84' lang='lat' dir='ltr'><strong>suas</strong></span> <span class='ocrx_word' id='word_1_937' title='bbox 2402 5228 2615 5302; x_wconf 87' lang='lat' dir='ltr'><strong>(Ibid.),</strong></span> <span class='ocrx_word' id='word_1_938' title='bbox 2676 5247 2694 5279; x_wconf 76' lang='grc' dir='ltr'><strong>ι</strong></span> <span class='ocrx_word' id='word_1_939' title='bbox 2747 5242 2886 5298; x_wconf 91' lang='lat' dir='ltr'><strong>quos</strong></span> <span class='ocrx_word' id='word_1_940' title='bbox 2925 5237 3242 5298; x_wconf 83' lang='lat' dir='ltr'><strong>persecutus</strong></span> <span class='ocrx_word' id='word_1_941' title='bbox 3287 5242 3429 5285; x_wconf 86' lang='lat' dir='ltr'><strong>sum.</strong></span> <span class='ocrx_word' id='word_1_942' title='bbox 3485 5224 3807 5297; x_wconf 81' lang='lat' dir='ltr'><strong>Vocavitque</strong></span> 
     </span>
    </p>
   </div>
   <div class='ocr_carea' id='block_1_114' title="bbox 2237 5318 3806 5393">
    <p class='ocr_par' dir='ltr' id='par_1_114' title="bbox 2237 5318 3806 5393">
     <span class='ocr_line' id='line_1_114' title="bbox 2237 5318 3806 5393; baseline -0.006 -12"><span class='ocrx_word' id='word_1_943' title='bbox 2237 5326 2372 5381; x_wconf 92' lang='lat' dir='ltr'><strong>duos</strong></span> <span class='ocrx_word' id='word_1_944' title='bbox 2401 5323 2676 5380; x_wconf 88' lang='lat' dir='ltr'><strong>debitores</strong></span> <span class='ocrx_word' id='word_1_945' title='bbox 2716 5318 2926 5382; x_wconf 86' lang='lat' dir='ltr'><strong>Domini</strong></span> <span class='ocrx_word' id='word_1_946' title='bbox 2954 5320 3061 5385; x_wconf 91' lang='lat' dir='ltr'><strong>sui,</strong></span> <span class='ocrx_word' id='word_1_947' title='bbox 3084 5319 3393 5377; x_wconf 65' lang='lat' dir='ltr'><strong>.ludacorum</strong></span> <span class='ocrx_word' id='word_1_948' title='bbox 3420 5318 3629 5375; x_wconf 89' lang='lat' dir='ltr'><strong>scilicet</strong></span> <span class='ocrx_word' id='word_1_949' title='bbox 3649 5332 3806 5393; x_wconf 79' lang='lat' dir='ltr'><strong>popu-</strong></span> 
     </span>
    </p>
   </div>
   <div class='ocr_carea' id='block_1_115' title="bbox 2238 5407 3804 5485">
    <p class='ocr_par' dir='ltr' id='par_1_115' title="bbox 2238 5407 3804 5485">
     <span class='ocr_line' id='line_1_115' title="bbox 2238 5407 3804 5485; baseline -0.004 -15"><span class='ocrx_word' id='word_1_950' title='bbox 2238 5415 2347 5470; x_wconf 92' lang='lat' dir='ltr'><strong>lum</strong></span> <span class='ocrx_word' id='word_1_951' title='bbox 2378 5421 2435 5469; x_wconf 89' lang='lat' dir='ltr'><strong>et</strong></span> <span class='ocrx_word' id='word_1_952' title='bbox 2461 5411 2725 5484; x_wconf 91' lang='lat' dir='ltr'><strong>gentium,</strong></span> <span class='ocrx_word' id='word_1_953' title='bbox 2753 5409 2844 5480; x_wconf 90' lang='lat' dir='ltr'><strong>qui</strong></span> <span class='ocrx_word' id='word_1_954' title='bbox 2875 5408 3033 5465; x_wconf 87' lang='lat' dir='ltr'><strong>ambo</strong></span> <span class='ocrx_word' id='word_1_955' title='bbox 3072 5410 3172 5465; x_wconf 90' lang='lat' dir='ltr'><strong>sub</strong></span> <span class='ocrx_word' id='word_1_956' title='bbox 3199 5409 3378 5465; x_wconf 88' lang='lat' dir='ltr'><strong>debito</strong></span> <span class='ocrx_word' id='word_1_957' title='bbox 3408 5426 3502 5466; x_wconf 90' lang='lat' dir='ltr'><strong>seu</strong></span> <span class='ocrx_word' id='word_1_958' title='bbox 3524 5407 3659 5483; x_wconf 85' lang='lat' dir='ltr'><strong>jugo</strong></span> <span class='ocrx_word' id='word_1_959' title='bbox 3685 5424 3804 5485; x_wconf 76' lang='lat' dir='ltr'><strong>pec-</strong></span> 
     </span>
    </p>
   </div>
   <div class='ocr_carea' id='block_1_116' title="bbox 2240 5498 3802 5571">
    <p class='ocr_par' dir='ltr' id='par_1_116' title="bbox 2240 5498 3802 5571">
     <span class='ocr_line' id='line_1_116' title="bbox 2240 5498 3802 5571; baseline -0.006 -9"><span class='ocrx_word' id='word_1_960' title='bbox 2240 5506 2348 5562; x_wconf 91' lang='lat' dir='ltr'><strong>cati</strong></span> <span class='ocrx_word' id='word_1_961' title='bbox 2373 5500 2652 5560; x_wconf 90' lang='lat' dir='ltr'><strong>constricti</strong></span> <span class='ocrx_word' id='word_1_962' title='bbox 2677 5500 3016 5565; x_wconf 87' lang='lat' dir='ltr'><strong>tenebantur,</strong></span> <span class='ocrx_word' id='word_1_963' title='bbox 3047 5500 3187 5557; x_wconf 87' lang='lat' dir='ltr'><strong>sicut</strong></span> <span class='ocrx_word' id='word_1_964' title='bbox 3216 5501 3292 5555; x_wconf 89' lang='lat' dir='ltr'><strong>ait</strong></span> <span class='ocrx_word' id='word_1_965' title='bbox 3315 5499 3607 5571; x_wconf 85' lang='lat' dir='ltr'><strong>Apostolus</strong></span> <span class='ocrx_word' id='word_1_966' title='bbox 3633 5498 3802 5570; x_wconf 80' lang='lat' dir='ltr'><strong>(Rom.</strong></span> 
     </span>
    </p>
   </div>
   <div class='ocr_carea' id='block_1_117' title="bbox 2234 5588 3805 5672">
    <p class='ocr_par' dir='ltr' id='par_1_117' title="bbox 2234 5588 3805 5672">
     <span class='ocr_line' id='line_1_117' title="bbox 2234 5588 3805 5672; baseline -0.008 -18"><span class='ocrx_word' id='word_1_967' title='bbox 2234 5598 2355 5672; x_wconf 69' lang='grc' dir='ltr'>χιιι)</span> <span class='ocrx_word' id='word_1_968' title='bbox 2402 5615 2414 5653; x_wconf 93' lang='lat'><strong>:</strong></span> <span class='ocrx_word' id='word_1_969' title='bbox 2454 5616 2473 5650; x_wconf 89' lang='grc'><em>‹</em></span> <span class='ocrx_word' id='word_1_970' title='bbox 2512 5594 2626 5651; x_wconf 85' lang='lat' dir='ltr'><strong>Non</strong></span> <span class='ocrx_word' id='word_1_971' title='bbox 2667 5593 2811 5649; x_wconf 89' lang='lat' dir='ltr'><strong>enim</strong></span> <span class='ocrx_word' id='word_1_972' title='bbox 2852 5603 2936 5649; x_wconf 91' lang='lat' dir='ltr'><strong>est</strong></span> <span class='ocrx_word' id='word_1_973' title='bbox 2966 5591 3240 5653; x_wconf 90' lang='lat' dir='ltr'><strong>distinctio</strong></span> <span class='ocrx_word' id='word_1_974' title='bbox 3284 5592 3455 5651; x_wconf 64' lang='lat' dir='ltr'><strong>Judaei</strong></span> <span class='ocrx_word' id='word_1_975' title='bbox 3503 5600 3560 5648; x_wconf 90' lang='lat' dir='ltr'><strong>et</strong></span> <span class='ocrx_word' id='word_1_976' title='bbox 3616 5588 3805 5648; x_wconf 79' lang='lat' dir='ltr'><strong>Graeci.</strong></span> 
     </span>
    </p>
   </div>
   <div class='ocr_carea' id='block_1_118' title="bbox 2234 5674 3804 5760">
    <p class='ocr_par' dir='ltr' id='par_1_118' title="bbox 2234 5674 3804 5760">
     <span class='ocr_line' id='line_1_118' title="bbox 2234 5674 3804 5760; baseline -0.01 -11"><span class='ocrx_word' id='word_1_977' title='bbox 2234 5692 2436 5749; x_wconf 84' lang='lat' dir='ltr'><strong>Omnes</strong></span> <span class='ocrx_word' id='word_1_978' title='bbox 2462 5690 2605 5745; x_wconf 89' lang='lat' dir='ltr'><strong>enim</strong></span> <span class='ocrx_word' id='word_1_979' title='bbox 2649 5695 3032 5757; x_wconf 88' lang='lat' dir='ltr'><strong>peccaverunt,</strong></span> <span class='ocrx_word' id='word_1_980' title='bbox 3064 5694 3117 5741; x_wconf 89' lang='lat' dir='ltr'><strong>et</strong></span> <span class='ocrx_word' id='word_1_981' title='bbox 3155 5695 3314 5760; x_wconf 80' lang='lat' dir='ltr'><strong>egent</strong></span> <span class='ocrx_word' id='word_1_982' title='bbox 3335 5685 3504 5758; x_wconf 89' lang='lat' dir='ltr'><strong>gloria</strong></span> <span class='ocrx_word' id='word_1_983' title='bbox 3538 5674 3663 5739; x_wconf 68' lang='lat' dir='ltr'><strong>Dei.</strong></span> <span class='ocrx_word' id='word_1_984' title='bbox 3692 5702 3710 5735; x_wconf 75' lang='grc' dir='ltr'><strong>ο</strong></span> <span class='ocrx_word' id='word_1_985' title='bbox 3747 5678 3804 5735; x_wconf 80' lang='lat' dir='ltr'><strong>Et</strong></span> 
     </span>
    </p>
   </div>
  </div>
