4014 6354
186 341 299 399 635

1399 320 1701 381 llOMlleE
1741 319 1828 375 DE
1865 319 2206 376 'I'EMPORE.

3341 300 3488 375 654’

189 454 288 509 uni
321 418 578 524 pmccpit
620 446 685 501 de
716 452 928 500 centum
959 441 1108 497 cadis
1148 438 1273 505 olei,
1319 437 1712 520 quinquaginta
1747 450 1760 486 :
1794 437 1843 494 Α
1869 433 2068 524 tialiter
2110 434 2159 489 ei
2210 431 2516 524 affluebant,
2562 433 2705 503 quod
2732 432 2968 487 futurnzn
3028 442 3164 498 erat,
3223 436 3445 492 minime

189 553 254 599 et
275 516 430 598 al-teri
465 516 531 596 de
552 546 769 594 centum
801 535 944 590 coris
976 532 1163 598 tritici,
1205 531 1479 602 octoginta
1507 516 1765 583 scribere.

187 630 587 703 Octogenarius
612 640 871 683 numerus
908 625 976 679 ad
1007 623 1165 679 ﬁdem
1205 619 1620 677 resurrectionis
1650 631 1772 686 per-

192 723 359 788 tinet,
403 721 529 791 quia
577 716 834 773 Dominus
881 713 1038 770 Jesus
1073 713 1322 769 Christus
1370 719 1560 765 octava
1607 708 1695 763 die
1741 722 1773 761 a

192 811 432 867 mortuis
479 807 795 865 resurrexit.
842 804 1345 875 Quinquagenarius
1394 802 1459 856 ad
1500 799 1773 871 paeniten-

188 900 357 967 tiam,
388 898 645 971 quoniam
673 895 1148 969 quinquagesimus
1170 893 1405 970 psalmus
1430 892 1485 947 in
1514 890 1780 962 poeniten-

191 996 334 1053 tiam
374 1005 459 1052 est
501 995 843 1050 decantatus.
886 984 954 1046 Et
990 978 1469 1063 quinquagesimus
1508 1000 1681 1041 annus
1722 984 1776 1039 in

193 1089 321 1161 lege
366 1086 622 1144 Jubilaeus
666 1092 751 1140 est
785 1083 987 1149 dictus,
1018 1083 1075 1137 id
1110 1090 1194 1137 est
1218 1095 1391 1135 annus
1421 1076 1775 1133 remissionis.

191 1178 511 1235 Judarorum
533 1192 664 1248 ergo
702 1175 899 1247 populo
923 1174 990 1230 de
1023 1182 1240 1230 centum
1270 1172 1413 1228 coris
1441 1168 1604 1225 tritici
1633 1176 1781 1222 octo-

188 1274 353 1344 ginta
374 1271 613 1328 scribere
635 1269 784 1333 fecit,
808 1269 934 1340 quia
959 1266 1411 1324 resurrectionem
1435 1261 1636 1319 Christi
1658 1274 1782 1316 eum

191 1364 434 1421 credere
484 1361 684 1417 docuit.
741 1358 1005 1415 Gentilem
1058 1372 1189 1412 vero
1245 1356 1312 1411 de
1358 1351 1671 1409 centenario
1717 1348 1787 1404 ad

195 1451 735 1525 quinquagenarium
786 1449 1032 1515 vocavit,
1084 1448 1210 1519 quia
1259 1461 1356 1516 per
1406 1440 1784 1515 paenitentiam

106 1570 112 1579 ·
194 1542 434 1612 priStina
465 1532 607 1596 mala
633 1539 776 1594 illius
804 1538 1100 1609 corrigere,
1132 1543 1186 1590 et
1221 1535 1332 1589 Deo
1356 1531 1787 1602 appropinquare

194 1628 408 1688 docuit.
445 1650 464 1683 ι
516 1630 584 1685 Ει
635 1629 875 1684 laudavit
906 1626 1155 1682 dominus
1180 1624 1419 1679 villicum
1465 1617 1784 1689 iniquitatis,

195 1723 335 1795 quia
362 1721 658 1794 prudenter
694 1719 914 1775 fecisset
946 1716 1098 1788 (Luc.
1127 1713 1265 1787 xvi),
1302 1734 1321 1767 ι
1362 1711 1618 1769 videlicet
1642 1710 1787 1765 Pau-

1871 522 2215 592 przevidebat.
2248 521 2401 577 Unde
2429 530 2483 578 et
2503 536 2533 575 a
2556 522 2783 577 Domino
2806 521 3043 576 dicitur:
3075 540 3093 573 ι
3132 522 3200 577 Ει
3223 522 3445 593 quidem
3484 524 3489 533 '

1878 630 1897 663 ‹
1931 612 1984 666 in
2015 613 2117 667 hac
2139 613 2225 667 die
2251 621 2361 677 tua,
2388 627 2507 682 quae
2528 610 2595 666 ad
2619 627 2805 683 pacem
2827 621 2953 669 sunt
2968 613 3089 678 tibi,
3111 623 3448 671 nuncautem

1874 707 2189 763 abscondita
2231 714 2359 761 sunt
2387 705 2456 760 ab
2485 704 2656 762 oculis
2694 707 2822 761 tuis.
2862 725 2880 758 i
2908 705 3071 774 Quasi
3102 708 3247 762 enim
3277 706 3332 762 in
3361 707 3449 764 die

1875 814 1969 855 sua
1998 813 2189 869 pacem
2219 797 2472 860 habebat,
2501 811 2625 851 cum
2651 796 3008 854 extollebatur
3039 798 3093 853 in
3127 797 3446 863 honoribus,

1876 888 2211 961 gloriabatur
2241 889 2293 943 in
2324 886 2693 953 facultatibus,
2732 887 3017 943 laetabatur
3037 888 3090 943 in
3120 888 3449 945 fecunditate
3476 914 3485 921 -

1877 980 2063 1052 prolis,
2094 988 2150 1036 et
2178 978 2298 1036 ideo
2333 978 2657 1050 periculum,
2700 978 2843 1048 quod
2872 978 2975 1034 sibi
2998 988 3281 1035 venturum
3307 984 3459 1045 erat,

1879 1070 2026 1126 nullo
2056 1070 2216 1125 modo
2248 1069 2593 1140 agnoscebat.
2628 1068 2758 1136 Quae
2792 1077 2973 1124 autem
3003 1069 3078 1124 illi
3110 1080 3335 1125 ventura
3360 1088 3451 1127 es-

1880 1167 2019 1221 sent,
2070 1157 2330 1215 Dominus
2379 1156 2529 1213 brevi
2574 1168 2824 1212 sermone
2868 1158 3293 1229 comprehendit,
3328 1175 3451 1215 cum

1883 1250 2123 1322 adiungit
2152 1268 2167 1304 :
3353 1248 3365 1274 ·’

1959 1361 1976 1393 ι
2019 1341 2155 1409 Quia
2187 1341 2405 1397 venient
2432 1340 2549 1396 dies
2574 1340 2630 1394 in
2661 1349 2734 1404 te,
2757 1346 2813 1394 et
2840 1336 3253 1395 circumdabant
3280 1352 3332 1397 te
3356 1342 3458 1397 ini-

1889 1452 1911 1487 ι
1956 1434 2080 1490 mici
2114 1434 2190 1488 tui
2214 1433 2355 1489 vallo
2384 1451 2398 1487 :
2429 1441 2485 1489 et
2507 1429 2920 1489 circumdabant
2948 1437 3023 1496 te,
3053 1438 3111 1486 et
3136 1438 3459 1506 coangusta-

1891 1546 1911 1579 ι
1957 1526 2091 1582 bunt
2122 1533 2173 1583 te
2212 1526 2466 1596 undique,
2508 1534 2566 1583 et
2603 1526 2671 1581 ad
2700 1534 2900 1581 terram
2928 1533 3275 1597 prosterncnt
3309 1536 3365 1584 te
3406 1539 3463 1585 et

1891 1638 1913 1672 ι
1956 1619 2097 1676 ﬁlios
2125 1628 2267 1684 tuos,
2297 1619 2389 1691 qui
2421 1620 2473 1674 in
2503 1628 2556 1674 te
2582 1627 2740 1686 sunt;
2777 1627 2834 1674 et
2857 1633 2966 1675 non
2995 1618 3303 1690 relinquent
3322 1621 3375 1675 in
3406 1627 3462 1679 te
3493 1626 3501 1641 '

1894 1730 1915 1763 ι
1952 1711 2182 1782 lapidem
2205 1724 2366 1783 super
2388 1711 2643 1782 lapidem.
2680 1730 2699 1765 ι
2746 1712 2870 1767 Dies
2890 1719 3150 1768 venturos
3178 1710 3330 1778 dicit,
3355 1712 3460 1767 tri-

198 1817 320 1871 Ium
356 1814 654 1886 apostolum
680 1852 694 1876 ,
738 1827 806 1865 ex
846 1816 1191 1881 persecutore
1240 1804 1649 1876 praedicatorem
1707 1799 1784 1854 fa-
1814 1800 1862 1861 B
1892 1800 2182 1859 bulationis
2223 1810 2277 1857 et
2318 1802 2604 1874 angustias,
2652 1801 2978 1859 calamitatis
3013 1810 3070 1858 et
3098 1800 3280 1869 famis,
3320 1802 3465 1859 obsi-

190 1914 389 1971 ctum,
418 1904 478 1960 in
521 1902 763 1959 doctrina
808 1898 1009 1955 factum
1038 1938 1053 1963 ,
1101 1897 1155 1951 in
1207 1894 1450 1951 doctrina
1500 1900 1556 1947 et
1596 1888 1787 1961 praedi—

194 1995 424 2052 catione
471 1993 854 2066 magniﬁcavit,
897 1992 1085 2047 dicens
1120 1990 1187 2047 de
1213 1987 1303 2043 illo
1353 1987 1423 2041 ad
1464 1984 1730 2039 Ananiam
1770 1998 1784 2038 :

204 2107 228 2141 ι
286 2088 475 2153 Vade,
546 2086 673 2157 quia
724 2100 822 2139 vas
878 2081 1160 2137 electionis
1220 2079 1355 2134 mihi
1408 2084 1495 2133 est
1534 2078 1682 2144 iste,
1731 2084 1791 2132 ut

196 2186 390 2250 portet
416 2190 609 2232 nomen
642 2188 824 2229 meum
865 2187 1047 2228 coram
1078 2169 1326 2242 gentibus
1369 2177 1426 2224 et
1466 2168 1702 2239 regibus,
1736 2174 1791 2221 et

194 2269 319 2323 ﬁlis
342 2265 508 2323 Israel
533 2266 672 2337 (Act.
699 2266 798 2335 ix),
832 2282 851 2316 ι
880 2262 1100 2333 impleta
1115 2260 1419 2332 prophetia,
1441 2274 1603 2329 quam
1622 2256 1791 2313 iacob

192 2358 365 2423 blim,
398 2371 523 2412 eum
570 2354 922 2411 benediceret
968 2352 1107 2408 ﬁlios
1132 2366 1282 2417 suos,
1322 2349 1683 2420 prophetarit,
1712 2347 1793 2403 di-

193 2467 343 2509 cens
376 2470 388 2507 :
425 2471 443 2504 (
478 2449 759 2519 Benjamin
784 2448 940 2519 lupus
978 2460 1165 2518 rapax,
1192 2458 1349 2500 mane
1373 2442 1621 2499 comedet
1647 2456 1790 2512 prm-

118 2592 123 2595 _
195 2544 360 2610 dam,
386 2550 442 2598 et
475 2556 701 2610 vespere
750 2539 954 2595 dividet
1002 2537 1170 2607 spolia
1219 2534 1375 2607 (Gen.
1429 2532 1601 2605 χιιι).
1653 2552 1671 2584 ι
1718 2530 1793 2587 De

194 2635 357 2690 tribu
405 2642 588 2688 autem
618 2631 896 2702 Benjamin
922 2629 1123 2685 Paulus
1149 2626 1426 2698 apostolus
1447 2625 1570 2691 fuit,
1601 2631 1658 2679 ut
1680 2626 1795 2697 ipse

200 2732 463 2780 testatur.
487 2721 589 2790 Qui
612 2721 759 2777 velut
784 2721 940 2790 lupus
965 2733 1131 2789 rapax
1157 2718 1211 2772 in
1242 2716 1620 2788 persecutione
1641 2713 1797 2769 Chri-

202 2816 515 2872 stianorum
545 2813 768 2868 exarsit.
827 2809 981 2864 Mane
1010 2808 1248 2864 comedit
1291 2807 1551 2878 praedam,
1585 2806 1709 2877 quia
1739 2805 1792 2859 in

205 2904 575 2962 adolescentia
618 2902 919 2960 Eeelesiam
951 2900 1046 2956 Dei
1078 2908 1395 2971 persecutus
1420 2906 1526 2954 est.
1562 2894 1793 2968 Vespere

200 2999 393 3055 divisit
414 2998 605 3068 spolia,
636 2996 761 3067 quia
808 3003 1095 3067 postquam
1142 2992 1208 3047 ad
1248 2991 1408 3048 ﬁdem
1431 2989 1635 3046 Christi
1665 3005 1793 3045 con-

1888 1890 2067 1948 dionis
2094 1899 2151 1948 et
2188 1894 2402 1949 mortis.
2432 1890 2686 1949 inimicos
2734 1892 3008 1949 Romanos
3040 1892 3287 1949 nominat
3310 1894 3465 1965 prin-

1890 1983 2070 2053 eipes,
2131 1985 2224 2056 qui
2261 1986 2507 2041 eamdem
2552 1985 2828 2040 civitatem
2877 1985 3019 2039 vallo
3040 1984 3461 2051 circumdantes,

1889 2074 2129 2146 undique
2175 2083 2686 2147 coangustaverunt,
2716 2084 2773 2132 et
2810 2090 2929 2131 eam
2968 2076 3035 2131 ad
3061 2074 3300 2131 litteram
3340 2090 3465 2148 pro-

1890 2171 2215 2230 straverunt,
2268 2174 2324 2220 et
2370 2164 2510 2220 ﬁlius
2549 2165 2664 2233 eius
2709 2172 3061 2221 necaverunt.
3092 2164 3224 2232 Quae
3260 2166 3465 2234 omnia,

1888 2253 2129 2324 qualiter
2171 2254 2380 2310 civitati
2424 2256 2773 2327 contigerint,
2813 2253 3082 2326 Iosephus
3113 2255 3469 2329 historiogra-

1887 2344 2029 2414 phus
2052 2344 2400 2401 Hebraeorum
2429 2347 2664 2417 pleniler
2691 2356 2898 2403 narrat.
2948 2347 3055 2405 Sed
3088 2346 3314 2420 propter
3338 2351 3470 2406 sim-

1890 2435 2166 2505 pliciores,
2203 2437 2292 2507 qui
2346 2436 2594 2494 fortassis
2622 2438 2831 2509 praefati
2871 2439 2975 2495 viri
3006 2441 3290 2498 historiam
3317 2442 3470 2514 igno-

1894 2535 2037 2593 rant,
2087 2542 2154 2583 ex
2204 2527 2387 2584 multis
2435 2543 2605 2599 pauca
2652 2532 3124 2588 commemoranda
3169 2542 3315 2589 sunt.
3340 2533 3497 2591 Post'

1892 2618 2107 2676 Domini
2144 2621 2290 2676 enim
2333 2623 2729 2689 ascensionem,
2759 2631 2883 2695 post
2923 2640 3110 2682 necem
3145 2622 3352 2695 Jacobi,
3377 2629 3471 2699 qui

1886 2708 2068 2779 justus
2111 2717 2197 2765 est
2241 2710 2564 2781 appellatus,
2606 2711 2913 2768 Iudaeorum
2945 2714 3140 2786 populo
3180 2716 3234 2772 in
3262 2718 3471 2775 malitia

1891 2808 2296 2870 perseverante,
2330 2802 2613 2857 suscitavit
2642 2804 2904 2860 adversus
2932 2820 3027 2863 eos
3049 2807 3311 2864 Dominus
3333 2809 3475 2866 duos

1893 2886 2265 2944 Romanorum
2308 2891 2607 2961 principes,
2647 2891 3040 2966 Vespasianum
3060 2897 3282 2954 scilicet
3306 2908 3362 2956 et
3386 2900 3474 2956 Ti-

1895 2989 2028 3042 tum,
2058 2988 2266 3048 patrem
2303 2989 2359 3035 et
2402 2980 2593 3049 ﬁlium,
2629 2983 2778 3054 justo
2804 2984 2901 3042 Dei
2927 2985 3137 3055 judicio
3162 3000 3379 3061 agente,
3410 2998 3503 3049 ut'

206 3105 400 3145 versus
420 3066 523 3154 est,
546 3102 641 3142 eos
654 3066 820 3156 quos,
843 3085 910 3141 de
938 3089 1208 3156 potestate
1230 3081 1427 3138 diaboli
1460 3082 1632 3136 victor
1652 3080 1794 3136 obti-

1895 3066 1984 3137 qui
2010 3077 2216 3137 patrem
2238 3078 2296 3124 et
2319 3069 2489 3125 ﬁlium
2524 3082 2878 3144 negaverant,
2907 3091 2937 3130 a
2972 3086 3131 3147 patre
3154 3088 3213 3135 et
3231 3080 3344 3137 ﬁlio
3370 3096 3473 3137 ne-

208 3180 353 3245 nuit,
376 3179 443 3233 ad
471 3142 864 3249 praedicandam
889 3142 1070 3239 ﬁdem,
1109 3187 1272 3244 quam
1298 3172 1451 3243 prius
1473 3179 1792 3243 persecutus
1817 3142 1864 3205 C
1895 3169 2170 3214 caremur-
2220 3159 2463 3243 Cumque
2515 3142 2825 3222 Judmomm
2872 3142 3148 3238 ι’θϐίοηθηι
3196 3170 3501 3230 Βοωθηυ³’

211 3269 409 3339 fuerat,
440 3270 499 3328 in
522 3269 767 3327 diversas
794 3266 1043 3323 nationes
1069 3262 1389 3348 destinavit.

736 3439 1021 3498 HOMILIA
1058 3437 1269 3495 CXXII.

423 3584 680 3631 ator-sica
710 3588 977 3642 UNDECIIA
1015 3587 1145 3628 pos'r
1177 3575 1576 3626 remacosrs‘n.

287 3703 439 3775 (Luc.
471 3701 608 3772 xxx).
650 3721 669 3753 ι
716 3701 775 3756 1η
805 3701 895 3756 illo
923 3709 1166 3771 tempore
1202 3717 1215 3753 :
1247 3699 1380 3755 Cum
1402 3698 1801 3769 appropinqua-

216 3812 241 3845 π
285 3792 565 3849 retJesus
585 3792 908 3857 Jerusalem,
934 3793 1122 3848 videns
1145 3792 1441 3857 civitatem,
1466 3790 1614 3861 ﬁevit
1640 3806 1801 3861 super

230 3903 253 3937 ι
297 3885 467 3950 illam,
495 3885 682 3940 dicens
718 3902 732 3938 :
769 3884 905 3951 Quia
937 3885 994 3939 si
1039 3885 1418 3956 cognovisses,
1461 3894 1519 3939 et
1560 3891 1639 3938 tu.
1681 3903 1700 3935 ι
1734 3884 1802 3938 Ει

219 3976 456 4047 reliqua.
476 3975 535 4030 In
558 3974 717 4043 hujus
740 3973 986 4030 lectionis
1015 3974 1157 4029 serie
1176 3975 1436 4029 Dominus
1462 3971 1621 4028 Iesus
1640 3971 1799 4026 Chri-

212 4073 334 4121 stus
361 4073 648 4133 utramque
685 4077 837 4117 suam
879 4072 1130 4117 naturam
1170 4061 1533 4128 commendat,
1561 4060 1798 4116 divinam

215 4155 431 4212 scilicet
456 4163 514 4210 et
550 4156 862 4209 humanam.
908 4152 1168 4208 Humanae
1196 4154 1397 4224 quippe
1423 4161 1629 4206 natura:
1655 4138 1799 4206 indi-

212 4248 362 4302 cium
391 4254 493 4312 est,
515 4260 638 4301 cum
662 4244 916 4317 peritura:
936 4244 1143 4300 civitati
1166 4259 1340 4314 usque
1360 4243 1429 4298 ad
1449 4242 1632 4297 ﬁctum
1654 4255 1802 4296 com-

213 4340 464 4412 patitur:
498 4339 715 4405 divinae,
755 4352 877 4393 cum
920 4337 1097 4393 eidem
1140 4335 1368 4399 civitati,
1411 4350 1531 4404 quae
1573 4341 1799 4389 ventura

214 4440 398 4492 erant.
429 4439 489 4485 ut
530 4430 675 4485 Deus
702 4430 966 4500 praedicit.
1007 4428 1172 4495 Quasi
1222 4429 1387 4484 homo
1427 4426 1683 4497 templum
1718 4426 1799 4480 in-

215 4536 439 4594 gressus
458 4529 563 4587 est,
589 4521 684 4576 sed
706 4498 870 4590 quasi
901 4520 1040 4573 Deus
1070 4516 1366 4573 vendentes
1388 4525 1443 4572 et
1463 4524 1710 4572 ementes
1732 4516 1800 4571 de
1832 4498 1880 4559 D

217 4615 311 4671 illo
333 4614 516 4683 ejecit,
560 4614 747 4669 dicens
778 4629 791 4667 :
826 4631 845 4663 ι
888 4613 1092 4667 Domus
1141 4626 1259 4666 mea
1310 4609 1504 4666 domus
1538 4610 1801 4666 orationis

216 4706 502 4762 vocabitur
538 4705 751 4776 (Matth.
785 4704 921 4775 xxi).
963 4723 981 4754 ι
1015 4702 1287 4769 Quantum
1326 4713 1505 4758 autem
1535 4704 1601 4759 de
1627 4703 1804 4760 salute

217 4796 499 4853 hominum
532 4797 785 4868 gaudeat,
825 4803 1155 4865 quantumve
1183 4795 1251 4850 de
1286 4809 1474 4850 eorum
1501 4794 1804 4865 perditione

219 4889 420 4955 doleat,
449 4889 502 4944 in
530 4888 758 4944 exordio
796 4886 955 4955 hujus
992 4886 1241 4941 lectionis
1286 4887 1647 4954 demonstrat,
1676 4902 1802 4942 cum

220 4982 519 5053 perituram
553 4981 826 5036 civitatem
854 4981 1093 5044 intuens,
1145 4980 1293 5035 flevit
1327 4995 1490 5051 super
1522 4982 1689 5046 illam,
1715 4983 1797 5037 di-

219 5085 394 5127 cens:
433 5089 452 5122 σ
484 5070 624 5140 Quia
670 5070 715 5126 si
763 5071 1129 5141 cognovisses,
1181 5080 1237 5126 et
1279 5080 1356 5125 tu.
1408 5092 1427 5123 ι
1473 5071 1665 5138 Flevit,
1694 5089 1800 5129 non

221 5161 683 5232 pulchritudinem
714 5161 1020 5225 domorum,
1045 5177 1153 5217 non
1180 5161 1522 5217 altitudinem
1547 5162 1799 5228 turrium,

223 5268 332 5307 non
361 5252 587 5309 aediﬁcia
632 5268 927 5317 murorum,
971 5254 1066 5309 sed
1117 5254 1485 5324 metaphorice
1533 5254 1799 5311 homines.

224 5345 435 5402 Dicitur
462 5356 640 5403 autem
667 5355 722 5403 et
749 5363 778 5401 a
810 5346 971 5425 ﬁente
998 5348 1228 5404 Domino
1260 5367 1275 5402 :
1311 5367 1331 5399 ι
1364 5348 1499 5415 Quia
1531 5349 1576 5404 si
1602 5364 1804 5421 cogno-

223 5442 419 5509 visses,
451 5450 511 5498 et
540 5450 618 5508 tu,
677 5462 695 5495 ι
732 5441 821 5497 ubi
872 5441 1300 5497 subaudiendum
1348 5450 1453 5508 est,
1488 5443 1615 5511 quia
1639 5444 1684 5498 si
1714 5459 1807 5499 co-

226 5535 508 5607 gnovisses
572 5535 711 5590 mala
771 5549 891 5603 qua:
939 5534 1034 5589 tibi
1078 5535 1407 5599 imminent,
1446 5536 1642 5600 ﬁeres,
1682 5551 1807 5605 qua)

226 5629 409 5693 modo,
456 5629 581 5697 quia
621 5628 798 5685 nescis
847 5628 958 5683 cito
988 5627 1247 5697 peritura,
1286 5627 1551 5681 exsultas.
1587 5628 1800 5683 lntenla

226 5717 372 5773 enim
419 5719 756 5774 solummodo
802 5719 855 5773 in
895 5706 1360 5787 pr05peritatibus,
1402 5733 1522 5787 quas
1570 5734 1795 5787 praesen

1895 3260 2134 3307 vastaret
2164 3254 2460 3321 exercitus,
2492 3255 2811 3314 imminente
2832 3259 3177 3319 solemnitate
3202 3265 3471 3335 paschali,

1895 3342 2139 3396 cucurrit
2166 3343 2343 3399 omnis
2364 3345 2593 3415 populus
2622 3348 2675 3402 in
2699 3349 2976 3405 civitatem
3001 3353 3158 3423 quasi
3184 3354 3271 3409 vir
3293 3372 3469 3425 unus;

1891 3429 2040 3499 justo
2081 3432 2176 3490 Dei
2215 3432 2422 3502 judicio
2465 3437 2737 3507 exigente,
2778 3448 2839 3495 ut
2876 3441 2968 3511 qui
3018 3442 3074 3497 in
3117 3445 3359 3515 paschali
3390 3463 3479 3503 so-

1898 3520 2175 3581 lemnitate
2206 3527 2480 3583 Christum
2523 3530 2859 3597 occiderant,
2897 3532 2951 3587 in
2992 3534 3180 3590 eadem
3222 3537 3480 3594 solemni-

1790 3664 1799 3671 .
1901 3620 2013 3669 tate
2038 3614 2408 3671 obsidionibus
2445 3617 2934 3675 circumdarentur.
2981 3619 3118 3677 Nam
3158 3631 3383 3694 repente
3409 3627 3478 3682 ab

1901 3706 2148 3762 hostibus
2176 3707 2370 3763 vallata
2408 3718 2493 3766 est
2539 3711 2688 3777 urbs,
2726 3712 2801 3767 ita
2832 3723 2891 3769 ut
2921 3715 3100 3772 nullus
3146 3716 3357 3789 ingredi
3386 3727 3506 3774 aut'

1899 3798 2083 3869 egredi
2110 3807 2310 3869 posset,
2340 3808 2395 3854 et
2421 3801 2607 3856 tandiu
2634 3802 2880 3870 obsessa,
2920 3805 3273 3878 quoadusque
3293 3809 3504 3864 omnia

1901 3902 2022 3958 quas
2063 3903 2247 3947 secum
2285 3891 2353 3945 ad
2392 3890 2658 3948 edendum
2684 3893 3013 3963 detulerant,
3053 3908 3374 3969 consumpta
3404 3900 3483 3956 vi-

1902 3982 2182 4038 derentur.
2224 3983 2356 4051 Qua:
2388 3992 2569 4040 autem
2610 3994 2764 4043 extra
2794 3988 3071 4045 civitatem
3124 3991 3479 4064 reliquerant,

1901 4077 2085 4132 omnia
2131 4076 2409 4134 Romanus
2446 4087 2756 4135 vastaverat
2794 4082 3089 4138 exercitus.
3123 4083 3307 4157 Longa
3353 4100 3482 4158 ergo

1902 4165 2183 4222 obsidione
2207 4164 2412 4234 aﬁlicti,
2441 4169 2612 4225 multo
2633 4171 2849 4241 gravius
2870 4171 3015 4229 fame
3039 4174 3290 4242 interius,
3318 4184 3506 4247 quam‘

1900 4258 1973 4313 ab
2011 4258 2256 4314 hostibus
2298 4259 2691 4329 premebantur
2727 4264 2986 4319 exterius.
3031 4264 3186 4331 Quod
3228 4253 3370 4321 idem
3401 4266 3482 4321 hi.

1905 4348 2312 4418 storiographus
2343 4352 2599 4417 ostendit,
2636 4367 2760 4407 cum
2788 4353 2921 4409 dicit
2965 4355 3096 4409 dirae
3132 4363 3187 4410 et
3219 4357 3485 4411 diuturnae

1904 4435 2066 4492 famis
2109 4438 2288 4507 inopia
2326 4438 2513 4493 etiam
2543 4426 2773 4495 delicata
2811 4442 3019 4497 viscera
3056 4443 3266 4499 aruisse
3302 4445 3482 4499 intan-

1908 4537 2039 4590 tum,
2069 4536 2135 4583 uti
2157 4518 2400 4582 nonnulli
2436 4544 2537 4584 nec
2577 4524 2647 4584 ab
2678 4516 2814 4599 ipsis
2856 4532 3236 4589 calceamentis
3264 4534 3486 4591 edendis

1907 4632 1967 4674 se
1999 4618 2381 4673 abstinuerint;
2405 4619 2509 4674 Alii
2535 4620 2999 4690 quisquiliasfeni
3038 4625 3240 4681 veteris
3266 4634 3323 4681 et
3349 4640 3486 4697 pur.

1907 4716 2157 4780 gamenta
2203 4707 2460 4765 frumenti
2500 4711 2754 4767 dentibus
2803 4715 3124 4770 ruminanda
3177 4718 3483 4775 tradebant.

1909 4800 2159 4855 Nonnulli
2200 4809 2480 4871 portarum
2530 4801 2845 4859 indumenta
2888 4794 3268 4875 detrahebant,
3297 4818 3359 4865 ut
3383 4810 3487 4868 hoc

1910 4891 2100 4947 saltem
2152 4892 2331 4949 edulio
2376 4893 2532 4948 famis
2573 4894 2809 4965 inopiam
2846 4904 3245 4966 temperarent.’
3274 4900 3332 4956 Si
3364 4904 3486 4972 quis

1910 4993 2089 5040 autem
2114 4999 2213 5054 pro
2238 4983 2549 5055 colligendis
2574 4986 2757 5041 herbis
2783 4985 2969 5042 urbem
2991 4988 3172 5056 egredi
3206 4989 3505 5060 voluisset,-

1909 5075 2063 5145 quasi
2115 5075 2208 5146 qui
2270 5074 2337 5129 ad
2386 5075 2657 5132 Romanos
2707 5075 2892 5148 fugere
2950 5078 3128 5143 vellet,
3181 5083 3484 5138 tenebatur.

1911 5169 2306 5225 Mensam'vero
2330 5167 2507 5249 nullus
2532 5182 2598 5224 ex
2630 5184 2780 5225 more
2806 5184 3077 5240 apponere
3114 5173 3365 5238 audebat,
3391 5175 3503 5229 sed

1908 5263 2125 5335 propria
2160 5262 2313 5333 quasi
2346 5260 2542 5316 furtiva
2569 5262 2818 5319 edebant.
2852 5262 2988 5318 Nam
3017 5262 3279 5335 quidquid
3302 5264 3371 5320 ad
3398 5280 3492 5320 ve-

1914 5353 2224 5410 recundiam
2264 5352 2345 5409 vel
2384 5353 2645 5423 pudorem
2688 5351 2988 5409 naturalem
3016 5355 3273 5425 pertinet,
3305 5354 3358 5408 in
3384 5354 3489 5420 hac

1912 5446 2236 5502 necessitate
2254 5446 2721 5508 contemnebatur,
2747 5445 2873 5515 quia
2903 5446 3007 5501 hoc
3031 5453 3205 5500 totum
3232 5445 3334 5500 sibi
3366 5458 3491 5499 ven-

1912 5533 2434 5592 dicaverat'fames.
2480 5536 2719 5605 Denique
2767 5545 2822 5591 et
2862 5536 3117 5591 mulieres
3153 5535 3219 5590 de
3248 5535 3487 5589 virorum

1913 5630 2178 5692 manibus,
2214 5638 2269 5683 et
2313 5628 2403 5682 ﬁlii
2453 5628 2520 5684 de
2566 5640 2872 5700 parentum,
2918 5640 2973 5684 et
3012 5629 3177 5699 (quod
3223 5627 3489 5683 infelicius

1912 5723 2015 5791 est)
2048 5728 2249 5775 matres
2277 5734 2305 5772 a
2338 5716 2579 5775 faucibus
2602 5721 2832 5774 ﬁliorum
2860 5734 3078 5774 suorum
3109 5719 3257 5774 cibos
3277 5718 3490 5773 abstra-
