4014 6354
537 289 646 348 655

1194 291 1281 344 HA
1297 291 1547 346 HIURIS
1587 293 2063 347 llALBEllS'l‘A'I‘.
2107 292 2318 345 El’lSC.
2357 291 2508 344 Ul'l’.
2549 290 2727 344 l’AliS
2766 290 2826 344 ll.
2856 320 2925 330 —
2956 289 3189 346 HOMEL.

3730 299 3851 354 656

535 404 756 460 hebant.
795 401 948 457 Nulla
985 401 1201 458 senibus
1247 417 1346 474 pro
1375 402 1575 457 canitie
1611 402 1932 467 reverentia,
1980 400 2122 456 nulla
2153 405 2200 462 Α
2229 399 2420 464 lentes,
2448 398 2594 468 quod
2640 398 2854 453 misera:
2899 397 3058 452 matri
3087 415 3150 452 ex
3179 399 3432 456 omnibus
3469 402 3851 463 facultatibus

536 497 776 568 parvulis
822 513 920 568 pro
971 495 1274 551 innocentia
1321 495 1598 550 miseratio
1637 495 1974 560 servabatur,
2026 493 2119 548 sed

537 589 964 647 verberabantur
996 601 1173 652 senes,
1205 586 1251 641 si
1283 586 1464 642 cibum
1494 586 1771 642 occultare
1800 586 2116 641 voluissent.

539 683 754 755 Sparsis
795 682 958 736 etiam
992 680 1237 736 crinibus
1287 679 1541 734 mulieres
1573 694 1668 750 per
1697 681 1903 750 plateas
1934 680 2116 734 trahe-

538 775 756 829 bantur.
781 772 962 828 cibum
988 770 1166 828 celare
1200 779 1493 826 tentantes.
1521 767 1784 825 Iacebant
1811 779 1993 824 autem
2023 784 2119 841 per

537 866 740 935 plateas
781 877 1042 932 Juvenum
1070 876 1320 932 corpora,
1368 861 1541 932 magis
1583 859 1724 916 fame
1763 878 1925 931 quam
1957 870 2118 917 :etate

533 962 870 1025 consumpta.
907 951 1150 1024 Sepelire
1177 960 1358 1008 autem
1386 963 1721 1007 mortuorum
1747 967 1993 1026 corpora,
2017 967 2117 1007 nec

532 1045 880 1102 morientium
931 1043 1256 1109 multitudo,
1309 1058 1412 1100 nec
1454 1043 1650 1098 virium
1696 1042 1946 1098 debilitas
1995 1055 2115 1112 per-

529 1135 799 1190 mittebat.
831 1133 980 1188 Multi
1021 1134 1192 1199 enim,
1223 1135 1349 1188 dum
1380 1134 1671 1190 charorum
1702 1148 1933 1204 corpora
1956 1148 2112 1204 sepe-

529 1223 629 1279 lire
656 1223 874 1287 vellent.
896 1223 1124 1295 spiritus
1153 1224 1494 1279 emittebant.
1525 1223 1769 1294 Cumque
1804 1224 1943 1280 fetor
1964 1224 2111 1282 into-

527 1317 768 1374 lerabilis
778 1317 844 1373 de
857 1325 1192 1372 mortuorum
1205 1316 1558 1372 cadaveribus
1571 1316 1624 1371 in
1637 1317 1854 1372 civitate
1867 1331 2115 1373 crescere

526 1409 804 1480 cepisset,
849 1414 1006 1461 extra
1061 1421 1248 1460 muros
1293 1405 1486 1463 eadem
1531 1404 1839 1475 ejiciebant.
1889 1407 2111 1463 Etcum

526 1502 761 1574 quadam
793 1501 880 1558 die
915 1500 1090 1566 Titus,
1137 1515 1296 1572 quem
1327 1509 1485 1571 pater
1516 1499 1746 1556 Romam
1778 1515 2026 1556 reversus
2057 1499 2110 1556 in

524 1593 812 1651 obsidione
835 1591 1332 1664 Hierosolymorum
1358 1591 1675 1660 reliquerat,
1701 1606 1823 1645 cum
1845 1591 2107 1646 militibus

525 1684 717 1741 urbem
741 1683 1019 1749 circniret,
1059 1682 1251 1737 videns
1287 1681 1553 1737 cadavera
1599 1690 1936 1737 mortuorum
1969 1697 2108 1754 pene

2225 492 2327 547 hoc
2381 491 2721 546 solummodo
2769 492 3145 562 reliquissent,
3183 504 3562 564 perpetratum
3601 499 3846 557 facinus

2223 585 2611 638 nuntiaverunt
2638 584 2778 638 urbi.
2822 583 3022 640 Factus
3073 593 3158 639 est
3209 584 3419 640 clamor
3474 603 3719 661 magnus
3777 594 3841 648 in

2220 677 2439 732 civitate
2493 675 2790 731 dolentium
2838 686 3001 747 atque
3062 676 3400 748 lugentium,
3461 689 3516 734 et
3576 681 3631 734 in
3708 682 3842 749 ipso

2220 767 2458 822 clamore
2508 768 2712 836 apertis
2766 767 2960 837 portis,
3008 767 3287 837 ingressus
3337 777 3424 824 est
3476 769 3628 826 Titus
3694 786 3838 825 cum

2221 857 2465 912 Romano
2516 858 2806 924 exercitu,
2864 857 2998 914 alios
3047 858 3226 929 gladio
3286 860 3614 927 trucidavit,
3682 861 3840 917 alios

2220 948 2343 1019 igne
2370 949 2703 1015 combussit,
2752 948 2984 1019 juvenes
3038 965 3252 1021 quoque
3317 952 3372 1006 in
3437 953 3834 1022 captivitatem

2220 1040 2533 1097 destinavit.
2580 1040 2757 1112 Ipsam
2810 1056 2942 1096 vero
2994 1043 3184 1096 urbem
3235 1057 3264 1096 a
3316 1040 3696 1098 fundamentis
3751 1043 3831 1096 ita

2217 1132 2516 1200 destruxit,
2582 1142 2642 1188 ut
2698 1131 2857 1202 juxta
2918 1133 3134 1190 Domini
3195 1149 3419 1198 vocem,
3485 1150 3594 1189 non
3644 1135 3830 1189 relin-

2215 1232 2473 1295 queretur
2532 1223 2587 1278 in
2647 1239 2711 1279 ea
2771 1224 2908 1296 lapis
2973 1240 3136 1295 super
3208 1224 3462 1296 lapidem.
3529 1225 3587 1279 In
3652 1226 3828 1296 cujus

2213 1311 2580 1370 destructione
2608 1313 2886 1384 impletum
2909 1323 2993 1371 est
3023 1316 3165 1384 quod
3196 1315 3455 1370 Dominus
3493 1315 3626 1371 olim
3673 1320 3825 1384 ligu-

2214 1413 2330 1460 rate
2358 1419 2456 1474 per
2483 1403 2820 1461 Ezechielem
2850 1407 3166 1476 prophetam
3197 1396 3545 1475 pra-dixerat,
3569 1407 3772 1463 dicens
3802 1424 3818 1462 :

2219 1514 2239 1548 ι
2278 1497 2344 1552 Et
2375 1505 2455 1563 tu,
2493 1498 2566 1553 ﬁli
2591 1499 2848 1565 hominis,
2880 1514 3034 1555 sume
3063 1499 3158 1554 tibi
3183 1499 3416 1569 gladium
3440 1509 3689 1567 acutum,
3732 1519 3821 1557 ra-

2211 1588 2430 1646 dentem
2454 1591 2612 1662 pilos,
2641 1605 2697 1647 et
2733 1592 2900 1648 duces
2925 1607 3047 1647 eum
3090 1608 3186 1664 per
3212 1603 3376 1664 caput
3405 1604 3555 1650 tuum
3584 1606 3642 1651 et
3687 1597 3818 1652 bar-

2211 1678 2358 1747 bam,
2385 1688 2442 1735 et
2471 1681 2687 1736 tertiam
2738 1690 2951 1752 partem
2990 1682 3100 1753 igni
3146 1684 3453 1751 combures,
3498 1695 3555 1741 et
3586 1685 3814 1741 tertiam

525 1794 682 1835 muro
708 1777 945 1833 civitatis
987 1776 1214 1848 aequari,
1247 1791 1370 1831 eum
1415 1775 1619 1846 ingenti
1651 1775 1852 1846 gemitu
1886 1775 2108 1831 elevatis
2142 1776 2184 1835 Β
2211 1777 2423 1841 partem
2476 1769 2656 1840 gladio
2715 1771 2990 1837 Concitles.
3045 1772 3259 1826 tertiam
3309 1788 3440 1830 vero
3490 1783 3706 1846 partem
3758 1775 3812 1831 in

521 1871 696 1929 oculis
745 1871 799 1925 in
845 1869 1066 1934 ccelum,
1115 1869 1284 1923 Deum
1333 1867 1551 1924 invocat
1575 1876 1790 1932 testem,
1825 1867 1930 1924 hoc
1952 1883 2110 1923 suum

521 1976 658 2034 opus
701 1974 806 2015 non
847 1971 985 2014 esse.
1017 1957 1436 2028 Conversusque
1480 1957 1746 2013 militibus
1783 1958 1860 2013 ait
1903 1976 1916 2012 :
1953 1956 2110 2012 Arbi-

523 2063 661 2118 tror,
693 2051 822 2122 quia
847 2051 895 2106 si
935 2050 1004 2106 ab
1034 2049 1138 2106 hac
1171 2049 1480 2122 pestilentia
1509 2048 1662 2105 urbis
1696 2049 1972 2122 paululum
2001 2048 2111 2105 Ro-

521 2163 716 2205 manus
743 2145 1062 2202 recessisset
1097 2145 1393 2211 exercitus;
1427 2153 1521 2200 aut
1543 2143 1701 2214 aquis
1725 2143 1913 2200 diluvii
1944 2158 2109 2199 neca-

522 2250 730 2305 rentur,
770 2247 864 2294 aut
912 2237 1278 2294 Sodomitanis
1324 2238 1540 2309 ignibus
1567 2245 1962 2303 cremarentur,
2015 2245 2108 2293 aut

518 2343 668 2390 certe
697 2333 847 2389 hiatu
876 2341 1034 2388 terra:
1056 2331 1498 2386 absorberentur.
1526 2331 1592 2384 Et
1625 2343 1746 2384 eum
1775 2329 1827 2384 in
1859 2329 2107 2399 proximo

520 2438 836 2483 recessurus
849 2431 1015 2487 esset,
1045 2422 1242 2477 iterum
1264 2422 1527 2477 adversus
1539 2421 1814 2475 civitatem
1837 2418 2108 2475 confortat

524 2516 744 2582 milites,
783 2515 1062 2572 custodias
1089 2514 1282 2581 munit,
1315 2521 1492 2569 armat
1523 2513 1844 2577 exercitum,
1867 2521 1922 2567 et
1945 2527 2108 2584 super

522 2621 636 2682 meo
661 2607 842 2661 omnia
887 2604 1029 2660 mala
1077 2605 1358 2676 prcedones
1385 2619 1450 2660 ex
1485 2604 1620 2675 ipsis
1655 2603 1787 2659 viris
1815 2619 2104 2660 consurre-

518 2708 734 2766 xerant,
769 2699 861 2770 qui
896 2697 966 2753 ab
1000 2697 1132 2767 ipsis
1169 2696 1434 2761 faucibus,
1468 2703 1529 2750 ut
1565 2695 1638 2750 ita
1670 2695 1926 2760 dixerim,
1955 2694 2106 2750 cibos

520 2792 824 2864 rapiebant.
857 2790 925 2846 Et
971 2790 1018 2844 si
1056 2788 1356 2859 cujuspiam
1396 2787 1545 2844 fores
1570 2786 1783 2841 clausas
1820 2785 2101 2850 vidissent,

519 2882 780 2938 indicium
807 2895 927 2935 esse
953 2879 1277 2941 credebant,
1312 2877 1458 2946 quod
1482 2877 1628 2932 intus
1653 2876 1816 2946 positi
1837 2876 2101 2930 ederent:

519 2982 575 3042 et
623 2980 844 3042 repente
884 2967 1181 3025 confractis
1231 2968 1436 3024 foribus
1489 2967 1812 3033 insilientes,
1843 2965 2104 3037 quidquid

511 3061 763 3127 )nvenire
809 3068 1080 3130 poterant,
1113 3058 1418 3129 rapiebant.
1463 3056 1571 3114 Sed
1616 3057 1743 3128 quia
1772 3057 1990 3128 longum
2019 3064 2105 3112 est

2215 1871 2433 1918 ventum
2457 1861 2761 1934 disperges,
2789 1872 2845 1918 et
2867 1863 3166 1935 evaginabo
3192 1863 3431 1936 gladium
3459 1883 3646 1924 meum
3686 1880 3809 1941 post

2211 1969 2306 2010 eos
2338 1952 2555 2026 (Ezech.
2582 1954 2659 2026 v).
2691 1973 2710 2007 ι
2756 1954 3064 2010 Concordat
3093 1967 3274 2011 autem
3328 1960 3490 2031 hujus
3537 1961 3801 2020 historio-

2210 2046 2402 2117 graphi
2433 2033 2727 2116 descriptio
2756 2037 3112 2104 cum°verbis
3159 2047 3486 2119 Salvatoris,
3538 2057 3636 2125 qui
3681 2073 3802 2112 cum

2210 2137 2412 2192 muenia
2448 2137 2684 2192 civitatis
2738 2139 2983 2206 vidisset,
3036 2141 3163 2196 ait:
3212 2141 3348 2197 Cum
3402 2145 3651 2201 videritis
3672 2147 3794 2201 civi.

2212 2237 2377 2284 tatem
2401 2230 2543 2286 hanc
2569 2231 2638 2286 ab
2662 2233 2905 2287 exercitu
2933 2234 3288 2300 circumdari,
3311 2237 3508 2293 scitote
3537 2239 3666 2308 quia
3688 2255 3794 2308 pro—

2207 2336 2274 2391 pe
2295 2330 2379 2377 est
2406 2321 2669 2378 desolatio
2711 2323 2846 2394 ejus.
2886 2341 2903 2376 t
2939 2323 3091 2380 Tunc
3117 2327 3210 2396 qui
3238 2327 3290 2381 in
3318 2327 3503 2382 Judaea
3544 2341 3694 2394 sunt,
3721 2331 3794 2384 fu-

2206 2412 2357 2483 giant
2380 2412 2436 2467 in
2459 2421 2688 2470 montes.
2727 2415 2817 2469 Vae
2845 2423 3025 2474 autem
3053 2419 3460 2490 praegnantibus
3481 2429 3542 2474 et
3565 2423 3800 2476 nutrien-

2209 2504 2352 2561 tibus
2381 2505 2436 2560 iu
2492 2505 2599 2562 illis
2629 2507 2818 2562 diebus
2849 2506 3000 2579 (Luc.
3030 2509 3166 2580 xxi).
3201 2529 3218 2561 ι
3271 2510 3334 2564 Et
3365 2510 3494 2565 alibi
3549 2511 3796 2582 legimus,

2207 2595 2333 2664 quia
2361 2610 2483 2650 cum
2508 2595 2758 2666 discipuli
2785 2597 3153 2653 ostendissent
3179 2599 3228 2652 ei
3278 2598 3507 2654 aedilicia
3540 2601 3794 2663 civitatis,

2205 2685 2342 2739 dixit
2366 2699 2382 2738 :
2429 2684 2639 2741 Videtis
2672 2686 2786 2741 lucc
2815 2687 3041 2741 omnia?
3067 2686 3240 2742 Amen
3267 2687 3388 2744 dico
3417 2690 3598 2756 vobis,
3628 2710 3649 2744 ί
3697 2708 3796 2747 non

2205 2777 2544 2848 relinquetur
2565 2778 2702 2849 lapis
2745 2794 2910 2848 super
2944 2779 3199 2851 lapidem,
3229 2782 3320 2851 qui
3349 2797 3459 2836 non
3485 2784 3795 2839 destruatur

2204 2867 2399 2940 (Marc.
2426 2870 2575 2941 xm).
2607 2888 2626 2920 ι
2666 2869 2741 2923 Ex
2779 2885 2886 2939 qna
2925 2881 3104 2926 autem
3135 2885 3300 2926 causa
3347 2873 3505 2926 ruina
3532 2876 3796 2944 praedicta:

2203 2958 2410 3014 civitati
2432 2960 2749 3031 contigerit,
2779 2961 3038 3016 Dominus
3065 2961 3399 3028 manifestat,
3448 2980 3575 3018 cum
3605 2967 3794 3038 adjun-

2204 3057 2322 3129 git:
2352 3077 2370 3110 ς
2407 3058 2486 3114 Eo
2533 3061 2678 3129 quod
2705 3074 2812 3115 non
2843 3059 3166 3130 cognoveris
3215 3067 3427 3130 tempus
3471 3063 3795 3119 visitationis

520 3165 840 3212 enumerare
869 3151 1050 3208 omnia
1100 3151 1262 3216 mala,
1293 3167 1414 3221 qua:
1458 3148 1658 3207 Iudaeis
1686 3165 1784 3221 pro
1837 3149 2100 3206 effusione
2130 3135 2173 3198 C
2211 3166 2230 3199 t
2266 3157 2392 3204 tuac.
2420 3169 2437 3202 ι
2471 3149 2622 3206 Hanc
2644 3151 2844 3221 quippe
2870 3149 3131 3205 Dominus
3158 3165 3255 3220 per
3279 3151 3675 3209 incarnationis
3693 3171 3794 3208 sum

517 3245 784 3304 Dominici
825 3244 1105 3316 sanguinis
1135 3243 1500 3314 contigerunt,
1531 3242 1765 3314 qualiter
1806 3243 1994 3298 eadem
2024 3243 2099 3298 ci-

518 3337 660 3392 vitas
693 3344 850 3406 capta
896 3336 986 3399 sit,
1027 3334 1264 3390 breviter
1287 3334 1824 3390 commemorandum
1864 3333 2097 3395 videtur.

514 3427 647 3484 Erat
673 3428 818 3483 enim
845 3426 1089 3498 quaedam
1123 3425 1318 3481 mulier
1365 3425 1534 3480 Maria
1581 3425 1819 3491 nomine,
1854 3423 2100 3478 Eleazari

517 3519 649 3586 filia,
700 3519 898 3575 nobilis
947 3533 1168 3590 genere,
1215 3516 1560 3572 facultatibus
1607 3517 1781 3581 dives,
1822 3516 1934 3570 lucc
1975 3531 2099 3570 cum

515 3619 708 3668 caetera
759 3609 1106 3665 multitudine
1150 3609 1222 3664 ad
1268 3609 1412 3663 diem
1466 3608 1662 3663 festmn
1705 3615 2032 3662 convenerat
2083 3624 2096 3659 :

516 3715 750 3772 cumque
783 3699 1037 3755 diuturna
1068 3699 1354 3754 obsidione
1377 3699 1561 3754 omnia
1591 3713 1711 3767 qua:
1734 3711 1916 3750 secum
1947 3696 2100 3751 detu-

514 3790 653 3847 lerat
694 3790 1137 3860 consumpsisset,
1187 3787 1384 3857 etjam,
1423 3787 1651 3844 delicata
1683 3787 1888 3841 viscera
1928 3785 2101 3840 fames

513 3887 820 3954 torqueret,
848 3887 1036 3934 contra
1065 3879 1236 3948 ipsam
1278 3879 1459 3949 agitur
1495 3888 1769 3933 naturam.
1803 3877 2098 3932 Eratenim

514 3971 618 4027 sub
645 3969 903 4026 uberibus
929 3969 1188 4038 parvulus
1219 3968 1378 4034 filius,
1424 3967 1567 4022 hunc
1592 3977 1721 4022 ante
1756 3967 1942 4022 oculos
1972 3982 2100 4022 suos

513 4060 874 4124 constituens,
912 4059 990 4113 ait
1034 4076 1047 4112 :
1089 4057 1462 4114 lnfelicissima
1512 4067 1707 4117 mater.
1749 4073 1782 4112 ο
1833 4055 2100 4111 infelicior

513 4152 613 4218 fili,
645 4151 699 4209 in
733 4151 892 4216 bello,
943 4150 1087 4206 fame
1129 4159 1186 4205 et
1224 4148 1522 4219 direptione
1563 4149 1899 4219 pt-azdonum,
1926 4146 2012 4202 cui
2048 4158 2100 4202 te

516 4241 840 4298 reservabo?
866 4239 1001 4296 Nam
1047 4249 1103 4295 et
1150 4240 1196 4294 si
1227 4239 1336 4293 vita
1379 4237 1585 4308 sperari
1624 4246 1827 4308 posset,
1851 4235 1981 4306 jugo
2013 4245 2094 4290 ta-

512 4351 640 4393 men
684 4333 943 4392 Romana:
987 4332 1266 4388 servitutis
1290 4346 1566 4402 urgemur.
1603 4331 1734 4386 Veni
1780 4345 1932 4401 ergo,
1963 4330 2095 4385 orni

512 4435 662 4495 nate,
683 4433 804 4482 esto
826 4423 1089 4481 matribus
1111 4422 1294 4479 saeculi
1320 4421 1521 4489 fabula,
1549 4423 1892 4493 praedonibus
1920 4421 2090 4476 furor.

2201 3242 2520 3312 mysterium
2574 3241 2834 3306 visitavit,
2868 3239 3084 3310 quando
3113 3241 3361 3296 excelsus
3410 3243 3557 3299 Deus
3584 3244 3796 3299 humilis

2202 3330 2365 3384 homo
2390 3331 2532 3385 inter
2571 3332 2819 3387 homines
2850 3347 3120 3403 apparens
3142 3373 3157 3397 ,
3204 3333 3373 3388 multa
3422 3334 3579 3406 signa
3615 3347 3670 3392 et
3703 3338 3790 3390 mi-

2204 3421 2384 3475 racula
2417 3423 2676 3477 ostendit.
2709 3421 2884 3489 Quam
2934 3424 3297 3481 visitationem
3332 3430 3564 3496 optabat
3595 3429 3789 3493 videre,

2201 3513 2290 3581 qui
2315 3513 2566 3568 dicebat:
2607 3535 2624 3565 ι
2661 3514 2932 3570 Memento
2953 3518 3144 3582 nostri,
3179 3518 3427 3584 Domine,
3469 3521 3520 3573 in
3551 3522 3790 3591 benepla—

2205 3603 2314 3656 cito
2336 3602 2517 3672 populi
2546 3604 2642 3669 tui,
2673 3605 2833 3659 visita
2859 3621 2958 3662 nos
2981 3606 3032 3660 iu
3065 3607 3286 3662 salutari
3315 3618 3406 3664 tuo
3429 3609 3609 3680 (Psaf.
3632 3612 3736 3682 cv).
3768 3632 3788 3662 ι

2203 3689 2354 3745 Hanc
2381 3691 2546 3746 etiam
2599 3693 2653 3748 in
2703 3695 2952 3764 proximo
3005 3707 3380 3766 prospexerat,
3433 3699 3527 3770 qui
3576 3699 3786 3754 aiebat:

2207 3799 2227 3831 ι
2267 3781 2594 3837 Benedictus
2618 3783 2885 3839 Dominus
2923 3786 3064 3840 Dens
3103 3785 3292 3851 Israel,
3321 3788 3447 3858 quia
3482 3789 3718 3844 visitavit
3737 3799 3793 3844 et

2201 3870 2330 3926 fecit
2365 3873 2786 3942 redemptionem
2816 3873 2988 3944 plebis
3022 3891 3132 3930 sua:
3183 3875 3333 3948 (an.
3371 3879 3588 3949 vam).
3619 3899 3639 3932 ι
3690 3880 3787 3935 Sed

2203 3973 2416 4034 tempus
2439 3965 2766 4020 visitationis
2809 3981 2921 4022 sua:
2946 3969 3177 4037 superba
3224 3971 3419 4026 civitas
3451 3987 3563 4025 non
3595 3988 3788 4042 cogno-

2201 4058 2295 4122 vit,
2320 4057 2446 4128 quia
2487 4073 2647 4128 quem
2674 4058 2950 4115 hominem
2978 4061 3134 4125 vidit,
3164 4060 3333 4116 Deum
3357 4064 3586 4119 credere
3608 4065 3786 4134 despe-

2201 4148 2298 4202 xit.
2326 4147 2409 4202 Ad
2439 4146 2599 4216 cujus
2623 4148 2882 4204 duritiam
2911 4150 3310 4206 incredulitatis
3336 4152 3786 4216 convincendam,

2200 4239 2365 4295 etiam
2387 4254 2512 4295 aves
2535 4239 2655 4294 ςαξιί
2680 4241 2734 4294 in
2767 4241 3135 4298 testimonium
3159 4243 3515 4305 deducuntur,
3546 4260 3672 4298 cum
3699 4259 3787 4313 per

2201 4328 2524 4400 Prophetatn
2555 4330 2794 4385 dicitur:
2833 4350 2852 4383 ι
2897 4330 3162 4386 Milvnsin
3205 4333 3343 4387 cmlo
3362 4335 3623 4404 cognovit
3655 4347 3786 4389 tem-

2203 4439 2300 4495 pus
2329 4439 2510 4490 suum,
2545 4433 2722 4479 turtur
2747 4434 2802 4480 et
2830 4425 3064 4481 hirundo
3093 4437 3148 4480 et
3179 4426 3388 4481 ciconia
3416 4427 3788 4483 custodierunt

509 4520 580 4577 Et
605 4486 722 4575 bam
750 4517 958 4583 dicens,
997 4515 1169 4572 filium
1199 4513 1431 4587 jugulat,
1467 4486 1679 4585 partem
1714 4513 1839 4584 igne
1880 4520 2098 4568 torrens
2126 4486 2178 4546 D
2203 4486 2415 4586 tempus
2443 4486 2708 4571 adventus
2746 4515 2850 4580 sui,
2896 4517 3122 4587 populus
3158 4527 3339 4572 autem
3379 4531 3531 4572 meos
3561 4533 3671 4573 non
3702 4533 3786 4574 co-

504 4607 768 4677 comedit,
803 4614 860 4664 et
885 4613 1098 4679 partem
1123 4605 1178 4662 in
1209 4613 1482 4676 posterum
1515 4603 1834 4660 reservavit.
1853 4602 2098 4672 Cumque

510 4699 582 4754 ob
600 4696 832 4754 odorem
869 4695 1077 4753 adusta:
1115 4693 1298 4751 carnis
1336 4693 1619 4765 praedones
1644 4707 1714 4748 ex
1741 4706 1891 4746 more
1913 4690 2098 4747 affuis-

511 4797 654 4854 sent,
680 4794 911 4844 mortem
950 4787 1148 4843 minari
1203 4793 1500 4856 cmperunt,
1552 4785 1656 4841 nisi
1704 4799 1842 4855 quos
1869 4785 2100 4840 abscon-

511 4881 688 4947 derat,
715 4880 1030 4936 ostenderet
1060 4879 1231 4935 cibos.
1277 4878 1349 4934 At
1389 4878 1477 4933 illa
1507 4875 1816 4932 truculento
1848 4875 1998 4929 vultu
2026 4891 2095 4931 ex

513 4969 647 5041 ipsis
673 4968 1019 5042 pradonibus
1043 4968 1274 5035 tristior,
1299 4967 1639 5040 partem,ait,
1665 4967 1923 5039 Optimam
1942 4965 2096 5020 vobis

513 5060 807 5118 reservavi.
856 5059 925 5114 Et
954 5059 1067 5115 ha:c
1093 5059 1300 5126 dicens,
1353 5059 1595 5116 membra
1626 5075 1745 5129 qua:
1771 5065 2097 5130 supererant

513 5154 721 5212 detexit
771 5153 1011 5209 infantis.
1049 5153 1292 5226 Cumque
1333 5154 1616 5226 praedones
1664 5151 1949 5224 stupefacti
1974 5160 2094 5205 tan-

513 5256 628 5305 tum
658 5245 870 5303 facinus
914 5245 1344 5318 pertimuissem,
1394 5247 1469 5302 ait
1516 5265 1529 5301 :
1575 5245 1724 5303 Meus
1758 5253 1843 5302 est
1879 5253 2089 5316 partus,

511 5353 668 5397 mens
695 5337 859 5404 filius,
891 5353 1043 5393 meus
1059 5345 1146 5395 est
1175 5337 1330 5392 cibus
1349 5346 1405 5392 et
1428 5336 1659 5402 facinus,
1679 5351 1903 5406 mecum
1923 5335 2086 5391 edite.

513 5429 648 5488 Nam
681 5445 782 5503 ego
809 5432 960 5504 prior
986 5429 1220 5498 comedi,
1252 5445 1374 5500 qua:
1403 5430 1583 5502 genui.
1613 5428 1790 5485 Nolite
1837 5444 1958 5485 esse
1999 5437 2098 5485 aut

511 5532 689 5578 matre
725 5522 1107 5592 religiosiores,
1147 5528 1245 5574 aut
1285 5519 1482 5574 femina
1539 5519 1831 5576 molliores.
1863 5519 2019 5588 Quod
2049 5520 2094 5574 si

513 5632 610 5672 vos
635 5618 808 5689 pietas
828 5616 1021 5680 vincit,
1053 5613 1414 5689 exsecramini
1445 5629 1595 5669 meos
1620 5615 1794 5669 cibos.
1831 5614 1944 5683 Ego
1973 5629 2095 5683 quae

516 5708 712 5766 talibus
738 5718 889 5782 pasta
919 5725 1057 5772 Stltll,
1086 5723 1187 5778 ego
1217 5708 1302 5763 his
1329 5707 1521 5763 iterum
1559 5719 1772 5779 pascar.
1802 5707 1870 5762 At
1907 5707 1978 5762 iiIi
2003 5709 2095 5763 do-

2207 4611 2392 4682 guovit
2437 4609 2699 4680 judicium
2748 4609 2958 4664 Domini
2995 4610 3129 4681 (Jer.
3177 4615 3316 4680 vtu).
3347 4629 3365 4660 ι
3417 4609 3484 4664 Et
3540 4611 3785 4665 iterum:

2212 4721 2231 4755 ι
2267 4701 2531 4774 Cognovit
2570 4702 2668 4756 bos
2694 4717 3058 4771 possessorem
3115 4719 3292 4767 suum,
3335 4712 3390 4756 et
3428 4703 3621 4757 asinus
3655 4718 3789 4773 prte-

2205 4808 2334 4864 sepe
2358 4791 2561 4848 domini
2588 4791 2693 4857 sui,
2721 4792 2886 4848 Israel
2918 4801 3098 4848 autem
3143 4809 3228 4846 me
3259 4810 3363 4848 non
3397 4794 3673 4864 cognovit,
3701 4809 3787 4862 po-

2205 4883 2362 4953 pulus
2393 4896 2545 4936 meus
2573 4895 2658 4935 tne
2684 4897 2792 4937 non
2841 4881 3105 4938 intellexit
3131 4883 3270 4954 (Isa.
3298 4883 3358 4954 ι).
3397 4903 3415 4935 ι
3441 4883 3554 4939 Nec
3583 4885 3787 4939 solum-

2205 4972 2366 5028 modo
2393 4989 2488 5043 per
2509 4975 2852 5046 praesentiam
2883 4992 2994 5032 sua:
3039 4978 3428 5033 incarnationis
3452 4994 3574 5033 eam
3608 4978 3788 5033 visita-

2202 5066 2300 5130 vit,
2346 5067 2442 5121 sed
2475 5075 2600 5137 post
2622 5081 2774 5122 suam
2814 5069 3186 5126 ascensionem
3213 5069 3377 5127 ntulta
3405 5070 3556 5139 signa
3588 5081 3645 5125 et
3668 5086 3788 5139 por-

2203 5166 2368 5224 tenta,
2399 5166 2458 5214 ut
2485 5174 2672 5215 eorum
2694 5174 2790 5214 cor
2823 5158 2891 5214 ad
2910 5161 3284 5229 paenitentiam
3298 5159 3584 5223 emolliret,
3616 5172 3790 5216 osten-

2198 5249 2296 5312 dit.
2322 5249 2452 5308 Nam
2476 5259 2534 5305 ut
2557 5249 2699 5306 idem
2730 5249 3198 5320 historiographus
3219 5252 3407 5316 refert,
3437 5267 3562 5307 cum
3598 5268 3788 5322 quam-

2199 5339 2322 5394 dam
2388 5339 2737 5395 festivitatem
2790 5340 3147 5404 celebrarent,
3200 5341 3381 5396 subito
3424 5343 3788 5399 commotione

2197 5434 2340 5491 facta
2367 5435 2419 5490 in
2441 5435 2636 5506 pepulo
2664 5435 2993 5502 Judacorum,
3058 5438 3281 5508 triginta
3325 5438 3491 5493 millia
3525 5453 3592 5492 ex
3625 5438 3706 5493 eis
3733 5452 3788 5491 se

2199 5536 2386 5582 mutuo
2408 5527 2820 5584 interfecerunt.
2853 5528 3022 5586 Nocte
3048 5545 3178 5585 vero
3197 5531 3432 5601 quadam
3460 5545 3581 5586 sera
3609 5529 3786 5598 templi

2201 5617 2430 5682 Domini,
2447 5632 2566 5687 qua:
2584 5618 2670 5673 vix
2695 5635 2724 5672 a
2749 5619 2937 5690 viginti
2967 5620 3097 5676 viris
3120 5620 3323 5675 moveri
3345 5629 3581 5690 poterat,
3601 5629 3787 5690 sponte

2203 5717 2441 5764 reserata
2463 5717 2565 5766 est.
2603 5709 2698 5766 Die
2727 5709 2960 5780 quadatn
3008 5709 3178 5768 vitula
3231 5712 3517 5767 sacrificiis
3547 5712 3786 5772 admota,
