4014 6354
192 405 297 466 ϐὗἸ

1397 403 1703 466 ΠΟΜΠΔᾸΞ,
1741 405 1829 462 DE
1870 403 2211 465 ΤΕΜΡΟΠΕ.

3355 411 3459 468 658

193 524 360 584 enixa
387 530 474 580 est
504 536 716 594 agnam.
779 517 951 579 Media
1013 536 1246 595 namque
1267 528 1425 579 nocte
1481 519 1555 578 ita
1605 517 1695 576 lux
1723 517 1776 577 in
1809 523 1854 582 Α
1884 518 2080 579 lumba:
2112 521 2167 580 in
2199 525 2400 598 templo
2427 527 2637 583 Domini
2675 524 3062 584 vendebantur.
3109 522 3291 594 Neque
3314 526 3458 581 enim

193 613 398 686 templo
428 613 574 669 clara
611 612 845 679 refulsit,
876 621 990 668 uta
1029 612 1299 668 nonnullis
1320 612 1495 668 media
1515 611 1631 667 dies
1656 625 1778 666 esse

188 715 496 780 putaretur.
550 705 703 774 Quod
734 716 1021 763 cernentes
1050 705 1247 776 ignari,
1297 704 1642 761 aestimabant
1677 701 1779 757 sibi

188 814 451 872 prospera
488 813 610 853 esse
634 806 882 853 ventura.
923 797 1027 853 Sed
1052 796 1323 868 sapientes
1351 795 1572 851 minime
1625 793 1782 848 latuit

190 893 476 950 interitum
503 892 740 947 civitatis
765 890 1078 962 signiﬁcari.
1113 889 1168 945 In
1202 890 1291 945 die
1331 901 1546 960 quoque
1594 895 1780 942 saneto

188 983 568 1048 Pentecostes,
601 983 973 1038 sacerdotibus
1001 981 1268 1038 sacriﬁcia
1291 979 1664 1044 offerentibus,
1691 995 1781 1034 au-

189 1075 324 1129 ditae
353 1083 478 1129 sunt
515 1089 680 1129 voces
724 1073 775 1128 in
807 1073 1006 1142 templo
1041 1071 1374 1128 dicentium:
1419 1069 1782 1124 Transeamus

189 1178 263 1218 ex
295 1164 378 1218 his
397 1163 632 1218 sedibus.
661 1162 878 1217 Duobus
897 1172 1076 1218 autem
1098 1162 1255 1218 anuis
1275 1170 1400 1216 ante
1421 1160 1776 1222 obsidionem,

192 1271 328 1308 cum
363 1255 430 1309 ad
466 1253 848 1310 celebrandam
880 1254 1166 1323 quamdam
1219 1252 1565 1309 festivitatem
1595 1249 1782 1305 Hiero«

193 1343 424 1414 solymis
462 1344 865 1408 convenissent,
917 1345 1136 1414 quidam
1183 1343 1407 1399 Ananiae
1465 1343 1627 1408 ﬁlius,
1677 1355 1780 1397 no-

194 1441 345 1494 mine
367 1437 542 1504 Jesus,
584 1438 819 1509 repletus
871 1437 1075 1508 Spiritu
1117 1438 1354 1494 clamare
1393 1438 1558 1507 cmpit
1603 1455 1618 1492 :
1663 1435 1779 1493 Vox

195 1531 270 1586 ab
292 1531 524 1595 oriente,
549 1546 650 1585 vox
679 1531 748 1585 ab
770 1531 1070 1595 occidente,
1122 1547 1225 1586 vox
1257 1546 1288 1584 a
1323 1539 1557 1600 quatuor
1581 1529 1778 1595 ventis,

197 1624 400 1679 stet-uli.
459 1623 574 1677 Vox
624 1639 785 1692 super
813 1623 1241 1694 Hierosolymam
1271 1632 1326 1678 et
1369 1623 1646 1693 templum,
1677 1637 1779 1690 vox

196 1728 364 1783 super
391 1727 616 1782 sponsos
646 1722 698 1766 et
727 1728 974 1782 sponsas.
1027 1713 1270 1781 Cumque
1295 1711 1610 1766 verberibus
1638 1711 1783 1765 hunc

197 1820 545 1874 compescere
575 1805 790 1870 vellent,
850 1805 1021 1875 magis
1067 1821 1129 1860 ac
1170 1805 1342 1874 magis
1390 1803 1675 1859 clamabat.
1716 1803 1783 1858 Et

1878 629 1939 666 ea
1967 629 2086 683 quae
2107 615 2334 671 Domino
2361 617 2540 672 oblata
2569 625 2747 682 erant,
2763 614 2916 686 juxta
2942 615 3107 670 ritum
3137 614 3268 686 legis
3297 615 3462 671 sacri-

1881 702 2133 771 ticabaut,
2171 706 2266 760 sed
2314 705 2434 761 aliis
2483 715 2646 776 atque
2689 706 2811 762 aliis
2838 706 3240 761 venundabant.
3301 705 3370 760 Et
3404 713 3464 763 ut

1877 813 2093 854 omnem
2125 800 2464 855 occasionem
2495 817 2600 856 non
2643 799 2964 856 habentibus
2993 798 3288 864 auferrent,
3315 815 3465 855 num-

1881 890 2138 948 mularios
2165 907 2286 948 cum
2309 907 2419 949 :ere
2447 893 2500 948 in
2528 891 2724 963 templo
2743 903 3074 964 przeparatos
3098 891 3389 956 habebant,
3410 900 3467 946 et

1881 986 2001 1041 ideo
2023 986 2240 1042 domum
2277 987 2538 1044 orationis
2559 985 2869 1057 speluncam
2897 984 3172 1040 latronum
3200 983 3463 1040 fecerunt.

1882 1074 1990 1132 Sed
2011 1076 2272 1133 Dominus
2296 1079 2574 1150 ingressus
2596 1075 2876 1148 templum,
2897 1075 3194 1132 vendentes
3214 1083 3268 1130 et
3291 1089 3468 1128 emen-

1882 1175 1964 1221 tes
2011 1168 2078 1224 de
2127 1167 2222 1224 illo
2269 1168 2433 1240 capit
2460 1167 2682 1238 ejicere,
2710 1165 2941 1221 dicens:
2980 1183 2998 1218 ι
3057 1164 3330 1235 Scriptum
3363 1173 3467 1226 est,

1887 1279 1916 1312 ‹.
1939 1261 2068 1332 quia
2112 1261 2305 1317 domus
2343 1275 2465 1317 mea
2514 1261 2707 1315 domus
2753 1257 3019 1314 orationis
3043 1265 3126 1312 est
3169 1255 3302 1328 (Ira.
3331 1254 3466 1326 ινι).

1888 1371 1906 1404 α
1945 1351 2056 1407 Vos
2085 1359 2265 1406 autem
2291 1349 2498 1406 fecistis
2525 1349 2668 1403 illam
2691 1347 3005 1420 speluncam
3030 1344 3318 1400 latronum.
3351 1362 3369 1397 ι
3403 1343 3472 1399 Et

1877 1443 1970 1499 his
1990 1442 2168 1509 factis,
2196 1443 2354 1497 «Erat
2380 1441 2828 1512 quotidiedocens
2850 1438 2905 1494 in
2933 1437 3150 1507 templo.
3167 1459 3183 1490 ι
3207 1437 3311 1493 Sed
3329 1436 3472 1508 quod

1884 1536 1951 1591 ad
1973 1534 2394 1590 destructionem
2418 1532 2640 1589 visibilis
2665 1531 2900 1588 civitatis
2923 1530 3192 1600 pertinere
3213 1528 3470 1593 diximus,

1883 1635 2060 1697 potest
2109 1625 2386 1680 moraliter
2409 1633 2464 1679 et
2512 1624 2579 1679 ad
2622 1623 2920 1693 perituram
2971 1621 3206 1676 animam
3259 1619 3470 1674 referri.

1886 1718 2057 1773 Flevit
2086 1717 2229 1773 enim
2261 1716 2520 1772 Dominus
2549 1714 3022 1785 per_semetipsum
3070 1713 3364 1784 perituram
3396 1713 3473 1767 ci-

1886 1811 2130 1874 vitatem,
2152 1807 2564 1878 deﬁetquotidie
2589 1822 2686 1877 per
2708 1805 2973 1870 doctores,
3004 1819 3098 1859 eos
3119 1804 3208 1874 qui
3237 1803 3304 1858 de
3332 1804 3474 1858 bono

198 1912 324 1951 cum
362 1897 502 1952 inter
533 1913 722 1951 manus
752 1896 1136 1968 ﬁagellantium
1181 1896 1428 1970 spirituum
1477 1895 1779 1958 exhalaret,
1814 1877 1856 1936 Β
1885 1917 2049 1974 opere
2078 1877 2412 1956 labuntur-fin
2455 1898 2672 1953 malum.
2722 1896 3062 1965 Frequenter
3104 1909 3338 1963 namque
3378 1894 3476 1948 do-

195 1987 310 2042 ait:
343 1989 435 2042 Vae
464 2004 544 2043 va:
573 1988 976 2059 Hierosolymis.
1005 1987 1172 2043 Stella
1221 2002 1436 2058 quoque
1476 2002 1576 2058 per.
1599 1986 1781 2042 omnia

197 2079 378 2147 gladio
407 2079 599 2134 similis
649 2095 748 2149 per
793 2079 1059 2150 integrum
1107 2093 1306 2134 annum
1339 2090 1500 2149 super
1525 2078 1782 2134 Hieroso-

199 2170 400 2240 lymam
426 2171 696 2240 pependit,
724 2171 1001 2226 interitum
1023 2170 1259 2225 civitatis
1283 2169 1548 2226 indicans.
1575 2169 1642 2224 Et
1664 2183 1786 2224 cur—

201 2277 300 2316 rus
331 2262 541 2333 igneus,
573 2263 770 2332 ctequi
816 2263 953 2333 ignei
993 2263 1093 2332 visi
1122 2269 1247 2317 sunt
1269 2276 1367 2332 per
1395 2277 1531 2316 aera.
1548 2261 1696 2327 ferri,
1731 2269 1787 2316 et

202 2350 376 2404 multa
431 2351 534 2404 alia
573 2352 883 2408 misericors
936 2354 1217 2417 Dominus,
1274 2361 1335 2407 ut
1368 2368 1556 2408 eorum
1592 2367 1689 2407 cor
1715 2351 1784 2406 ad

197 2441 574 2512 pmnitentiam
597 2453 940 2524 provocaret.
960 2444 1247 2499 ostendere
1273 2444 1524 2515 dignatus
1549 2451 1652 2498 est.
1679 2442 1786 2498 Sed

206 2555 226 2584 ς
261 2533 367 2587 illis
406 2535 702 2588 secundum
727 2535 978 2589 duritiam
999 2544 1054 2590 et
1077 2535 1420 2604 imprenitcns
1447 2550 1542 2594 cor
1569 2535 1789 2590 thesau-

203 2627 504 2680 rizautibus
536 2627 670 2680 iram
722 2628 822 2682 sibi
853 2629 905 2682 iu
934 2629 1020 2682 die
1059 2629 1152 2683 ira:
1183 2628 1355 2698 (Rom.
1380 2628 1506 2698 t\‘),r
1544 2646 1562 2680 ί
1607 2627 1787 2683 missis

199 2717 534 2772 exercitibus
559 2719 692 2782 suis,
718 2719 954 2786 perdidit
982 2720 1284 2774 homicidas
1332 2719 1468 2778 illos,
1501 2727 1556 2772 et
1597 2733 1786 2773 eorum

197 2809 476 2863 civitatem
504 2810 779 2864 succendit
802 2808 1016 2879 (Matth.
1041 2810 1197 2879 χχιι).
1225 2831 1242 2862 ι
1277 2810 1514 2876 Quorum
1538 2809 1787 2863 interitus

199 2899 366 2952 etiam
395 2899 447 2952 iu
482 2897 634 2953 libris
665 2899 870 2970 Regum
901 2898 1271 2970 pneﬁguratus
1295 2907 1400 2961 est,
1427 2897 1569 2968 quod
1595 2897 1788 2953 Elis-aco

201 2989 524 3051 ascendente
555 2990 620 3045 de
645 2989 902 3061 Galgalis,
925 2993 1080 3060 pueri
1119 2989 1327 3059 parvuli
1380 2989 1677 3044 illudebant
1712 2990 1785 3058 ei,
1837 3015 1844 3020 ν

199 3079 481 3135 dicentes:
522 3101 540 3132 ‹
575 3081 817 3136 Asceude
855 3082 1026 3147 calve,
1070 3081 1301 3136 ascende
1338 3080 1490 3135 calve
1520 3079 1573 3152 (ι
1590 3078 1628 3133 γ
1653 3079 1783 3151 Reg.

202 3174 288 3243 ιι).
321 3193 338 3226 ι
371 3174 437 3227 At
463 3175 550 3230 ille
587 3175 863 3230 maledixit
889 3190 982 3231 eos
1005 3175 1057 3230 in
1083 3175 1299 3230 nomine
1341 3173 1577 3238 Domini,
1602 3182 1656 3228 et
1678 3181 1788 3229 sta-

1885 2003 2064 2050 ctores
2083 1991 2340 2048 Ecclesia:
2370 2005 2486 2057 eos,
2514 2004 2652 2060 quos
2677 1986 3017 2043 admonendo
3050 1984 3324 2056 corrigere
3368 1998 3474 2039 non

1887 2093 2132 2155 possunt,
2151 2100 2170 2135 ‹
2191 2083 2285 2153 qui
2299 2082 2551 2137 laetantur
2565 2095 2688 2136 cum
2708 2077 3097 2142 malefeceriut,
3120 2085 3175 2132 et
3203 2074 3480 2131 exsultant

1889 2177 1940 2230 in
1970 2177 2132 2231 rebus
2163 2175 2415 2246 pessimis
2459 2160 2642 2246 (Prov.
2675 2171 2760 2244 ιι),
2791 2192 2809 2223 ι
2857 2170 3210 2227 condolentes
3259 2169 3474 2234 deﬂent,

1887 2267 2029 2321 sicut
2058 2266 2290 2322 faciebat
2317 2264 2514 2320 Paulus
2541 2264 2834 2334 apostolus,
2863 2262 2953 2332 qui
2982 2262 3192 2332 lapsum
3243 2261 3479 2331 discipu-

1889 2357 2064 2413 lorum
2097 2373 2315 2412 suorum
2339 2356 2516 2422 ﬁebat,
2549 2357 2764 2427 quando
2793 2354 3036 2410 dicebat:
3072 2373 3091 2406 ‹
3130 2353 3302 2409 Filioli
3349 2354 3475 2415 mei.

1891 2465 2028 2520 quos
2061 2449 2256 2502 iterum
2299 2447 2544 2517 parturio
2592 2447 2764 2501 donec
2816 2446 3080 2500 formetur
3121 2443 3374 2500 Christus
3423 2443 3479 2497 in

1889 2539 2044 2595 vobis
2077 2536 2220 2608 (Gal.
2247 2541 2345 2610 iv),
2373 2557 2391 2591 ι
2425 2538 2614 2593 vel‘em
2642 2538 2782 2607 apud
2812 2551 2906 2591 vos
2930 2551 3048 2591 esse
3076 2536 3258 2601 modo,
3288 2544 3344 2590 et
3362 2549 3480 2589 mu-

1893 2639 2013 2684 tare
2040 2643 2225 2683 vocem
2271 2644 2470 2694 meam,
2499 2628 2755 2698 quoniam
2787 2625 3088 2683 confundor
3119 2626 3172 2680 in
3209 2626 3383 2686 vobis.
3415 2625 3483 2679 Et

1892 2720 2084 2775 iterum
2109 2738 2122 2774 :
2158 2719 2340 2788 Lugeo
2373 2741 2388 2772 ι
2429 2721 2626 2775 multos
2649 2736 2715 2775 ex
2739 2721 2822 2774 his
2851 2719 2943 2790 qui
2971 2727 3094 2774 ante
3119 2725 3484 2789 peceaverunt

1892 2809 1976 2880 (Il
2002 2808 2125 2864 Cor.
2153 2809 2270 2878 xu).
2298 2829 2315 2861 ι
2341 2810 2607 2864 Convenit
2622 2821 2801 2865 autem
2829 2809 3082 2880 peritura-
3103 2809 3315 2876 animm,
3339 2809 3482 2880 quod

1890 2915 1922 2954 a
1942 2899 2103 2954 ﬁente
2135 2899 2361 2955 Domino
2389 2898 2624 2954 dicitur:
3071 2913 3074 2915 λ

1969 3009 1987 3044 ι
2021 2989 2159 3057 Quia
2185 2990 2232 3046 si
2258 2990 2603 3062 coguovisses
2629 3001 2687 3047 et
2729 2999 2805 3046 tu.
2841 3011 2859 3043 ι
2909 2990 2967 3047 Si
2997 2991 3141 3047 enim
3171 2991 3310 3046 mala
3361 3004 3482 3061 qua:

1892 3083 2139 3153 reprobis
2163 3093 2351 3153 parata
2380 3091 2527 3148 sunt,
2551 3092 2923 3154 cognosceret,
2946 3083 2996 3156 si
3027 3084 3214 3140 aeterni
3237 3081 3482 3152 supplicii

1891 3188 2082 3244 pmnas
2123 3183 2248 3228 ante
2293 3174 2491 3228 mentis
2539 3174 2726 3229 oculos
2755 3174 3058 3240 reduceret,
3107 3191 3210 3228 non
3240 3185 3298 3228 Se
3347 3173 3516 3228 falsa'

203 3266 304 3320 tim
327 3267 525 3338 egressi
550 3276 678 3322 sunt
712 3267 819 3324 duo
847 3268 958 3321 ursi
1003 3267 1068 3322 de
1095 3267 1257 3334 saltu,
1289 3275 1345 3321 et
1393 3267 1786 3321 devoraverunt
1812 3249 1859 3312 Ο
1889 3263 2183 3319 securitate
2219 3264 2511 3332 deciperet,
2557 3261 2874 3333 sed-potius
2920 3278 2979 3316 se
3026 3271 3147 3317 cum
3186 3263 3482 3316 electorum

206 3373 274 3412 ex
303 3358 404 3414 illis
428 3361 784 3429 quadraginta
839 3360 974 3416 duos
1021 3375 1234 3431 pueros.
1291 3359 1514 3413 Elisaeus
1551 3359 1694 3414 enim
1728 3359 1790 3412 li-

200 3466 393 3520 gurum
418 3451 628 3506 Domini
654 3452 842 3506 tenuit.
875 3451 976 3518 Qui
1004 3467 1140 3520 cum~
1160 3451 1212 3504 in
1235 3450 1494 3505 Calvarize
1521 3450 1638 3505 loco
1665 3465 1789 3504 cru-

201 3540 398 3597 ciﬁxus
427 3551 594 3605 esset,
627 3543 904 3612 pueriliter
934 3543 1215 3597 illuseruut
1263 3542 1309 3596 ei
1362 3539 1558 3602 Judzei,
1612 3542 1792 3596 dicen.

202 3640 324 3687 tes:
358 3651 376 3683 ‹
423 3632 478 3687 Si
502 3632 670 3687 Filius
701 3631 794 3686 Dei
816 3642 920 3699 est,
974 3635 1263 3688 descendat
1314 3633 1378 3687 de
1409 3648 1572 3687 cruce
1596 3639 1649 3686 et
1675 3647 1792 3686 cre-

202 3724 382 3778 dimus
435 3723 482 3777 ei
532 3721 748 3794 (Matth.
793 3722 988 3795 xxvn).
1028 3743 1046 3774 ι
1098 3723 1164 3777 Et
1212 3724 1447 3777 iterum:
1491 3721 1794 3776 Flectcntes

201 3827 402 3880 genua,
461 3813 710 3867 dixerunt
745 3831 757 3865 :
796 3829 814 3863 ι
856 3811 992 3876 Ave,
1044 3828 1139 3867 rex
1182 3811 1490 3867 Judzeorum
1521 3810 1731 3882 (Ibid)
1770 3829 1788 3862 ι

145 3892 156 3902 ’
203 3901 313 3956 Sed
341 3893 444 3956 illis
469 3903 689 3958 credere
744 3902 1067 3966 nolentibus,
1114 3911 1237 3973 post
1275 3903 1629 3973 quadraginta
1658 3903 1793 3957 duos

204 4005 382 4044 annos
410 3991 613 4059 egressi
654 4000 778 4046 sunt
805 3991 914 4047 duo
943 3992 1052 4047 ursi
1099 3993 1165 4048 de
1189 3992 1354 4064 sylvis
1381 3992 1620 4062 gentium
1648 4009 1661 4047 .°
1691 3992 1793 4047 Ve-

203 4080 492 4149 spasianus
540 4081 744 4138 scilicet
773 4091 830 4138 et
875 4081 1051 4149 Titus,
1104 4083 1196 4154 qui
1232 4083 1480 4138 eumdem
1535 4083 1790 4155 populum

201 4171 372 4226 variis
401 4171 640 4245 cladibus
677 4174 1074 4231 dilaniaverunt
1101 4175 1399 4242 intantum,
1430 4186 1494 4231 ut
1533 4159 1674 4231 idem
1709 4177 1794 4230 hi.

201 4264 612 4334 storiographus
639 4276 1029 4322 commemoret
1067 4267 1320 4324 undecies
1366 4277 1593 4326 centena
1627 4269 1796 4331 millia,

203 4355 259 4409 in
287 4355 569 4411 obsidione
611 4357 846 4413 civitatis
871 4373 993 4414 esse
1034 4368 1268 4424 mortua,
1308 4368 1525 4425 centum
1574 4375 1792 4434 quoque

203 4443 372 4498 millia
389 4443 647 4513 juvenum
679 4447 732 4500 iu
759 4448 1072 4518 captivitate
1103 4464 1222 4504 esse
1244 4450 1510 4522 dispersa.

279 4555 298 4587 ε
331 4535 399 4590 Et
423 4536 695 4608 ingressus
717 4537 770 4591 in
799 4539 1076 4608 templum.
1099 4539 1264 4608 erepit
1283 4539 1480 4609 ejicere
1501 4540 1792 4595 vendentes

207 4646 226 4678 ι
252 4635 310 4682 et
336 4635 580 4681 ementes
603 4627 670 4682 de
697 4626 806 4683 illo.
835 4649 852 4680 ι
880 4627 1014 4684 Cum
1038 4617 1295 4685 Dominus
1322 4619 1531 4702 ruinam
1557 4631 1798 4706 civitatis
1824 4611 1873 4670 Β

201 4717 474 4786 prtedixit,
525 4737 542 4768 ι
585 4727 638 4772 et
670 4719 946 4790 ingressus
1000 4719 1053 4774 in
1087 4720 1370 4790 templum,
1417 4723 1714 4796 vendentes
1739 4732 1796 4777 et

202 4818 451 4864 ementes
480 4809 546 4864 de
567 4809 655 4863 illo
679 4810 861 4880 eiecit,
897 4829 915 4862 ι
950 4811 1190 4878 ostendit
1210 4799 1350 4882 quia
1377 4814 1609 4869 maxime
1641 4814 1792 4886 ruina

203 4899 390 4971 templi
417 4915 486 4956 ex
510 4902 664 4972 culpa
688 4903 1029 4976 sacerdotum
1059 4904 1224 4963 venit.
1270 4903 1373 4974 lpsi
1420 4921 1673 4978 namque,
1701 4906 1792 4982 qui

204 4994 256 5048 iu
282 4993 481 5065 pepulo
500 4994 752 5051 doctores
775 5005 829 5050 et
857 4996 1109 5069 ductores
1137 5011 1258 5052 esse
1285 4997 1581 5066 debuerant
1604 4982 1655 5052 in
1701 4998 1794 5054 bo-

205 5099 336 5137 num
369 5085 698 5156 exemplum,
729 5086 852 5143 facti
883 5097 1010 5142 sunt
1057 5087 1110 5142 iu
1141 5087 1360 5158 malum.
1407 5085 1488 5144 Ad
1518 5089 1620 5144 hoc
1647 5088 1792 5144 enim

206 5175 260 5229 in
295 5177 496 5246 templo
548 5179 872 5244 residebant,
911 5189 968 5235 ut
1015 5196 1110 5237 eos
1153 5181 1244 5252 qui
1296 5197 1520 5237 munera
1572 5181 1792 5248 dabant,

203 5265 363 5319 vanis
418 5256 690 5323 favoribus
734 5269 1092 5337 extollerent;
1144 5263 1318 5340 et'qui
1345 5271 1476 5326 dare
1517 5271 1792 5337 nolebant,

205 5359 377 5416 variis
418 5361 591 5416 modis
641 5360 957 5432 aﬁligcrent.
994 5364 1248 5419 Avaritia:
1275 5379 1492 5436 quoque
1529 5379 1640 5420 sua:
1667 5381 1795 5421 con-

204 5449 468 5516 sulentes,
514 5453 785 5522 quoddam
838 5454 1174 5523 ingeniosum
1221 5455 1558 5519 invenerant,
1590 5465 1644 5512 et
1669 5455 1793 5512 ﬁliis

203 5543 469 5599 lsraelde
521 5543 814 5615 longinquo
861 5545 1200 5603 venientibus
1248 5549 1670 5618 persuadebunt,
1726 5565 1794 5604 ne

206 5649 394 5690 secum
421 5635 626 5691 hostias
651 5635 944 5702 deferrent,
977 5647 1035 5693 ut
1059 5638 1126 5694 ab
1170 5639 1275 5696 illis
1306 5640 1488 5697 carius
1524 5652 1790 5709 emerent,

205 5729 352 5797 quod
384 5729 438 5784 iu
469 5731 666 5801 templo
706 5731 799 5786 Dei
841 5731 1116 5787 olferrent.
1165 5732 1231 5787 Et
1264 5733 1334 5789 ob
1370 5735 1509 5789 hanc
1548 5751 1791 5801 causam,

193 5821 746 5895 ,utaliicvaugclistm
796 5831 1084 5891 testantur,
1133 5841 1260 5882 oves
1310 5836 1359 5881 et
1406 5827 1588 5894 boves,
1623 5837 1674 5882 et
1706 5844 1793 5884 c0-

1893 3353 2149 3426 lacrymis
2173 3353 2410 3408 deﬁeret.
2435 3351 2541 3407 Sed
2563 3365 2684 3406 cum
2707 3351 2938 3422 exsultat
2966 3351 3020 3405 in
3049 3351 3486 3422 prosperis,gau-
3544 3372 3554 3384 ·

1893 3446 1983 3502 det
2008 3447 2063 3500 in
2087 3443 2397 3508 honoribus,
2429 3443 2645 3499 laatatur
2673 3443 2728 3498 in
2774 3441 3138 3504 facultatibus,
3194 3441 3306 3510 ipsa
3352 3456 3481 3511 pro-

1895 3537 2128 3610 speritas
2153 3535 2482 3592 transeuntis
2530 3535 2670 3599 vita},
2721 3542 2847 3589 ante
2877 3533 3072 3587 mentis
3119 3531 3304 3587 oculos
3343 3531 3481 3585 mala

1896 3628 2180 3684 abscondit
2211 3627 2404 3682 futurae
2430 3641 2622 3697 ptume.
2652 3623 2806 3681 Unde
2835 3632 2891 3678 et
2917 3623 3055 3679 bene
3085 3623 3281 3677 dicitur
3310 3641 3322 3674 :
3363 3643 3379 3673 ε
3418 3621 3484 3680 Et

1900 3741 1918 3774 ι
1956 3721 2172 3792 quidem
2208 3721 2261 3776 in
2294 3720 2395 3774 hac
2421 3719 2526 3775 die.
2555 3726 2644 3772 tua
2705 3732 2830 3788 qua:
2874 3716 2938 3771 ad
2966 3730 3152 3786 pacem
3190 3715 3308 3780 tibi,
3342 3732 3483 3769 nunc
3553 3757 3563 3777 ,

1901 3832 1921 3866 σ
1957 3821 2137 3869 autem
2160 3812 2474 3868 abscondita
2493 3819 2619 3866 sunt
2639 3809 2708 3864 ab
2735 3809 2905 3864 oculis
2939 3793 3061 3863 tuis.
3097 3828 3115 3860 ι
3145 3809 3310 3875 Quasi
3337 3809 3483 3863 enim

1895 3923 2049 3962 suam
2077 3906 2217 3960 diem
2257 3905 2442 3960 infelix
2470 3903 2649 3958 anima
2677 3902 2860 3966 habet,
2903 3901 3030 3956 dum
3072 3901 3124 3956 in
3178 3901 3362 3956 mundi
3404 3899 3482 3956 fa-

1895 3996 2182 4067 cultatibus
2230 4003 2400 4066 totam
2445 4009 2594 4065 spem
2647 3991 3096 4056 suameollocat,
3146 4005 3211 4046 ac
3256 4006 3357 4061 per
3380 3991 3519 4046 hoc

1895 4086 2208 4145 scandalum
2235 4085 2290 4141 in
2334 4084 2422 4141 die
2445 4083 2633 4156 iudicii
2668 4083 2924 4154 patietur.
2956 4081 3072 4139 Non
3116 4082 3378 4154 praevidet
3401 4081 3477 4137 si-

1895 4178 2110 4251 quidem
2149 4174 2384 4230 fnturam
2420 4173 2842 4241 tribulationem,
2882 4173 3008 4244 quia
3038 4180 3274 4229 excaecat
3297 4171 3482 4228 oculos

1895 4265 2076 4322 cordis
2105 4281 2258 4322 amor
2288 4273 2557 4321 terrenus.
2596 4262 2864 4331 Quoniam
2907 4263 3048 4318 sicut
3095 4263 3269 4334 pulvis
3297 4263 3483 4318 oculos
3553 4329 3556 4333 ἴ

1895 4370 2186 4426 corporeos
2203 4363 2466 4427 excatcat,
2501 4346 2745 4423 nectare
2771 4353 2951 4408 videre
2969 4353 3198 4422 possint,
3234 4351 3308 4405 ita
3329 4366 3484 4406 amor

1896 4445 2054 4521 hujus
2085 4445 2345 4516 szeculi’et
2367 4452 2662 4516 praesentes
2688 4443 2889 4499 divitia:
2913 4441 3128 4496 oculum
3157 4441 3380 4506 mentis,
3415 4456 3484 4494 ne

1898 4519 2134 4593 futurum
2158 4535 2422 4604 judicium
2445 4535 2623 4590 valeat
2648 4548 2863 4590 cavere.
2888 4531 3033 4587 Talis
3053 4539 3174 4587 erat
3196 4529 3288 4586 ille
3308 4528 3480 4594 dives,

1897 4631 1989 4700 qui
2019 4609 2233 4685 dicebat
2259 4628 2313 4682 in
2355 4628 2519 4683 corde
2553 4641 2682 4680 suo:
2713 4645 2732 4677 ι
2790 4624 3076 4679 Destruam
3115 4607 3312 4677 horrea
3337 4636 3479 4686 mea,

1897 4714 2186 4789 et'majora
2223 4718 2419 4772 horum
2467 4715 2761 4780 aediﬁcabo,
2786 4721 2841 4768 et
2878 4711 3056 4767 dicam
3090 4708 3282 4764 anima:
3304 4725 3478 4765 mem:

1898 4813 2115 4878 Anima,
2145 4810 2312 4865 multa
2340 4808 2483 4865 bona
2511 4806 2678 4864 habes
2706 4804 2941 4876 reposita
2966 4817 3077 4874 per
3102 4817 3272 4858 annos
3319 4801 3485 4874 pluri-

1899 4920 2040 4971 mos,
2068 4902 2288 4974 epulare
2321 4901 2472 4975 (Luc.
2503 4899 2600 4970 xu)
2633 4919 2650 4951 ι
2698 4913 2829 4969 ergo
2851 4905 2908 4951 et
2933 4895 3126 4968 gaude.
3153 4893 3307 4950 Hunc
3340 4895 3483 4951 diem

1898 5011 1997 5066 pro
2021 4993 2190 5050 nihilo
2221 4993 2454 5050 ducebat
2501 4991 2589 5048 ille
2615 4989 2848 5045 eximius
2891 4987 3153 5059 propheta
3197 4985 3482 5052 Jeremias,

1900 5089 1991 5159 qui
2027 5087 2278 5143 dicebat:
2320 5105 2338 5137 ι
2379 5085 2528 5140 Diem
2584 5081 2820 5138 hominis
2867 5097 2972 5136 non
3029 5078 3308 5150 concupivi
3349 5079 3478 5149 (Jer.

1903 5180 2058 5250 xvu).
2093 5198 2112 5232 ι
2148 5179 2214 5234 Ει
2241 5177 2438 5232 Paulus
2462 5173 2734 5245 apostolus
2754 5174 2892 5228 hanc
2917 5179 3337 5242 contempserat,
3363 5185 3486 5223 cum
3525 5202 3529 5206 -

1900 5271 2178 5344 discipulis
2211 5271 2324 5326 suis
2352 5267 2569 5323 aiebat:
2612 5287 2630 5318 ι
2671 5266 2797 5331 Mihi
2829 5273 3006 5321 autem
3037 5280 3134 5335 pro
3156 5264 3380 5318 minimo
3405 5269 3491 5315 est

1902 5373 1959 5420 ut
1986 5380 2017 5418 a
2040 5363 2194 5419 vobis
2222 5359 2453 5429 judicer,
2483 5367 2578 5413 aut
2607 5357 2675 5412 ab
2702 5359 2936 5412 humano
2961 5356 3048 5412 die
3099 5354 3152 5426 (I
3192 5353 3316 5408 Cor.
3342 5352 3435 5419 tv).
3464 5368 3481 5398 ι

1899 5454 2039 5522 Quid
2064 5463 2244 5509 autem
2261 5451 2388 5506 mali
2409 5449 2643 5520 torpeuti
2667 5448 2860 5504 anima:
2889 5458 3171 5504 venturum
3198 5444 3288 5507 sit,
3319 5441 3488 5496 niani-

1901 5551 2129 5606 fcstatur
2155 5563 2278 5604 cum
2305 5545 2553 5602 subditur
2578 5563 2590 5598 :

1978 5662 1995 5692 ι
2029 5640 2166 5707 Quia
2212 5637 2430 5695 venient
2460 5636 2575 5692 dies
2606 5638 2657 5692 iu
2691 5646 2763 5700 te,
2793 5647 2847 5690 et
2879 5629 3284 5689 circumdabunt
3333 5635 3403 5690 te,
3435 5634 3489 5679 et

1909 5756 1924 5784 ι
1963 5730 2395 5803 coangustabunt
2428 5737 2480 5784 te
2531 5729 2766 5799 undique
2807 5737 2858 5782 et
2899 5725 2963 5780 ad
3005 5733 3204 5778 terram
3246 5727 3484 5776 conster-

1911 5848 1925 5878 ε
1968 5832 2093 5880 nent
2127 5831 2196 5886 te,
2249 5831 2298 5877 et
2340 5821 2476 5877 ﬁlios
2505 5831 2622 5876 tuos
2653 5821 2743 5890 qui
2800 5821 2848 5874 in
2894 5827 2942 5872 te
2992 5825 3136 5871 sunt.
3172 5835 3188 5870 ι
3237 5813 3362 5869 Dies
3393 5808 3487 5864 tri-
