4014 6354
562 416 669 472 659

1204 405 1553 463 llAYMONlS
1580 404 2056 461 HALBERSTA'I‘.
2096 402 2309 460 EPISC.
2351 403 2501 459 OPP.
2543 400 2719 460 PARS
2756 405 2818 459 ll.
2862 405 3199 479 -ΙιΟΜΙΙρ

3738 405 3867 461 660

564 522 879 582 bulationis'
903 521 1116 576 misera:
1159 518 1355 574 anima:
1389 517 1650 582 veniunt,
1703 515 1921 589 quando
1964 513 2151 570 dolore
2177 518 2228 578 Α
2257 515 2417 570 tionis
2445 514 2549 570 dici
2570 523 2778 585 potest,
2803 515 2929 569 dum
2961 516 3198 584 quotidie
3230 512 3340 568 Deo
3375 519 3603 569 mundas
3623 516 3873 573 oratio.-

564 613 757 672 mortis
783 609 1191 680 constringitur,
1222 623 1344 678 quae
1364 608 1417 664 in
1438 607 1689 677 praesenti
1711 607 1821 661 vita
1853 605 1994 663 male
2022 621 2152 675 gau-

564 704 743 768 debat,
775 708 832 757 et
851 708 977 756 tunc
1006 696 1226 766 incipiet
1246 708 1430 752 secum
1461 695 1629 767 rixari
1646 704 1702 750 et
1727 694 1906 749 dicere
1933 711 1947 747 :
1973 691 2151 757 Quare

562 793 617 851 in
647 790 805 851 malis
835 786 1091 859 operibus
1144 785 1517 854 memetipsam
1562 783 1826 848 dilatavi?
1863 780 2042 848 Quare
2082 793 2151 835 ex

560 881 849 954 prmteritis
897 878 1137 950 peccatis
1181 875 1554 947 paenitentiam
1603 890 1709 930 non
1753 873 1891 943 egi?
1928 872 2040 927 Cur
2095 872 2150 927 in

546 956 717 1031 bonis
740 971 994 1043 operibus
1020 966 1392 1037 memetipsam
1423 981 1527 1041 non
1559 963 1823 1019 exercui?
1864 962 2041 1027 Tunc,
2067 960 2151 1015 in-

552 1079 753 1135 quam,
779 1060 1001 1132 incipiet
1028 1058 1314 1129 ptenitere,
1356 1072 1478 1112 cum
1509 1056 1687 1121 nullus
1715 1054 1947 1110 fructus'
1976 1052 2152 1123 poeni-

559 1155 747 1211 tentia:
774 1150 1096 1216 remanebit,
1147 1149 1241 1204 sed
1269 1147 1384 1203 sola
1418 1147 1689 1220 districtio
1725 1145 1998 1200 vindictae.
2040 1142 2149 1205 lni-

558 1245 687 1303 mici
729 1258 859 1300 vero
885 1241 1002 1310 ejus
1024 1239 1154 1296 nulli
1183 1237 1394 1310 pejores
1422 1254 1584 1308 quam
1628 1234 1891 1292 immundi
1931 1234 2152 1306 spiritus

559 1343 710 1400 sunt,
738 1334 807 1392 de
829 1332 1028 1404 quibus
1058 1345 1118 1386 se
1146 1329 1280 1400 eripi
1309 1329 1559 1399 cupiebat
1582 1325 1890 1390 Psalmista,
1916 1340 2037 1379 cum
2069 1324 2148 1378 di-

561 1425 762 1482 cebat:
801 1440 822 1476 ι
854 1422 1016 1493 Eripe
1068 1434 1156 1488 me
1203 1419 1270 1475 de
1319 1418 1552 1474 inimicis
1597 1418 1755 1482 meis,
1786 1416 1930 1471 Deus
1977 1430 2148 1480 meus,

558 1528 616 1573 et
672 1514 822 1585 eripe
883 1528 968 1568 me
1032 1512 1101 1568 de
1166 1510 1514 1581 operantibus
1580 1508 1918 1578 iniquitatem
1974 1504 2147 1578 (Paul.

561 1605 742 1676 LVIII).
772 1624 792 1657 ι
837 1602 1009 1673 Quam
1036 1601 1178 1659 vallo
1223 1600 1581 1671 circumdant,
1636 1608 1691 1654 et
1718 1598 1955 1667 undique
1982 1611 2147 1659 coan-

558 1705 803 1771 gustant,
826 1696 1043 1766 quando
1068 1694 1375 1766 egrediente
1423 1693 1605 1746 anima
1635 1706 1664 1746 a
1717 1704 1964 1759 corpore,
2010 1686 2151 1744 mala

559 1802 684 1859 qua:
710 1787 982 1844 commisit
1005 1792 1348 1850 enumerant,
1399 1793 1454 1839 et
1491 1784 1636 1854 ipsos
1669 1781 1832 1836 habet
1869 1789 2153 1835 exactores

2251 620 2350 660 nes
2373 604 2571 658 oti'errc
2590 620 2697 660 non
2735 614 2933 669 cessat,
2959 604 3146 658 dicens
3176 619 3297 659 cum
3327 602 3610 659 Psalmista
3640 619 3661 658 :
3695 624 3717 655 ι
3755 604 3869 659 Di-

2249 693 2458 764 rigatur
2488 694 2662 748 oratio
2699 709 2816 747 mea
2849 693 2989 748 sicut
3019 694 3294 747 incensum
3327 693 3380 748 in
3421 706 3734 765 conspectu
3762 704 3873 751 tuo

2251 779 2423 851 (Paul.
2452 782 2595 852 exn).
2639 801 2658 833 ι
2702 781 2802 849 Qui
2844 782 2987 836 enim
3030 781 3294 851 spiritalia
3322 782 3462 838 dona
3492 799 3615 854 qum
3658 787 3865 856 gratis
3900 838 3903 839 ν

2252 881 2602 940 acceperunt,
2630 879 2724 925 aut
2751 879 2975 942 propter
3000 871 3307 940 praemium,
3332 882 3425 926 aut
3447 883 3674 944 pr0pter
3702 883 3866 929 tem-

2249 961 2489 1032 poralem
2512 960 2721 1016 laudem
2754 962 3019 1027 tribuunt,
3050 962 3361 1020 venditores
3383 974 3528 1020 sunt.
3560 964 3619 1020 In
3640 967 3867 1035 quibus

2249 1057 2432 1107 autem
2462 1049 2699 1106 maxime
2729 1051 2833 1106 hoc
2873 1052 3146 1123 negotium
3191 1055 3304 1118 ﬁat,
3333 1054 3473 1110 alius
3496 1058 3859 1127 evangelista

2254 1139 2608 1198 manifestare
2636 1143 2876 1209 curavit,
2904 1143 3091 1209 dicens
3128 1146 3269 1214 quod
3310 1146 3363 1200 in
3395 1146 3599 1216 templo
3624 1163 3774 1203 oves
3804 1157 3864 1205 et

2249 1233 2418 1287 boves
2440 1241 2496 1288 et
2524 1232 2785 1289 columbae
2831 1234 3215 1290 vendebantur.
3259 1234 3366 1290 Per
3402 1236 3599 1291 bovem
3645 1240 3862 1307 praedi-

2248 1333 2463 1381 catores
2503 1324 2909 1396 signiﬁcantur,
2957 1326 3187 1387 Domino
3228 1328 3441 1386 dicente
3469 1329 3538 1384 ad
3568 1330 3806 1401 Moysen
3840 1352 3856 1387 :

2256 1436 2274 1469 ε
2297 1415 2411 1470 Non
2435 1417 2614 1471 arabis
2635 1416 2691 1471 in
2716 1418 2852 1473 bove
2869 1417 3029 1472 simul
3044 1424 3097 1472 ct
3118 1418 3270 1473 asino
3292 1419 3470 1489 (Deut.
3496 1419 3659 1490 xxII),
3683 1440 3707 1472 ι
3748 1422 3863 1477 hoc

2250 1516 2336 1562 est
2364 1507 2475 1563 noli
2507 1509 2837 1579 conjungere
2884 1507 2939 1563 in
2991 1510 3397 1579 praedicatione
3426 1510 3541 1564 sive
3589 1512 3853 1567 doctrina

2249 1597 2570 1682 prudentem
2597 1613 2722 1655 cum
2766 1598 2950 1653 stulto.
2992 1598 3060 1652 Et
3097 1601 3292 1654 iterum
3327 1618 3340 1655 :
3375 1620 3394 1654 ι
3431 1600 3549 1656 Non
3575 1603 3845 1674 alligabis

2250 1701 2313 1742 os
2336 1686 2460 1741 bovi
2487 1686 2763 1741 trituranli
2795 1686 2846 1757 (Ι
2877 1686 3001 1741 Cor.
3033 1689 3133 1758 Ix).
3171 1709 3188 1741 ι
3217 1688 3369 1758 Quod
3392 1707 3672 1761 exponens
3692 1693 3845 1748 Pau-

2253 1776 2336 1832 lus
2361 1776 2636 1846 apostolus
2665 1777 2741 1831 ait
2773 1795 2786 1831 :
2823 1795 2841 1829 ι
2876 1778 3129 1848 Nunquid
3158 1780 3225 1835 de
3251 1781 3424 1837 bobus
3452 1798 3586 1837 cura
3625 1792 3711 1839 est
3742 1785 3848 1839 Do-

559 1880 617 1935 in
646 1891 827 1949 poena,
864 1892 1000 1949 quos
1054 1875 1241 1932 habuit
1286 1889 1632 1946 persuasores
1664 1873 1717 1926 in
1772 1871 1947 1941 culpa.
1996 1870 2148 1935 Tunc
2185 1865 2227 1924 Β
2257 1866 2445 1922 mino?
2487 1886 2504 1919 ι
2548 1865 2738 1939 (Ibid.)
2768 1865 3045 1922 Non.'Scd
3072 1877 3291 1938 propter
3332 1886 3431 1926 nos
3472 1873 3591 1926 haec
3636 1874 3845 1943 scripta

514 1979 521 1982 ‘
559 1969 702 2027 enim
734 1967 920 2024 infelix
948 1968 1128 2023 anima
1167 1965 1529 2022 consternitur
1559 1964 1625 2018 ad
1677 1975 1904 2028 terram,
1931 1959 2148 2031 quando

558 2076 592 2117 a
617 2076 801 2128 carne,
833 2075 952 2132 quae
997 2068 1141 2115 terra
1175 2067 1231 2114 et
1259 2058 1394 2115 cinis
1443 2065 1545 2123 est,
1596 2055 1793 2121 soluta,
1836 2055 1903 2110 ad
1930 2070 2148 2125 poenam

559 2151 793 2218 ducitur,
806 2149 1165 2222 velquidquid
1191 2149 1406 2204 virtutis
1433 2164 1492 2203 se
1514 2147 1714 2202 habere
1739 2153 1909 2217 putat,
1927 2146 2145 2202 amittit.

556 2245 745 2311 Filios,
760 2244 1046 2316 aliquando
1066 2244 1253 2308 bonas,
1282 2241 1569 2311 aliquando
1598 2239 1767 2294 malas
1792 2238 2148 2310 cogitationes

558 2335 885 2406 accepimus.
907 2336 983 2389 De
996 2332 1152 2389 bonis
1177 2316 1438 2401 legimus:
1470 2348 1489 2381 ι
1522 2329 1590 2393 Et
1608 2329 1728 2385 vide
1751 2328 1890 2384 ﬁlios
1911 2327 2146 2403 ﬁliorum

559 2412 773 2495 tuorum
797 2421 969 2495 (Paul.
987 2421 1210 2495 cxxvn).
1248 2440 1268 2475 I
1303 2420 1380 2476 Dc
1401 2420 1557 2475 malis
1584 2426 1765 2474 autem
1789 2418 1879 2474 hic
1904 2418 2104 2474 dicitur
2128 2435 2142 2473 :

560 2569 565 2573 _
660 2532 680 2566 ι
709 2514 777 2570 Et
817 2514 884 2569 ad
922 2521 1123 2568 terram
1154 2518 1509 2569 consternent
1558 2518 1628 2566 te.
1673 2528 1693 2562 ι
1749 2506 1916 2564 Valde
1964 2515 2146 2563 autem

558 2606 805 2663 terribile
832 2614 917 2663 est
962 2606 1106 2677 quod
1135 2604 1508 2662 subinfertur:
1542 2623 1560 2657 ‹
1605 2605 1674 2660 Et
1698 2618 1808 2660 non
1840 2603 2148 2674 relinquent

565 2717 587 2756 ς
620 2699 676 2755 in
700 2708 752 2755 te
778 2682 1010 2770 lapidem
1047 2712 1210 2769 super
1233 2697 1488 2768 lapidem.
1521 2717 1541 2750 ι
1574 2695 1632 2751 In
1660 2695 2027 2752 destructione
2051 2709 2147 2749 an-

558 2798 669 2846 tem
697 2788 933 2857 civitatis
976 2788 1114 2859 lapis
1159 2801 1322 2862 super
1364 2786 1595 2857 lapidem
1639 2800 1747 2843 non
1796 2784 2142 2857 relinquitur,

559 2878 688 2950 quia
727 2878 781 2933 in
806 2864 1147 2945 damnatione
1181 2890 1450 2948 perversa:
1480 2875 1698 2940 animm,
1729 2887 1837 2928 non
1874 2873 2049 2929 solum
2078 2872 2146 2929 de

556 2969 718 3026 malis
738 2969 1012 3043 operibus,
1040 2971 1135 3025 sed
1152 2968 1315 3024 etiam
1339 2967 1406 3022 de
1424 2963 1695 3037 perversis
1725 2962 2146 3035 cogitationibus

558 3061 705 3122 ratio
730 3045 1019 3149 exigetur.~
1044 3061 1112 3115 Et
1157 3058 1278 3115 ideo
1305 3072 1530 3114 necesse
1568 3063 1656 3113 est
1702 3064 1762 3111 ut
1786 3056 1915 3112 dum
1945 3056 2001 3112 in
2040 3055 2145 3110 hoc

557 3154 760 3214 saeculo
790 3147 975 3211 sumus
999 3160 1055 3210 et
1078 3151 1311 3209 vivimus
1344 3159 1402 3207 et
1430 3148 1588 3207 nobis
1609 3156 1788 3216 vacat,
1830 3163 1940 3204 non
1966 3147 2140 3203 solum

2251 1967 2395 2014 sunt.
2424 1957 2740 2029 Quicunque
2779 1974 2907 2029 ergo
2949 1961 3171 2015 verbum
3214 1961 3308 2016 Dei
3338 1962 3460 2017 ideo
3508 1964 3564 2018 in
3599 1964 3845 2027 Ecclesia

2250 2049 2531 2119 praedicat,
2561 2058 2622 2104 ut
2649 2048 2987 2105 solummodo
3008 2051 3302 2105 humanam
3330 2052 3555 2122 gloriam
3575 2062 3672 2108 aut
3698 2063 3841 2109 tem.

2249 2139 2433 2210 porale
2476 2140 2758 2210 praemium
2787 2140 3041 2210 accipiat,
3091 2142 3243 2211 quasi
3274 2142 3466 2205 bovem
3508 2143 3754 2198 venalem
3778 2147 3836 2201 in

2252 2230 2451 2302 templo
2481 2232 2675 2287 minat.
2721 2231 2825 2287 Per
2860 2246 3014 2287 ovem
3059 2234 3405 2288 mitissimum
3432 2235 3641 2289 animal
3683 2237 3836 2293 inno-

2249 2324 2426 2379 centia
2473 2324 2827 2393 designatur,
2852 2323 2921 2379 Et
2947 2324 3041 2394 qui
3083 2324 3195 2380 Deo
3234 2325 3581 2383 sanctitatem
3604 2367 3621 2393 ,
3653 2328 3739 2382 vei
3764 2329 3833 2384 ab

2249 2413 2557 2478 hominibus
2578 2413 2827 2489 laudetur
2854 2414 3291 2489 osmndithuasi
3323 2429 3481 2471 ovem
3505 2416 3757 2471 venalem
3783 2398 3835 2473 in

2250 2505 2449 2575 templo
2479 2505 2702 2561 inducit.
2725 2505 2804 2561 De
2843 2506 3042 2576 quibus
3068 2505 3326 2562 D'omiuus
3364 2506 3498 2562 dicit
3536 2527 3550 2561 :
3587 2528 3605 2561 ι
3644 2508 3833 2565 Omnia

2245 2611 2410 2668 opera
2430 2611 2526 2651 sua
2551 2596 2755 2653 faciunt
2782 2603 2840 2651 ut
2868 2596 3153 2652 videantur
3176 2597 3247 2652 ab
3273 2597 3584 2654 hominibus
3613 2597 3831 2669 (Hattlt.

2246 2686 2426 2759 χχιιι).
2479 2707 2499 2741 I
2545 2688 2612 2742 Et
2640 2687 2767 2743 alibi
2805 2705 2819 2742 :
2863 2707 2881 2740 ι
2918 2687 3093 2743 Amen
3132 2688 3254 2744 dico
3288 2689 3471 2755 vobis,
3514 2700 3837 2761 receperunt

2246 2774 2550 2831 mercedem
2593 2790 2744 2830 suam
2787 2775 3002 2846 (Matth.
3027 2775 3128 2850 v1).
3159 2796 3178 2829 ι
3208 2777 3314 2833 Per
3349 2777 3663 2834 columbam
3713 2795 3839 2838 veru

2247 2864 2481 2935 Spiritus
2513 2866 2687 2922 sancti
2733 2866 2906 2937 gratia
2952 2866 3249 2938 ﬁguratur,
3304 2869 3449 2941 quod
3497 2871 3621 2941 ipse
3672 2873 3836 2926 mani-

2248 2956 2447 3014 festare
2474 2959 2727 3027 dignatus
2748 2967 2832 3015 est
2861 2960 3078 3029 quando
3108 2976 3272 3033 super
3298 2961 3581 3032 baptizato
3607 2963 3840 3027 Domino

2246 3046 2301 3107 in
2333 3048 2511 3123 specie
2534 3047 2795 3104 columbae
2817 3050 3084 3120 apparuit.
3108 3050 3279 3122 Igitur
3296 3051 3388 3121 qui
3410 3052 3647 3123 gradum
3669 3052 3833 3107 cede-

2244 3138 2543 3207 siasticum,
2566 3148 2663 3196 aut
2684 3156 2877 3201 manus
2904 3143 3322 3216 impositionem,
3346 3159 3445 3215 per
3470 3160 3640 3215 quam
3671 3145 3831 3217 Spiri-

559 3264 593 3304 a
620 3247 785 3319 malis
806 3247 1195 3319 abstineamus,
1223 3244 1318 3302 sed
1345 3243 1510 3316 etiam
1551 3242 1756 3299 bonum
1796 3241 1852 3296 in
1891 3239 2143 3296 omnibus
2169 3229 2215 3293 C
2246 3237 2358 3284 tuIn
2383 3239 2626 3286 sanctum
2653 3232 2925 3289 credimus
2946 3233 3094 3298 dari,
3118 3235 3241 3291 ideo
3270 3235 3492 3303 tribuit,
3517 3246 3580 3295 ut
3618 3246 3825 3307 tempo-

480 3376 496 3391 .
561 3338 775 3410 operari
806 3338 1139 3401 studeamus.
1175 3336 1316 3393 Ante
1344 3334 1523 3393 omnia
1557 3342 1738 3407 autem
1767 3332 1911 3399 diem
1953 3330 2143 3391 mortis

561 3436 689 3487 ante
707 3428 891 3488 oculos
930 3443 1233 3500 ponamus,
1270 3427 1399 3498 quia
1427 3425 1585 3481 facile
1630 3423 1929 3480 contemnit
1960 3421 2143 3478 omnia

558 3519 653 3590 qui
688 3535 748 3580 se
794 3533 1008 3593 semper
1040 3518 1241 3589 cogitat
1291 3516 1632 3587 moriturum.
1684 3512 1839 3571 Unde
1884 3511 2141 3567 Salomon

558 3612 827 3677 hortatur,
862 3611 1048 3667 dicens
1076 3629 1088 3665 :
1119 3630 1138 3664 ι
1255 3610 1508 3666 omnibus
1527 3607 1783 3678 operibus
1808 3606 1915 3661 tuis
1940 3620 2142 3660 memo-

559 3718 686 3761 rare
731 3703 1028 3762 novissima
1068 3711 1163 3758 tua
1208 3701 1399 3773 (Eccli.
1434 3698 1553 3771 vn).
1585 3718 1604 3751 ι
1657 3699 1726 3753 Ει
1761 3698 1996 3753 iterum:
2031 3714 2049 3748 ι
2083 3695 2142 3751 III

560 3794 649 3850 die
661 3794 923 3850 malorum
936 3808 1004 3848 ne
1022 3793 1307 3848 immemor
1318 3791 1394 3846 sis
1405 3790 1670 3845 bonorum
1688 3785 1877 3857 (Ecch’.
1887 3784 1963 3856 xI)
1972 3824 1985 3839 .
2002 3804 2020 3838 ι
2043 3785 2139 3841 Et:

565 3901 587 3936 ι
616 3884 974 3953 quodcunque
991 3888 1171 3949 potest
1195 3894 1389 3934 manus
1402 3886 1494 3932 tua
1509 3876 1713 3943 facere,
1729 3875 1997 3930 instanter
2016 3888 2145 3944 ope-

559 3987 683 4031 rare
698 3970 1005 4043 (Eccleax).
1016 3989 1037 4024 ι
1056 3969 1194 4033 Hinc
1206 3969 1327 4040 pius
1342 3967 1623 4033 Dominus,
1637 3965 1763 4036 quia
1779 3964 1866 4020 hic
1876 3963 2144 4035 patienter

559 4069 867 4139 exspectat,
880 4071 937 4131 et
960 4060 1204 4134 districtc
1232 4074 1330 4117 nos
1346 4060 1401 4115 in
1420 4056 1926 4128 judiciojudicabit,
1954 4054 1999 4110 si
2014 4070 2143 4121 con-

480 4138 487 4141 ’
558 4151 705 4209 versi
726 4165 834 4221 non
862 4138 1146 4225 fuerimus,
1176 4164 1278 4205 nos
1304 4147 1596 4205 admonere
1624 4147 1878 4219 dignatus
1901 4152 2003 4210 est,
2019 4159 2143 4200 cum

557 4243 726 4300 dixit:
748 4260 769 4303 ι
804 4241 1020 4316 Currite
1048 4242 1175 4298 dum
1199 4240 1376 4317 lucem
1390 4240 1517 4299 vita:
1542 4240 1775 4305 habetis,
1806 4254 1875 4305 ne
1905 4237 2143 4311 tenebra:

556 4346 658 4408 vos
702 4332 1168 4413 comprehendant
1218 4330 1402 4404 (Joan.
1453 4331 1574 4403 xu).
1607 4350 1627 4384 ι
1677 4330 1745 4385 Ει
1788 4329 1916 4385 item
1951 4347 1964 4384 :
2002 4327 2143 4385 Con-

553 4419 722 4489 corda
738 4435 861 4477 cum
878 4419 1193 4476 adversario
1221 4427 1333 4475 tuo.
1359 4420 1428 4475 Et
1451 4417 1770 4489 Apostolus:
1791 4435 1809 4468 ι
1831 4416 1971 4471 Ecce
1997 4430 2141 4471 nunc

554 4520 772 4584 tempus
815 4512 1168 4586 acceptabile,
1209 4527 1337 4587 ecce
1375 4527 1521 4567 nunc
1562 4510 1686 4575 dies
1715 4508 1906 4565 salutis
1935 4505 1986 4580 (1
2009 4504 2132 4560 Cor.

2246 3321 2360 3377 rale
2399 3320 2609 3377 lucrum
2638 3323 2914 3397 acquirat,
2956 3326 3119 3395 quasi
3143 3325 3450 3382 columbam
3492 3328 3746 3384 venalem
3773 3329 3825 3383 in

2245 3412 2443 3483 templo
2483 3421 2695 3483 portat,
2734 3413 2787 3468 id
2826 3423 2911 3471 est
2953 3416 3009 3477 in
3036 3417 3295 3484 Ecclesia,
3336 3433 3445 3473 non
3474 3420 3825 3474 considerans

2243 3500 2373 3560 illud
2404 3503 2544 3572 quod
2581 3504 2843 3560 Dominus
2867 3505 2984 3558 ait:
3026 3523 3043 3556 ι
3080 3506 3259 3562 Gratis
3296 3509 3619 3579 accepistis,
3662 3509 3824 3579 gratis

2243 3594 2368 3648 date
2394 3593 2567 3666 (Deut.
2602 3595 2737 3667 va).
2768 3614 2786 3647 ι
2814 3586 2891 3651 De
2929 3597 3125 3666 quibus
3158 3599 3419 3668 scriptum
3461 3609 3551 3655 est
3582 3614 3601 3654 :
3635 3619 3657 3650 ς
3691 3601 3825 3671 Ignis

2244 3682 2519 3738 devorabit
2547 3685 2896 3740 tabernacula
2938 3701 3160 3753 eorum,
3206 3689 3297 3759 qui
3339 3703 3573 3743 munera
3601 3689 3825 3745 libenter

2242 3770 2515 3841 accipiunt
2541 3771 2661 3843 (Job
2701 3774 2812 3844 xv).
2860 3793 2880 3827 ι
2917 3773 2988 3829 Et
3036 3775 3164 3831 item
3201 3793 3215 3830 :
3246 3775 3365 3832 Non
3394 3777 3641 3848 accipias
3668 3778 3826 3847 inju-

2243 3862 2384 3918 dicio
2406 3866 2691 3933 personam
2711 3866 2982 3937 pauperis,
3005 3867 3133 3938 quia
3156 3881 3378 3923 munera
3397 3868 3686 3926 obcaecant
3709 3885 3826 3926 ocu-

2241 3952 2323 4009 los
2350 3954 2691 4022 sapientium,
2721 3965 2777 4011 et
2799 3957 2965 4013 verba
2988 3967 3259 4021 rectorum
3283 3961 3616 4015 subvertunt
3646 3961 3821 4032 (Dent.

2241 4049 2377 4119 ενι).
2409 4047 2564 4103 Tales
2599 4048 2742 4102 enim
2770 4049 3029 4108 Dominus
3053 4066 3085 4106 a
3117 4051 3313 4123 templo
3338 4067 3437 4108 suo
3486 4051 3684 4120 ejecit,
3707 4055 3823 4125 quia

2240 4138 2485 4208 quamvis
2501 4138 2553 4192 in
2573 4142 2828 4208 praesenti
2853 4141 3050 4198 saeculo
3078 4158 3307 4214 corpore
3325 4144 3586 4201 Ecclesiae
3608 4145 3825 4216 conjun-

2240 4228 2630 4296 ctivideantur,
2661 4238 2842 4286 tamen
2870 4231 2925 4287 in
2952 4233 3039 4288 die
3053 4233 3240 4305 judicii
3260 4234 3329 4289 ab
3343 4233 3591 4291 Ecclesia
3610 4250 3823 4307 separa-

2238 4318 2466 4385 buntur,
2495 4322 2710 4392 quando
2735 4322 2840 4379 illis
2868 4323 3076 4380 dicetur
3106 4339 3121 4379 :
3157 4343 3176 4377 ‹
3212 4324 3487 4381 Discedite
3511 4342 3543 4381 a
3572 4340 3683 4391 me,
3712 4342 3821 4382 ma-

2237 4408 2440 4477 ledicti,
2471 4411 2526 4467 in
2560 4410 2738 4482 ignem
2767 4420 3051 4481 aeternum,
3094 4415 3185 4486 qui
3226 4425 3447 4487 paratus
3479 4426 3565 4473 est
3615 4418 3828 4479 diabolo

2237 4508 2295 4555 et
2322 4500 2528 4571 angelis
2552 4501 2670 4571 ejus
2711 4501 2926 4574 (Matth.
2957 4505 3106 4578 xxv).
3150 4525 3168 4557 ι
3199 4505 3316 4561 Non
3353 4506 3531 4563 solum
3560 4507 3821 4565 Dominus

548 4594 641 4674 ιι),
671 4579 712 4658 ἰ
744 4579 857 4677 cui
888 4579 1068 4659 ,gmm
1108 4584 1329 4659 infelici
1347 4603 1543 4658 anima,
1577 4603 1693 4658 ιηρο
1733 4600 1873 4656 mala
1902 4600 2137 4670 conlige.
2165 4579 2212 4638 D
2237 4590 2531 4651 vendentes
2557 4591 2623 4646 de
2651 4591 2848 4662 templo
2881 4591 3061 4662 ejecit,
3087 4595 3179 4650 sed
3202 4596 3366 4649 etiam
3396 4604 3668 4662 ementes,
3697 4598 3817 4668 quia

554 4692 668 4748 rint
689 4733 703 4760 ,
729 4692 1110 4766 manifestatur
1134 4708 1257 4748 cum
1284 4693 1482 4766 dicitur
1507 4710 1522 4746 :
1560 4711 1579 4745 ι
1626 4691 1703 4747 Eo
1725 4691 1866 4760 quod
1895 4704 2003 4743 non
2044 4704 2137 4744 ro-

556 4783 813 4854 gnoveris
839 4791 1052 4855 tempus
1083 4784 1411 4840 visitationis
1452 4793 1577 4840 tuae.
1615 4802 1637 4847 ι
1675 4782 1910 4853 Tempus
1946 4781 2139 4837 visita-

561 4874 728 4941 tionis
756 4875 814 4929 in
838 4875 1094 4951 praesenti
1122 4876 1362 4951 estvita,
1389 4876 1481 4931 ubi
1511 4890 1610 4929 nos
1636 4875 1776 4929 Deus
1797 4864 2141 4942 omnipotens

554 4962 726 5023 variis
749 4965 925 5027 modis
941 4965 1164 5039 visitare
1188 4966 1462 5037 dignatur,
1491 4963 1779 5033 aliquando
1801 4962 2139 5018 admonendo

556 5055 775 5125 leniter,
792 5055 1080 5129 aliquando
1094 5058 1349 5131 minando
1363 5056 1697 5120 terribiliter,
1712 5053 2002 5124 aliquando
2016 5067 2140 5122 pro-

556 5145 749 5223 speris,
763 5150 1052 5222 aliquando
1071 5151 1331 5209 adversis.
1350 5149 1456 5205 Sed
1472 5157 1683 5218 tempus
1694 5146 2018 5203 visitationis
2029 5162 2139 5201 sua:

554 5257 812 5314 perversa
833 5244 1013 5299 anima
1035 5259 1140 5300 non
1163 5242 1460 5313 cognoscit,
1482 5229 1699 5309 quando
1720 5253 1819 5295 nec
1846 5239 1898 5292 in
1920 5252 2138 5308 prospe-

559 5332 640 5388 ris
668 5332 1043 5399 humilitatem,
1070 5346 1176 5397 _nec
1220 5331 1274 5387 in
1310 5330 1550 5388 adversis
1588 5336 1769 5384 servat
1797 5327 2131 5396 patientiam,

558 5425 687 5496 quia
729 5440 831 5481 nec
852 5432 1075 5495 peccata
1102 5429 1413 5493 perpetrare
1442 5420 1671 5485 metuit,
1700 5434 1800 5475 nec
1824 5426 2135 5488 perpetrata

559 5513 773 5587 ﬂetibus
789 5514 960 5584 punit.
985 5514 1137 5580 Quod
1158 5520 1340 5566 autem
1360 5510 1704 5581 subjungitur
1733 5527 1746 5562 :
1784 5529 1802 5561 ε
1840 5509 1905 5562 ΕΙ.
1929 5509 2138 5578 ingres-

561 5618 655 5669 sus
683 5604 958 5674 templum,
989 5601 1152 5672 coepit
1181 5598 1379 5670 ejicere
1399 5599 1693 5656 vendentes
1719 5608 1774 5655 et
1801 5606 2043 5655 ementes
2071 5599 2138 5664 de

561 5694 675 5759 illo,
719 5716 737 5748 ι
773 5696 874 5750 hoc
900 5694 1141 5765 quotidie
1181 5694 1233 5748 in
1262 5692 1502 5748 Ecclesia
1540 5692 1654 5746 ﬁeri
1685 5691 1946 5746 cernitur.
1976 5688 2136 5746 Tcm-

562 5784 708 5867 plum
740 5787 831 5851 Dei
873 5783 1180 5853 spiritaliter
1210 5783 1451 5839 Ecclesia
1488 5790 1591 5846 est,
1639 5798 1757 5852 qua:
1798 5782 1989 5835 domus
2016 5795 2138 5835 ora-

2240 4694 2346 4732 non
2368 4679 2541 4734 solum
2571 4679 2645 4734 illi
2668 4680 2745 4735 rei
2772 4694 2920 4749 sunt,
2942 4683 3087 4738 etab
3116 4684 3353 4740 Ecclesia
3381 4684 3566 4753 alieni,
3591 4687 3687 4757 qui
3712 4687 3817 4758 spi-

2239 4768 2416 4824 ritalia
2466 4769 2604 4824 dona
2640 4772 2899 4839 vendunt,
2943 4774 3037 4830 sed
3082 4774 3247 4829 etiam
3290 4777 3381 4846 qui
3422 4787 3632 4841 emunt,
3686 4778 3820 4848 quod

2239 4863 2418 4917 carius
2447 4864 2681 4918 vendere
2700 4865 2925 4933 possint.
2954 4864 3104 4921 Unde
3130 4881 3322 4936 magna
3351 4875 3408 4921 et
3433 4876 3628 4935 sancta
3659 4884 3817 4939 syno—

2239 4956 2342 5010 dus
2368 4956 2625 5021 decrevit,
2654 4957 2818 5012 etiam
2847 4957 3064 5022 laicum,
3088 4958 3132 5013 si
3159 4959 3214 5013 in
3256 4958 3561 5027 hujusmodi
3591 4961 3818 5031 negotiis

2241 5050 2507 5107 mediator
2537 5050 2717 5117 fuerit,
2746 5049 2815 5105 ab
2842 5050 3079 5107 Ecclesia
3103 5052 3338 5121 alienum
3364 5051 3501 5107 ﬁeri.
3538 5050 3701 5108 Tales
3728 5052 3817 5107 do-

2239 5158 2386 5196 mum
2414 5142 2722 5211 speluncam
2767 5142 3034 5197 latronum
3064 5142 3288 5209 l‘aciunt,
3313 5144 3438 5213 quia
3482 5143 3537 5197 in
3568 5155 3639 5197 eo
3679 5141 3818 5212 quod

2239 5232 2499 5302 spiritalia
2529 5233 2667 5287 dona
2704 5232 2980 5297 vendunt,
3024 5233 3436 5289 abominabilem
3468 5231 3711 5287 fructum
3740 5231 3815 5285 fa-

2238 5324 2405 5392 ciunt.
2450 5324 2523 5377 De
2552 5322 2747 5393 quibus
2775 5322 2849 5376 ait
2876 5321 3123 5377 Salvator
3149 5341 3162 5376 :
3205 5342 3221 5373 ι
3255 5323 3357 5391 Qui
3391 5339 3501 5377 non
3532 5324 3702 5377 intrat
3728 5336 3819 5394 per

2239 5413 2437 5471 ostium
2474 5412 2527 5467 in
2561 5410 2699 5469 ovile
2724 5412 2928 5477 ovium,
2955 5413 3048 5466 sed
3076 5413 3319 5468 ascendit
3343 5412 3555 5468 aliunde
3574 5452 3590 5477 ,
3620 5412 3709 5466 ille
3739 5411 3820 5465 fur

2241 5514 2324 5559 est
2362 5512 2416 5557 et
2448 5502 2587 5556 latro
2618 5500 2800 5573 (Joan.
2825 5501 2942 5573 xx).
2978 5504 3005 5555 ι’
3030 5501 3181 5570 Quod
3202 5488 3334 5557 vero
3355 5501 3631 5573 subjung-it
3658 5521 3673 5557 :
3705 5521 3725 5555 ο
3758 5502 3819 5556 Et

2246 5614 2264 5646 ι
2305 5603 2422 5650 erat
2447 5595 2644 5649 docens
2671 5593 2910 5663 quotidie
2944 5594 2996 5649 in
3028 5594 3245 5664 templo.
3276 5614 3293 5647 ι
3327 5594 3438 5649 Hoc
3472 5609 3689 5663 semper
3713 5592 3821 5663 agit

2242 5687 2296 5741 in
2332 5685 2568 5747 Ecclesia
2609 5683 2946 5753 spiritaliter,
2988 5685 3130 5755 quod
3175 5693 3429 5754 tnnc'per
3471 5683 3817 5753 semetipsum

2243 5776 2369 5830 fecit
2404 5773 2771 5844 corporaliter.
2809 5774 2925 5845 Ipse
2952 5776 3108 5835 .cnim
3154 5776 3207 5831 in
3258 5774 3453 5845 templo
3491 5774 3667 5839 docet,
3696 5786 3853 5829 cum.
