  <div class='ocr_page' id='page_1' title='image "/cluster/home/n/w/nwhite01/storage/ocr_20150623/118/hvd.32044015466907/336.png"; bbox 0 0 4014 6354; ppageno 0'>
   <div class='ocr_carea' id='block_1_1' title="bbox 179 380 305 441">
    <p class='ocr_par' dir='ltr' id='par_1_1' title="bbox 179 380 305 441">
     <span class='ocr_line' id='line_1_1' title="bbox 179 380 305 441; baseline -0.016 0"><span class='ocrx_word' id='word_1_1' title='bbox 179 380 305 441; x_wconf 76' lang='grc'><strong>661</strong></span> 
     </span>
    </p>
   </div>
   <div class='ocr_carea' id='block_1_2' title="bbox 1328 371 2224 434">
    <p class='ocr_par' dir='ltr' id='par_1_2' title="bbox 1328 371 2224 434">
     <span class='ocr_line' id='line_1_2' title="bbox 1328 371 2224 434; baseline -0.007 -1"><span class='ocrx_word' id='word_1_2' title='bbox 1328 399 1332 402; x_wconf 91' lang='grc'><strong>·</strong></span> <span class='ocrx_word' id='word_1_3' title='bbox 1410 376 1713 434; x_wconf 63' lang='grc' dir='ltr'>ιιοιηωίΕ</span> <span class='ocrx_word' id='word_1_4' title='bbox 1757 377 1844 431; x_wconf 81' lang='lat' dir='ltr'><strong>DE</strong></span> <span class='ocrx_word' id='word_1_5' title='bbox 1880 371 2224 430; x_wconf 59' lang='lat' dir='ltr'><strong>TENll&#39;OllE.</strong></span> 
     </span>
    </p>
   </div>
   <div class='ocr_carea' id='block_1_3' title="bbox 3361 382 3466 438">
    <p class='ocr_par' dir='ltr' id='par_1_3' title="bbox 3361 382 3466 438">
     <span class='ocr_line' id='line_1_3' title="bbox 3361 382 3466 438; baseline 0.019 -2"><span class='ocrx_word' id='word_1_6' title='bbox 3361 382 3466 438; x_wconf 62' lang='lat'><strong>661</strong></span> 
     </span>
    </p>
   </div>
   <div class='ocr_carea' id='block_1_4' title="bbox 178 490 3464 568">
    <p class='ocr_par' dir='ltr' id='par_1_4' title="bbox 178 490 3464 568">
     <span class='ocr_line' id='line_1_4' title="bbox 178 490 3464 568; baseline 0.001 -15"><span class='ocrx_word' id='word_1_7' title='bbox 178 495 446 554; x_wconf 74' lang='lat' dir='ltr'><strong>exterius</strong></span> <span class='ocrx_word' id='word_1_8' title='bbox 463 509 561 568; x_wconf 90' lang='lat' dir='ltr'><strong>per</strong></span> <span class='ocrx_word' id='word_1_9' title='bbox 588 493 967 567; x_wconf 77' lang='lat' dir='ltr'><strong>prtedicatores</strong></span> <span class='ocrx_word' id='word_1_10' title='bbox 991 495 1289 552; x_wconf 99' lang='lat' dir='ltr'><strong>doctrinam</strong></span> <span class='ocrx_word' id='word_1_11' title='bbox 1319 494 1535 561; x_wconf 85' lang='lat' dir='ltr'><strong>format,</strong></span> <span class='ocrx_word' id='word_1_12' title='bbox 1564 501 1618 548; x_wconf 91' lang='lat' dir='ltr'><strong>et</strong></span> <span class='ocrx_word' id='word_1_13' title='bbox 1638 493 1776 554; x_wconf 86' lang='lat' dir='ltr'><strong>inte-</strong></span> <span class='ocrx_word' id='word_1_14' title='bbox 1808 495 1853 554; x_wconf 81' lang='grc' dir='ltr'><strong>Α</strong></span> <span class='ocrx_word' id='word_1_15' title='bbox 1883 492 2000 554; x_wconf 86' lang='lat' dir='ltr'><strong>clis,</strong></span> <span class='ocrx_word' id='word_1_16' title='bbox 2031 490 2374 560; x_wconf 76' lang='lat' dir='ltr'><strong>singulariter</strong></span> <span class='ocrx_word' id='word_1_17' title='bbox 2403 505 2459 547; x_wconf 91' lang='lat' dir='ltr'><strong>se</strong></span> <span class='ocrx_word' id='word_1_18' title='bbox 2481 492 2678 547; x_wconf 88' lang='lat' dir='ltr'><strong>habere</strong></span> <span class='ocrx_word' id='word_1_19' title='bbox 2703 493 2931 548; x_wconf 70' lang='lat' dir='ltr'><strong>:rstimat</strong></span> <span class='ocrx_word' id='word_1_20' title='bbox 2964 496 3104 564; x_wconf 77' lang='lat' dir='ltr'><strong>quod</strong></span> <span class='ocrx_word' id='word_1_21' title='bbox 3137 497 3312 553; x_wconf 90' lang='lat' dir='ltr'><strong>habet.</strong></span> <span class='ocrx_word' id='word_1_22' title='bbox 3349 500 3464 568; x_wconf 84' lang='lat' dir='ltr'><strong>Quo</strong></span> 
     </span>
    </p>
   </div>
   <div class='ocr_carea' id='block_1_5' title="bbox 181 585 1002 645">
    <p class='ocr_par' dir='ltr' id='par_1_5' title="bbox 181 585 1002 645">
     <span class='ocr_line' id='line_1_5' title="bbox 181 585 1002 645; baseline -0.004 -3"><span class='ocrx_word' id='word_1_23' title='bbox 181 587 320 645; x_wconf 83' lang='lat' dir='ltr'><strong>rius</strong></span> <span class='ocrx_word' id='word_1_24' title='bbox 344 601 443 643; x_wconf 88' lang='lat' dir='ltr'><strong>cor</strong></span> <span class='ocrx_word' id='word_1_25' title='bbox 461 585 722 642; x_wconf 72' lang='lat' dir='ltr'><strong>auditoris</strong></span> <span class='ocrx_word' id='word_1_26' title='bbox 752 586 1002 642; x_wconf 78' lang='lat' dir='ltr'><strong>illustrat.</strong></span> 
     </span>
    </p>
   </div>
   <div class='ocr_carea' id='block_1_6' title="bbox 719 671 1262 728">
    <p class='ocr_par' dir='ltr' id='par_1_6' title="bbox 719 671 1262 728">
     <span class='ocr_line' id='line_1_6' title="bbox 719 671 1262 728; baseline 0 -2"><span class='ocrx_word' id='word_1_27' title='bbox 719 671 999 728; x_wconf 79' lang='lat' dir='ltr'><strong>llOMlLIA</strong></span> <span class='ocrx_word' id='word_1_28' title='bbox 1034 671 1262 728; x_wconf 74' lang='lat' dir='ltr'><strong>CXXIII.</strong></span> 
     </span>
    </p>
   </div>
   <div class='ocr_carea' id='block_1_7' title="bbox 391 777 1589 822">
    <p class='ocr_par' dir='ltr' id='par_1_7' title="bbox 391 777 1589 822">
     <span class='ocr_line' id='line_1_7' title="bbox 391 777 1589 822; baseline 0.003 -4"><span class='ocrx_word' id='word_1_29' title='bbox 391 777 644 819; x_wconf 65' lang='lat' dir='ltr'><strong>DOIINICA</strong></span> <span class='ocrx_word' id='word_1_30' title='bbox 678 778 977 820; x_wconf 65' lang='lat' dir='ltr'><strong>DUODECIMA</strong></span> <span class='ocrx_word' id='word_1_31' title='bbox 1020 779 1151 819; x_wconf 85' lang='lat' dir='ltr'><strong>POS&#39;I&#39;</strong></span> <span class='ocrx_word' id='word_1_32' title='bbox 1193 780 1589 822; x_wconf 66' lang='lat' dir='ltr'><strong>PENTECOSI‘EN.</strong></span> 
     </span>
    </p>
   </div>
   <div class='ocr_carea' id='block_1_8' title="bbox 272 854 1779 930">
    <p class='ocr_par' dir='ltr' id='par_1_8' title="bbox 272 854 1779 930">
     <span class='ocr_line' id='line_1_8' title="bbox 272 854 1779 930; baseline 0.002 -18"><span class='ocrx_word' id='word_1_33' title='bbox 272 856 427 925; x_wconf 76' lang='lat' dir='ltr'><strong>(Luc.</strong></span> <span class='ocrx_word' id='word_1_34' title='bbox 461 854 635 926; x_wconf 77' lang='lat' dir='ltr'><strong>xvnt.)</strong></span> <span class='ocrx_word' id='word_1_35' title='bbox 671 873 690 907; x_wconf 81' lang='grc' dir='ltr'><strong>ι</strong></span> <span class='ocrx_word' id='word_1_36' title='bbox 728 855 784 910; x_wconf 90' lang='lat' dir='ltr'><strong>In</strong></span> <span class='ocrx_word' id='word_1_37' title='bbox 817 855 908 910; x_wconf 91' lang='lat' dir='ltr'><strong>illo</strong></span> <span class='ocrx_word' id='word_1_38' title='bbox 931 864 1168 926; x_wconf 86' lang='lat' dir='ltr'><strong>tempore</strong></span> <span class='ocrx_word' id='word_1_39' title='bbox 1187 857 1324 912; x_wconf 82' lang='lat' dir='ltr'><strong>dixit</strong></span> <span class='ocrx_word' id='word_1_40' title='bbox 1353 856 1508 914; x_wconf 70' lang='lat' dir='ltr'><strong>Iesus</strong></span> <span class='ocrx_word' id='word_1_41' title='bbox 1533 859 1598 913; x_wconf 91' lang='lat' dir='ltr'><strong>ad</strong></span> <span class='ocrx_word' id='word_1_42' title='bbox 1619 875 1779 930; x_wconf 88' lang='lat' dir='ltr'><strong>quos-</strong></span> 
     </span>
    </p>
   </div>
   <div class='ocr_carea' id='block_1_9' title="bbox 183 945 1783 1022">
    <p class='ocr_par' dir='ltr' id='par_1_9' title="bbox 183 945 1783 1022">
     <span class='ocr_line' id='line_1_9' title="bbox 183 945 1783 1022; baseline 0.005 -24"><span class='ocrx_word' id='word_1_43' title='bbox 183 968 208 998; x_wconf 74' lang='grc' dir='ltr'><strong>ε</strong></span> <span class='ocrx_word' id='word_1_44' title='bbox 269 947 417 1012; x_wconf 85' lang='lat' dir='ltr'><strong>dam,</strong></span> <span class='ocrx_word' id='word_1_45' title='bbox 448 949 538 1018; x_wconf 88' lang='lat' dir='ltr'><strong>qui</strong></span> <span class='ocrx_word' id='word_1_46' title='bbox 563 947 615 1001; x_wconf 92' lang='lat' dir='ltr'><strong>in</strong></span> <span class='ocrx_word' id='word_1_47' title='bbox 642 961 701 1002; x_wconf 88' lang='lat' dir='ltr'><strong>se</strong></span> <span class='ocrx_word' id='word_1_48' title='bbox 717 945 1057 1002; x_wconf 90' lang='lat' dir='ltr'><strong>conﬁdebant</strong></span> <span class='ocrx_word' id='word_1_49' title='bbox 1076 956 1330 1018; x_wconf 90' lang='lat' dir='ltr'><strong>tanquam</strong></span> <span class='ocrx_word' id='word_1_50' title='bbox 1353 947 1508 1017; x_wconf 87' lang='lat' dir='ltr'><strong>justi,</strong></span> <span class='ocrx_word' id='word_1_51' title='bbox 1529 959 1583 1004; x_wconf 90' lang='lat' dir='ltr'><strong>et</strong></span> <span class='ocrx_word' id='word_1_52' title='bbox 1601 965 1783 1022; x_wconf 84' lang='lat' dir='ltr'><strong>asper-</strong></span> 
     </span>
    </p>
   </div>
   <div class='ocr_carea' id='block_1_10' title="bbox 184 1036 1782 1106">
    <p class='ocr_par' dir='ltr' id='par_1_10' title="bbox 184 1036 1782 1106">
     <span class='ocr_line' id='line_1_10' title="bbox 184 1036 1782 1106; baseline 0.007 -18"><span class='ocrx_word' id='word_1_53' title='bbox 184 1056 207 1088; x_wconf 76' lang='grc' dir='ltr'><strong>σ</strong></span> <span class='ocrx_word' id='word_1_54' title='bbox 269 1038 542 1092; x_wconf 90' lang='lat' dir='ltr'><strong>nabantur</strong></span> <span class='ocrx_word' id='word_1_55' title='bbox 561 1046 804 1101; x_wconf 60' lang='lat' dir='ltr'><strong>caeteros,</strong></span> <span class='ocrx_word' id='word_1_56' title='bbox 837 1036 1144 1106; x_wconf 87' lang='lat' dir='ltr'><strong>parabolam</strong></span> <span class='ocrx_word' id='word_1_57' title='bbox 1176 1038 1316 1094; x_wconf 90' lang='lat' dir='ltr'><strong>hanc</strong></span> <span class='ocrx_word' id='word_1_58' title='bbox 1344 1058 1357 1093; x_wconf 93' lang='lat'><strong>:</strong></span> <span class='ocrx_word' id='word_1_59' title='bbox 1393 1039 1508 1094; x_wconf 88' lang='lat' dir='ltr'><strong>Duo</strong></span> <span class='ocrx_word' id='word_1_60' title='bbox 1536 1041 1782 1099; x_wconf 84' lang='lat' dir='ltr'><strong>homines</strong></span> 
     </span>
    </p>
   </div>
   <div class='ocr_carea' id='block_1_11' title="bbox 184 1128 1780 1200">
    <p class='ocr_par' dir='ltr' id='par_1_11' title="bbox 184 1128 1780 1200">
     <span class='ocr_line' id='line_1_11' title="bbox 184 1128 1780 1200; baseline 0.006 -22"><span class='ocrx_word' id='word_1_61' title='bbox 184 1148 206 1178; x_wconf 74' lang='grc' dir='ltr'><strong>ι</strong></span> <span class='ocrx_word' id='word_1_62' title='bbox 265 1128 631 1183; x_wconf 88' lang='lat' dir='ltr'><strong>ascenderunt</strong></span> <span class='ocrx_word' id='word_1_63' title='bbox 669 1128 723 1182; x_wconf 91' lang='lat' dir='ltr'><strong>in</strong></span> <span class='ocrx_word' id='word_1_64' title='bbox 764 1128 1041 1198; x_wconf 82' lang='lat' dir='ltr'><strong>templum.</strong></span> <span class='ocrx_word' id='word_1_65' title='bbox 1091 1148 1109 1182; x_wconf 81' lang='grc' dir='ltr'><strong>ι</strong></span> <span class='ocrx_word' id='word_1_66' title='bbox 1145 1129 1210 1184; x_wconf 86' lang='lat' dir='ltr'><strong>Et</strong></span> <span class='ocrx_word' id='word_1_67' title='bbox 1248 1130 1472 1200; x_wconf 89' lang='lat' dir='ltr'><strong>reliqua.</strong></span> <span class='ocrx_word' id='word_1_68' title='bbox 1507 1131 1564 1186; x_wconf 90' lang='lat' dir='ltr'><strong>ln</strong></span> <span class='ocrx_word' id='word_1_69' title='bbox 1597 1132 1780 1189; x_wconf 87' lang='lat' dir='ltr'><strong>multis</strong></span> 
     </span>
    </p>
   </div>
   <div class='ocr_carea' id='block_1_12' title="bbox 176 1221 1782 1292">
    <p class='ocr_par' dir='ltr' id='par_1_12' title="bbox 176 1221 1782 1292">
     <span class='ocr_line' id='line_1_12' title="bbox 176 1221 1782 1292; baseline 0.005 -19"><span class='ocrx_word' id='word_1_70' title='bbox 176 1223 334 1278; x_wconf 78' lang='lat' dir='ltr'><strong>iocis</strong></span> <span class='ocrx_word' id='word_1_71' title='bbox 383 1237 536 1278; x_wconf 88' lang='lat' dir='ltr'><strong>sacra</strong></span> <span class='ocrx_word' id='word_1_72' title='bbox 587 1221 888 1292; x_wconf 84' lang='lat' dir='ltr'><strong>Scriptura,</strong></span> <span class='ocrx_word' id='word_1_73' title='bbox 946 1235 1202 1292; x_wconf 91' lang='lat' dir='ltr'><strong>quantum</strong></span> <span class='ocrx_word' id='word_1_74' title='bbox 1243 1224 1416 1279; x_wconf 91' lang='lat' dir='ltr'><strong>virtus</strong></span> <span class='ocrx_word' id='word_1_75' title='bbox 1463 1225 1782 1281; x_wconf 86' lang='lat' dir='ltr'><strong>humilitatis</strong></span> 
     </span>
    </p>
   </div>
   <div class='ocr_carea' id='block_1_13' title="bbox 173 1314 1778 1386">
    <p class='ocr_par' dir='ltr' id='par_1_13' title="bbox 173 1314 1778 1386">
     <span class='ocr_line' id='line_1_13' title="bbox 173 1314 1778 1386; baseline 0.004 -19"><span class='ocrx_word' id='word_1_76' title='bbox 173 1314 510 1369; x_wconf 74' lang='lat' dir='ltr'><strong>iumtinihus</strong></span> <span class='ocrx_word' id='word_1_77' title='bbox 539 1314 729 1384; x_wconf 80' lang='lat' dir='ltr'><strong>prosit,</strong></span> <span class='ocrx_word' id='word_1_78' title='bbox 759 1324 1088 1384; x_wconf 81' lang='lat' dir='ltr'><strong>quantumve</strong></span> <span class='ocrx_word' id='word_1_79' title='bbox 1129 1317 1349 1372; x_wconf 85' lang='lat' dir='ltr'><strong>morbus</strong></span> <span class='ocrx_word' id='word_1_80' title='bbox 1377 1318 1640 1386; x_wconf 78' lang='lat' dir='ltr'><strong>superbia:</strong></span> <span class='ocrx_word' id='word_1_81' title='bbox 1679 1333 1778 1374; x_wconf 90' lang='lat' dir='ltr'><strong>no-</strong></span> 
     </span>
    </p>
   </div>
   <div class='ocr_carea' id='block_1_14' title="bbox 175 1403 1781 1475">
    <p class='ocr_par' dir='ltr' id='par_1_14' title="bbox 175 1403 1781 1475">
     <span class='ocr_line' id='line_1_14' title="bbox 175 1403 1781 1475; baseline 0.003 -17"><span class='ocrx_word' id='word_1_82' title='bbox 175 1412 335 1469; x_wconf 85' lang='lat' dir='ltr'><strong>ceat,</strong></span> <span class='ocrx_word' id='word_1_83' title='bbox 367 1403 636 1469; x_wconf 85' lang='lat' dir='ltr'><strong>ostendit;</strong></span> <span class='ocrx_word' id='word_1_84' title='bbox 664 1405 935 1475; x_wconf 81' lang='lat' dir='ltr'><strong>praecipue</strong></span> <span class='ocrx_word' id='word_1_85' title='bbox 974 1415 1151 1460; x_wconf 91' lang='lat' dir='ltr'><strong>tamen</strong></span> <span class='ocrx_word' id='word_1_86' title='bbox 1183 1406 1236 1460; x_wconf 90' lang='lat' dir='ltr'><strong>in</strong></span> <span class='ocrx_word' id='word_1_87' title='bbox 1269 1407 1369 1461; x_wconf 90' lang='lat' dir='ltr'><strong>hac</strong></span> <span class='ocrx_word' id='word_1_88' title='bbox 1389 1407 1650 1472; x_wconf 86' lang='lat' dir='ltr'><strong>lectione,</strong></span> <span class='ocrx_word' id='word_1_89' title='bbox 1681 1408 1781 1463; x_wconf 86' lang='lat' dir='ltr'><strong>sub</strong></span> 
     </span>
    </p>
   </div>
   <div class='ocr_carea' id='block_1_15' title="bbox 174 1494 1778 1567">
    <p class='ocr_par' dir='ltr' id='par_1_15' title="bbox 174 1494 1778 1567">
     <span class='ocr_line' id='line_1_15' title="bbox 174 1494 1778 1567; baseline 0.004 -20"><span class='ocrx_word' id='word_1_90' title='bbox 174 1495 426 1550; x_wconf 86' lang='lat' dir='ltr'><strong>duorum</strong></span> <span class='ocrx_word' id='word_1_91' title='bbox 470 1494 748 1550; x_wconf 89' lang='lat' dir='ltr'><strong>hominum</strong></span> <span class='ocrx_word' id='word_1_92' title='bbox 792 1497 1040 1567; x_wconf 82' lang='lat' dir='ltr'><strong>exemplo</strong></span> <span class='ocrx_word' id='word_1_93' title='bbox 1087 1498 1188 1552; x_wconf 89' lang='lat' dir='ltr'><strong>hoc</strong></span> <span class='ocrx_word' id='word_1_94' title='bbox 1231 1497 1488 1551; x_wconf 89' lang='lat' dir='ltr'><strong>Dominus</strong></span> <span class='ocrx_word' id='word_1_95' title='bbox 1517 1497 1778 1566; x_wconf 90' lang='lat' dir='ltr'><strong>declarat,</strong></span> 
     </span>
    </p>
   </div>
   <div class='ocr_carea' id='block_1_16' title="bbox 175 1584 1780 1654">
    <p class='ocr_par' dir='ltr' id='par_1_16' title="bbox 175 1584 1780 1654">
     <span class='ocr_line' id='line_1_16' title="bbox 175 1584 1780 1654; baseline 0.005 -18"><span class='ocrx_word' id='word_1_96' title='bbox 175 1584 446 1654; x_wconf 73' lang='lat' dir='ltr'><strong>phariszei</strong></span> <span class='ocrx_word' id='word_1_97' title='bbox 475 1584 700 1650; x_wconf 86' lang='lat' dir='ltr'><strong>scilicet,</strong></span> <span class='ocrx_word' id='word_1_98' title='bbox 726 1585 791 1640; x_wconf 93' lang='lat' dir='ltr'><strong>de</strong></span> <span class='ocrx_word' id='word_1_99' title='bbox 813 1585 925 1641; x_wconf 84' lang='lat' dir='ltr'><strong>suis</strong></span> <span class='ocrx_word' id='word_1_100' title='bbox 946 1588 1152 1642; x_wconf 85' lang='lat' dir='ltr'><strong>meritis</strong></span> <span class='ocrx_word' id='word_1_101' title='bbox 1183 1587 1416 1643; x_wconf 83' lang='lat' dir='ltr'><strong>inaniter</strong></span> <span class='ocrx_word' id='word_1_102' title='bbox 1437 1605 1494 1642; x_wconf 86' lang='lat' dir='ltr'><strong>se</strong></span> <span class='ocrx_word' id='word_1_103' title='bbox 1519 1589 1780 1644; x_wconf 78' lang='lat' dir='ltr'><strong>extollen-</strong></span> 
     </span>
    </p>
   </div>
   <div class='ocr_carea' id='block_1_17' title="bbox 179 1674 1774 1746">
    <p class='ocr_par' dir='ltr' id='par_1_17' title="bbox 179 1674 1774 1746">
     <span class='ocr_line' id='line_1_17' title="bbox 179 1674 1774 1746; baseline 0.005 -18"><span class='ocrx_word' id='word_1_104' title='bbox 179 1674 298 1740; x_wconf 87' lang='lat' dir='ltr'><strong>tis;</strong></span> <span class='ocrx_word' id='word_1_105' title='bbox 331 1686 384 1729; x_wconf 91' lang='lat' dir='ltr'><strong>et</strong></span> <span class='ocrx_word' id='word_1_106' title='bbox 424 1675 690 1745; x_wconf 90' lang='lat' dir='ltr'><strong>publicani</strong></span> <span class='ocrx_word' id='word_1_107' title='bbox 726 1690 822 1730; x_wconf 90' lang='lat' dir='ltr'><strong>sua</strong></span> <span class='ocrx_word' id='word_1_108' title='bbox 866 1688 1087 1746; x_wconf 89' lang='lat' dir='ltr'><strong>peccata</strong></span> <span class='ocrx_word' id='word_1_109' title='bbox 1130 1679 1407 1733; x_wconf 87' lang='lat' dir='ltr'><strong>hmniliter</strong></span> <span class='ocrx_word' id='word_1_110' title='bbox 1440 1681 1774 1737; x_wconf 77' lang='lat' dir='ltr'><strong>confitentis.</strong></span> 
     </span>
    </p>
   </div>
   <div class='ocr_carea' id='block_1_18' title="bbox 179 1764 1774 1841">
    <p class='ocr_par' dir='ltr' id='par_1_18' title="bbox 179 1764 1774 1841">
     <span class='ocr_line' id='line_1_18' title="bbox 179 1764 1774 1841; baseline 0.004 -23"><span class='ocrx_word' id='word_1_111' title='bbox 179 1765 285 1818; x_wconf 77' lang='lat' dir='ltr'><strong>Ait</strong></span> <span class='ocrx_word' id='word_1_112' title='bbox 309 1765 455 1820; x_wconf 90' lang='lat' dir='ltr'><strong>enim</strong></span> <span class='ocrx_word' id='word_1_113' title='bbox 481 1783 493 1818; x_wconf 90' lang='lat'><strong>:</strong></span> <span class='ocrx_word' id='word_1_114' title='bbox 524 1784 541 1815; x_wconf 76' lang='grc' dir='ltr'><strong>ι</strong></span> <span class='ocrx_word' id='word_1_115' title='bbox 568 1764 682 1821; x_wconf 90' lang='lat' dir='ltr'><strong>Duo</strong></span> <span class='ocrx_word' id='word_1_116' title='bbox 705 1766 950 1822; x_wconf 90' lang='lat' dir='ltr'><strong>homines</strong></span> <span class='ocrx_word' id='word_1_117' title='bbox 979 1770 1336 1823; x_wconf 86' lang='lat' dir='ltr'><strong>ascenderunt</strong></span> <span class='ocrx_word' id='word_1_118' title='bbox 1366 1771 1415 1822; x_wconf 89' lang='lat' dir='ltr'><strong>in</strong></span> <span class='ocrx_word' id='word_1_119' title='bbox 1444 1771 1718 1841; x_wconf 82' lang='lat' dir='ltr'><strong>templum.</strong></span> <span class='ocrx_word' id='word_1_120' title='bbox 1754 1791 1774 1824; x_wconf 69' lang='grc' dir='ltr'><strong>ι</strong></span> 
     </span>
    </p>
   </div>
   <div class='ocr_carea' id='block_1_19' title="bbox 1885 583 3464 659">
    <p class='ocr_par' dir='ltr' id='par_1_19' title="bbox 1885 583 3464 659">
     <span class='ocr_line' id='line_1_19' title="bbox 1885 583 3464 659; baseline 0.006 -22"><span class='ocrx_word' id='word_1_121' title='bbox 1885 583 2363 652; x_wconf 84' lang='lat' dir='ltr'><strong>morbojactantia:</strong></span> <span class='ocrx_word' id='word_1_122' title='bbox 2416 584 2515 639; x_wconf 90' lang='lat' dir='ltr'><strong>iste</strong></span> <span class='ocrx_word' id='word_1_123' title='bbox 2540 583 2842 640; x_wconf 63' lang='lat' dir='ltr'><strong>Pharis-mus</strong></span> <span class='ocrx_word' id='word_1_124' title='bbox 2873 585 3170 654; x_wconf 71' lang='lat' dir='ltr'><strong>laborabat,</strong></span> <span class='ocrx_word' id='word_1_125' title='bbox 3219 590 3310 659; x_wconf 89' lang='lat' dir='ltr'><strong>qui</strong></span> <span class='ocrx_word' id='word_1_126' title='bbox 3359 606 3464 647; x_wconf 89' lang='lat' dir='ltr'><strong>non</strong></span> 
     </span>
    </p>
   </div>
   <div class='ocr_carea' id='block_1_20' title="bbox 1880 673 3466 749">
    <p class='ocr_par' dir='ltr' id='par_1_20' title="bbox 1880 673 3466 749">
     <span class='ocr_line' id='line_1_20' title="bbox 1880 673 3466 749; baseline 0.008 -21"><span class='ocrx_word' id='word_1_127' title='bbox 1880 673 2053 728; x_wconf 88' lang='lat' dir='ltr'><strong>solum</strong></span> <span class='ocrx_word' id='word_1_128' title='bbox 2082 673 2365 743; x_wconf 87' lang='lat' dir='ltr'><strong>publicano</strong></span> <span class='ocrx_word' id='word_1_129' title='bbox 2393 673 2670 728; x_wconf 84' lang='lat' dir='ltr'><strong>humiliter</strong></span> <span class='ocrx_word' id='word_1_130' title='bbox 2712 677 2887 731; x_wconf 88' lang='lat' dir='ltr'><strong>oranti</strong></span> <span class='ocrx_word' id='word_1_131' title='bbox 2917 692 2976 732; x_wconf 91' lang='lat' dir='ltr'><strong>se</strong></span> <span class='ocrx_word' id='word_1_132' title='bbox 2999 679 3342 749; x_wconf 69' lang='lat' dir='ltr'><strong>prteferebat,</strong></span> <span class='ocrx_word' id='word_1_133' title='bbox 3370 683 3466 739; x_wconf 83' lang='lat' dir='ltr'><strong>sed</strong></span> 
     </span>
    </p>
   </div>
   <div class='ocr_carea' id='block_1_21' title="bbox 1879 763 3466 842">
    <p class='ocr_par' dir='ltr' id='par_1_21' title="bbox 1879 763 3466 842">
     <span class='ocr_line' id='line_1_21' title="bbox 1879 763 3466 842; baseline 0.005 -24"><span class='ocrx_word' id='word_1_134' title='bbox 1879 764 2042 818; x_wconf 89' lang='lat' dir='ltr'><strong>etiam</strong></span> <span class='ocrx_word' id='word_1_135' title='bbox 2095 764 2306 818; x_wconf 56' lang='lat' dir='ltr'><strong>caeteris</strong></span> <span class='ocrx_word' id='word_1_136' title='bbox 2343 763 2668 829; x_wconf 90' lang='lat' dir='ltr'><strong>hominibus,</strong></span> <span class='ocrx_word' id='word_1_137' title='bbox 2724 764 2945 821; x_wconf 87' lang='lat' dir='ltr'><strong>dicens:</strong></span> <span class='ocrx_word' id='word_1_138' title='bbox 2996 786 3014 818; x_wconf 75' lang='grc' dir='ltr'><strong>ι</strong></span> <span class='ocrx_word' id='word_1_139' title='bbox 3049 769 3212 835; x_wconf 90' lang='lat' dir='ltr'><strong>Deus,</strong></span> <span class='ocrx_word' id='word_1_140' title='bbox 3263 772 3466 842; x_wconf 76' lang='lat' dir='ltr'><strong>gratia;</strong></span> 
     </span>
    </p>
   </div>
   <div class='ocr_carea' id='block_1_22' title="bbox 1882 854 3466 924">
    <p class='ocr_par' dir='ltr' id='par_1_22' title="bbox 1882 854 3466 924">
     <span class='ocr_line' id='line_1_22' title="bbox 1882 854 3466 924; baseline 0.004 -17"><span class='ocrx_word' id='word_1_141' title='bbox 1882 869 1983 924; x_wconf 82' lang='lat' dir='ltr'><strong>ago</strong></span> <span class='ocrx_word' id='word_1_142' title='bbox 2018 854 2135 918; x_wconf 90' lang='lat' dir='ltr'><strong>tibi,</strong></span> <span class='ocrx_word' id='word_1_143' title='bbox 2163 855 2288 924; x_wconf 90' lang='lat' dir='ltr'><strong>quia</strong></span> <span class='ocrx_word' id='word_1_144' title='bbox 2317 870 2423 909; x_wconf 90' lang='lat' dir='ltr'><strong>non</strong></span> <span class='ocrx_word' id='word_1_145' title='bbox 2447 869 2563 909; x_wconf 92' lang='lat' dir='ltr'><strong>sum</strong></span> <span class='ocrx_word' id='word_1_146' title='bbox 2593 855 2733 908; x_wconf 90' lang='lat' dir='ltr'><strong>sicut</strong></span> <span class='ocrx_word' id='word_1_147' title='bbox 2757 857 2937 911; x_wconf 67' lang='lat' dir='ltr'><strong>caueri</strong></span> <span class='ocrx_word' id='word_1_148' title='bbox 2968 859 3266 914; x_wconf 85' lang='lat' dir='ltr'><strong>hominum.</strong></span> <span class='ocrx_word' id='word_1_149' title='bbox 3303 877 3322 912; x_wconf 71' lang='grc' dir='ltr'><strong>ι</strong></span> <span class='ocrx_word' id='word_1_150' title='bbox 3357 861 3466 915; x_wconf 82' lang='lat' dir='ltr'><strong>Ad-</strong></span> 
     </span>
    </p>
   </div>
   <div class='ocr_carea' id='block_1_23' title="bbox 1881 945 3463 1016">
    <p class='ocr_par' dir='ltr' id='par_1_23' title="bbox 1881 945 3463 1016">
     <span class='ocr_line' id='line_1_23' title="bbox 1881 945 3463 1016; baseline 0.004 -16"><span class='ocrx_word' id='word_1_151' title='bbox 1881 945 1987 1000; x_wconf 90' lang='lat' dir='ltr'><strong>huc</strong></span> <span class='ocrx_word' id='word_1_152' title='bbox 2011 946 2172 1000; x_wconf 89' lang='lat' dir='ltr'><strong>etiam</strong></span> <span class='ocrx_word' id='word_1_153' title='bbox 2199 947 2365 1015; x_wconf 87' lang='lat' dir='ltr'><strong>ipsam</strong></span> <span class='ocrx_word' id='word_1_154' title='bbox 2397 945 2593 1000; x_wconf 88' lang='lat' dir='ltr'><strong>mentis</strong></span> <span class='ocrx_word' id='word_1_155' title='bbox 2612 946 2926 1016; x_wconf 89' lang='lat' dir='ltr'><strong>jactantiam</strong></span> <span class='ocrx_word' id='word_1_156' title='bbox 2956 947 3260 1006; x_wconf 67' lang='lat' dir='ltr'><strong>Phariszcus</strong></span> <span class='ocrx_word' id='word_1_157' title='bbox 3287 953 3463 1008; x_wconf 84' lang='lat' dir='ltr'><strong>verbis</strong></span> 
     </span>
    </p>
   </div>
   <div class='ocr_carea' id='block_1_24' title="bbox 1883 1035 2553 1107">
    <p class='ocr_par' dir='ltr' id='par_1_24' title="bbox 1883 1035 2553 1107">
     <span class='ocr_line' id='line_1_24' title="bbox 1883 1035 2553 1107; baseline 0.001 -19"><span class='ocrx_word' id='word_1_158' title='bbox 1883 1035 2072 1105; x_wconf 86' lang='lat' dir='ltr'><strong>aperit,</strong></span> <span class='ocrx_word' id='word_1_159' title='bbox 2102 1051 2224 1091; x_wconf 90' lang='lat' dir='ltr'><strong>cum</strong></span> <span class='ocrx_word' id='word_1_160' title='bbox 2251 1036 2553 1107; x_wconf 83' lang='lat' dir='ltr'><strong>subjungit:</strong></span> 
     </span>
    </p>
   </div>
   <div class='ocr_carea' id='block_1_25' title="bbox 1959 1127 3467 1203">
    <p class='ocr_par' dir='ltr' id='par_1_25' title="bbox 1959 1127 3467 1203">
     <span class='ocr_line' id='line_1_25' title="bbox 1959 1127 3467 1203; baseline 0.009 -27"><span class='ocrx_word' id='word_1_161' title='bbox 1959 1144 1977 1176; x_wconf 76' lang='grc' dir='ltr'><em>ε</em></span> <span class='ocrx_word' id='word_1_162' title='bbox 2008 1127 2200 1196; x_wconf 85' lang='lat' dir='ltr'><strong>Jejuno</strong></span> <span class='ocrx_word' id='word_1_163' title='bbox 2231 1128 2312 1182; x_wconf 91' lang='lat' dir='ltr'><strong>bis</strong></span> <span class='ocrx_word' id='word_1_164' title='bbox 2358 1127 2410 1181; x_wconf 92' lang='lat' dir='ltr'><strong>in</strong></span> <span class='ocrx_word' id='word_1_165' title='bbox 2441 1129 2686 1194; x_wconf 88' lang='lat' dir='ltr'><strong>sabbato,</strong></span> <span class='ocrx_word' id='word_1_166' title='bbox 2717 1130 2950 1185; x_wconf 84' lang='lat' dir='ltr'><strong>decimas</strong></span> <span class='ocrx_word' id='word_1_167' title='bbox 2979 1131 3046 1187; x_wconf 89' lang='lat' dir='ltr'><strong>do</strong></span> <span class='ocrx_word' id='word_1_168' title='bbox 3073 1148 3313 1188; x_wconf 90' lang='lat' dir='ltr'><strong>ommum</strong></span> <span class='ocrx_word' id='word_1_169' title='bbox 3347 1149 3467 1203; x_wconf 78' lang='lat' dir='ltr'><strong>qua:</strong></span> 
     </span>
    </p>
   </div>
   <div class='ocr_carea' id='block_1_26' title="bbox 1887 1217 3466 1290">
    <p class='ocr_par' dir='ltr' id='par_1_26' title="bbox 1887 1217 3466 1290">
     <span class='ocr_line' id='line_1_26' title="bbox 1887 1217 3466 1290; baseline 0.007 -22"><span class='ocrx_word' id='word_1_170' title='bbox 1887 1235 1906 1268; x_wconf 79' lang='grc' dir='ltr'><strong>ι</strong></span> <span class='ocrx_word' id='word_1_171' title='bbox 1949 1218 2219 1286; x_wconf 86' lang='lat' dir='ltr'><strong>possideo.</strong></span> <span class='ocrx_word' id='word_1_172' title='bbox 2252 1237 2271 1271; x_wconf 72' lang='grc' dir='ltr'><strong>ι</strong></span> <span class='ocrx_word' id='word_1_173' title='bbox 2300 1217 2453 1285; x_wconf 82' lang='lat' dir='ltr'><strong>Quod</strong></span> <span class='ocrx_word' id='word_1_174' title='bbox 2482 1219 2592 1276; x_wconf 86' lang='lat' dir='ltr'><strong>ait:</strong></span> <span class='ocrx_word' id='word_1_175' title='bbox 2616 1239 2634 1271; x_wconf 77' lang='grc' dir='ltr'><strong>ι</strong></span> <span class='ocrx_word' id='word_1_176' title='bbox 2661 1219 2852 1290; x_wconf 87' lang='lat' dir='ltr'><strong>Jejuno</strong></span> <span class='ocrx_word' id='word_1_177' title='bbox 2878 1221 2961 1276; x_wconf 91' lang='lat' dir='ltr'><strong>bis</strong></span> <span class='ocrx_word' id='word_1_178' title='bbox 2985 1222 3036 1276; x_wconf 92' lang='lat' dir='ltr'><strong>in</strong></span> <span class='ocrx_word' id='word_1_179' title='bbox 3062 1225 3305 1290; x_wconf 86' lang='lat' dir='ltr'><strong>sabbato,</strong></span> <span class='ocrx_word' id='word_1_180' title='bbox 3333 1245 3352 1276; x_wconf 73' lang='grc' dir='ltr'><strong><em>ο</em></strong></span> <span class='ocrx_word' id='word_1_181' title='bbox 3381 1227 3466 1280; x_wconf 84' lang='lat' dir='ltr'><strong>in‘-</strong></span> 
     </span>
    </p>
   </div>
   <div class='ocr_carea' id='block_1_27' title="bbox 1882 1309 3467 1386">
    <p class='ocr_par' dir='ltr' id='par_1_27' title="bbox 1882 1309 3467 1386">
     <span class='ocr_line' id='line_1_27' title="bbox 1882 1309 3467 1386; baseline 0.004 -22"><span class='ocrx_word' id='word_1_182' title='bbox 1882 1309 2227 1380; x_wconf 82' lang='lat' dir='ltr'><strong>telligendum</strong></span> <span class='ocrx_word' id='word_1_183' title='bbox 2265 1318 2350 1365; x_wconf 90' lang='lat' dir='ltr'><strong>est</strong></span> <span class='ocrx_word' id='word_1_184' title='bbox 2376 1309 2430 1364; x_wconf 92' lang='lat' dir='ltr'><strong>in</strong></span> <span class='ocrx_word' id='word_1_185' title='bbox 2462 1310 2816 1366; x_wconf 87' lang='lat' dir='ltr'><strong>hebdomada.</strong></span> <span class='ocrx_word' id='word_1_186' title='bbox 2855 1311 2952 1366; x_wconf 89' lang='lat' dir='ltr'><strong>Ubi</strong></span> <span class='ocrx_word' id='word_1_187' title='bbox 2981 1327 3168 1368; x_wconf 92' lang='lat' dir='ltr'><strong>eorum</strong></span> <span class='ocrx_word' id='word_1_188' title='bbox 3215 1316 3467 1386; x_wconf 86' lang='lat' dir='ltr'><strong>tepiditas</strong></span> 
     </span>
    </p>
   </div>
   <div class='ocr_carea' id='block_1_28' title="bbox 1883 1401 3468 1471">
    <p class='ocr_par' dir='ltr' id='par_1_28' title="bbox 1883 1401 3468 1471">
     <span class='ocr_line' id='line_1_28' title="bbox 1883 1401 3468 1471; baseline 0.002 -14"><span class='ocrx_word' id='word_1_189' title='bbox 1883 1401 2241 1471; x_wconf 84' lang='lat' dir='ltr'><strong>redarguitur,</strong></span> <span class='ocrx_word' id='word_1_190' title='bbox 2271 1401 2363 1471; x_wconf 91' lang='lat' dir='ltr'><strong>qui</strong></span> <span class='ocrx_word' id='word_1_191' title='bbox 2407 1401 2570 1456; x_wconf 87' lang='lat' dir='ltr'><strong>etiam</strong></span> <span class='ocrx_word' id='word_1_192' title='bbox 2626 1403 2881 1456; x_wconf 90' lang='lat' dir='ltr'><strong>indictum</strong></span> <span class='ocrx_word' id='word_1_193' title='bbox 2907 1401 3166 1471; x_wconf 79' lang='lat' dir='ltr'><strong>jejunium</strong></span> <span class='ocrx_word' id='word_1_194' title='bbox 3206 1405 3257 1459; x_wconf 91' lang='lat' dir='ltr'><strong>in</strong></span> <span class='ocrx_word' id='word_1_195' title='bbox 3283 1406 3468 1462; x_wconf 82' lang='lat' dir='ltr'><strong>Eccle-</strong></span> 
     </span>
    </p>
   </div>
   <div class='ocr_carea' id='block_1_29' title="bbox 1881 1491 3468 1562">
    <p class='ocr_par' dir='ltr' id='par_1_29' title="bbox 1881 1491 3468 1562">
     <span class='ocr_line' id='line_1_29' title="bbox 1881 1491 3468 1562; baseline 0.002 -14"><span class='ocrx_word' id='word_1_196' title='bbox 1881 1493 1960 1548; x_wconf 85' lang='lat' dir='ltr'><strong>sia</strong></span> <span class='ocrx_word' id='word_1_197' title='bbox 2024 1491 2226 1546; x_wconf 89' lang='lat' dir='ltr'><strong>violare</strong></span> <span class='ocrx_word' id='word_1_198' title='bbox 2276 1501 2628 1562; x_wconf 86' lang='lat' dir='ltr'><strong>praesumunt.</strong></span> <span class='ocrx_word' id='word_1_199' title='bbox 2659 1491 2884 1547; x_wconf 84' lang='lat' dir='ltr'><strong>Frustra</strong></span> <span class='ocrx_word' id='word_1_200' title='bbox 2916 1501 3094 1548; x_wconf 89' lang='lat' dir='ltr'><strong>tamen</strong></span> <span class='ocrx_word' id='word_1_201' title='bbox 3138 1494 3374 1551; x_wconf 80' lang='lat' dir='ltr'><strong>decimas</strong></span> <span class='ocrx_word' id='word_1_202' title='bbox 3402 1496 3468 1551; x_wconf 89' lang='lat' dir='ltr'><strong>de</strong></span> 
     </span>
    </p>
   </div>
   <div class='ocr_carea' id='block_1_30' title="bbox 1881 1577 3468 1654">
    <p class='ocr_par' dir='ltr' id='par_1_30' title="bbox 1881 1577 3468 1654">
     <span class='ocr_line' id='line_1_30' title="bbox 1881 1577 3468 1654; baseline 0.003 -16"><span class='ocrx_word' id='word_1_203' title='bbox 1881 1577 2132 1638; x_wconf 80' lang='lat' dir='ltr'><strong>omnibus</strong></span> <span class='ocrx_word' id='word_1_204' title='bbox 2156 1597 2276 1652; x_wconf 84' lang='lat' dir='ltr'><strong>quae</strong></span> <span class='ocrx_word' id='word_1_205' title='bbox 2326 1583 2636 1651; x_wconf 86' lang='lat' dir='ltr'><strong>possidebat</strong></span> <span class='ocrx_word' id='word_1_206' title='bbox 2677 1583 2860 1649; x_wconf 85' lang='lat' dir='ltr'><strong>dabat,</strong></span> <span class='ocrx_word' id='word_1_207' title='bbox 2901 1584 2992 1654; x_wconf 89' lang='lat' dir='ltr'><strong>qui</strong></span> <span class='ocrx_word' id='word_1_208' title='bbox 3025 1593 3260 1640; x_wconf 91' lang='lat' dir='ltr'><strong>mentem</strong></span> <span class='ocrx_word' id='word_1_209' title='bbox 3311 1595 3468 1642; x_wconf 85' lang='lat' dir='ltr'><strong>suam</strong></span> 
     </span>
    </p>
   </div>
   <div class='ocr_carea' id='block_1_31' title="bbox 1883 1674 3468 1737">
    <p class='ocr_par' dir='ltr' id='par_1_31' title="bbox 1883 1674 3468 1737">
     <span class='ocr_line' id='line_1_31' title="bbox 1883 1674 3468 1737; baseline 0.004 -9"><span class='ocrx_word' id='word_1_210' title='bbox 1883 1675 1937 1737; x_wconf 90' lang='lat' dir='ltr'><strong>in</strong></span> <span class='ocrx_word' id='word_1_211' title='bbox 1979 1674 2326 1731; x_wconf 87' lang='lat' dir='ltr'><strong>fundamento</strong></span> <span class='ocrx_word' id='word_1_212' title='bbox 2380 1675 2702 1730; x_wconf 88' lang='lat' dir='ltr'><strong>humilitatis</strong></span> <span class='ocrx_word' id='word_1_213' title='bbox 2753 1691 2859 1730; x_wconf 91' lang='lat' dir='ltr'><strong>non</strong></span> <span class='ocrx_word' id='word_1_214' title='bbox 2912 1677 3295 1734; x_wconf 83' lang='lat' dir='ltr'><strong>collocaverat.</strong></span> <span class='ocrx_word' id='word_1_215' title='bbox 3336 1678 3468 1734; x_wconf 86' lang='lat' dir='ltr'><strong>Erat</strong></span> 
     </span>
    </p>
   </div>
   <div class='ocr_carea' id='block_1_32' title="bbox 1880 1763 3466 1834">
    <p class='ocr_par' dir='ltr' id='par_1_32' title="bbox 1880 1763 3466 1834">
     <span class='ocr_line' id='line_1_32' title="bbox 1880 1763 3466 1834; baseline 0.003 -15"><span class='ocrx_word' id='word_1_216' title='bbox 1880 1765 2026 1820; x_wconf 89' lang='lat' dir='ltr'><strong>enim</strong></span> <span class='ocrx_word' id='word_1_217' title='bbox 2075 1764 2142 1818; x_wconf 89' lang='lat' dir='ltr'><strong>de</strong></span> <span class='ocrx_word' id='word_1_218' title='bbox 2171 1763 2277 1819; x_wconf 89' lang='lat' dir='ltr'><strong>illis</strong></span> <span class='ocrx_word' id='word_1_219' title='bbox 2331 1765 2396 1820; x_wconf 90' lang='lat' dir='ltr'><strong>de</strong></span> <span class='ocrx_word' id='word_1_220' title='bbox 2430 1764 2623 1834; x_wconf 91' lang='lat' dir='ltr'><strong>quibus</strong></span> <span class='ocrx_word' id='word_1_221' title='bbox 2658 1765 2912 1821; x_wconf 91' lang='lat' dir='ltr'><strong>Dominus</strong></span> <span class='ocrx_word' id='word_1_222' title='bbox 2948 1766 3065 1821; x_wconf 87' lang='lat' dir='ltr'><strong>ait:</strong></span> <span class='ocrx_word' id='word_1_223' title='bbox 3105 1786 3126 1820; x_wconf 85' lang='grc'><em>‹</em></span> <span class='ocrx_word' id='word_1_224' title='bbox 3165 1766 3257 1822; x_wconf 79' lang='lat' dir='ltr'><strong>Vae</strong></span> <span class='ocrx_word' id='word_1_225' title='bbox 3291 1769 3466 1834; x_wconf 80' lang='lat' dir='ltr'><strong>vobis,</strong></span> 
     </span>
    </p>
   </div>
   <div class='ocr_carea' id='block_1_33' title="bbox 181 1841 3469 1930">
    <p class='ocr_par' dir='ltr' id='par_1_33' title="bbox 181 1841 3469 1930">
     <span class='ocr_line' id='line_1_33' title="bbox 181 1841 3469 1930; baseline 0.003 -21"><span class='ocrx_word' id='word_1_226' title='bbox 181 1854 374 1926; x_wconf 86' lang='lat' dir='ltr'><strong>Supra</strong></span> <span class='ocrx_word' id='word_1_227' title='bbox 405 1841 586 1910; x_wconf 81' lang='lat' dir='ltr'><strong>retulit</strong></span> <span class='ocrx_word' id='word_1_228' title='bbox 613 1855 931 1927; x_wconf 83' lang='lat' dir='ltr'><strong>Evangetica</strong></span> <span class='ocrx_word' id='word_1_229' title='bbox 955 1858 1135 1924; x_wconf 85' lang='lat' dir='ltr'><strong>lectio,</strong></span> <span class='ocrx_word' id='word_1_230' title='bbox 1164 1861 1397 1930; x_wconf 86' lang='lat' dir='ltr'><strong>quah&#39;ter</strong></span> <span class='ocrx_word' id='word_1_231' title='bbox 1427 1863 1685 1930; x_wconf 82' lang='lat' dir='ltr'><strong>Dominus</strong></span> <span class='ocrx_word' id='word_1_232' title='bbox 1709 1864 1776 1917; x_wconf 88' lang='lat' dir='ltr'><strong>ad</strong></span> <span class='ocrx_word' id='word_1_233' title='bbox 1812 1844 1855 1903; x_wconf 76' lang='grc' dir='ltr'><strong><em>Β</em></strong></span> <span class='ocrx_word' id='word_1_234' title='bbox 1883 1857 2086 1911; x_wconf 75' lang='lat' dir='ltr'><strong>Scriba:</strong></span> <span class='ocrx_word' id='word_1_235' title='bbox 2115 1865 2168 1911; x_wconf 76' lang='lat' dir='ltr'><strong>et</strong></span> <span class='ocrx_word' id='word_1_236' title='bbox 2209 1855 2466 1911; x_wconf 70' lang='lat' dir='ltr'><strong>Pharisazi</strong></span> <span class='ocrx_word' id='word_1_237' title='bbox 2516 1857 2829 1927; x_wconf 65' lang='lat' dir='ltr'><strong>hypocritaz,</strong></span> <span class='ocrx_word' id='word_1_238' title='bbox 2863 1859 2953 1928; x_wconf 89' lang='lat' dir='ltr'><strong>qui</strong></span> <span class='ocrx_word' id='word_1_239' title='bbox 2999 1859 3282 1918; x_wconf 89' lang='lat' dir='ltr'><strong>decimatis</strong></span> <span class='ocrx_word' id='word_1_240' title='bbox 3320 1877 3469 1918; x_wconf 52' lang='lat' dir='ltr'><strong>mea-</strong></span> 
     </span>
    </p>
   </div>
   <div class='ocr_carea' id='block_1_34' title="bbox 178 1946 1778 2018">
    <p class='ocr_par' dir='ltr' id='par_1_34' title="bbox 178 1946 1778 2018">
     <span class='ocr_line' id='line_1_34' title="bbox 178 1946 1778 2018; baseline 0.005 -18"><span class='ocrx_word' id='word_1_241' title='bbox 178 1946 559 2001; x_wconf 86' lang='lat' dir='ltr'><strong>constantiam</strong></span> <span class='ocrx_word' id='word_1_242' title='bbox 586 1949 778 2002; x_wconf 89' lang='lat' dir='ltr'><strong>orandi</strong></span> <span class='ocrx_word' id='word_1_243' title='bbox 801 1948 1092 2018; x_wconf 91' lang='lat' dir='ltr'><strong>discipulos</strong></span> <span class='ocrx_word' id='word_1_244' title='bbox 1121 1966 1246 2005; x_wconf 90' lang='lat' dir='ltr'><strong>suos</strong></span> <span class='ocrx_word' id='word_1_245' title='bbox 1274 1953 1604 2018; x_wconf 77' lang='lat' dir='ltr'><strong>hortaretur,</strong></span> <span class='ocrx_word' id='word_1_246' title='bbox 1629 1953 1778 2007; x_wconf 87' lang='lat' dir='ltr'><strong>simi-</strong></span> 
     </span>
    </p>
   </div>
   <div class='ocr_carea' id='block_1_35' title="bbox 177 2035 1779 2111">
    <p class='ocr_par' dir='ltr' id='par_1_35' title="bbox 177 2035 1779 2111">
     <span class='ocr_line' id='line_1_35' title="bbox 177 2035 1779 2111; baseline 0.004 -21"><span class='ocrx_word' id='word_1_247' title='bbox 177 2035 475 2093; x_wconf 82' lang='lat' dir='ltr'><strong>litudinem</strong></span> <span class='ocrx_word' id='word_1_248' title='bbox 504 2037 783 2108; x_wconf 91' lang='lat' dir='ltr'><strong>proposuit</strong></span> <span class='ocrx_word' id='word_1_249' title='bbox 805 2039 871 2092; x_wconf 90' lang='lat' dir='ltr'><strong>de</strong></span> <span class='ocrx_word' id='word_1_250' title='bbox 891 2038 1073 2107; x_wconf 90' lang='lat' dir='ltr'><strong>judice</strong></span> <span class='ocrx_word' id='word_1_251' title='bbox 1091 2039 1415 2110; x_wconf 83' lang='lat' dir='ltr'><strong>iniquitatis,</strong></span> <span class='ocrx_word' id='word_1_252' title='bbox 1437 2057 1594 2111; x_wconf 91' lang='lat' dir='ltr'><strong>quem</strong></span> <span class='ocrx_word' id='word_1_253' title='bbox 1621 2042 1779 2097; x_wconf 88' lang='lat' dir='ltr'><strong>inter-</strong></span> 
     </span>
    </p>
   </div>
   <div class='ocr_carea' id='block_1_36' title="bbox 177 2124 1774 2197">
    <p class='ocr_par' dir='ltr' id='par_1_36' title="bbox 177 2124 1774 2197">
     <span class='ocr_line' id='line_1_36' title="bbox 177 2124 1774 2197; baseline 0.007 -21"><span class='ocrx_word' id='word_1_254' title='bbox 177 2124 430 2193; x_wconf 80' lang='lat' dir='ltr'><strong>pellabat</strong></span> <span class='ocrx_word' id='word_1_255' title='bbox 459 2126 700 2197; x_wconf 90' lang='lat' dir='ltr'><strong>quotidie</strong></span> <span class='ocrx_word' id='word_1_256' title='bbox 728 2128 975 2197; x_wconf 64' lang='lat' dir='ltr'><strong>quaidam</strong></span> <span class='ocrx_word' id='word_1_257' title='bbox 1003 2129 1160 2183; x_wconf 88' lang='lat' dir='ltr'><strong>vidua</strong></span> <span class='ocrx_word' id='word_1_258' title='bbox 1181 2171 1197 2195; x_wconf 96' lang='lat'><strong>,</strong></span> <span class='ocrx_word' id='word_1_259' title='bbox 1229 2131 1412 2186; x_wconf 89' lang='lat' dir='ltr'><strong>dicens</strong></span> <span class='ocrx_word' id='word_1_260' title='bbox 1443 2149 1456 2184; x_wconf 87' lang='lat'><strong>:</strong></span> <span class='ocrx_word' id='word_1_261' title='bbox 1497 2153 1513 2184; x_wconf 80' lang='grc' dir='ltr'><strong>ι</strong></span> <span class='ocrx_word' id='word_1_262' title='bbox 1552 2131 1774 2188; x_wconf 79' lang='lat' dir='ltr'><strong>Vindica</strong></span> 
     </span>
    </p>
   </div>
   <div class='ocr_carea' id='block_1_37' title="bbox 177 2216 1776 2290">
    <p class='ocr_par' dir='ltr' id='par_1_37' title="bbox 177 2216 1776 2290">
     <span class='ocr_line' id='line_1_37' title="bbox 177 2216 1776 2290; baseline 0.006 -23"><span class='ocrx_word' id='word_1_263' title='bbox 177 2229 283 2284; x_wconf 70' lang='lat' dir='ltr'><strong>tite</strong></span> <span class='ocrx_word' id='word_1_264' title='bbox 322 2216 389 2269; x_wconf 89' lang='lat' dir='ltr'><strong>de</strong></span> <span class='ocrx_word' id='word_1_265' title='bbox 411 2216 723 2282; x_wconf 83' lang='lat' dir='ltr'><strong>adversario</strong></span> <span class='ocrx_word' id='word_1_266' title='bbox 751 2232 904 2282; x_wconf 89' lang='lat' dir='ltr'><strong>meo,</strong></span> <span class='ocrx_word' id='word_1_267' title='bbox 942 2226 996 2272; x_wconf 90' lang='lat' dir='ltr'><strong>et</strong></span> <span class='ocrx_word' id='word_1_268' title='bbox 1027 2219 1242 2274; x_wconf 89' lang='lat' dir='ltr'><strong>nolebat</strong></span> <span class='ocrx_word' id='word_1_269' title='bbox 1266 2237 1362 2290; x_wconf 89' lang='lat' dir='ltr'><strong>per</strong></span> <span class='ocrx_word' id='word_1_270' title='bbox 1384 2220 1607 2275; x_wconf 74' lang='lat' dir='ltr'><strong>multum</strong></span> <span class='ocrx_word' id='word_1_271' title='bbox 1639 2231 1776 2278; x_wconf 85' lang='lat' dir='ltr'><strong>tem-</strong></span> 
     </span>
    </p>
   </div>
   <div class='ocr_carea' id='block_1_38' title="bbox 175 2303 1778 2375">
    <p class='ocr_par' dir='ltr' id='par_1_38' title="bbox 175 2303 1778 2375">
     <span class='ocr_line' id='line_1_38' title="bbox 175 2303 1778 2375; baseline 0.006 -17"><span class='ocrx_word' id='word_1_272' title='bbox 175 2319 299 2374; x_wconf 72' lang='lat' dir='ltr'><strong>pus</strong></span> <span class='ocrx_word' id='word_1_273' title='bbox 319 2303 473 2374; x_wconf 75' lang='lat' dir='ltr'><strong>(Luc.</strong></span> <span class='ocrx_word' id='word_1_274' title='bbox 516 2305 690 2375; x_wconf 68' lang='lat' dir='ltr'><strong>XVIII).</strong></span> <span class='ocrx_word' id='word_1_275' title='bbox 720 2324 738 2358; x_wconf 75' lang='grc' dir='ltr'><strong>ι</strong></span> <span class='ocrx_word' id='word_1_276' title='bbox 790 2305 918 2361; x_wconf 89' lang='lat' dir='ltr'><strong>Post</strong></span> <span class='ocrx_word' id='word_1_277' title='bbox 950 2308 1065 2362; x_wconf 76' lang='lat' dir='ltr'><strong>tunc</strong></span> <span class='ocrx_word' id='word_1_278' title='bbox 1095 2308 1229 2363; x_wconf 87' lang='lat' dir='ltr'><strong>dicit</strong></span> <span class='ocrx_word' id='word_1_279' title='bbox 1276 2311 1415 2364; x_wconf 84' lang='lat' dir='ltr'><strong>intra</strong></span> <span class='ocrx_word' id='word_1_280' title='bbox 1447 2326 1542 2366; x_wconf 90' lang='lat' dir='ltr'><strong>se:</strong></span> <span class='ocrx_word' id='word_1_281' title='bbox 1577 2330 1595 2363; x_wconf 84' lang='grc' dir='ltr'><strong>ι</strong></span> <span class='ocrx_word' id='word_1_282' title='bbox 1625 2312 1689 2366; x_wconf 85' lang='grc' dir='ltr'>Ει</span> <span class='ocrx_word' id='word_1_283' title='bbox 1734 2316 1778 2368; x_wconf 91' lang='lat' dir='ltr'><strong>si</strong></span> 
     </span>
    </p>
   </div>
   <div class='ocr_carea' id='block_1_39' title="bbox 181 2393 1778 2466">
    <p class='ocr_par' dir='ltr' id='par_1_39' title="bbox 181 2393 1778 2466">
     <span class='ocr_line' id='line_1_39' title="bbox 181 2393 1778 2466; baseline 0.007 -20"><span class='ocrx_word' id='word_1_284' title='bbox 181 2393 370 2447; x_wconf 89' lang='lat' dir='ltr'><strong>Deum</strong></span> <span class='ocrx_word' id='word_1_285' title='bbox 421 2407 527 2447; x_wconf 91' lang='lat' dir='ltr'><strong>non</strong></span> <span class='ocrx_word' id='word_1_286' title='bbox 577 2395 760 2460; x_wconf 83' lang='lat' dir='ltr'><strong>timeo,</strong></span> <span class='ocrx_word' id='word_1_287' title='bbox 807 2412 906 2450; x_wconf 89' lang='lat' dir='ltr'><strong>nec</strong></span> <span class='ocrx_word' id='word_1_288' title='bbox 957 2397 1228 2452; x_wconf 87' lang='lat' dir='ltr'><strong>hominem</strong></span> <span class='ocrx_word' id='word_1_289' title='bbox 1280 2413 1550 2466; x_wconf 88' lang='lat' dir='ltr'><strong>revereor,</strong></span> <span class='ocrx_word' id='word_1_290' title='bbox 1599 2409 1778 2457; x_wconf 90' lang='lat' dir='ltr'><strong>tamen</strong></span> 
     </span>
    </p>
   </div>
   <div class='ocr_carea' id='block_1_40' title="bbox 180 2483 1778 2560">
    <p class='ocr_par' dir='ltr' id='par_1_40' title="bbox 180 2483 1778 2560">
     <span class='ocr_line' id='line_1_40' title="bbox 180 2483 1778 2560; baseline 0.007 -23"><span class='ocrx_word' id='word_1_291' title='bbox 180 2483 324 2554; x_wconf 87' lang='lat' dir='ltr'><strong>quia</strong></span> <span class='ocrx_word' id='word_1_292' title='bbox 355 2484 579 2540; x_wconf 89' lang='lat' dir='ltr'><strong>molesta</strong></span> <span class='ocrx_word' id='word_1_293' title='bbox 613 2494 696 2540; x_wconf 90' lang='lat' dir='ltr'><strong>est</strong></span> <span class='ocrx_word' id='word_1_294' title='bbox 725 2487 852 2541; x_wconf 90' lang='lat' dir='ltr'><strong>mihi</strong></span> <span class='ocrx_word' id='word_1_295' title='bbox 892 2489 1004 2544; x_wconf 79' lang='lat' dir='ltr'><strong>htee</strong></span> <span class='ocrx_word' id='word_1_296' title='bbox 1033 2490 1257 2557; x_wconf 92' lang='lat' dir='ltr'><strong>mulier,</strong></span> <span class='ocrx_word' id='word_1_297' title='bbox 1289 2491 1576 2547; x_wconf 81' lang='lat' dir='ltr'><strong>vindicabo</strong></span> <span class='ocrx_word' id='word_1_298' title='bbox 1611 2492 1778 2560; x_wconf 89' lang='lat' dir='ltr'><strong>illam,</strong></span> 
     </span>
    </p>
   </div>
   <div class='ocr_carea' id='block_1_41' title="bbox 186 2572 1775 2655">
    <p class='ocr_par' dir='ltr' id='par_1_41' title="bbox 186 2572 1775 2655">
     <span class='ocr_line' id='line_1_41' title="bbox 186 2572 1775 2655; baseline 0.006 -27"><span class='ocrx_word' id='word_1_299' title='bbox 186 2587 265 2628; x_wconf 82' lang='lat' dir='ltr'><strong>ne</strong></span> <span class='ocrx_word' id='word_1_300' title='bbox 302 2572 358 2627; x_wconf 89' lang='lat' dir='ltr'><strong>in</strong></span> <span class='ocrx_word' id='word_1_301' title='bbox 395 2574 692 2630; x_wconf 88' lang='lat' dir='ltr'><strong>novissimo</strong></span> <span class='ocrx_word' id='word_1_302' title='bbox 722 2579 944 2633; x_wconf 85' lang='lat' dir='ltr'><strong>veniens</strong></span> <span class='ocrx_word' id='word_1_303' title='bbox 973 2581 1223 2652; x_wconf 81' lang='lat' dir='ltr'><strong>suggillet</strong></span> <span class='ocrx_word' id='word_1_304' title='bbox 1251 2599 1335 2636; x_wconf 89' lang='lat' dir='ltr'><strong>me</strong></span> <span class='ocrx_word' id='word_1_305' title='bbox 1365 2581 1518 2653; x_wconf 79' lang='lat' dir='ltr'><strong>(Luc.</strong></span> <span class='ocrx_word' id='word_1_306' title='bbox 1547 2584 1720 2655; x_wconf 78' lang='lat' dir='ltr'><strong>xvnt).</strong></span> <span class='ocrx_word' id='word_1_307' title='bbox 1757 2605 1775 2637; x_wconf 76' lang='grc' dir='ltr'><strong>ι</strong></span> 
     </span>
    </p>
   </div>
   <div class='ocr_carea' id='block_1_42' title="bbox 185 2664 1783 2740">
    <p class='ocr_par' dir='ltr' id='par_1_42' title="bbox 185 2664 1783 2740">
     <span class='ocr_line' id='line_1_42' title="bbox 185 2664 1783 2740; baseline 0.007 -23"><span class='ocrx_word' id='word_1_308' title='bbox 185 2665 263 2718; x_wconf 81' lang='lat' dir='ltr'><strong>Et</strong></span> <span class='ocrx_word' id='word_1_309' title='bbox 292 2664 452 2719; x_wconf 66' lang='lat' dir='ltr'><strong>taedio</strong></span> <span class='ocrx_word' id='word_1_310' title='bbox 479 2665 652 2720; x_wconf 89' lang='lat' dir='ltr'><strong>victus</strong></span> <span class='ocrx_word' id='word_1_311' title='bbox 684 2668 935 2736; x_wconf 64' lang='lat' dir='ltr'><strong>praestitit</strong></span> <span class='ocrx_word' id='word_1_312' title='bbox 962 2669 1104 2738; x_wconf 91' lang='lat' dir='ltr'><strong>quod</strong></span> <span class='ocrx_word' id='word_1_313' title='bbox 1125 2671 1386 2726; x_wconf 88' lang='lat' dir='ltr'><strong>beneﬁcio</strong></span> <span class='ocrx_word' id='word_1_314' title='bbox 1408 2682 1666 2740; x_wconf 68' lang='lat' dir='ltr'><strong>prtestare</strong></span> <span class='ocrx_word' id='word_1_315' title='bbox 1691 2689 1783 2728; x_wconf 83' lang='lat' dir='ltr'><strong>no—</strong></span> 
     </span>
    </p>
   </div>
   <div class='ocr_carea' id='block_1_43' title="bbox 188 2748 1777 2824">
    <p class='ocr_par' dir='ltr' id='par_1_43' title="bbox 188 2748 1777 2824">
     <span class='ocr_line' id='line_1_43' title="bbox 188 2748 1777 2824; baseline 0.006 -22"><span class='ocrx_word' id='word_1_316' title='bbox 188 2751 392 2804; x_wconf 87' lang='lat' dir='ltr'><strong>luerat.</strong></span> <span class='ocrx_word' id='word_1_317' title='bbox 433 2748 538 2804; x_wconf 90' lang='lat' dir='ltr'><strong>Sed</strong></span> <span class='ocrx_word' id='word_1_318' title='bbox 564 2752 705 2820; x_wconf 89' lang='lat' dir='ltr'><strong>quod</strong></span> <span class='ocrx_word' id='word_1_319' title='bbox 735 2754 940 2820; x_wconf 92' lang='lat' dir='ltr'><strong>omnis,</strong></span> <span class='ocrx_word' id='word_1_320' title='bbox 971 2754 1066 2824; x_wconf 91' lang='lat' dir='ltr'><strong>qui</strong></span> <span class='ocrx_word' id='word_1_321' title='bbox 1093 2755 1162 2809; x_wconf 90' lang='lat' dir='ltr'><strong>ad</strong></span> <span class='ocrx_word' id='word_1_322' title='bbox 1187 2756 1517 2811; x_wconf 89' lang='lat' dir='ltr'><strong>adorandum</strong></span> <span class='ocrx_word' id='word_1_323' title='bbox 1549 2759 1777 2824; x_wconf 86' lang='lat' dir='ltr'><strong>accedit,</strong></span> 
     </span>
    </p>
   </div>
   <div class='ocr_carea' id='block_1_44' title="bbox 187 2840 1782 2914">
    <p class='ocr_par' dir='ltr' id='par_1_44' title="bbox 187 2840 1782 2914">
     <span class='ocr_line' id='line_1_44' title="bbox 187 2840 1782 2914; baseline 0.009 -20"><span class='ocrx_word' id='word_1_324' title='bbox 187 2855 304 2894; x_wconf 90' lang='lat' dir='ltr'><strong>non</strong></span> <span class='ocrx_word' id='word_1_325' title='bbox 333 2840 508 2896; x_wconf 87' lang='lat' dir='ltr'><strong>solum</strong></span> <span class='ocrx_word' id='word_1_326' title='bbox 531 2842 921 2900; x_wconf 89' lang='lat' dir='ltr'><strong>humanitatem</strong></span> <span class='ocrx_word' id='word_1_327' title='bbox 950 2846 1003 2900; x_wconf 92' lang='lat' dir='ltr'><strong>in</strong></span> <span class='ocrx_word' id='word_1_328' title='bbox 1032 2849 1226 2914; x_wconf 88' lang='lat' dir='ltr'><strong>corde,</strong></span> <span class='ocrx_word' id='word_1_329' title='bbox 1249 2847 1343 2903; x_wconf 87' lang='lat' dir='ltr'><strong>sed</strong></span> <span class='ocrx_word' id='word_1_330' title='bbox 1365 2849 1529 2908; x_wconf 87' lang='lat' dir='ltr'><strong>etiam</strong></span> <span class='ocrx_word' id='word_1_331' title='bbox 1560 2864 1782 2908; x_wconf 86' lang='lat' dir='ltr'><strong>servare</strong></span> 
     </span>
    </p>
   </div>
   <div class='ocr_carea' id='block_1_45' title="bbox 187 2929 1779 3006">
    <p class='ocr_par' dir='ltr' id='par_1_45' title="bbox 187 2929 1779 3006">
     <span class='ocr_line' id='line_1_45' title="bbox 187 2929 1779 3006; baseline 0.006 -22"><span class='ocrx_word' id='word_1_332' title='bbox 187 2929 360 2985; x_wconf 84' lang='lat' dir='ltr'><strong>debet</strong></span> <span class='ocrx_word' id='word_1_333' title='bbox 389 2931 444 2985; x_wconf 93' lang='lat' dir='ltr'><strong>in</strong></span> <span class='ocrx_word' id='word_1_334' title='bbox 471 2945 731 3003; x_wconf 72' lang='lat' dir='ltr'><strong>corpore,</strong></span> <span class='ocrx_word' id='word_1_335' title='bbox 765 2932 914 2989; x_wconf 83' lang='lat' dir='ltr'><strong>ﬁnita</strong></span> <span class='ocrx_word' id='word_1_336' title='bbox 941 2935 1292 2993; x_wconf 88' lang='lat' dir='ltr'><strong>similitudine</strong></span> <span class='ocrx_word' id='word_1_337' title='bbox 1329 2939 1545 2994; x_wconf 88' lang='lat' dir='ltr'><strong>dicebat</strong></span> <span class='ocrx_word' id='word_1_338' title='bbox 1571 2941 1638 2996; x_wconf 91' lang='lat' dir='ltr'><strong>ad</strong></span> <span class='ocrx_word' id='word_1_339' title='bbox 1662 2955 1779 3006; x_wconf 89' lang='lat' dir='ltr'><strong>eos,</strong></span> 
     </span>
    </p>
   </div>
   <div class='ocr_carea' id='block_1_46' title="bbox 191 3020 1782 3097">
    <p class='ocr_par' dir='ltr' id='par_1_46' title="bbox 191 3020 1782 3097">
     <span class='ocr_line' id='line_1_46' title="bbox 191 3020 1782 3097; baseline 0.006 -21"><span class='ocrx_word' id='word_1_340' title='bbox 191 3020 289 3090; x_wconf 85' lang='lat' dir='ltr'><strong>qui</strong></span> <span class='ocrx_word' id='word_1_341' title='bbox 321 3020 378 3076; x_wconf 90' lang='lat' dir='ltr'><strong>in</strong></span> <span class='ocrx_word' id='word_1_342' title='bbox 418 3036 478 3076; x_wconf 89' lang='lat' dir='ltr'><strong>se</strong></span> <span class='ocrx_word' id='word_1_343' title='bbox 511 3022 858 3078; x_wconf 87' lang='lat' dir='ltr'><strong>conﬁdebant</strong></span> <span class='ocrx_word' id='word_1_344' title='bbox 891 3032 1148 3097; x_wconf 88' lang='lat' dir='ltr'><strong>tanquam</strong></span> <span class='ocrx_word' id='word_1_345' title='bbox 1178 3025 1312 3097; x_wconf 89' lang='lat' dir='ltr'><strong>justi</strong></span> <span class='ocrx_word' id='word_1_346' title='bbox 1339 3037 1568 3084; x_wconf 85' lang='lat' dir='ltr'><strong>essent:</strong></span> <span class='ocrx_word' id='word_1_347' title='bbox 1605 3045 1624 3080; x_wconf 85' lang='grc'>‹</span> <span class='ocrx_word' id='word_1_348' title='bbox 1663 3028 1782 3085; x_wconf 91' lang='lat' dir='ltr'><strong>Duo</strong></span> 
     </span>
    </p>
   </div>
   <div class='ocr_carea' id='block_1_47' title="bbox 192 3111 1781 3187">
    <p class='ocr_par' dir='ltr' id='par_1_47' title="bbox 192 3111 1781 3187">
     <span class='ocr_line' id='line_1_47' title="bbox 192 3111 1781 3187; baseline 0.006 -20"><span class='ocrx_word' id='word_1_349' title='bbox 192 3111 447 3168; x_wconf 81' lang='lat' dir='ltr'><strong>homines</strong></span> <span class='ocrx_word' id='word_1_350' title='bbox 475 3113 834 3170; x_wconf 89' lang='lat' dir='ltr'><strong>ascenderunt</strong></span> <span class='ocrx_word' id='word_1_351' title='bbox 880 3114 932 3170; x_wconf 93' lang='lat' dir='ltr'><strong>in</strong></span> <span class='ocrx_word' id='word_1_352' title='bbox 967 3116 1240 3187; x_wconf 88' lang='lat' dir='ltr'><strong>templum,</strong></span> <span class='ocrx_word' id='word_1_353' title='bbox 1276 3127 1337 3173; x_wconf 91' lang='lat' dir='ltr'><strong>ut</strong></span> <span class='ocrx_word' id='word_1_354' title='bbox 1363 3128 1600 3186; x_wconf 90' lang='lat' dir='ltr'><strong>orarent,</strong></span> <span class='ocrx_word' id='word_1_355' title='bbox 1642 3135 1781 3177; x_wconf 90' lang='lat' dir='ltr'><strong>unus</strong></span> 
     </span>
    </p>
   </div>
   <div class='ocr_carea' id='block_1_48' title="bbox 1877 1946 3464 2018">
    <p class='ocr_par' dir='ltr' id='par_1_48' title="bbox 1877 1946 3464 2018">
     <span class='ocr_line' id='line_1_48' title="bbox 1877 1946 3464 2018; baseline 0.004 -20"><span class='ocrx_word' id='word_1_356' title='bbox 1877 1947 2023 2001; x_wconf 91' lang='lat' dir='ltr'><strong>tham</strong></span> <span class='ocrx_word' id='word_1_357' title='bbox 2065 1951 2120 2000; x_wconf 90' lang='lat' dir='ltr'><strong>et</strong></span> <span class='ocrx_word' id='word_1_358' title='bbox 2158 1946 2415 2000; x_wconf 87' lang='lat' dir='ltr'><strong>anethum</strong></span> <span class='ocrx_word' id='word_1_359' title='bbox 2463 1957 2517 2000; x_wconf 91' lang='lat' dir='ltr'><strong>et</strong></span> <span class='ocrx_word' id='word_1_360' title='bbox 2550 1947 2824 2016; x_wconf 89' lang='lat' dir='ltr'><strong>cyminum</strong></span> <span class='ocrx_word' id='word_1_361' title='bbox 2861 1947 3077 2018; x_wconf 81' lang='lat' dir='ltr'><strong>(Matth.</strong></span> <span class='ocrx_word' id='word_1_362' title='bbox 3125 1965 3300 2016; x_wconf 83' lang='lat' dir='ltr'><strong>xxm;</strong></span> <span class='ocrx_word' id='word_1_363' title='bbox 3334 1952 3464 2005; x_wconf 80' lang='lat' dir='ltr'><strong>Luc.</strong></span> 
     </span>
    </p>
   </div>
   <div class='ocr_carea' id='block_1_49' title="bbox 1876 2033 3468 2109">
    <p class='ocr_par' dir='ltr' id='par_1_49' title="bbox 1876 2033 3468 2109">
     <span class='ocr_line' id='line_1_49' title="bbox 1876 2033 3468 2109; baseline 0.004 -21"><span class='ocrx_word' id='word_1_364' title='bbox 1876 2034 1980 2104; x_wconf 73' lang='lat' dir='ltr'><strong>xu),</strong></span> <span class='ocrx_word' id='word_1_365' title='bbox 2009 2055 2028 2088; x_wconf 76' lang='grc' dir='ltr'><strong>ι</strong></span> <span class='ocrx_word' id='word_1_366' title='bbox 2060 2043 2115 2089; x_wconf 90' lang='lat' dir='ltr'><strong>et</strong></span> <span class='ocrx_word' id='word_1_367' title='bbox 2139 2041 2301 2089; x_wconf 89' lang='lat' dir='ltr'><strong>omne</strong></span> <span class='ocrx_word' id='word_1_368' title='bbox 2344 2033 2464 2089; x_wconf 91' lang='lat' dir='ltr'><strong>olus</strong></span> <span class='ocrx_word' id='word_1_369' title='bbox 2509 2035 2650 2090; x_wconf 90' lang='lat' dir='ltr'><strong>horti</strong></span> <span class='ocrx_word' id='word_1_370' title='bbox 2677 2051 2692 2101; x_wconf 90' lang='lat'><strong>;</strong></span> <span class='ocrx_word' id='word_1_371' title='bbox 2725 2037 2929 2104; x_wconf 89' lang='lat' dir='ltr'><strong>majora</strong></span> <span class='ocrx_word' id='word_1_372' title='bbox 2955 2045 3143 2092; x_wconf 88' lang='lat' dir='ltr'><strong>autem</strong></span> <span class='ocrx_word' id='word_1_373' title='bbox 3172 2036 3307 2109; x_wconf 82' lang='lat' dir='ltr'><strong>legis</strong></span> <span class='ocrx_word' id='word_1_374' title='bbox 3329 2052 3468 2109; x_wconf 69' lang='lat' dir='ltr'><strong>prat-</strong></span> 
     </span>
    </p>
   </div>
   <div class='ocr_carea' id='block_1_50' title="bbox 1879 2123 3466 2196">
    <p class='ocr_par' dir='ltr' id='par_1_50' title="bbox 1879 2123 3466 2196">
     <span class='ocr_line' id='line_1_50' title="bbox 1879 2123 3466 2196; baseline 0.003 -18"><span class='ocrx_word' id='word_1_375' title='bbox 1879 2125 2190 2190; x_wconf 89' lang='lat' dir='ltr'><strong>termittitis,</strong></span> <span class='ocrx_word' id='word_1_376' title='bbox 2224 2123 2278 2180; x_wconf 90' lang='lat' dir='ltr'><strong>id</strong></span> <span class='ocrx_word' id='word_1_377' title='bbox 2315 2133 2400 2179; x_wconf 89' lang='lat' dir='ltr'><strong>est</strong></span> <span class='ocrx_word' id='word_1_378' title='bbox 2441 2123 2704 2192; x_wconf 89' lang='lat' dir='ltr'><strong>judicium</strong></span> <span class='ocrx_word' id='word_1_379' title='bbox 2754 2135 2809 2180; x_wconf 89' lang='lat' dir='ltr'><strong>et</strong></span> <span class='ocrx_word' id='word_1_380' title='bbox 2845 2126 3176 2196; x_wconf 71' lang='lat' dir='ltr'><strong>aequitatem.</strong></span> <span class='ocrx_word' id='word_1_381' title='bbox 3225 2126 3466 2184; x_wconf 79' lang='lat' dir='ltr'><strong>Sollicita</strong></span> 
     </span>
    </p>
   </div>
   <div class='ocr_carea' id='block_1_51' title="bbox 1876 2213 3469 2287">
    <p class='ocr_par' dir='ltr' id='par_1_51' title="bbox 1876 2213 3469 2287">
     <span class='ocr_line' id='line_1_51' title="bbox 1876 2213 3469 2287; baseline 0.003 -19"><span class='ocrx_word' id='word_1_382' title='bbox 1876 2229 2008 2282; x_wconf 83' lang='lat' dir='ltr'><strong>ergo</strong></span> <span class='ocrx_word' id='word_1_383' title='bbox 2027 2213 2460 2269; x_wconf 88' lang='lat' dir='ltr'><strong>consideratione</strong></span> <span class='ocrx_word' id='word_1_384' title='bbox 2485 2214 2886 2284; x_wconf 75' lang='lat' dir='ltr'><strong>przevidendum</strong></span> <span class='ocrx_word' id='word_1_385' title='bbox 2913 2225 3018 2281; x_wconf 89' lang='lat' dir='ltr'><strong>est,</strong></span> <span class='ocrx_word' id='word_1_386' title='bbox 3041 2224 3101 2271; x_wconf 93' lang='lat' dir='ltr'><strong>ut</strong></span> <span class='ocrx_word' id='word_1_387' title='bbox 3131 2217 3469 2287; x_wconf 69' lang='lat' dir='ltr'><strong>quotiescun-</strong></span> 
     </span>
    </p>
   </div>
   <div class='ocr_carea' id='block_1_52' title="bbox 1878 2307 3464 2378">
    <p class='ocr_par' dir='ltr' id='par_1_52' title="bbox 1878 2307 3464 2378">
     <span class='ocr_line' id='line_1_52' title="bbox 1878 2307 3464 2378; baseline 0.006 -22"><span class='ocrx_word' id='word_1_388' title='bbox 1878 2321 1982 2376; x_wconf 89' lang='lat' dir='ltr'><strong>que</strong></span> <span class='ocrx_word' id='word_1_389' title='bbox 2031 2307 2171 2361; x_wconf 90' lang='lat' dir='ltr'><strong>bona</strong></span> <span class='ocrx_word' id='word_1_390' title='bbox 2211 2307 2441 2378; x_wconf 79' lang='lat' dir='ltr'><strong>agimus,</strong></span> <span class='ocrx_word' id='word_1_391' title='bbox 2490 2307 2747 2362; x_wconf 80' lang='lat' dir='ltr'><strong>virtutem</strong></span> <span class='ocrx_word' id='word_1_392' title='bbox 2803 2307 3123 2364; x_wconf 86' lang='lat' dir='ltr'><strong>humilitatis</strong></span> <span class='ocrx_word' id='word_1_393' title='bbox 3171 2311 3223 2364; x_wconf 92' lang='lat' dir='ltr'><strong>in</strong></span> <span class='ocrx_word' id='word_1_394' title='bbox 3274 2310 3464 2365; x_wconf 77' lang='lat' dir='ltr'><strong>funda-</strong></span> 
     </span>
    </p>
   </div>
   <div class='ocr_carea' id='block_1_53' title="bbox 1879 2396 3472 2470">
    <p class='ocr_par' dir='ltr' id='par_1_53' title="bbox 1879 2396 3472 2470">
     <span class='ocr_line' id='line_1_53' title="bbox 1879 2396 3472 2470; baseline 0.003 -20"><span class='ocrx_word' id='word_1_395' title='bbox 1879 2405 2063 2450; x_wconf 90' lang='lat' dir='ltr'><strong>mento</strong></span> <span class='ocrx_word' id='word_1_396' title='bbox 2086 2410 2373 2466; x_wconf 90' lang='lat' dir='ltr'><strong>ponamus,</strong></span> <span class='ocrx_word' id='word_1_397' title='bbox 2404 2409 2471 2450; x_wconf 90' lang='lat' dir='ltr'><strong>ne</strong></span> <span class='ocrx_word' id='word_1_398' title='bbox 2497 2396 2542 2451; x_wconf 91' lang='lat' dir='ltr'><strong>si</strong></span> <span class='ocrx_word' id='word_1_399' title='bbox 2570 2396 2811 2452; x_wconf 81' lang='lat' dir='ltr'><strong>exterius</strong></span> <span class='ocrx_word' id='word_1_400' title='bbox 2831 2397 3046 2453; x_wconf 89' lang='lat' dir='ltr'><strong>inanem</strong></span> <span class='ocrx_word' id='word_1_401' title='bbox 3074 2398 3300 2470; x_wconf 78' lang='lat' dir='ltr'><strong>gloriam</strong></span> <span class='ocrx_word' id='word_1_402' title='bbox 3326 2414 3472 2469; x_wconf 69' lang='lat' dir='ltr'><strong>quae-</strong></span> 
     </span>
    </p>
   </div>
   <div class='ocr_carea' id='block_1_54' title="bbox 1881 2487 3466 2559">
    <p class='ocr_par' dir='ltr' id='par_1_54' title="bbox 1881 2487 3466 2559">
     <span class='ocr_line' id='line_1_54' title="bbox 1881 2487 3466 2559; baseline 0.003 -17"><span class='ocrx_word' id='word_1_403' title='bbox 1881 2487 2084 2552; x_wconf 90' lang='lat' dir='ltr'><strong>rimus,</strong></span> <span class='ocrx_word' id='word_1_404' title='bbox 2121 2487 2348 2543; x_wconf 88' lang='lat' dir='ltr'><strong>interius</strong></span> <span class='ocrx_word' id='word_1_405' title='bbox 2383 2487 2631 2544; x_wconf 87' lang='lat' dir='ltr'><strong>mercede</strong></span> <span class='ocrx_word' id='word_1_406' title='bbox 2669 2488 2959 2559; x_wconf 89' lang='lat' dir='ltr'><strong>privemur.</strong></span> <span class='ocrx_word' id='word_1_407' title='bbox 3007 2489 3157 2545; x_wconf 87' lang='lat' dir='ltr'><strong>Unde</strong></span> <span class='ocrx_word' id='word_1_408' title='bbox 3196 2491 3466 2556; x_wconf 83' lang='lat' dir='ltr'><strong>Ezechiel,</strong></span> 
     </span>
    </p>
   </div>
   <div class='ocr_carea' id='block_1_55' title="bbox 1879 2578 3472 2650">
    <p class='ocr_par' dir='ltr' id='par_1_55' title="bbox 1879 2578 3472 2650">
     <span class='ocr_line' id='line_1_55' title="bbox 1879 2578 3472 2650; baseline 0.004 -17"><span class='ocrx_word' id='word_1_409' title='bbox 1879 2594 2002 2633; x_wconf 90' lang='lat' dir='ltr'><strong>cum</strong></span> <span class='ocrx_word' id='word_1_410' title='bbox 2048 2587 2279 2648; x_wconf 89' lang='lat' dir='ltr'><strong>quatuor</strong></span> <span class='ocrx_word' id='word_1_411' title='bbox 2331 2578 2642 2633; x_wconf 81' lang='lat' dir='ltr'><strong>animalium</strong></span> <span class='ocrx_word' id='word_1_412' title='bbox 2679 2593 2909 2650; x_wconf 88' lang='lat' dir='ltr'><strong>corpora</strong></span> <span class='ocrx_word' id='word_1_413' title='bbox 2953 2581 3305 2647; x_wconf 84' lang='lat' dir='ltr'><strong>describeret,</strong></span> <span class='ocrx_word' id='word_1_414' title='bbox 3350 2583 3472 2639; x_wconf 79' lang='lat' dir='ltr'><strong>ait:</strong></span> 
     </span>
    </p>
   </div>
   <div class='ocr_carea' id='block_1_56' title="bbox 1881 2657 3464 2740">
    <p class='ocr_par' dir='ltr' id='par_1_56' title="bbox 1881 2657 3464 2740">
     <span class='ocr_line' id='line_1_56' title="bbox 1881 2657 3464 2740; baseline 0.003 -16"><span class='ocrx_word' id='word_1_415' title='bbox 1881 2657 2048 2724; x_wconf 76' lang='lat' dir='ltr'><strong>Erant</strong></span> <span class='ocrx_word' id='word_1_416' title='bbox 2086 2669 2262 2740; x_wconf 90' lang='lat' dir='ltr'><strong>capita</strong></span> <span class='ocrx_word' id='word_1_417' title='bbox 2298 2668 2610 2723; x_wconf 85' lang='lat' dir='ltr'><strong>animalium</strong></span> <span class='ocrx_word' id='word_1_418' title='bbox 2655 2669 2811 2738; x_wconf 89' lang='lat' dir='ltr'><strong>plena</strong></span> <span class='ocrx_word' id='word_1_419' title='bbox 2841 2670 3014 2726; x_wconf 90' lang='lat' dir='ltr'><strong>oculis</strong></span> <span class='ocrx_word' id='word_1_420' title='bbox 3065 2679 3190 2726; x_wconf 86' lang='lat' dir='ltr'><strong>ante</strong></span> <span class='ocrx_word' id='word_1_421' title='bbox 3215 2681 3272 2728; x_wconf 90' lang='lat' dir='ltr'><strong>et</strong></span> <span class='ocrx_word' id='word_1_422' title='bbox 3299 2681 3464 2729; x_wconf 88' lang='lat' dir='ltr'><strong>retro.</strong></span> 
     </span>
    </p>
   </div>
   <div class='ocr_carea' id='block_1_57' title="bbox 1880 2761 3466 2836">
    <p class='ocr_par' dir='ltr' id='par_1_57' title="bbox 1880 2761 3466 2836">
     <span class='ocr_line' id='line_1_57' title="bbox 1880 2761 3466 2836; baseline 0.004 -22"><span class='ocrx_word' id='word_1_423' title='bbox 1880 2761 2145 2828; x_wconf 81' lang='lat' dir='ltr'><strong>Quoniam</strong></span> <span class='ocrx_word' id='word_1_424' title='bbox 2207 2769 2522 2816; x_wconf 80' lang='lat' dir='ltr'><strong>sanctorum</strong></span> <span class='ocrx_word' id='word_1_425' title='bbox 2583 2762 2726 2816; x_wconf 85' lang='lat' dir='ltr'><strong>aetio</strong></span> <span class='ocrx_word' id='word_1_426' title='bbox 2778 2762 3018 2833; x_wconf 87' lang='lat' dir='ltr'><strong>undique</strong></span> <span class='ocrx_word' id='word_1_427' title='bbox 3051 2764 3466 2836; x_wconf 87' lang='lat' dir='ltr'><strong>circumspecta,</strong></span> 
     </span>
    </p>
   </div>
   <div class='ocr_carea' id='block_1_58' title="bbox 1880 2852 3469 2922">
    <p class='ocr_par' dir='ltr' id='par_1_58' title="bbox 1880 2852 3469 2922">
     <span class='ocr_line' id='line_1_58' title="bbox 1880 2852 3469 2922; baseline 0.008 -17"><span class='ocrx_word' id='word_1_428' title='bbox 1880 2852 2117 2922; x_wconf 89' lang='lat' dir='ltr'><strong>undique</strong></span> <span class='ocrx_word' id='word_1_429' title='bbox 2168 2852 2328 2906; x_wconf 88' lang='lat' dir='ltr'><strong>debet</strong></span> <span class='ocrx_word' id='word_1_430' title='bbox 2371 2865 2490 2907; x_wconf 88' lang='lat' dir='ltr'><strong>esse</strong></span> <span class='ocrx_word' id='word_1_431' title='bbox 2530 2853 2755 2908; x_wconf 88' lang='lat' dir='ltr'><strong>munita.</strong></span> <span class='ocrx_word' id='word_1_432' title='bbox 2813 2853 2954 2910; x_wconf 84' lang='lat' dir='ltr'><strong>Ecce</strong></span> <span class='ocrx_word' id='word_1_433' title='bbox 2993 2856 3137 2912; x_wconf 90' lang='lat' dir='ltr'><strong>enim</strong></span> <span class='ocrx_word' id='word_1_434' title='bbox 3165 2855 3469 2918; x_wconf 69' lang='lat' dir='ltr'><strong>Pharisaeus</strong></span> 
     </span>
    </p>
   </div>
   <div class='ocr_carea' id='block_1_59' title="bbox 1881 2940 3466 3014">
    <p class='ocr_par' dir='ltr' id='par_1_59' title="bbox 1881 2940 3466 3014">
     <span class='ocr_line' id='line_1_59' title="bbox 1881 2940 3466 3014; baseline 0.004 -18"><span class='ocrx_word' id='word_1_435' title='bbox 1881 2941 1986 2996; x_wconf 89' lang='lat' dir='ltr'><strong>iste</strong></span> <span class='ocrx_word' id='word_1_436' title='bbox 2011 2941 2078 2996; x_wconf 88' lang='lat' dir='ltr'><strong>ad</strong></span> <span class='ocrx_word' id='word_1_437' title='bbox 2109 2940 2420 2998; x_wconf 86' lang='lat' dir='ltr'><strong>referendas</strong></span> <span class='ocrx_word' id='word_1_438' title='bbox 2449 2941 2558 2998; x_wconf 87' lang='lat' dir='ltr'><strong>Deo</strong></span> <span class='ocrx_word' id='word_1_439' title='bbox 2583 2943 2785 3012; x_wconf 82' lang='lat' dir='ltr'><strong>gratias</strong></span> <span class='ocrx_word' id='word_1_440' title='bbox 2806 2953 3022 3014; x_wconf 85' lang='lat' dir='ltr'><strong>apertos</strong></span> <span class='ocrx_word' id='word_1_441' title='bbox 3048 2945 3233 3002; x_wconf 91' lang='lat' dir='ltr'><strong>oculos</strong></span> <span class='ocrx_word' id='word_1_442' title='bbox 3257 2948 3466 3014; x_wconf 87' lang='lat' dir='ltr'><strong>habuit,</strong></span> 
     </span>
    </p>
   </div>
   <div class='ocr_carea' id='block_1_60' title="bbox 1881 3035 3464 3103">
    <p class='ocr_par' dir='ltr' id='par_1_60' title="bbox 1881 3035 3464 3103">
     <span class='ocr_line' id='line_1_60' title="bbox 1881 3035 3464 3103; baseline 0.004 -12"><span class='ocrx_word' id='word_1_443' title='bbox 1881 3035 1976 3091; x_wconf 88' lang='lat' dir='ltr'><strong>sed</strong></span> <span class='ocrx_word' id='word_1_444' title='bbox 2026 3036 2094 3091; x_wconf 90' lang='lat' dir='ltr'><strong>ad</strong></span> <span class='ocrx_word' id='word_1_445' title='bbox 2146 3035 2468 3093; x_wconf 87' lang='lat' dir='ltr'><strong>humilitatis</strong></span> <span class='ocrx_word' id='word_1_446' title='bbox 2517 3037 2820 3093; x_wconf 87' lang='lat' dir='ltr'><strong>custodiam</strong></span> <span class='ocrx_word' id='word_1_447' title='bbox 2869 3038 3101 3103; x_wconf 85' lang='lat' dir='ltr'><strong>clausos,</strong></span> <span class='ocrx_word' id='word_1_448' title='bbox 3133 3055 3257 3097; x_wconf 91' lang='lat' dir='ltr'><strong>cum</strong></span> <span class='ocrx_word' id='word_1_449' title='bbox 3280 3041 3464 3097; x_wconf 90' lang='lat' dir='ltr'><strong>dixit:</strong></span> 
     </span>
    </p>
   </div>
   <div class='ocr_carea' id='block_1_61' title="bbox 1889 3125 3472 3198">
    <p class='ocr_par' dir='ltr' id='par_1_61' title="bbox 1889 3125 3472 3198">
     <span class='ocr_line' id='line_1_61' title="bbox 1889 3125 3472 3198; baseline 0.006 -19"><span class='ocrx_word' id='word_1_450' title='bbox 1889 3143 1907 3178; x_wconf 85' lang='grc' dir='ltr'><strong>ι</strong></span> <span class='ocrx_word' id='word_1_451' title='bbox 1946 3125 2108 3190; x_wconf 87' lang='lat' dir='ltr'><strong>Deus,</strong></span> <span class='ocrx_word' id='word_1_452' title='bbox 2160 3127 2364 3196; x_wconf 81' lang='lat' dir='ltr'><strong>gratias</strong></span> <span class='ocrx_word' id='word_1_453' title='bbox 2389 3141 2491 3198; x_wconf 87' lang='lat' dir='ltr'><strong>ago</strong></span> <span class='ocrx_word' id='word_1_454' title='bbox 2519 3127 2636 3193; x_wconf 84' lang='lat' dir='ltr'><strong>tibi,</strong></span> <span class='ocrx_word' id='word_1_455' title='bbox 2667 3128 2792 3198; x_wconf 88' lang='lat' dir='ltr'><strong>quia</strong></span> <span class='ocrx_word' id='word_1_456' title='bbox 2822 3143 2928 3184; x_wconf 89' lang='lat' dir='ltr'><strong>non</strong></span> <span class='ocrx_word' id='word_1_457' title='bbox 2967 3145 3086 3184; x_wconf 91' lang='lat' dir='ltr'><strong>sum</strong></span> <span class='ocrx_word' id='word_1_458' title='bbox 3120 3131 3260 3186; x_wconf 90' lang='lat' dir='ltr'><strong>sicut</strong></span> <span class='ocrx_word' id='word_1_459' title='bbox 3288 3134 3472 3188; x_wconf 61' lang='lat' dir='ltr'><strong>caeteri</strong></span> 
     </span>
    </p>
   </div>
   <div class='ocr_carea' id='block_1_62' title="bbox 194 3188 3467 3292">
    <p class='ocr_par' dir='ltr' id='par_1_62' title="bbox 194 3188 3467 3292">
     <span class='ocr_line' id='line_1_62' title="bbox 194 3188 3467 3292; baseline 0.005 -30"><span class='ocrx_word' id='word_1_460' title='bbox 194 3207 528 3279; x_wconf 80' lang='lat' dir='ltr'><strong>pharisaeus,</strong></span> <span class='ocrx_word' id='word_1_461' title='bbox 555 3216 612 3263; x_wconf 90' lang='lat' dir='ltr'><strong>et</strong></span> <span class='ocrx_word' id='word_1_462' title='bbox 638 3208 774 3264; x_wconf 87' lang='lat' dir='ltr'><strong>alter</strong></span> <span class='ocrx_word' id='word_1_463' title='bbox 799 3209 1133 3280; x_wconf 90' lang='lat' dir='ltr'><strong>publicanus.</strong></span> <span class='ocrx_word' id='word_1_464' title='bbox 1163 3231 1183 3264; x_wconf 77' lang='grc' dir='ltr'><strong>ι</strong></span> <span class='ocrx_word' id='word_1_465' title='bbox 1225 3211 1527 3267; x_wconf 72' lang='lat' dir='ltr'><strong>Pharismus</strong></span> <span class='ocrx_word' id='word_1_466' title='bbox 1551 3227 1783 3284; x_wconf 87' lang='lat' dir='ltr'><strong>namque</strong></span> <span class='ocrx_word' id='word_1_467' title='bbox 1809 3188 1854 3251; x_wconf 67' lang='grc' dir='ltr'>(ἶ</span> <span class='ocrx_word' id='word_1_468' title='bbox 1887 3188 2190 3272; x_wconf 53' lang='lat' dir='ltr'><strong>hominum:</strong></span> <span class='ocrx_word' id='word_1_469' title='bbox 2228 3236 2248 3270; x_wconf 77' lang='grc' dir='ltr'><strong>ι</strong></span> <span class='ocrx_word' id='word_1_470' title='bbox 2278 3217 2388 3274; x_wconf 86' lang='lat' dir='ltr'><strong>Nos</strong></span> <span class='ocrx_word' id='word_1_471' title='bbox 2415 3188 2593 3274; x_wconf 71' lang='lat' dir='ltr'><strong>autem</strong></span> <span class='ocrx_word' id='word_1_472' title='bbox 2623 3188 2700 3274; x_wconf 44' lang='lat' dir='ltr'><strong>in.</strong></span> <span class='ocrx_word' id='word_1_473' title='bbox 2731 3234 2797 3275; x_wconf 90' lang='lat' dir='ltr'><strong>eo</strong></span> <span class='ocrx_word' id='word_1_474' title='bbox 2839 3221 2982 3291; x_wconf 88' lang='lat' dir='ltr'><strong>quod</strong></span> <span class='ocrx_word' id='word_1_475' title='bbox 3009 3221 3210 3277; x_wconf 88' lang='lat' dir='ltr'><strong>bonum</strong></span> <span class='ocrx_word' id='word_1_476' title='bbox 3238 3223 3467 3292; x_wconf 86' lang='lat' dir='ltr'><strong>agimus,</strong></span> 
     </span>
    </p>
   </div>
   <div class='ocr_carea' id='block_1_63' title="bbox 201 3291 1786 3371">
    <p class='ocr_par' dir='ltr' id='par_1_63' title="bbox 201 3291 1786 3371">
     <span class='ocr_line' id='line_1_63' title="bbox 201 3291 1786 3371; baseline 0.004 -19"><span class='ocrx_word' id='word_1_477' title='bbox 201 3291 404 3354; x_wconf 86' lang='lat' dir='ltr'><strong>divisus</strong></span> <span class='ocrx_word' id='word_1_478' title='bbox 438 3300 844 3370; x_wconf 88' lang='lat' dir='ltr'><strong>interpretatur,</strong></span> <span class='ocrx_word' id='word_1_479' title='bbox 895 3317 1005 3371; x_wconf 90' lang='lat' dir='ltr'><strong>quo</strong></span> <span class='ocrx_word' id='word_1_480' title='bbox 1035 3302 1254 3356; x_wconf 89' lang='lat' dir='ltr'><strong>nomine</strong></span> <span class='ocrx_word' id='word_1_481' title='bbox 1282 3302 1358 3356; x_wconf 91' lang='lat' dir='ltr'><strong>illi</strong></span> <span class='ocrx_word' id='word_1_482' title='bbox 1395 3303 1448 3356; x_wconf 91' lang='lat' dir='ltr'><strong>in</strong></span> <span class='ocrx_word' id='word_1_483' title='bbox 1476 3302 1786 3361; x_wconf 68' lang='lat' dir='ltr'><strong>Judatorum</strong></span> 
     </span>
    </p>
   </div>
   <div class='ocr_carea' id='block_1_64' title="bbox 203 3388 1786 3462">
    <p class='ocr_par' dir='ltr' id='par_1_64' title="bbox 203 3388 1786 3462">
     <span class='ocr_line' id='line_1_64' title="bbox 203 3388 1786 3462; baseline 0.004 -21"><span class='ocrx_word' id='word_1_484' title='bbox 203 3388 396 3460; x_wconf 83' lang='lat' dir='ltr'><strong>populo</strong></span> <span class='ocrx_word' id='word_1_485' title='bbox 430 3391 811 3456; x_wconf 88' lang='lat' dir='ltr'><strong>censebantur,</strong></span> <span class='ocrx_word' id='word_1_486' title='bbox 865 3391 956 3460; x_wconf 92' lang='lat' dir='ltr'><strong>qui</strong></span> <span class='ocrx_word' id='word_1_487' title='bbox 995 3399 1055 3445; x_wconf 93' lang='lat' dir='ltr'><strong>ut</strong></span> <span class='ocrx_word' id='word_1_488' title='bbox 1075 3389 1332 3459; x_wconf 89' lang='lat' dir='ltr'><strong>justiorcs</strong></span> <span class='ocrx_word' id='word_1_489' title='bbox 1360 3402 1714 3462; x_wconf 87' lang='lat' dir='ltr'><strong>apparerent,</strong></span> <span class='ocrx_word' id='word_1_490' title='bbox 1753 3408 1786 3448; x_wconf 86' lang='lat' dir='ltr'><strong>a</strong></span> 
     </span>
    </p>
   </div>
   <div class='ocr_carea' id='block_1_65' title="bbox 199 3485 1785 3556">
    <p class='ocr_par' dir='ltr' id='par_1_65' title="bbox 199 3485 1785 3556">
     <span class='ocr_line' id='line_1_65' title="bbox 199 3485 1785 3556; baseline 0.002 -16"><span class='ocrx_word' id='word_1_491' title='bbox 199 3485 413 3540; x_wconf 72' lang='lat' dir='ltr'><strong>cteteris</strong></span> <span class='ocrx_word' id='word_1_492' title='bbox 438 3499 499 3540; x_wconf 89' lang='lat' dir='ltr'><strong>se</strong></span> <span class='ocrx_word' id='word_1_493' title='bbox 527 3485 836 3541; x_wconf 80' lang='lat' dir='ltr'><strong>dividebant</strong></span> <span class='ocrx_word' id='word_1_494' title='bbox 865 3485 1124 3556; x_wconf 86' lang='lat' dir='ltr'><strong>quasdam</strong></span> <span class='ocrx_word' id='word_1_495' title='bbox 1161 3486 1569 3542; x_wconf 80' lang='lat' dir='ltr'><strong>observationes</strong></span> <span class='ocrx_word' id='word_1_496' title='bbox 1603 3496 1659 3542; x_wconf 92' lang='lat' dir='ltr'><strong>et</strong></span> <span class='ocrx_word' id='word_1_497' title='bbox 1691 3503 1785 3543; x_wconf 88' lang='lat' dir='ltr'><strong>su-</strong></span> 
     </span>
    </p>
   </div>
   <div class='ocr_carea' id='block_1_66' title="bbox 197 3576 1784 3648">
    <p class='ocr_par' dir='ltr' id='par_1_66' title="bbox 197 3576 1784 3648">
     <span class='ocr_line' id='line_1_66' title="bbox 197 3576 1784 3648; baseline 0.003 -18"><span class='ocrx_word' id='word_1_498' title='bbox 197 3576 542 3648; x_wconf 84' lang='lat' dir='ltr'><strong>perstitiones</strong></span> <span class='ocrx_word' id='word_1_499' title='bbox 595 3576 892 3643; x_wconf 86' lang='lat' dir='ltr'><strong>docentes,</strong></span> <span class='ocrx_word' id='word_1_500' title='bbox 953 3592 1184 3648; x_wconf 88' lang='lat' dir='ltr'><strong>quorum</strong></span> <span class='ocrx_word' id='word_1_501' title='bbox 1237 3578 1371 3632; x_wconf 89' lang='lat' dir='ltr'><strong>vitia</strong></span> <span class='ocrx_word' id='word_1_502' title='bbox 1424 3577 1683 3634; x_wconf 92' lang='lat' dir='ltr'><strong>Dominus</strong></span> <span class='ocrx_word' id='word_1_503' title='bbox 1730 3580 1784 3634; x_wconf 92' lang='lat' dir='ltr'><strong>in</strong></span> 
     </span>
    </p>
   </div>
   <div class='ocr_carea' id='block_1_67' title="bbox 199 3665 1788 3740">
    <p class='ocr_par' dir='ltr' id='par_1_67' title="bbox 199 3665 1788 3740">
     <span class='ocr_line' id='line_1_67' title="bbox 199 3665 1788 3740; baseline 0.003 -20"><span class='ocrx_word' id='word_1_504' title='bbox 199 3665 490 3738; x_wconf 83' lang='lat' dir='ltr'><strong>Evangelio</strong></span> <span class='ocrx_word' id='word_1_505' title='bbox 514 3667 626 3723; x_wconf 83' lang='lat' dir='ltr'><strong>iton</strong></span> <span class='ocrx_word' id='word_1_506' title='bbox 653 3668 826 3722; x_wconf 87' lang='lat' dir='ltr'><strong>solum</strong></span> <span class='ocrx_word' id='word_1_507' title='bbox 851 3668 1070 3738; x_wconf 80' lang='lat' dir='ltr'><strong>detegit,</strong></span> <span class='ocrx_word' id='word_1_508' title='bbox 1122 3669 1217 3723; x_wconf 89' lang='lat' dir='ltr'><strong>sed</strong></span> <span class='ocrx_word' id='word_1_509' title='bbox 1262 3668 1425 3724; x_wconf 91' lang='lat' dir='ltr'><strong>etiam</strong></span> <span class='ocrx_word' id='word_1_510' title='bbox 1475 3668 1788 3740; x_wconf 86' lang='lat' dir='ltr'><strong>frequenter</strong></span> 
     </span>
    </p>
   </div>
   <div class='ocr_carea' id='block_1_68' title="bbox 200 3757 1785 3827">
    <p class='ocr_par' dir='ltr' id='par_1_68' title="bbox 200 3757 1785 3827">
     <span class='ocr_line' id='line_1_68' title="bbox 200 3757 1785 3827; baseline 0.003 -16"><span class='ocrx_word' id='word_1_511' title='bbox 200 3757 468 3827; x_wconf 88' lang='lat' dir='ltr'><strong>increpat,</strong></span> <span class='ocrx_word' id='word_1_512' title='bbox 524 3758 747 3812; x_wconf 90' lang='lat' dir='ltr'><strong>dicens:</strong></span> <span class='ocrx_word' id='word_1_513' title='bbox 785 3774 804 3808; x_wconf 75' lang='grc' dir='ltr'><strong>ι</strong></span> <span class='ocrx_word' id='word_1_514' title='bbox 845 3757 933 3812; x_wconf 75' lang='lat' dir='ltr'><strong>Vae</strong></span> <span class='ocrx_word' id='word_1_515' title='bbox 985 3759 1157 3824; x_wconf 91' lang='lat' dir='ltr'><strong>vobis,</strong></span> <span class='ocrx_word' id='word_1_516' title='bbox 1196 3757 1400 3814; x_wconf 70' lang='lat' dir='ltr'><strong>Scriba:</strong></span> <span class='ocrx_word' id='word_1_517' title='bbox 1432 3768 1487 3815; x_wconf 92' lang='lat' dir='ltr'><strong>et</strong></span> <span class='ocrx_word' id='word_1_518' title='bbox 1528 3760 1785 3816; x_wconf 66' lang='lat' dir='ltr'><strong>Pharisaei</strong></span> 
     </span>
    </p>
   </div>
   <div class='ocr_carea' id='block_1_69' title="bbox 200 3851 1786 3926">
    <p class='ocr_par' dir='ltr' id='par_1_69' title="bbox 200 3851 1786 3926">
     <span class='ocr_line' id='line_1_69' title="bbox 200 3851 1786 3926; baseline 0.002 -19"><span class='ocrx_word' id='word_1_519' title='bbox 200 3851 494 3924; x_wconf 72' lang='lat' dir='ltr'><strong>hypocritze</strong></span> <span class='ocrx_word' id='word_1_520' title='bbox 511 3894 526 3917; x_wconf 95' lang='lat'><strong>,</strong></span> <span class='ocrx_word' id='word_1_521' title='bbox 553 3852 643 3922; x_wconf 87' lang='lat' dir='ltr'><strong>qui</strong></span> <span class='ocrx_word' id='word_1_522' title='bbox 671 3851 875 3908; x_wconf 88' lang='lat' dir='ltr'><strong>similes</strong></span> <span class='ocrx_word' id='word_1_523' title='bbox 905 3853 1036 3908; x_wconf 91' lang='lat' dir='ltr'><strong>estis</strong></span> <span class='ocrx_word' id='word_1_524' title='bbox 1061 3853 1323 3922; x_wconf 88' lang='lat' dir='ltr'><strong>sepulcris</strong></span> <span class='ocrx_word' id='word_1_525' title='bbox 1351 3853 1642 3921; x_wconf 89' lang='lat' dir='ltr'><strong>dealbatis,</strong></span> <span class='ocrx_word' id='word_1_526' title='bbox 1666 3871 1786 3926; x_wconf 69' lang='lat' dir='ltr'><strong>qua:</strong></span> 
     </span>
    </p>
   </div>
   <div class='ocr_carea' id='block_1_70' title="bbox 201 3941 1788 4013">
    <p class='ocr_par' dir='ltr' id='par_1_70' title="bbox 201 3941 1788 4013">
     <span class='ocr_line' id='line_1_70' title="bbox 201 3941 1788 4013; baseline 0.003 -15"><span class='ocrx_word' id='word_1_527' title='bbox 201 3958 232 3998; x_wconf 86' lang='lat' dir='ltr'><strong>a</strong></span> <span class='ocrx_word' id='word_1_528' title='bbox 266 3941 402 3998; x_wconf 88' lang='lat' dir='ltr'><strong>foris</strong></span> <span class='ocrx_word' id='word_1_529' title='bbox 448 3951 639 4012; x_wconf 90' lang='lat' dir='ltr'><strong>parent</strong></span> <span class='ocrx_word' id='word_1_530' title='bbox 690 3942 908 4012; x_wconf 90' lang='lat' dir='ltr'><strong>quidem</strong></span> <span class='ocrx_word' id='word_1_531' title='bbox 946 3944 1249 3998; x_wconf 88' lang='lat' dir='ltr'><strong>hominibus</strong></span> <span class='ocrx_word' id='word_1_532' title='bbox 1297 3943 1538 4013; x_wconf 90' lang='lat' dir='ltr'><strong>speciosa</strong></span> <span class='ocrx_word' id='word_1_533' title='bbox 1567 3985 1582 4011; x_wconf 93' lang='lat'><strong>,</strong></span> <span class='ocrx_word' id='word_1_534' title='bbox 1643 3945 1788 4002; x_wconf 89' lang='lat' dir='ltr'><strong>intus</strong></span> 
     </span>
    </p>
   </div>
   <div class='ocr_carea' id='block_1_71' title="bbox 202 4019 1790 4106">
    <p class='ocr_par' dir='ltr' id='par_1_71' title="bbox 202 4019 1790 4106">
     <span class='ocr_line' id='line_1_71' title="bbox 202 4019 1790 4106; baseline 0.003 -20"><span class='ocrx_word' id='word_1_535' title='bbox 202 4041 385 4086; x_wconf 90' lang='lat' dir='ltr'><strong>autem</strong></span> <span class='ocrx_word' id='word_1_536' title='bbox 416 4031 572 4101; x_wconf 86' lang='lat' dir='ltr'><strong>plena</strong></span> <span class='ocrx_word' id='word_1_537' title='bbox 603 4040 730 4086; x_wconf 89' lang='lat' dir='ltr'><strong>sunt</strong></span> <span class='ocrx_word' id='word_1_538' title='bbox 757 4019 975 4088; x_wconf 86' lang='lat' dir='ltr'><strong>ossibus</strong></span> <span class='ocrx_word' id='word_1_539' title='bbox 1014 4041 1348 4088; x_wconf 89' lang='lat' dir='ltr'><strong>tuortuorum</strong></span> <span class='ocrx_word' id='word_1_540' title='bbox 1374 4043 1430 4089; x_wconf 88' lang='lat' dir='ltr'><strong>et</strong></span> <span class='ocrx_word' id='word_1_541' title='bbox 1453 4034 1601 4090; x_wconf 90' lang='lat' dir='ltr'><strong>omni</strong></span> <span class='ocrx_word' id='word_1_542' title='bbox 1633 4049 1790 4106; x_wconf 86' lang='lat' dir='ltr'><strong>spur-</strong></span> 
     </span>
    </p>
   </div>
   <div class='ocr_carea' id='block_1_72' title="bbox 202 4123 1785 4196">
    <p class='ocr_par' dir='ltr' id='par_1_72' title="bbox 202 4123 1785 4196">
     <span class='ocr_line' id='line_1_72' title="bbox 202 4123 1785 4196; baseline 0.003 -18"><span class='ocrx_word' id='word_1_543' title='bbox 202 4123 352 4178; x_wconf 91' lang='lat' dir='ltr'><strong>citia.</strong></span> <span class='ocrx_word' id='word_1_544' title='bbox 395 4123 470 4176; x_wconf 89' lang='lat' dir='ltr'><strong>Ita</strong></span> <span class='ocrx_word' id='word_1_545' title='bbox 517 4132 572 4177; x_wconf 87' lang='lat' dir='ltr'><strong>et</strong></span> <span class='ocrx_word' id='word_1_546' title='bbox 623 4138 716 4179; x_wconf 91' lang='lat' dir='ltr'><strong>vos</strong></span> <span class='ocrx_word' id='word_1_547' title='bbox 765 4123 981 4194; x_wconf 90' lang='lat' dir='ltr'><strong>quidem</strong></span> <span class='ocrx_word' id='word_1_548' title='bbox 1014 4139 1043 4177; x_wconf 92' lang='lat' dir='ltr'><strong>a</strong></span> <span class='ocrx_word' id='word_1_549' title='bbox 1076 4124 1206 4180; x_wconf 86' lang='lat' dir='ltr'><strong>foris</strong></span> <span class='ocrx_word' id='word_1_550' title='bbox 1249 4126 1522 4196; x_wconf 87' lang='lat' dir='ltr'><strong>apparetis</strong></span> <span class='ocrx_word' id='word_1_551' title='bbox 1553 4128 1785 4182; x_wconf 88' lang='lat' dir='ltr'><strong>homini-</strong></span> 
     </span>
    </p>
   </div>
   <div class='ocr_carea' id='block_1_73' title="bbox 201 4214 1786 4289">
    <p class='ocr_par' dir='ltr' id='par_1_73' title="bbox 201 4214 1786 4289">
     <span class='ocr_line' id='line_1_73' title="bbox 201 4214 1786 4289; baseline 0.001 -19"><span class='ocrx_word' id='word_1_552' title='bbox 201 4215 301 4272; x_wconf 88' lang='lat' dir='ltr'><strong>bus</strong></span> <span class='ocrx_word' id='word_1_553' title='bbox 343 4214 494 4284; x_wconf 90' lang='lat' dir='ltr'><strong>justi.</strong></span> <span class='ocrx_word' id='word_1_554' title='bbox 547 4215 691 4269; x_wconf 89' lang='lat' dir='ltr'><strong>intus</strong></span> <span class='ocrx_word' id='word_1_555' title='bbox 727 4224 909 4270; x_wconf 90' lang='lat' dir='ltr'><strong>autem</strong></span> <span class='ocrx_word' id='word_1_556' title='bbox 938 4215 1079 4285; x_wconf 90' lang='lat' dir='ltr'><strong>pleni</strong></span> <span class='ocrx_word' id='word_1_557' title='bbox 1121 4217 1256 4272; x_wconf 81' lang='lat' dir='ltr'><strong>estis</strong></span> <span class='ocrx_word' id='word_1_558' title='bbox 1291 4217 1573 4287; x_wconf 88' lang='lat' dir='ltr'><strong>iniquitate</strong></span> <span class='ocrx_word' id='word_1_559' title='bbox 1602 4228 1657 4274; x_wconf 93' lang='lat' dir='ltr'><strong>et</strong></span> <span class='ocrx_word' id='word_1_560' title='bbox 1687 4219 1786 4289; x_wconf 86' lang='lat' dir='ltr'><strong>hy-</strong></span> 
     </span>
    </p>
   </div>
   <div class='ocr_carea' id='block_1_74' title="bbox 202 4305 1790 4378">
    <p class='ocr_par' dir='ltr' id='par_1_74' title="bbox 202 4305 1790 4378">
     <span class='ocr_line' id='line_1_74' title="bbox 202 4305 1790 4378; baseline 0 -16"><span class='ocrx_word' id='word_1_561' title='bbox 202 4306 396 4377; x_wconf 89' lang='lat' dir='ltr'><strong>pocrisi</strong></span> <span class='ocrx_word' id='word_1_562' title='bbox 427 4305 640 4378; x_wconf 77' lang='lat' dir='ltr'><strong>(Matth.</strong></span> <span class='ocrx_word' id='word_1_563' title='bbox 689 4305 868 4376; x_wconf 78' lang='lat' dir='ltr'><strong>xxm).</strong></span> <span class='ocrx_word' id='word_1_564' title='bbox 899 4325 916 4357; x_wconf 77' lang='grc' dir='ltr'><strong>ι</strong></span> <span class='ocrx_word' id='word_1_565' title='bbox 970 4306 1037 4361; x_wconf 82' lang='grc' dir='ltr'>Ει</span> <span class='ocrx_word' id='word_1_566' title='bbox 1066 4308 1296 4362; x_wconf 90' lang='lat' dir='ltr'><strong>iterum:</strong></span> <span class='ocrx_word' id='word_1_567' title='bbox 1340 4326 1359 4359; x_wconf 72' lang='grc' dir='ltr'><strong>ι</strong></span> <span class='ocrx_word' id='word_1_568' title='bbox 1392 4308 1566 4378; x_wconf 90' lang='lat' dir='ltr'><strong>Super</strong></span> <span class='ocrx_word' id='word_1_569' title='bbox 1604 4309 1790 4364; x_wconf 89' lang='lat' dir='ltr'><strong>cathe-</strong></span> 
     </span>
    </p>
   </div>
   <div class='ocr_carea' id='block_1_75' title="bbox 203 4397 1789 4471">
    <p class='ocr_par' dir='ltr' id='par_1_75' title="bbox 203 4397 1789 4471">
     <span class='ocr_line' id='line_1_75' title="bbox 203 4397 1789 4471; baseline 0.001 -17"><span class='ocrx_word' id='word_1_570' title='bbox 203 4400 354 4454; x_wconf 88' lang='lat' dir='ltr'><strong>dram</strong></span> <span class='ocrx_word' id='word_1_571' title='bbox 382 4399 547 4470; x_wconf 79' lang='lat' dir='ltr'><strong>Moysi</strong></span> <span class='ocrx_word' id='word_1_572' title='bbox 571 4397 824 4453; x_wconf 89' lang='lat' dir='ltr'><strong>sederunt</strong></span> <span class='ocrx_word' id='word_1_573' title='bbox 845 4397 1050 4454; x_wconf 74' lang='lat' dir='ltr'><strong>Scriba:</strong></span> <span class='ocrx_word' id='word_1_574' title='bbox 1069 4408 1124 4452; x_wconf 91' lang='lat' dir='ltr'><strong>et</strong></span> <span class='ocrx_word' id='word_1_575' title='bbox 1144 4399 1424 4454; x_wconf 71' lang='lat' dir='ltr'><strong>Pharismi.</strong></span> <span class='ocrx_word' id='word_1_576' title='bbox 1447 4399 1639 4455; x_wconf 87' lang='lat' dir='ltr'><strong>Omnia</strong></span> <span class='ocrx_word' id='word_1_577' title='bbox 1659 4415 1789 4471; x_wconf 90' lang='lat' dir='ltr'><strong>ergo</strong></span> 
     </span>
    </p>
   </div>
   <div class='ocr_carea' id='block_1_76' title="bbox 205 4488 1788 4559">
    <p class='ocr_par' dir='ltr' id='par_1_76' title="bbox 205 4488 1788 4559">
     <span class='ocr_line' id='line_1_76' title="bbox 205 4488 1788 4559; baseline 0.003 -17"><span class='ocrx_word' id='word_1_578' title='bbox 205 4503 532 4559; x_wconf 54' lang='lat' dir='ltr'><strong>quacunque</strong></span> <span class='ocrx_word' id='word_1_579' title='bbox 576 4488 810 4548; x_wconf 73' lang='lat' dir='ltr'><strong>dixerint</strong></span> <span class='ocrx_word' id='word_1_580' title='bbox 859 4488 1012 4545; x_wconf 87' lang='lat' dir='ltr'><strong>vobis</strong></span> <span class='ocrx_word' id='word_1_581' title='bbox 1062 4488 1262 4556; x_wconf 89' lang='lat' dir='ltr'><strong>facile,</strong></span> <span class='ocrx_word' id='word_1_582' title='bbox 1316 4492 1609 4545; x_wconf 90' lang='lat' dir='ltr'><strong>secundum</strong></span> <span class='ocrx_word' id='word_1_583' title='bbox 1659 4508 1788 4548; x_wconf 86' lang='lat' dir='ltr'><strong>vero</strong></span> 
     </span>
    </p>
   </div>
   <div class='ocr_carea' id='block_1_77' title="bbox 202 4558 1867 4650">
    <p class='ocr_par' dir='ltr' id='par_1_77' title="bbox 202 4558 1867 4650">
     <span class='ocr_line' id='line_1_77' title="bbox 202 4558 1867 4650; baseline 0.005 -19"><span class='ocrx_word' id='word_1_584' title='bbox 202 4558 361 4650; x_wconf 86' lang='lat' dir='ltr'><strong>opera</strong></span> <span class='ocrx_word' id='word_1_585' title='bbox 391 4558 578 4646; x_wconf 84' lang='lat' dir='ltr'><strong>eorum</strong></span> <span class='ocrx_word' id='word_1_586' title='bbox 630 4578 796 4633; x_wconf 89' lang='lat' dir='ltr'><strong>nolite</strong></span> <span class='ocrx_word' id='word_1_587' title='bbox 823 4577 1019 4633; x_wconf 87' lang='lat' dir='ltr'><strong>facere.</strong></span> <span class='ocrx_word' id='word_1_588' title='bbox 1062 4578 1258 4634; x_wconf 91' lang='lat' dir='ltr'><strong>Dicunt</strong></span> <span class='ocrx_word' id='word_1_589' title='bbox 1281 4580 1449 4646; x_wconf 77' lang='lat' dir='ltr'><strong>enim,</strong></span> <span class='ocrx_word' id='word_1_590' title='bbox 1479 4589 1535 4636; x_wconf 92' lang='lat' dir='ltr'><strong>et</strong></span> <span class='ocrx_word' id='word_1_591' title='bbox 1558 4597 1668 4637; x_wconf 90' lang='lat' dir='ltr'><strong>non</strong></span> <span class='ocrx_word' id='word_1_592' title='bbox 1710 4582 1790 4638; x_wconf 84' lang='lat' dir='ltr'><strong>fa-</strong></span> <span class='ocrx_word' id='word_1_593' title='bbox 1820 4558 1867 4617; x_wconf 69' lang='grc' dir='ltr'><strong>ί)</strong></span> 
     </span>
    </p>
   </div>
   <div class='ocr_carea' id='block_1_78' title="bbox 205 4669 1785 4743">
    <p class='ocr_par' dir='ltr' id='par_1_78' title="bbox 205 4669 1785 4743">
     <span class='ocr_line' id='line_1_78' title="bbox 205 4669 1785 4743; baseline 0.004 -19"><span class='ocrx_word' id='word_1_594' title='bbox 205 4671 368 4724; x_wconf 90' lang='lat' dir='ltr'><strong>ciunt.</strong></span> <span class='ocrx_word' id='word_1_595' title='bbox 397 4669 635 4741; x_wconf 79' lang='lat' dir='ltr'><strong>Alligant</strong></span> <span class='ocrx_word' id='word_1_596' title='bbox 681 4677 859 4726; x_wconf 87' lang='lat' dir='ltr'><strong>autem</strong></span> <span class='ocrx_word' id='word_1_597' title='bbox 888 4683 1055 4726; x_wconf 91' lang='lat' dir='ltr'><strong>onera</strong></span> <span class='ocrx_word' id='word_1_598' title='bbox 1095 4671 1276 4740; x_wconf 83' lang='lat' dir='ltr'><strong>gravia</strong></span> <span class='ocrx_word' id='word_1_599' title='bbox 1315 4680 1368 4728; x_wconf 89' lang='lat' dir='ltr'><strong>et</strong></span> <span class='ocrx_word' id='word_1_600' title='bbox 1403 4672 1785 4743; x_wconf 90' lang='lat' dir='ltr'><strong>importabilia,</strong></span> 
     </span>
    </p>
   </div>
   <div class='ocr_carea' id='block_1_79' title="bbox 205 4762 1788 4836">
    <p class='ocr_par' dir='ltr' id='par_1_79' title="bbox 205 4762 1788 4836">
     <span class='ocr_line' id='line_1_79' title="bbox 205 4762 1788 4836; baseline 0.004 -20"><span class='ocrx_word' id='word_1_601' title='bbox 205 4771 254 4816; x_wconf 89' lang='lat' dir='ltr'><strong>ct</strong></span> <span class='ocrx_word' id='word_1_602' title='bbox 277 4763 559 4833; x_wconf 90' lang='lat' dir='ltr'><strong>imponunt</strong></span> <span class='ocrx_word' id='word_1_603' title='bbox 586 4763 641 4816; x_wconf 91' lang='lat' dir='ltr'><strong>in</strong></span> <span class='ocrx_word' id='word_1_604' title='bbox 673 4763 926 4818; x_wconf 88' lang='lat' dir='ltr'><strong>humeros</strong></span> <span class='ocrx_word' id='word_1_605' title='bbox 955 4762 1254 4825; x_wconf 87' lang='lat' dir='ltr'><strong>hominum,</strong></span> <span class='ocrx_word' id='word_1_606' title='bbox 1295 4764 1462 4836; x_wconf 84' lang='lat' dir='ltr'><strong>digito</strong></span> <span class='ocrx_word' id='word_1_607' title='bbox 1489 4773 1668 4821; x_wconf 88' lang='lat' dir='ltr'><strong>autem</strong></span> <span class='ocrx_word' id='word_1_608' title='bbox 1689 4782 1788 4823; x_wconf 90' lang='lat' dir='ltr'><strong>suo</strong></span> 
     </span>
    </p>
   </div>
   <div class='ocr_carea' id='block_1_80' title="bbox 207 4853 1790 4925">
    <p class='ocr_par' dir='ltr' id='par_1_80' title="bbox 207 4853 1790 4925">
     <span class='ocr_line' id='line_1_80' title="bbox 207 4853 1790 4925; baseline 0.004 -19"><span class='ocrx_word' id='word_1_609' title='bbox 207 4854 391 4907; x_wconf 89' lang='lat' dir='ltr'><strong>nolunt</strong></span> <span class='ocrx_word' id='word_1_610' title='bbox 413 4867 477 4909; x_wconf 89' lang='lat' dir='ltr'><strong>ea</strong></span> <span class='ocrx_word' id='word_1_611' title='bbox 506 4868 723 4910; x_wconf 87' lang='lat' dir='ltr'><strong>movere</strong></span> <span class='ocrx_word' id='word_1_612' title='bbox 759 4853 968 4925; x_wconf 82' lang='lat' dir='ltr'><strong>(Ibid.).</strong></span> <span class='ocrx_word' id='word_1_613' title='bbox 1009 4874 1030 4908; x_wconf 75' lang='grc' dir='ltr'><strong>ι</strong></span> <span class='ocrx_word' id='word_1_614' title='bbox 1069 4853 1144 4908; x_wconf 72' lang='lat' dir='ltr'><strong>Ex</strong></span> <span class='ocrx_word' id='word_1_615' title='bbox 1178 4870 1403 4924; x_wconf 90' lang='lat' dir='ltr'><strong>quorum</strong></span> <span class='ocrx_word' id='word_1_616' title='bbox 1427 4872 1653 4923; x_wconf 79' lang='lat' dir='ltr'><strong>numero</strong></span> <span class='ocrx_word' id='word_1_617' title='bbox 1670 4866 1790 4913; x_wconf 89' lang='lat' dir='ltr'><strong>erat</strong></span> 
     </span>
    </p>
   </div>
   <div class='ocr_carea' id='block_1_81' title="bbox 210 4945 1790 5020">
    <p class='ocr_par' dir='ltr' id='par_1_81' title="bbox 210 4945 1790 5020">
     <span class='ocr_line' id='line_1_81' title="bbox 210 4945 1790 5020; baseline 0.004 -22"><span class='ocrx_word' id='word_1_618' title='bbox 210 4945 304 5000; x_wconf 88' lang='lat' dir='ltr'><strong>iste</strong></span> <span class='ocrx_word' id='word_1_619' title='bbox 334 4945 669 5012; x_wconf 73' lang='lat' dir='ltr'><strong>Pharismus,</strong></span> <span class='ocrx_word' id='word_1_620' title='bbox 702 4946 791 5016; x_wconf 89' lang='lat' dir='ltr'><strong>qui</strong></span> <span class='ocrx_word' id='word_1_621' title='bbox 827 4962 948 5002; x_wconf 92' lang='lat' dir='ltr'><strong>cum</strong></span> <span class='ocrx_word' id='word_1_622' title='bbox 979 4947 1308 5002; x_wconf 86' lang='lat' dir='ltr'><strong>ascendisset</strong></span> <span class='ocrx_word' id='word_1_623' title='bbox 1338 4948 1388 5002; x_wconf 92' lang='lat' dir='ltr'><strong>in</strong></span> <span class='ocrx_word' id='word_1_624' title='bbox 1437 4951 1689 5020; x_wconf 89' lang='lat' dir='ltr'><strong>templum</strong></span> <span class='ocrx_word' id='word_1_625' title='bbox 1728 4959 1790 5006; x_wconf 88' lang='lat' dir='ltr'><strong>ut</strong></span> 
     </span>
    </p>
   </div>
   <div class='ocr_carea' id='block_1_82' title="bbox 209 5035 1784 5110">
    <p class='ocr_par' dir='ltr' id='par_1_82' title="bbox 209 5035 1784 5110">
     <span class='ocr_line' id='line_1_82' title="bbox 209 5035 1784 5110; baseline 0.004 -21"><span class='ocrx_word' id='word_1_626' title='bbox 209 5043 404 5100; x_wconf 83' lang='lat' dir='ltr'><strong>oraret,</strong></span> <span class='ocrx_word' id='word_1_627' title='bbox 457 5035 713 5092; x_wconf 88' lang='lat' dir='ltr'><strong>dicebat:</strong></span> <span class='ocrx_word' id='word_1_628' title='bbox 759 5057 778 5088; x_wconf 72' lang='grc' dir='ltr'><strong>ι</strong></span> <span class='ocrx_word' id='word_1_629' title='bbox 814 5037 956 5093; x_wconf 86' lang='lat' dir='ltr'><strong>Deus</strong></span> <span class='ocrx_word' id='word_1_630' title='bbox 979 5079 993 5103; x_wconf 92' lang='lat'><strong>,</strong></span> <span class='ocrx_word' id='word_1_631' title='bbox 1025 5037 1226 5108; x_wconf 81' lang='lat' dir='ltr'><strong>gratias</strong></span> <span class='ocrx_word' id='word_1_632' title='bbox 1264 5053 1364 5109; x_wconf 81' lang='lat' dir='ltr'><strong>ago</strong></span> <span class='ocrx_word' id='word_1_633' title='bbox 1400 5039 1492 5094; x_wconf 91' lang='lat' dir='ltr'><strong>tibi</strong></span> <span class='ocrx_word' id='word_1_634' title='bbox 1519 5043 1644 5110; x_wconf 90' lang='lat' dir='ltr'><strong>quia</strong></span> <span class='ocrx_word' id='word_1_635' title='bbox 1679 5056 1784 5096; x_wconf 92' lang='lat' dir='ltr'><strong>non</strong></span> 
     </span>
    </p>
   </div>
   <div class='ocr_carea' id='block_1_83' title="bbox 216 5125 1788 5200">
    <p class='ocr_par' dir='ltr' id='par_1_83' title="bbox 216 5125 1788 5200">
     <span class='ocr_line' id='line_1_83' title="bbox 216 5125 1788 5200; baseline 0.005 -23"><span class='ocrx_word' id='word_1_636' title='bbox 216 5145 233 5177; x_wconf 76' lang='grc' dir='ltr'><strong>ι</strong></span> <span class='ocrx_word' id='word_1_637' title='bbox 271 5141 390 5182; x_wconf 91' lang='lat' dir='ltr'><strong>sum</strong></span> <span class='ocrx_word' id='word_1_638' title='bbox 419 5125 557 5182; x_wconf 91' lang='lat' dir='ltr'><strong>sicut</strong></span> <span class='ocrx_word' id='word_1_639' title='bbox 585 5127 763 5182; x_wconf 84' lang='lat' dir='ltr'><strong>caeteri</strong></span> <span class='ocrx_word' id='word_1_640' title='bbox 791 5127 1090 5193; x_wconf 87' lang='lat' dir='ltr'><strong>hominum,</strong></span> <span class='ocrx_word' id='word_1_641' title='bbox 1120 5139 1382 5199; x_wconf 86' lang='lat' dir='ltr'><strong>raptores,</strong></span> <span class='ocrx_word' id='word_1_642' title='bbox 1417 5131 1618 5200; x_wconf 81' lang='lat' dir='ltr'><strong>injusti,</strong></span> <span class='ocrx_word' id='word_1_643' title='bbox 1646 5131 1788 5186; x_wconf 69' lang='lat' dir='ltr'><strong>adul-</strong></span> 
     </span>
    </p>
   </div>
   <div class='ocr_carea' id='block_1_84' title="bbox 215 5217 1807 5290">
    <p class='ocr_par' dir='ltr' id='par_1_84' title="bbox 215 5217 1807 5290">
     <span class='ocr_line' id='line_1_84' title="bbox 215 5217 1807 5290; baseline 0.006 -22"><span class='ocrx_word' id='word_1_644' title='bbox 215 5237 232 5268; x_wconf 74' lang='grc' dir='ltr'><strong>ι</strong></span> <span class='ocrx_word' id='word_1_645' title='bbox 271 5219 393 5284; x_wconf 89' lang='lat' dir='ltr'><strong>teri,</strong></span> <span class='ocrx_word' id='word_1_646' title='bbox 419 5217 568 5272; x_wconf 87' lang='lat' dir='ltr'><strong>velut</strong></span> <span class='ocrx_word' id='word_1_647' title='bbox 591 5221 752 5274; x_wconf 89' lang='lat' dir='ltr'><strong>etiam</strong></span> <span class='ocrx_word' id='word_1_648' title='bbox 784 5219 870 5274; x_wconf 93' lang='lat' dir='ltr'><strong>hic</strong></span> <span class='ocrx_word' id='word_1_649' title='bbox 894 5219 1230 5288; x_wconf 90' lang='lat' dir='ltr'><strong>publicanus.</strong></span> <span class='ocrx_word' id='word_1_650' title='bbox 1273 5240 1289 5269; x_wconf 79' lang='grc' dir='ltr'><strong>ι</strong></span> <span class='ocrx_word' id='word_1_651' title='bbox 1325 5221 1378 5273; x_wconf 91' lang='lat' dir='ltr'><strong>lu</strong></span> <span class='ocrx_word' id='word_1_652' title='bbox 1404 5237 1511 5290; x_wconf 90' lang='lat' dir='ltr'><strong>quo</strong></span> <span class='ocrx_word' id='word_1_653' title='bbox 1541 5223 1656 5276; x_wconf 89' lang='lat' dir='ltr'><strong>loco</strong></span> <span class='ocrx_word' id='word_1_654' title='bbox 1684 5224 1807 5277; x_wconf 90' lang='lat' dir='ltr'><strong>col--</strong></span> 
     </span>
    </p>
   </div>
   <div class='ocr_carea' id='block_1_85' title="bbox 212 5309 1789 5382">
    <p class='ocr_par' dir='ltr' id='par_1_85' title="bbox 212 5309 1789 5382">
     <span class='ocr_line' id='line_1_85' title="bbox 212 5309 1789 5382; baseline 0.003 -19"><span class='ocrx_word' id='word_1_655' title='bbox 212 5309 370 5382; x_wconf 87' lang='lat' dir='ltr'><strong>ligere</strong></span> <span class='ocrx_word' id='word_1_656' title='bbox 416 5325 724 5381; x_wconf 86' lang='lat' dir='ltr'><strong>possumus,</strong></span> <span class='ocrx_word' id='word_1_657' title='bbox 772 5311 898 5380; x_wconf 92' lang='lat' dir='ltr'><strong>quia</strong></span> <span class='ocrx_word' id='word_1_658' title='bbox 943 5321 1174 5379; x_wconf 88' lang='lat' dir='ltr'><strong>quatuor</strong></span> <span class='ocrx_word' id='word_1_659' title='bbox 1206 5313 1380 5366; x_wconf 84' lang='lat' dir='ltr'><strong>modis</strong></span> <span class='ocrx_word' id='word_1_660' title='bbox 1435 5323 1612 5366; x_wconf 83' lang='lat' dir='ltr'><strong>tumor</strong></span> <span class='ocrx_word' id='word_1_661' title='bbox 1640 5330 1789 5369; x_wconf 82' lang='lat' dir='ltr'><strong>arro-</strong></span> 
     </span>
    </p>
   </div>
   <div class='ocr_carea' id='block_1_86' title="bbox 213 5400 1791 5468">
    <p class='ocr_par' dir='ltr' id='par_1_86' title="bbox 213 5400 1791 5468">
     <span class='ocr_line' id='line_1_86' title="bbox 213 5400 1791 5468; baseline 0.003 -13"><span class='ocrx_word' id='word_1_662' title='bbox 213 5401 445 5468; x_wconf 83' lang='lat' dir='ltr'><strong>gantium</strong></span> <span class='ocrx_word' id='word_1_663' title='bbox 475 5401 746 5456; x_wconf 83' lang='lat' dir='ltr'><strong>dividitur.</strong></span> <span class='ocrx_word' id='word_1_664' title='bbox 779 5400 996 5464; x_wconf 85' lang='lat' dir='ltr'><strong>Primo,</strong></span> <span class='ocrx_word' id='word_1_665' title='bbox 1041 5416 1163 5455; x_wconf 93' lang='lat' dir='ltr'><strong>cum</strong></span> <span class='ocrx_word' id='word_1_666' title='bbox 1198 5417 1256 5456; x_wconf 90' lang='lat' dir='ltr'><strong>se</strong></span> <span class='ocrx_word' id='word_1_667' title='bbox 1283 5402 1552 5457; x_wconf 78' lang='lat' dir='ltr'><strong>existimat</strong></span> <span class='ocrx_word' id='word_1_668' title='bbox 1593 5403 1791 5460; x_wconf 89' lang='lat' dir='ltr'><strong>habere</strong></span> 
     </span>
    </p>
   </div>
   <div class='ocr_carea' id='block_1_87' title="bbox 214 5493 1794 5566">
    <p class='ocr_par' dir='ltr' id='par_1_87' title="bbox 214 5493 1794 5566">
     <span class='ocr_line' id='line_1_87' title="bbox 214 5493 1794 5566; baseline 0.001 -18"><span class='ocrx_word' id='word_1_669' title='bbox 214 5495 390 5561; x_wconf 87' lang='lat' dir='ltr'><strong>homo,</strong></span> <span class='ocrx_word' id='word_1_670' title='bbox 420 5497 563 5566; x_wconf 89' lang='lat' dir='ltr'><strong>quod</strong></span> <span class='ocrx_word' id='word_1_671' title='bbox 589 5510 692 5550; x_wconf 91' lang='lat' dir='ltr'><strong>non</strong></span> <span class='ocrx_word' id='word_1_672' title='bbox 719 5495 897 5549; x_wconf 88' lang='lat' dir='ltr'><strong>habet.</strong></span> <span class='ocrx_word' id='word_1_673' title='bbox 937 5493 1203 5558; x_wconf 89' lang='lat' dir='ltr'><strong>Secundo,</strong></span> <span class='ocrx_word' id='word_1_674' title='bbox 1233 5511 1354 5548; x_wconf 90' lang='lat' dir='ltr'><strong>cum</strong></span> <span class='ocrx_word' id='word_1_675' title='bbox 1401 5495 1500 5550; x_wconf 92' lang='lat' dir='ltr'><strong>hoc</strong></span> <span class='ocrx_word' id='word_1_676' title='bbox 1527 5495 1667 5564; x_wconf 88' lang='lat' dir='ltr'><strong>quod</strong></span> <span class='ocrx_word' id='word_1_677' title='bbox 1699 5497 1794 5549; x_wconf 88' lang='lat' dir='ltr'><strong>ha—</strong></span> 
     </span>
    </p>
   </div>
   <div class='ocr_carea' id='block_1_88' title="bbox 215 5585 1789 5656">
    <p class='ocr_par' dir='ltr' id='par_1_88' title="bbox 215 5585 1789 5656">
     <span class='ocr_line' id='line_1_88' title="bbox 215 5585 1789 5656; baseline 0.001 -18"><span class='ocrx_word' id='word_1_678' title='bbox 215 5585 313 5648; x_wconf 89' lang='lat' dir='ltr'><strong>bet,</strong></span> <span class='ocrx_word' id='word_1_679' title='bbox 377 5587 593 5656; x_wconf 89' lang='lat' dir='ltr'><strong>propria</strong></span> <span class='ocrx_word' id='word_1_680' title='bbox 645 5586 841 5640; x_wconf 86' lang='lat' dir='ltr'><strong>virtute.</strong></span> <span class='ocrx_word' id='word_1_681' title='bbox 881 5600 940 5639; x_wconf 87' lang='lat' dir='ltr'><strong>se</strong></span> <span class='ocrx_word' id='word_1_682' title='bbox 976 5585 1174 5639; x_wconf 87' lang='lat' dir='ltr'><strong>habere</strong></span> <span class='ocrx_word' id='word_1_683' title='bbox 1211 5593 1383 5654; x_wconf 89' lang='lat' dir='ltr'><strong>putat.</strong></span> <span class='ocrx_word' id='word_1_684' title='bbox 1429 5585 1631 5650; x_wconf 89' lang='lat' dir='ltr'><strong>Tertio,</strong></span> <span class='ocrx_word' id='word_1_685' title='bbox 1669 5602 1789 5641; x_wconf 90' lang='lat' dir='ltr'><strong>cum</strong></span> 
     </span>
    </p>
   </div>
   <div class='ocr_carea' id='block_1_89' title="bbox 218 5674 1792 5747">
    <p class='ocr_par' dir='ltr' id='par_1_89' title="bbox 218 5674 1792 5747">
     <span class='ocr_line' id='line_1_89' title="bbox 218 5674 1792 5747; baseline 0.003 -19"><span class='ocrx_word' id='word_1_686' title='bbox 218 5675 311 5730; x_wconf 92' lang='lat' dir='ltr'><strong>hoc</strong></span> <span class='ocrx_word' id='word_1_687' title='bbox 348 5677 489 5747; x_wconf 80' lang='lat' dir='ltr'><strong>quod</strong></span> <span class='ocrx_word' id='word_1_688' title='bbox 533 5677 714 5743; x_wconf 88' lang='lat' dir='ltr'><strong>habet,</strong></span> <span class='ocrx_word' id='word_1_689' title='bbox 765 5692 794 5730; x_wconf 89' lang='lat' dir='ltr'><strong>a</strong></span> <span class='ocrx_word' id='word_1_690' title='bbox 852 5677 958 5730; x_wconf 92' lang='lat' dir='ltr'><strong>Deo</strong></span> <span class='ocrx_word' id='word_1_691' title='bbox 985 5674 1200 5744; x_wconf 88' lang='lat' dir='ltr'><strong>quidem</strong></span> <span class='ocrx_word' id='word_1_692' title='bbox 1256 5691 1314 5730; x_wconf 89' lang='lat' dir='ltr'><strong>se</strong></span> <span class='ocrx_word' id='word_1_693' title='bbox 1349 5677 1652 5744; x_wconf 82' lang='lat' dir='ltr'><strong>accepisse,</strong></span> <span class='ocrx_word' id='word_1_694' title='bbox 1699 5678 1792 5732; x_wconf 89' lang='lat' dir='ltr'><strong>sed</strong></span> 
     </span>
    </p>
   </div>
   <div class='ocr_carea' id='block_1_90' title="bbox 220 5767 1792 5837">
    <p class='ocr_par' dir='ltr' id='par_1_90' title="bbox 220 5767 1792 5837">
     <span class='ocr_line' id='line_1_90' title="bbox 220 5767 1792 5837; baseline 0.003 -20"><span class='ocrx_word' id='word_1_695' title='bbox 220 5779 440 5836; x_wconf 76' lang='lat' dir='ltr'><strong>propriis</strong></span> <span class='ocrx_word' id='word_1_696' title='bbox 481 5768 688 5823; x_wconf 86' lang='lat' dir='ltr'><strong>meritis</strong></span> <span class='ocrx_word' id='word_1_697' title='bbox 715 5767 905 5822; x_wconf 87' lang='lat' dir='ltr'><strong>credit.</strong></span> <span class='ocrx_word' id='word_1_698' title='bbox 939 5767 1140 5832; x_wconf 86' lang='lat' dir='ltr'><strong>Quarto</strong></span> <span class='ocrx_word' id='word_1_699' title='bbox 1160 5806 1174 5831; x_wconf 95' lang='lat'><strong>,</strong></span> <span class='ocrx_word' id='word_1_700' title='bbox 1215 5782 1333 5820; x_wconf 80' lang='lat' dir='ltr'><strong>cum</strong></span> <span class='ocrx_word' id='word_1_701' title='bbox 1363 5769 1574 5822; x_wconf 69' lang='lat' dir='ltr'><strong>czeteris</strong></span> <span class='ocrx_word' id='word_1_702' title='bbox 1604 5767 1792 5837; x_wconf 87' lang='lat' dir='ltr'><strong>despe-</strong></span> 
     </span>
    </p>
   </div>
   <div class='ocr_carea' id='block_1_91' title="bbox 1887 3305 3471 3381">
    <p class='ocr_par' dir='ltr' id='par_1_91' title="bbox 1887 3305 3471 3381">
     <span class='ocr_line' id='line_1_91' title="bbox 1887 3305 3471 3381; baseline 0.004 -19"><span class='ocrx_word' id='word_1_703' title='bbox 1887 3305 2074 3362; x_wconf 90' lang='lat' dir='ltr'><strong>oculos</strong></span> <span class='ocrx_word' id='word_1_704' title='bbox 2117 3319 2334 3377; x_wconf 88' lang='lat' dir='ltr'><strong>apertos</strong></span> <span class='ocrx_word' id='word_1_705' title='bbox 2373 3308 2658 3375; x_wconf 87' lang='lat' dir='ltr'><strong>habemus,</strong></span> <span class='ocrx_word' id='word_1_706' title='bbox 2697 3310 2791 3365; x_wconf 88' lang='lat' dir='ltr'><strong>sed</strong></span> <span class='ocrx_word' id='word_1_707' title='bbox 2816 3311 2861 3365; x_wconf 90' lang='lat' dir='ltr'><strong>si</strong></span> <span class='ocrx_word' id='word_1_708' title='bbox 2884 3311 2950 3366; x_wconf 90' lang='lat' dir='ltr'><strong>de</strong></span> <span class='ocrx_word' id='word_1_709' title='bbox 2977 3311 3118 3366; x_wconf 89' lang='lat' dir='ltr'><strong>bono</strong></span> <span class='ocrx_word' id='word_1_710' title='bbox 3145 3327 3308 3381; x_wconf 90' lang='lat' dir='ltr'><strong>opere</strong></span> <span class='ocrx_word' id='word_1_711' title='bbox 3356 3316 3471 3369; x_wconf 88' lang='lat' dir='ltr'><strong>ina-</strong></span> 
     </span>
    </p>
   </div>
   <div class='ocr_carea' id='block_1_92' title="bbox 1887 3399 3468 3474">
    <p class='ocr_par' dir='ltr' id='par_1_92' title="bbox 1887 3399 3468 3474">
     <span class='ocr_line' id='line_1_92' title="bbox 1887 3399 3468 3474; baseline 0.002 -17"><span class='ocrx_word' id='word_1_712' title='bbox 1887 3414 2012 3457; x_wconf 88' lang='lat' dir='ltr'><strong>nem</strong></span> <span class='ocrx_word' id='word_1_713' title='bbox 2039 3399 2264 3471; x_wconf 81' lang='lat' dir='ltr'><strong>gloriam</strong></span> <span class='ocrx_word' id='word_1_714' title='bbox 2313 3401 2622 3470; x_wconf 66' lang='lat' dir='ltr'><strong>quaerimus,</strong></span> <span class='ocrx_word' id='word_1_715' title='bbox 2675 3403 2730 3458; x_wconf 89' lang='lat' dir='ltr'><strong>in</strong></span> <span class='ocrx_word' id='word_1_716' title='bbox 2755 3417 2816 3458; x_wconf 89' lang='lat' dir='ltr'><strong>ea</strong></span> <span class='ocrx_word' id='word_1_717' title='bbox 2856 3411 3012 3474; x_wconf 88' lang='lat' dir='ltr'><strong>parte</strong></span> <span class='ocrx_word' id='word_1_718' title='bbox 3046 3405 3178 3459; x_wconf 82' lang='lat' dir='ltr'><strong>nihil</strong></span> <span class='ocrx_word' id='word_1_719' title='bbox 3205 3405 3468 3462; x_wconf 79' lang='lat' dir='ltr'><strong>videmus.</strong></span> 
     </span>
    </p>
   </div>
   <div class='ocr_carea' id='block_1_93' title="bbox 1885 3493 3473 3564">
    <p class='ocr_par' dir='ltr' id='par_1_93' title="bbox 1885 3493 3473 3564">
     <span class='ocr_line' id='line_1_93' title="bbox 1885 3493 3473 3564; baseline 0.003 -15"><span class='ocrx_word' id='word_1_720' title='bbox 1885 3493 1955 3549; x_wconf 86' lang='lat' dir='ltr'><strong>Et</strong></span> <span class='ocrx_word' id='word_1_721' title='bbox 1989 3493 2117 3564; x_wconf 89' lang='lat' dir='ltr'><strong>quid</strong></span> <span class='ocrx_word' id='word_1_722' title='bbox 2143 3493 2384 3564; x_wconf 86' lang='lat' dir='ltr'><strong>prodest,</strong></span> <span class='ocrx_word' id='word_1_723' title='bbox 2415 3494 2461 3550; x_wconf 90' lang='lat' dir='ltr'><strong>si</strong></span> <span class='ocrx_word' id='word_1_724' title='bbox 2491 3503 2602 3551; x_wconf 89' lang='lat' dir='ltr'><strong>tota</strong></span> <span class='ocrx_word' id='word_1_725' title='bbox 2635 3494 2828 3551; x_wconf 87' lang='lat' dir='ltr'><strong>civitas</strong></span> <span class='ocrx_word' id='word_1_726' title='bbox 2856 3497 3064 3551; x_wconf 84' lang='lat' dir='ltr'><strong>munita</strong></span> <span class='ocrx_word' id='word_1_727' title='bbox 3096 3497 3186 3562; x_wconf 91' lang='lat' dir='ltr'><strong>sit,</strong></span> <span class='ocrx_word' id='word_1_728' title='bbox 3216 3505 3272 3552; x_wconf 91' lang='lat' dir='ltr'><strong>et</strong></span> <span class='ocrx_word' id='word_1_729' title='bbox 3300 3497 3473 3553; x_wconf 80' lang='lat' dir='ltr'><strong>muris</strong></span> 
     </span>
    </p>
   </div>
   <div class='ocr_carea' id='block_1_94' title="bbox 1885 3583 3474 3653">
    <p class='ocr_par' dir='ltr' id='par_1_94' title="bbox 1885 3583 3474 3653">
     <span class='ocr_line' id='line_1_94' title="bbox 1885 3583 3474 3653; baseline 0.003 -16"><span class='ocrx_word' id='word_1_730' title='bbox 1885 3583 2124 3653; x_wconf 89' lang='lat' dir='ltr'><strong>undique</strong></span> <span class='ocrx_word' id='word_1_731' title='bbox 2152 3583 2506 3650; x_wconf 84' lang='lat' dir='ltr'><strong>circumdata,</strong></span> <span class='ocrx_word' id='word_1_732' title='bbox 2537 3593 2592 3639; x_wconf 88' lang='lat' dir='ltr'><strong>et</strong></span> <span class='ocrx_word' id='word_1_733' title='bbox 2636 3601 2802 3640; x_wconf 89' lang='lat' dir='ltr'><strong>unum</strong></span> <span class='ocrx_word' id='word_1_734' title='bbox 2855 3585 3097 3642; x_wconf 79' lang='lat' dir='ltr'><strong>foramen</strong></span> <span class='ocrx_word' id='word_1_735' title='bbox 3129 3588 3181 3642; x_wconf 90' lang='lat' dir='ltr'><strong>in</strong></span> <span class='ocrx_word' id='word_1_736' title='bbox 3211 3602 3275 3643; x_wconf 87' lang='lat' dir='ltr'><strong>ea</strong></span> <span class='ocrx_word' id='word_1_737' title='bbox 3310 3587 3474 3643; x_wconf 83' lang='lat' dir='ltr'><strong>relin-</strong></span> 
     </span>
    </p>
   </div>
   <div class='ocr_carea' id='block_1_95' title="bbox 1889 3673 3471 3748">
    <p class='ocr_par' dir='ltr' id='par_1_95' title="bbox 1889 3673 3471 3748">
     <span class='ocr_line' id='line_1_95' title="bbox 1889 3673 3471 3748; baseline 0.006 -23"><span class='ocrx_word' id='word_1_738' title='bbox 1889 3682 2106 3742; x_wconf 80' lang='lat' dir='ltr'><strong>quatur,</strong></span> <span class='ocrx_word' id='word_1_739' title='bbox 2137 3687 2235 3742; x_wconf 89' lang='lat' dir='ltr'><strong>per</strong></span> <span class='ocrx_word' id='word_1_740' title='bbox 2257 3673 2399 3743; x_wconf 90' lang='lat' dir='ltr'><strong>quod</strong></span> <span class='ocrx_word' id='word_1_741' title='bbox 2425 3674 2494 3728; x_wconf 92' lang='lat' dir='ltr'><strong>ab</strong></span> <span class='ocrx_word' id='word_1_742' title='bbox 2513 3673 2756 3731; x_wconf 90' lang='lat' dir='ltr'><strong>hostibus</strong></span> <span class='ocrx_word' id='word_1_743' title='bbox 2778 3675 3070 3746; x_wconf 86' lang='lat' dir='ltr'><strong>capiatur?</strong></span> <span class='ocrx_word' id='word_1_744' title='bbox 3097 3677 3204 3731; x_wconf 83' lang='lat' dir='ltr'><strong>Aut</strong></span> <span class='ocrx_word' id='word_1_745' title='bbox 3226 3678 3355 3748; x_wconf 89' lang='lat' dir='ltr'><strong>quid</strong></span> <span class='ocrx_word' id='word_1_746' title='bbox 3383 3692 3471 3734; x_wconf 85' lang='lat' dir='ltr'><strong>va-</strong></span> 
     </span>
    </p>
   </div>
   <div class='ocr_carea' id='block_1_96' title="bbox 1886 3762 3484 3838">
    <p class='ocr_par' dir='ltr' id='par_1_96' title="bbox 1886 3762 3484 3838">
     <span class='ocr_line' id='line_1_96' title="bbox 1886 3762 3484 3838; baseline 0.005 -21"><span class='ocrx_word' id='word_1_747' title='bbox 1886 3762 1983 3828; x_wconf 90' lang='lat' dir='ltr'><strong>let,</strong></span> <span class='ocrx_word' id='word_1_748' title='bbox 2011 3763 2055 3818; x_wconf 89' lang='lat' dir='ltr'><strong>si</strong></span> <span class='ocrx_word' id='word_1_749' title='bbox 2088 3764 2241 3820; x_wconf 88' lang='lat' dir='ltr'><strong>navis</strong></span> <span class='ocrx_word' id='word_1_750' title='bbox 2270 3765 2325 3820; x_wconf 89' lang='lat' dir='ltr'><strong>in</strong></span> <span class='ocrx_word' id='word_1_751' title='bbox 2352 3765 2531 3822; x_wconf 85' lang='lat' dir='ltr'><strong>medio</strong></span> <span class='ocrx_word' id='word_1_752' title='bbox 2561 3766 2734 3838; x_wconf 88' lang='lat' dir='ltr'><strong>pelagi</strong></span> <span class='ocrx_word' id='word_1_753' title='bbox 2779 3767 2976 3838; x_wconf 90' lang='lat' dir='ltr'><strong>posita,</strong></span> <span class='ocrx_word' id='word_1_754' title='bbox 3005 3768 3173 3825; x_wconf 87' lang='lat' dir='ltr'><strong>clavis</strong></span> <span class='ocrx_word' id='word_1_755' title='bbox 3199 3779 3255 3825; x_wconf 90' lang='lat' dir='ltr'><strong>ct</strong></span> <span class='ocrx_word' id='word_1_756' title='bbox 3277 3769 3484 3825; x_wconf 78' lang='lat' dir='ltr'><strong>tabulis</strong></span> 
     </span>
    </p>
   </div>
   <div class='ocr_carea' id='block_1_97' title="bbox 1887 3853 3469 3928">
    <p class='ocr_par' dir='ltr' id='par_1_97' title="bbox 1887 3853 3469 3928">
     <span class='ocr_line' id='line_1_97' title="bbox 1887 3853 3469 3928; baseline 0.005 -20"><span class='ocrx_word' id='word_1_757' title='bbox 1887 3853 2116 3910; x_wconf 89' lang='lat' dir='ltr'><strong>ﬁrmiter</strong></span> <span class='ocrx_word' id='word_1_758' title='bbox 2133 3855 2356 3910; x_wconf 88' lang='lat' dir='ltr'><strong>conﬁxa</strong></span> <span class='ocrx_word' id='word_1_759' title='bbox 2379 3855 2562 3923; x_wconf 85' lang='lat' dir='ltr'><strong>fuerit,</strong></span> <span class='ocrx_word' id='word_1_760' title='bbox 2598 3867 2654 3913; x_wconf 88' lang='lat' dir='ltr'><strong>et</strong></span> <span class='ocrx_word' id='word_1_761' title='bbox 2678 3873 2902 3928; x_wconf 89' lang='lat' dir='ltr'><strong>parvum</strong></span> <span class='ocrx_word' id='word_1_762' title='bbox 2933 3858 3174 3916; x_wconf 81' lang='lat' dir='ltr'><strong>foramen</strong></span> <span class='ocrx_word' id='word_1_763' title='bbox 3212 3861 3264 3915; x_wconf 93' lang='lat' dir='ltr'><strong>in</strong></span> <span class='ocrx_word' id='word_1_764' title='bbox 3293 3875 3358 3916; x_wconf 86' lang='lat' dir='ltr'><strong>ea</strong></span> <span class='ocrx_word' id='word_1_765' title='bbox 3378 3875 3469 3918; x_wconf 87' lang='lat' dir='ltr'><strong>re—</strong></span> 
     </span>
    </p>
   </div>
   <div class='ocr_carea' id='block_1_98' title="bbox 1886 3948 3476 4022">
    <p class='ocr_par' dir='ltr' id='par_1_98' title="bbox 1886 3948 3476 4022">
     <span class='ocr_line' id='line_1_98' title="bbox 1886 3948 3476 4022; baseline 0.006 -22"><span class='ocrx_word' id='word_1_766' title='bbox 1886 3954 2124 4012; x_wconf 88' lang='lat' dir='ltr'><strong>maneat,</strong></span> <span class='ocrx_word' id='word_1_767' title='bbox 2183 3961 2278 4017; x_wconf 91' lang='lat' dir='ltr'><strong>per</strong></span> <span class='ocrx_word' id='word_1_768' title='bbox 2311 3948 2456 4017; x_wconf 87' lang='lat' dir='ltr'><strong>quod</strong></span> <span class='ocrx_word' id='word_1_769' title='bbox 2485 3964 2638 4020; x_wconf 73' lang='lat' dir='ltr'><strong>aqua:</strong></span> <span class='ocrx_word' id='word_1_770' title='bbox 2681 3950 3068 4022; x_wconf 88' lang='lat' dir='ltr'><strong>ingrediantur,</strong></span> <span class='ocrx_word' id='word_1_771' title='bbox 3101 3962 3158 4008; x_wconf 91' lang='lat' dir='ltr'><strong>et</strong></span> <span class='ocrx_word' id='word_1_772' title='bbox 3185 3953 3340 4010; x_wconf 89' lang='lat' dir='ltr'><strong>navis</strong></span> <span class='ocrx_word' id='word_1_773' title='bbox 3377 3953 3476 4010; x_wconf 90' lang='lat' dir='ltr'><strong>de-</strong></span> 
     </span>
    </p>
   </div>
   <div class='ocr_carea' id='block_1_99' title="bbox 1887 4035 3470 4114">
    <p class='ocr_par' dir='ltr' id='par_1_99' title="bbox 1887 4035 3470 4114">
     <span class='ocr_line' id='line_1_99' title="bbox 1887 4035 3470 4114; baseline 0.004 -24"><span class='ocrx_word' id='word_1_774' title='bbox 1887 4037 2204 4106; x_wconf 79' lang='lat' dir='ltr'><strong>mergatur?</strong></span> <span class='ocrx_word' id='word_1_775' title='bbox 2247 4035 2409 4092; x_wconf 84' lang='lat' dir='ltr'><strong>Nihil.</strong></span> <span class='ocrx_word' id='word_1_776' title='bbox 2459 4037 2551 4094; x_wconf 89' lang='lat' dir='ltr'><strong>Sic</strong></span> <span class='ocrx_word' id='word_1_777' title='bbox 2577 4054 2683 4094; x_wconf 90' lang='lat' dir='ltr'><strong>non</strong></span> <span class='ocrx_word' id='word_1_778' title='bbox 2715 4039 2909 4097; x_wconf 82' lang='lat' dir='ltr'><strong>sufﬁcit</strong></span> <span class='ocrx_word' id='word_1_779' title='bbox 2935 4041 3134 4096; x_wconf 92' lang='lat' dir='ltr'><strong>bonum</strong></span> <span class='ocrx_word' id='word_1_780' title='bbox 3157 4057 3337 4114; x_wconf 88' lang='lat' dir='ltr'><strong>agere,</strong></span> <span class='ocrx_word' id='word_1_781' title='bbox 3366 4041 3470 4098; x_wconf 88' lang='lat' dir='ltr'><strong>nisi</strong></span> 
     </span>
    </p>
   </div>
   <div class='ocr_carea' id='block_1_100' title="bbox 1887 4128 3470 4204">
    <p class='ocr_par' dir='ltr' id='par_1_100' title="bbox 1887 4128 3470 4204">
     <span class='ocr_line' id='line_1_100' title="bbox 1887 4128 3470 4204; baseline 0.004 -22"><span class='ocrx_word' id='word_1_782' title='bbox 1887 4128 2009 4197; x_wconf 84' lang='lat' dir='ltr'><strong>quis</strong></span> <span class='ocrx_word' id='word_1_783' title='bbox 2033 4128 2392 4184; x_wconf 91' lang='lat' dir='ltr'><strong>humilitatem</strong></span> <span class='ocrx_word' id='word_1_784' title='bbox 2416 4131 2632 4186; x_wconf 86' lang='lat' dir='ltr'><strong>studeat</strong></span> <span class='ocrx_word' id='word_1_785' title='bbox 2653 4147 2891 4188; x_wconf 89' lang='lat' dir='ltr'><strong>servare.</strong></span> <span class='ocrx_word' id='word_1_786' title='bbox 2921 4133 3054 4199; x_wconf 87' lang='lat' dir='ltr'><strong>Quia</strong></span> <span class='ocrx_word' id='word_1_787' title='bbox 3083 4133 3173 4204; x_wconf 92' lang='lat' dir='ltr'><strong>qui</strong></span> <span class='ocrx_word' id='word_1_788' title='bbox 3213 4134 3332 4189; x_wconf 88' lang='lat' dir='ltr'><strong>sine</strong></span> <span class='ocrx_word' id='word_1_789' title='bbox 3367 4135 3470 4190; x_wconf 89' lang='lat' dir='ltr'><strong>hu-</strong></span> 
     </span>
    </p>
   </div>
   <div class='ocr_carea' id='block_1_101' title="bbox 1888 4217 3488 4292">
    <p class='ocr_par' dir='ltr' id='par_1_101' title="bbox 1888 4217 3488 4292">
     <span class='ocr_line' id='line_1_101' title="bbox 1888 4217 3488 4292; baseline 0.005 -22"><span class='ocrx_word' id='word_1_790' title='bbox 1888 4217 2114 4272; x_wconf 85' lang='lat' dir='ltr'><strong>militate</strong></span> <span class='ocrx_word' id='word_1_791' title='bbox 2145 4218 2374 4274; x_wconf 89' lang='lat' dir='ltr'><strong>virtutes</strong></span> <span class='ocrx_word' id='word_1_792' title='bbox 2395 4219 2626 4290; x_wconf 88' lang='lat' dir='ltr'><strong>colligit,</strong></span> <span class='ocrx_word' id='word_1_793' title='bbox 2660 4222 2816 4291; x_wconf 88' lang='lat' dir='ltr'><strong>quasi</strong></span> <span class='ocrx_word' id='word_1_794' title='bbox 2841 4222 2894 4276; x_wconf 92' lang='lat' dir='ltr'><strong>in</strong></span> <span class='ocrx_word' id='word_1_795' title='bbox 2941 4230 3158 4277; x_wconf 90' lang='lat' dir='ltr'><strong>ventum</strong></span> <span class='ocrx_word' id='word_1_796' title='bbox 3195 4223 3488 4292; x_wconf 73' lang='lat' dir='ltr'><strong>pulverem</strong></span> 
     </span>
    </p>
   </div>
   <div class='ocr_carea' id='block_1_102' title="bbox 1887 4304 3487 4379">
    <p class='ocr_par' dir='ltr' id='par_1_102' title="bbox 1887 4304 3487 4379">
     <span class='ocr_line' id='line_1_102' title="bbox 1887 4304 3487 4379; baseline 0.007 -20"><span class='ocrx_word' id='word_1_797' title='bbox 1887 4313 2086 4374; x_wconf 83' lang='lat' dir='ltr'><strong>portat.</strong></span> <span class='ocrx_word' id='word_1_798' title='bbox 2130 4304 2266 4360; x_wconf 84' lang='lat' dir='ltr'><strong>Nam</strong></span> <span class='ocrx_word' id='word_1_799' title='bbox 2315 4307 2535 4363; x_wconf 86' lang='lat' dir='ltr'><strong>humilis</strong></span> <span class='ocrx_word' id='word_1_800' title='bbox 2562 4308 2778 4375; x_wconf 90' lang='lat' dir='ltr'><strong>dicitur,</strong></span> <span class='ocrx_word' id='word_1_801' title='bbox 2835 4311 2989 4379; x_wconf 91' lang='lat' dir='ltr'><strong>quasi</strong></span> <span class='ocrx_word' id='word_1_802' title='bbox 3031 4311 3180 4366; x_wconf 90' lang='lat' dir='ltr'><strong>humi</strong></span> <span class='ocrx_word' id='word_1_803' title='bbox 3228 4311 3487 4370; x_wconf 80' lang='lat' dir='ltr'><strong>acclivis..-</strong></span> 
     </span>
    </p>
   </div>
   <div class='ocr_carea' id='block_1_103' title="bbox 1888 4396 3488 4468">
    <p class='ocr_par' dir='ltr' id='par_1_103' title="bbox 1888 4396 3488 4468">
     <span class='ocr_line' id='line_1_103' title="bbox 1888 4396 3488 4468; baseline 0.003 -18"><span class='ocrx_word' id='word_1_804' title='bbox 1888 4396 2060 4464; x_wconf 85' lang='lat' dir='ltr'><strong>Quam</strong></span> <span class='ocrx_word' id='word_1_805' title='bbox 2103 4397 2464 4453; x_wconf 90' lang='lat' dir='ltr'><strong>humilitatem</strong></span> <span class='ocrx_word' id='word_1_806' title='bbox 2511 4397 2599 4454; x_wconf 89' lang='lat' dir='ltr'><strong>ille</strong></span> <span class='ocrx_word' id='word_1_807' title='bbox 2627 4399 2878 4466; x_wconf 86' lang='lat' dir='ltr'><strong>habebat,</strong></span> <span class='ocrx_word' id='word_1_808' title='bbox 2907 4399 2999 4468; x_wconf 92' lang='lat' dir='ltr'><strong>qui</strong></span> <span class='ocrx_word' id='word_1_809' title='bbox 3037 4401 3248 4456; x_wconf 89' lang='lat' dir='ltr'><strong>dicebat</strong></span> <span class='ocrx_word' id='word_1_810' title='bbox 3275 4419 3288 4456; x_wconf 92' lang='lat'><strong>:</strong></span> <span class='ocrx_word' id='word_1_811' title='bbox 3318 4420 3336 4452; x_wconf 75' lang='grc' dir='ltr'><strong>ι</strong></span> <span class='ocrx_word' id='word_1_812' title='bbox 3368 4400 3488 4457; x_wconf 85' lang='lat' dir='ltr'><strong>Lo-.</strong></span> 
     </span>
    </p>
   </div>
   <div class='ocr_carea' id='block_1_104' title="bbox 1887 4488 3518 4561">
    <p class='ocr_par' dir='ltr' id='par_1_104' title="bbox 1887 4488 3518 4561">
     <span class='ocr_line' id='line_1_104' title="bbox 1887 4488 3518 4561; baseline 0.007 -21"><span class='ocrx_word' id='word_1_813' title='bbox 1887 4503 2026 4558; x_wconf 89' lang='lat' dir='ltr'><strong>quar</strong></span> <span class='ocrx_word' id='word_1_814' title='bbox 2051 4489 2116 4542; x_wconf 88' lang='lat' dir='ltr'><strong>ad</strong></span> <span class='ocrx_word' id='word_1_815' title='bbox 2144 4488 2432 4545; x_wconf 86' lang='lat' dir='ltr'><strong>Dominum</strong></span> <span class='ocrx_word' id='word_1_816' title='bbox 2477 4506 2680 4555; x_wconf 90' lang='lat' dir='ltr'><strong>meum,</strong></span> <span class='ocrx_word' id='word_1_817' title='bbox 2732 4507 2854 4546; x_wconf 91' lang='lat' dir='ltr'><strong>cum</strong></span> <span class='ocrx_word' id='word_1_818' title='bbox 2911 4492 3013 4545; x_wconf 89' lang='lat' dir='ltr'><strong>sim</strong></span> <span class='ocrx_word' id='word_1_819' title='bbox 3040 4491 3211 4561; x_wconf 90' lang='lat' dir='ltr'><strong>pulvis</strong></span> <span class='ocrx_word' id='word_1_820' title='bbox 3236 4501 3291 4548; x_wconf 89' lang='lat' dir='ltr'><strong>et</strong></span> <span class='ocrx_word' id='word_1_821' title='bbox 3329 4493 3472 4547; x_wconf 85' lang='lat' dir='ltr'><strong>cinis</strong></span> <span class='ocrx_word' id='word_1_822' title='bbox 3505 4547 3518 4554; x_wconf 73' lang='lat'><strong>..</strong></span> 
     </span>
    </p>
   </div>
   <div class='ocr_carea' id='block_1_105' title="bbox 1893 4577 3473 4651">
    <p class='ocr_par' dir='ltr' id='par_1_105' title="bbox 1893 4577 3473 4651">
     <span class='ocr_line' id='line_1_105' title="bbox 1893 4577 3473 4651; baseline 0.003 -19"><span class='ocrx_word' id='word_1_823' title='bbox 1893 4577 2046 4650; x_wconf 77' lang='lat' dir='ltr'><strong>(Gen.</strong></span> <span class='ocrx_word' id='word_1_824' title='bbox 2079 4580 2256 4651; x_wconf 79' lang='lat' dir='ltr'><strong>xvut).</strong></span> <span class='ocrx_word' id='word_1_825' title='bbox 2297 4599 2315 4630; x_wconf 74' lang='grc' dir='ltr'><strong>ι</strong></span> <span class='ocrx_word' id='word_1_826' title='bbox 2350 4579 2416 4634; x_wconf 85' lang='lat' dir='ltr'><strong>Et</strong></span> <span class='ocrx_word' id='word_1_827' title='bbox 2448 4580 2706 4634; x_wconf 90' lang='lat' dir='ltr'><strong>Dominus</strong></span> <span class='ocrx_word' id='word_1_828' title='bbox 2731 4581 2799 4634; x_wconf 90' lang='lat' dir='ltr'><strong>ad</strong></span> <span class='ocrx_word' id='word_1_829' title='bbox 2834 4579 3153 4635; x_wconf 89' lang='lat' dir='ltr'><strong>humilitatis</strong></span> <span class='ocrx_word' id='word_1_830' title='bbox 3172 4581 3473 4636; x_wconf 86' lang='lat' dir='ltr'><strong>custodiam</strong></span> 
     </span>
    </p>
   </div>
   <div class='ocr_carea' id='block_1_106' title="bbox 1893 4669 3487 4741">
    <p class='ocr_par' dir='ltr' id='par_1_106' title="bbox 1893 4669 3487 4741">
     <span class='ocr_line' id='line_1_106' title="bbox 1893 4669 3487 4741; baseline 0.001 -17"><span class='ocrx_word' id='word_1_831' title='bbox 1893 4685 1993 4726; x_wconf 91' lang='lat' dir='ltr'><strong>nos</strong></span> <span class='ocrx_word' id='word_1_832' title='bbox 2037 4679 2317 4738; x_wconf 86' lang='lat' dir='ltr'><strong>provocat,</strong></span> <span class='ocrx_word' id='word_1_833' title='bbox 2348 4686 2471 4724; x_wconf 88' lang='lat' dir='ltr'><strong>cum</strong></span> <span class='ocrx_word' id='word_1_834' title='bbox 2498 4669 2663 4724; x_wconf 91' lang='lat' dir='ltr'><strong>dicit:</strong></span> <span class='ocrx_word' id='word_1_835' title='bbox 2703 4687 2722 4721; x_wconf 85' lang='grc'><em>‹</em></span> <span class='ocrx_word' id='word_1_836' title='bbox 2755 4669 2954 4725; x_wconf 89' lang='lat' dir='ltr'><strong>Discite</strong></span> <span class='ocrx_word' id='word_1_837' title='bbox 2989 4685 3022 4724; x_wconf 88' lang='lat' dir='ltr'><strong>a</strong></span> <span class='ocrx_word' id='word_1_838' title='bbox 3057 4685 3144 4726; x_wconf 90' lang='lat' dir='ltr'><strong>me</strong></span> <span class='ocrx_word' id='word_1_839' title='bbox 3171 4671 3298 4741; x_wconf 89' lang='lat' dir='ltr'><strong>quia</strong></span> <span class='ocrx_word' id='word_1_840' title='bbox 3326 4671 3487 4726; x_wconf 76' lang='lat' dir='ltr'><strong>mitis.</strong></span> 
     </span>
    </p>
   </div>
   <div class='ocr_carea' id='block_1_107' title="bbox 1894 4758 3488 4830">
    <p class='ocr_par' dir='ltr' id='par_1_107' title="bbox 1894 4758 3488 4830">
     <span class='ocr_line' id='line_1_107' title="bbox 1894 4758 3488 4830; baseline 0 -18"><span class='ocrx_word' id='word_1_841' title='bbox 1894 4772 2016 4812; x_wconf 89' lang='lat' dir='ltr'><strong>sum</strong></span> <span class='ocrx_word' id='word_1_842' title='bbox 2067 4767 2123 4812; x_wconf 92' lang='lat' dir='ltr'><strong>ct</strong></span> <span class='ocrx_word' id='word_1_843' title='bbox 2159 4759 2377 4814; x_wconf 90' lang='lat' dir='ltr'><strong>humilis</strong></span> <span class='ocrx_word' id='word_1_844' title='bbox 2401 4760 2564 4814; x_wconf 90' lang='lat' dir='ltr'><strong>corde</strong></span> <span class='ocrx_word' id='word_1_845' title='bbox 2594 4758 2807 4830; x_wconf 73' lang='lat' dir='ltr'><strong>(Matth,</strong></span> <span class='ocrx_word' id='word_1_846' title='bbox 2841 4758 2939 4829; x_wconf 81' lang='lat' dir='ltr'><strong>xi).</strong></span> <span class='ocrx_word' id='word_1_847' title='bbox 2977 4779 2998 4812; x_wconf 74' lang='grc' dir='ltr'><strong>ι</strong></span> <span class='ocrx_word' id='word_1_848' title='bbox 3033 4759 3131 4819; x_wconf 80' lang='grc' dir='ltr'>Ει</span> <span class='ocrx_word' id='word_1_849' title='bbox 3173 4759 3425 4817; x_wconf 89' lang='lat' dir='ltr'><strong>Salomon</strong></span> <span class='ocrx_word' id='word_1_850' title='bbox 3453 4777 3488 4812; x_wconf 32' lang='lat'><strong>:.</strong></span> 
     </span>
    </p>
   </div>
   <div class='ocr_carea' id='block_1_108' title="bbox 1901 4847 3470 4921">
    <p class='ocr_par' dir='ltr' id='par_1_108' title="bbox 1901 4847 3470 4921">
     <span class='ocr_line' id='line_1_108' title="bbox 1901 4847 3470 4921; baseline 0.001 -19"><span class='ocrx_word' id='word_1_851' title='bbox 1901 4867 1926 4902; x_wconf 80' lang='grc' dir='ltr'><strong>ι</strong></span> <span class='ocrx_word' id='word_1_852' title='bbox 1957 4847 2169 4914; x_wconf 83' lang='lat' dir='ltr'><strong>Quanto</strong></span> <span class='ocrx_word' id='word_1_853' title='bbox 2208 4864 2434 4920; x_wconf 86' lang='lat' dir='ltr'><strong>magnus</strong></span> <span class='ocrx_word' id='word_1_854' title='bbox 2458 4864 2536 4914; x_wconf 89' lang='lat' dir='ltr'><strong>es,</strong></span> <span class='ocrx_word' id='word_1_855' title='bbox 2577 4848 2800 4902; x_wconf 89' lang='lat' dir='ltr'><strong>humilia</strong></span> <span class='ocrx_word' id='word_1_856' title='bbox 2831 4858 2882 4903; x_wconf 90' lang='lat' dir='ltr'><strong>te</strong></span> <span class='ocrx_word' id='word_1_857' title='bbox 2913 4848 2964 4904; x_wconf 91' lang='lat' dir='ltr'><strong>iu</strong></span> <span class='ocrx_word' id='word_1_858' title='bbox 2991 4849 3240 4906; x_wconf 84' lang='lat' dir='ltr'><strong>omnibus</strong></span> <span class='ocrx_word' id='word_1_859' title='bbox 3279 4849 3470 4921; x_wconf 84' lang='lat' dir='ltr'><strong>(Eccli.</strong></span> 
     </span>
    </p>
   </div>
   <div class='ocr_carea' id='block_1_109' title="bbox 1893 4941 3474 5014">
    <p class='ocr_par' dir='ltr' id='par_1_109' title="bbox 1893 4941 3474 5014">
     <span class='ocr_line' id='line_1_109' title="bbox 1893 4941 3474 5014; baseline 0.003 -19"><span class='ocrx_word' id='word_1_860' title='bbox 1893 4942 1996 5011; x_wconf 88' lang='grc' dir='ltr'><strong>ιιι).</strong></span> <span class='ocrx_word' id='word_1_861' title='bbox 2034 4962 2052 4992; x_wconf 77' lang='grc' dir='ltr'><strong>ι</strong></span> <span class='ocrx_word' id='word_1_862' title='bbox 2088 4941 2154 4996; x_wconf 82' lang='grc' dir='ltr'>Ει</span> <span class='ocrx_word' id='word_1_863' title='bbox 2187 4941 2378 4998; x_wconf 79' lang='lat' dir='ltr'><strong>Petrus</strong></span> <span class='ocrx_word' id='word_1_864' title='bbox 2421 4942 2734 5012; x_wconf 89' lang='lat' dir='ltr'><strong>apostolus:</strong></span> <span class='ocrx_word' id='word_1_865' title='bbox 2773 4959 2792 4992; x_wconf 78' lang='grc' dir='ltr'><strong>ι</strong></span> <span class='ocrx_word' id='word_1_866' title='bbox 2825 4941 3196 4999; x_wconf 82' lang='lat' dir='ltr'><strong>Humiliamini</strong></span> <span class='ocrx_word' id='word_1_867' title='bbox 3237 4943 3339 5000; x_wconf 85' lang='lat' dir='ltr'><strong>sub</strong></span> <span class='ocrx_word' id='word_1_868' title='bbox 3380 4959 3474 5014; x_wconf 86' lang='lat' dir='ltr'><strong>p0-</strong></span> 
     </span>
    </p>
   </div>
   <div class='ocr_carea' id='block_1_110' title="bbox 1895 5029 3473 5101">
    <p class='ocr_par' dir='ltr' id='par_1_110' title="bbox 1895 5029 3473 5101">
     <span class='ocr_line' id='line_1_110' title="bbox 1895 5029 3473 5101; baseline 0.001 -16"><span class='ocrx_word' id='word_1_869' title='bbox 1895 5031 2026 5086; x_wconf 85' lang='lat' dir='ltr'><strong>tenti</strong></span> <span class='ocrx_word' id='word_1_870' title='bbox 2053 5047 2216 5085; x_wconf 89' lang='lat' dir='ltr'><strong>manu</strong></span> <span class='ocrx_word' id='word_1_871' title='bbox 2243 5031 2336 5088; x_wconf 89' lang='lat' dir='ltr'><strong>Dei</strong></span> <span class='ocrx_word' id='word_1_872' title='bbox 2367 5031 2415 5101; x_wconf 84' lang='grc' dir='ltr'><strong>(Ι</strong></span> <span class='ocrx_word' id='word_1_873' title='bbox 2447 5029 2589 5085; x_wconf 82' lang='lat' dir='ltr'><strong>I’etr.</strong></span> <span class='ocrx_word' id='word_1_874' title='bbox 2615 5030 2688 5100; x_wconf 88' lang='lat' dir='ltr'><strong>v).</strong></span> <span class='ocrx_word' id='word_1_875' title='bbox 2715 5051 2732 5082; x_wconf 74' lang='grc' dir='ltr'><strong>ι</strong></span> <span class='ocrx_word' id='word_1_876' title='bbox 2762 5030 2912 5086; x_wconf 78' lang='lat' dir='ltr'><strong>lianc</strong></span> <span class='ocrx_word' id='word_1_877' title='bbox 2933 5030 3292 5087; x_wconf 89' lang='lat' dir='ltr'><strong>humilitatem</strong></span> <span class='ocrx_word' id='word_1_878' title='bbox 3317 5031 3473 5088; x_wconf 90' lang='lat' dir='ltr'><strong>habe-</strong></span> 
     </span>
    </p>
   </div>
   <div class='ocr_carea' id='block_1_111' title="bbox 1893 5121 3490 5194">
    <p class='ocr_par' dir='ltr' id='par_1_111' title="bbox 1893 5121 3490 5194">
     <span class='ocr_line' id='line_1_111' title="bbox 1893 5121 3490 5194; baseline -0.001 -18"><span class='ocrx_word' id='word_1_879' title='bbox 1893 5122 2307 5188; x_wconf 87' lang='lat' dir='ltr'><strong>batPsalmista,</strong></span> <span class='ocrx_word' id='word_1_880' title='bbox 2337 5138 2457 5178; x_wconf 90' lang='lat' dir='ltr'><strong>cmn</strong></span> <span class='ocrx_word' id='word_1_881' title='bbox 2481 5121 2693 5178; x_wconf 88' lang='lat' dir='ltr'><strong>dicebat</strong></span> <span class='ocrx_word' id='word_1_882' title='bbox 2717 5140 2730 5175; x_wconf 90' lang='lat'><strong>:</strong></span> <span class='ocrx_word' id='word_1_883' title='bbox 2761 5139 2779 5172; x_wconf 79' lang='grc' dir='ltr'><strong>ι</strong></span> <span class='ocrx_word' id='word_1_884' title='bbox 2816 5121 3023 5177; x_wconf 90' lang='lat' dir='ltr'><strong>Bonum</strong></span> <span class='ocrx_word' id='word_1_885' title='bbox 3047 5122 3200 5194; x_wconf 81' lang='lat' dir='ltr'><strong>mihi,</strong></span> <span class='ocrx_word' id='word_1_886' title='bbox 3228 5122 3490 5192; x_wconf 37' lang='lat' dir='ltr'><strong>Domine”</strong></span> 
     </span>
    </p>
   </div>
   <div class='ocr_carea' id='block_1_112' title="bbox 1893 5213 3489 5287">
    <p class='ocr_par' dir='ltr' id='par_1_112' title="bbox 1893 5213 3489 5287">
     <span class='ocr_line' id='line_1_112' title="bbox 1893 5213 3489 5287; baseline 0.001 -21"><span class='ocrx_word' id='word_1_887' title='bbox 1893 5216 2036 5284; x_wconf 89' lang='lat' dir='ltr'><strong>quod</strong></span> <span class='ocrx_word' id='word_1_888' title='bbox 2074 5215 2368 5270; x_wconf 85' lang='lat' dir='ltr'><strong>bumiliasti</strong></span> <span class='ocrx_word' id='word_1_889' title='bbox 2401 5230 2485 5271; x_wconf 91' lang='lat' dir='ltr'><strong>me</strong></span> <span class='ocrx_word' id='word_1_890' title='bbox 2531 5215 2702 5286; x_wconf 82' lang='lat' dir='ltr'><strong>(Psal.</strong></span> <span class='ocrx_word' id='word_1_891' title='bbox 2728 5215 2939 5287; x_wconf 85' lang='lat' dir='ltr'><strong>cxvm).</strong></span> <span class='ocrx_word' id='word_1_892' title='bbox 2969 5235 2988 5267; x_wconf 70' lang='grc' dir='ltr'><strong>ι</strong></span> <span class='ocrx_word' id='word_1_893' title='bbox 3043 5215 3110 5269; x_wconf 90' lang='lat' dir='ltr'><strong>Et</strong></span> <span class='ocrx_word' id='word_1_894' title='bbox 3135 5216 3263 5271; x_wconf 88' lang='lat' dir='ltr'><strong>item</strong></span> <span class='ocrx_word' id='word_1_895' title='bbox 3305 5233 3322 5265; x_wconf 79' lang='grc' dir='ltr'><strong>ι</strong></span> <span class='ocrx_word' id='word_1_896' title='bbox 3359 5213 3489 5278; x_wconf 55' lang='grc' dir='ltr'><strong>ΙΙιι-,</strong></span> 
     </span>
    </p>
   </div>
   <div class='ocr_carea' id='block_1_113' title="bbox 1895 5305 3491 5377">
    <p class='ocr_par' dir='ltr' id='par_1_113' title="bbox 1895 5305 3491 5377">
     <span class='ocr_line' id='line_1_113' title="bbox 1895 5305 3491 5377; baseline -0.002 -13"><span class='ocrx_word' id='word_1_897' title='bbox 1895 5307 2132 5364; x_wconf 87' lang='lat' dir='ltr'><strong>miliatus</strong></span> <span class='ocrx_word' id='word_1_898' title='bbox 2179 5323 2298 5362; x_wconf 87' lang='lat' dir='ltr'><strong>smn</strong></span> <span class='ocrx_word' id='word_1_899' title='bbox 2320 5320 2721 5376; x_wconf 88' lang='lat' dir='ltr'><strong>usquequaque,</strong></span> <span class='ocrx_word' id='word_1_900' title='bbox 2758 5306 2981 5362; x_wconf 89' lang='lat' dir='ltr'><strong>Domine</strong></span> <span class='ocrx_word' id='word_1_901' title='bbox 3019 5305 3227 5377; x_wconf 84' lang='lat' dir='ltr'><strong>(Ibid.).</strong></span> <span class='ocrx_word' id='word_1_902' title='bbox 3260 5327 3278 5358; x_wconf 76' lang='grc' dir='ltr'><strong>ι</strong></span> <span class='ocrx_word' id='word_1_903' title='bbox 3325 5305 3491 5372; x_wconf 75' lang='grc' dir='ltr'><strong>δοιυι,</strong></span> 
     </span>
    </p>
   </div>
   <div class='ocr_carea' id='block_1_114' title="bbox 1894 5397 3474 5468">
    <p class='ocr_par' dir='ltr' id='par_1_114' title="bbox 1894 5397 3474 5468">
     <span class='ocr_line' id='line_1_114' title="bbox 1894 5397 3474 5468; baseline -0.001 -16"><span class='ocrx_word' id='word_1_904' title='bbox 1894 5399 2037 5452; x_wconf 90' lang='lat' dir='ltr'><strong>enim</strong></span> <span class='ocrx_word' id='word_1_905' title='bbox 2083 5399 2416 5468; x_wconf 87' lang='lat' dir='ltr'><strong>contingere,</strong></span> <span class='ocrx_word' id='word_1_906' title='bbox 2462 5406 2519 5452; x_wconf 91' lang='lat' dir='ltr'><strong>ut</strong></span> <span class='ocrx_word' id='word_1_907' title='bbox 2547 5413 2668 5452; x_wconf 89' lang='lat' dir='ltr'><strong>cum</strong></span> <span class='ocrx_word' id='word_1_908' title='bbox 2697 5397 2812 5452; x_wconf 89' lang='lat' dir='ltr'><strong>avis</strong></span> <span class='ocrx_word' id='word_1_909' title='bbox 2839 5397 3031 5468; x_wconf 89' lang='lat' dir='ltr'><strong>laqueo</strong></span> <span class='ocrx_word' id='word_1_910' title='bbox 3064 5399 3294 5468; x_wconf 88' lang='lat' dir='ltr'><strong>capitur,</strong></span> <span class='ocrx_word' id='word_1_911' title='bbox 3342 5412 3474 5452; x_wconf 87' lang='lat' dir='ltr'><strong>sana</strong></span> 
     </span>
    </p>
   </div>
   <div class='ocr_carea' id='block_1_115' title="bbox 1896 5487 3474 5560">
    <p class='ocr_par' dir='ltr' id='par_1_115' title="bbox 1896 5487 3474 5560">
     <span class='ocr_line' id='line_1_115' title="bbox 1896 5487 3474 5560; baseline -0.003 -16"><span class='ocrx_word' id='word_1_912' title='bbox 1896 5499 2009 5545; x_wconf 90' lang='lat' dir='ltr'><strong>toto</strong></span> <span class='ocrx_word' id='word_1_913' title='bbox 2050 5506 2278 5560; x_wconf 89' lang='lat' dir='ltr'><strong>corpore</strong></span> <span class='ocrx_word' id='word_1_914' title='bbox 2305 5501 2358 5544; x_wconf 91' lang='lat' dir='ltr'><strong>et</strong></span> <span class='ocrx_word' id='word_1_915' title='bbox 2389 5491 2612 5560; x_wconf 88' lang='lat' dir='ltr'><strong>integris</strong></span> <span class='ocrx_word' id='word_1_916' title='bbox 2641 5490 2764 5555; x_wconf 90' lang='lat' dir='ltr'><strong>alis,</strong></span> <span class='ocrx_word' id='word_1_917' title='bbox 2804 5491 3115 5544; x_wconf 87' lang='lat' dir='ltr'><strong>summitate</strong></span> <span class='ocrx_word' id='word_1_918' title='bbox 3142 5487 3474 5558; x_wconf 84' lang='lat' dir='ltr'><strong>parvissima:</strong></span> 
     </span>
    </p>
   </div>
   <div class='ocr_carea' id='block_1_116' title="bbox 1895 5578 3475 5655">
    <p class='ocr_par' dir='ltr' id='par_1_116' title="bbox 1895 5578 3475 5655">
     <span class='ocr_line' id='line_1_116' title="bbox 1895 5578 3475 5655; baseline -0.003 -19"><span class='ocrx_word' id='word_1_919' title='bbox 1895 5585 2090 5655; x_wconf 81' lang='lat' dir='ltr'><strong>unguis</strong></span> <span class='ocrx_word' id='word_1_920' title='bbox 2140 5592 2403 5637; x_wconf 86' lang='lat' dir='ltr'><strong>teneatur.</strong></span> <span class='ocrx_word' id='word_1_921' title='bbox 2455 5582 2718 5649; x_wconf 80' lang='lat' dir='ltr'><strong>Quoniam</strong></span> <span class='ocrx_word' id='word_1_922' title='bbox 2756 5583 3011 5651; x_wconf 88' lang='lat' dir='ltr'><strong>antiquus</strong></span> <span class='ocrx_word' id='word_1_923' title='bbox 3060 5588 3115 5634; x_wconf 91' lang='lat' dir='ltr'><strong>et</strong></span> <span class='ocrx_word' id='word_1_924' title='bbox 3139 5578 3362 5633; x_wconf 84' lang='lat' dir='ltr'><strong>callidus</strong></span> <span class='ocrx_word' id='word_1_925' title='bbox 3383 5593 3475 5632; x_wconf 86' lang='lat' dir='ltr'><strong>au-</strong></span> 
     </span>
    </p>
   </div>
   <div class='ocr_carea' id='block_1_117' title="bbox 1897 5671 3476 5745">
    <p class='ocr_par' dir='ltr' id='par_1_117' title="bbox 1897 5671 3476 5745">
     <span class='ocr_line' id='line_1_117' title="bbox 1897 5671 3476 5745; baseline -0.003 -15"><span class='ocrx_word' id='word_1_926' title='bbox 1897 5691 2022 5745; x_wconf 91' lang='lat' dir='ltr'><strong>ceps</strong></span> <span class='ocrx_word' id='word_1_927' title='bbox 2044 5675 2306 5739; x_wconf 88' lang='lat' dir='ltr'><strong>diabolus,</strong></span> <span class='ocrx_word' id='word_1_928' title='bbox 2349 5691 2484 5744; x_wconf 83' lang='lat' dir='ltr'><strong>quos</strong></span> <span class='ocrx_word' id='word_1_929' title='bbox 2515 5691 2610 5744; x_wconf 89' lang='lat' dir='ltr'><strong>per</strong></span> <span class='ocrx_word' id='word_1_930' title='bbox 2639 5675 2923 5739; x_wconf 85' lang='lat' dir='ltr'><strong>adulteria,</strong></span> <span class='ocrx_word' id='word_1_931' title='bbox 2969 5671 3256 5727; x_wconf 88' lang='lat' dir='ltr'><strong>homicidia</strong></span> <span class='ocrx_word' id='word_1_932' title='bbox 3294 5681 3348 5725; x_wconf 90' lang='lat' dir='ltr'><strong>et</strong></span> <span class='ocrx_word' id='word_1_933' title='bbox 3378 5687 3476 5725; x_wconf 67' lang='grc' dir='ltr'><strong>αε-</strong></span> 
     </span>
    </p>
   </div>
   <div class='ocr_carea' id='block_1_118' title="bbox 1898 5762 3476 5834">
    <p class='ocr_par' dir='ltr' id='par_1_118' title="bbox 1898 5762 3476 5834">
     <span class='ocr_line' id='line_1_118' title="bbox 1898 5762 3476 5834; baseline -0.003 -13"><span class='ocrx_word' id='word_1_934' title='bbox 1898 5776 2012 5822; x_wconf 89' lang='lat' dir='ltr'><strong>tera</strong></span> <span class='ocrx_word' id='word_1_935' title='bbox 2039 5766 2319 5822; x_wconf 81' lang='lat' dir='ltr'><strong>manifesta</strong></span> <span class='ocrx_word' id='word_1_936' title='bbox 2349 5766 2485 5820; x_wconf 91' lang='lat' dir='ltr'><strong>mala</strong></span> <span class='ocrx_word' id='word_1_937' title='bbox 2514 5780 2708 5834; x_wconf 88' lang='lat' dir='ltr'><strong>capere</strong></span> <span class='ocrx_word' id='word_1_938' title='bbox 2757 5782 2862 5820; x_wconf 91' lang='lat' dir='ltr'><strong>non</strong></span> <span class='ocrx_word' id='word_1_939' title='bbox 2894 5771 3089 5832; x_wconf 84' lang='lat' dir='ltr'><strong>potest,</strong></span> <span class='ocrx_word' id='word_1_940' title='bbox 3129 5777 3224 5832; x_wconf 87' lang='lat' dir='ltr'><strong>per</strong></span> <span class='ocrx_word' id='word_1_941' title='bbox 3259 5762 3476 5817; x_wconf 90' lang='lat' dir='ltr'><strong>inanem</strong></span> 
     </span>
    </p>
   </div>
  </div>
