4014 6354
1386 354 1690 412 ιιοιιιιιιιε
1731 354 1820 408 DE
1856 354 2202 410 TEMPORE.

3343 360 3446 414 666

137 487 351 544 regem
379 469 705 543 Babyloniae,
754 472 818 525 ad
859 472 977 541 ejus
1027 470 1450 525 destructionem
1491 468 1750 524 festinan-
1781 477 1826 532 Α
1856 469 2183 538 brehendit?
2211 468 2464 538 Nunquid
2507 485 2612 524 non
2644 486 2829 524 eorum
2863 471 3171 527 hominibus
3197 488 3320 527 eum
3362 488 3447 528 sa-

142 575 272 619 tem
337 563 612 630 describit.
669 563 949 633 Decapolis
1008 570 1190 616 autem
1257 561 1404 632 regio
1459 569 1543 616 est
1602 569 1752 615 trans

107 657 456 730 _Jordanem
483 696 499 721 ,
553 656 739 712 decem
785 656 946 710 urbes
986 655 1222 720 habens,
1277 663 1337 708 ut
1373 654 1488 724 ipso
1534 653 1752 708 nomine

142 749 572 820 comprobatur.
649 745 783 801 Nam
831 746 954 802 δέκα
1011 746 1223 810 Grece,
1273 745 1463 801 Latine
1511 746 1696 801 decem
1734 763 1747 798 :

141 841 309 903 πολις
339 855 488 904 vero,
534 839 588 893 in
641 839 745 893 hoc
793 838 910 896 loco
957 839 1150 894 civitas
1196 838 1415 903 dicitur,
1455 855 1519 894 ex
1558 838 1753 907 quibus

141 943 238 1001 (ut
272 931 534 1003 diximus)
571 947 764 988 nomen
811 933 1045 1003 regionis
1074 931 1356 1002 Decapolis
1383 941 1466 986 est
1491 931 1753 1001 composi-

141 1035 300 1080 tum.
329 1023 481 1084 Sicut
514 1037 642 1094 ergo
671 1022 845 1094 Tyrus
867 1032 921 1078 et
949 1022 1138 1084 Sidon.
1175 1024 1420 1077 civitates
1446 1023 1748 1093 gentilium,

140 1113 419 1186 gentilem
447 1113 754 1184 signiﬁcant
800 1113 1072 1184 populum,
1107 1111 1185 1168 sic
1213 1112 1496 1181 Decapolis
1539 1111 1753 1168 Juda:o-

141 1222 307 1272 rum,
348 1208 440 1277 qui
485 1207 552 1261 ad
576 1221 728 1261 suam
775 1206 1135 1260 eruditionem
1163 1205 1475 1275 decalugum
1505 1205 1636 1276 legis
1663 1222 1751 1260 ac-

137 1307 403 1369 ceperat.
456 1299 609 1366 Quod
649 1307 828 1353 autem
873 1299 984 1352 ait:
1020 1317 1038 1350 ι
1074 1298 1233 1353 Venit
1273 1314 1370 1369 per
1398 1297 1653 1353 Sidonem
1683 1299 1750 1352 ad

143 1407 314 1447 mare
337 1391 596 1456 Galilmae,
643 1410 662 1441 ι
694 1390 835 1444 inter
865 1391 1070 1445 medios
1099 1390 1234 1444 ﬁnes
1257 1389 1606 1460 Decapoleos,
1644 1404 1748 1443 non

141 1483 308 1552 ipsos
335 1481 472 1537 ﬁnes
501 1496 625 1535 eum
659 1481 913 1543 intrasse,
945 1481 1038 1536 sed
1069 1481 1223 1552 juxta
1259 1481 1518 1536 transisse
1546 1480 1744 1552 signiﬁv

140 1583 263 1627 cat.
300 1573 456 1640 Quod
485 1572 649 1626 etiam
675 1588 705 1625 a
736 1571 974 1642 mysterii
1003 1570 1400 1642 signiﬁcatione
1439 1586 1544 1626 non
1569 1579 1746 1625 vacat.

138 1662 327 1726 Quasi
372 1661 515 1716 enim
568 1660 702 1716 ﬁnes
745 1660 1028 1730 Decapolis
1073 1660 1428 1730 spiritualiter
1457 1660 1748 1736 appropin-

137 1756 364 1824 quavit,
391 1754 607 1824 quando
648 1769 865 1809 carnem
915 1768 982 1808 ex
1022 1752 1224 1809 Judzcis
1261 1752 1578 1823 assumpsit,
1609 1752 1749 1806 sicut

1855 576 1985 616 nare
2011 569 2240 632 poterat,
2272 561 2365 632 qui
2409 572 2604 619 cuncta
2656 566 2862 620 creavit
2890 580 2956 621 ex
2987 566 3191 621 nihilo?
3221 567 3444 622 Poterat

1854 655 2057 724 utique.
2093 652 2199 708 Sed
2240 653 2388 724 prius
2416 654 2588 724 ipsum
2621 671 2650 710 a
2696 658 2852 712 turba
2902 665 3140 726 separat,
3169 668 3224 713 et
3252 670 3444 728 postea

1854 751 2030 808 sanat,
2053 752 2112 797 ut
2141 743 2404 814 intelligat
2441 759 2613 814 genus
2643 745 2938 800 humanum
2976 762 3034 803 se
3065 749 3224 804 aliter
3245 749 3446 804 sanita-

1853 847 1959 892 tem
1997 837 2192 890 anima:
2223 851 2329 890 non
2363 850 2525 910 posse
2566 839 2826 906 recipere,
2859 838 2962 893 nisi
3002 840 3156 909 prius
3184 840 3480 910 pristinos.

1851 945 2069 984 errores
2090 928 2423 996 relinquens,
2452 944 2484 983 a
2503 907 2665 985 .turba
2687 929 3088 985 immundorum
3132 932 3439 1000 spirituum,

1851 1033 1906 1076 ct
1937 1021 2165 1076 tumultu
2195 1020 2450 1075 vitiorum
2483 1036 2604 1076 sese
2635 1022 2888 1076 redderet
2931 1023 3188 1077 alienum.
3236 1025 3445 1095 Digitus

1853 1123 2034 1169 autem
2065 1113 2156 1168 Dei
2188 1113 2241 1167 in
2269 1113 2567 1184 Seripluris
2589 1111 2850 1183 Spiritum
2869 1123 3114 1169 sanctum
3147 1115 3441 1186 signiﬁcat,

1852 1206 1991 1260 sicut
2017 1205 2279 1261 Dominus
2309 1205 2436 1260 alibi
2460 1205 2571 1258 ait:
2610 1221 2628 1252 ι
2660 1202 2830 1257 Porro
2863 1203 2906 1258 si
2937 1204 2989 1257 in
3021 1205 3188 1274 digito
3214 1206 3304 1259 Dei
3338 1205 3443 1276 eji-

1850 1295 1936 1349 cio
1963 1295 2228 1350 dmmonia
2249 1293 2403 1366 (Luc.
2438 1293 2537 1364 xl).
2569 1314 2588 1345 ι
2621 1291 2773 1359 Quod
2807 1292 2946 1346 alius
2978 1295 3306 1364 evangelista
3329 1311 3444 1350 ma-

1853 1387 2100 1442 nifestius
2140 1387 2397 1451 declarat,
2438 1387 2664 1442 dicens:
2711 1405 2728 1436 ι
2769 1386 2826 1440 Si
2854 1401 2954 1457 ego
3005 1386 3058 1440 in
3105 1387 3305 1457 Spiritu
3348 1389 3442 1443 Dei

1852 1479 2010 1546 ejicio
2036 1480 2309 1535 daemones
2341 1478 2558 1551 (Matth.
2587 1477 2709 1546 xu).
2744 1498 2761 1530 ι
2795 1477 2898 1532 Ιειε
2925 1486 3010 1533 εει
3033 1478 3254 1549 digitus,
3281 1495 3443 1548 quem

1853 1573 1990 1644 magi
2038 1573 2092 1627 in
2143 1572 2377 1643 Egypto
2411 1571 2813 1626 conﬁtebantur
2860 1570 3108 1625 dicentes
3151 1588 3164 1624 :
3225 1593 3242 1623 ι
3272 1571 3441 1626 Porro

1853 1667 2054 1736 digitus
2081 1665 2177 1720 Dei
2204 1675 2288 1721 est
2317 1667 2418 1720 iste
2461 1664 2656 1736 (Exod.
2695 1663 2834 1733 vui).
2870 1683 2887 1714 ι
2917 1662 3033 1718 Hoc
3056 1663 3224 1733 digito
3255 1662 3446 1716 tabulae

1855 1757 2186 1814 Testamenti
2233 1758 2451 1827 scriptae
2499 1765 2642 1812 sunt.
2683 1757 2747 1810 Et
2801 1757 3022 1827 pulchre
3075 1770 3171 1825 per
3215 1755 3445 1825 digitum

137 1847 292 1901 dicit
329 1846 622 1917 Apostolus
651 1863 664 1900 :
703 1863 722 1897 ι
767 1845 1008 1913 Quorum
1043 1855 1250 1916 patres,
1275 1860 1340 1900 ex
1370 1845 1568 1916 quibus
1593 1845 1749 1899 Cllri-
1781 1829 1823 1888 Β
1853 1852 1944 1905 Dei
1975 1851 2215 1920 Spiritus
2247 1862 2472 1906 sanctus
2499 1849 2780 1920 ﬁguratur,
2814 1851 2940 1920 quia
2961 1850 3102 1904 sicut
3131 1849 3313 1918 digitis
3340 1847 3440 1902 ali-

138 1948 271 1993 stus
303 1940 602 1994 secundum
643 1954 885 2004 carnem,
918 1938 1008 2007 qui
1053 1946 1136 1993 est
1178 1937 1492 1992 benedictus
1544 1937 1596 1990 in
1644 1951 1745 2007 sze~

137 2032 274 2087 cula
310 2031 628 2087 smcnlornm
674 2031 857 2102 (Rom.
891 2030 990 2100 ix).
1043 2049 1060 2080 ι
1093 2030 1210 2084 Non
1236 2037 1413 2083 autem
1445 2029 1590 2097 ipsos
1613 2027 1749 2082 ﬁnes

138 2122 439 2193 ingressus
462 2131 568 2186 est,
595 2121 720 2190 quia
749 2120 818 2175 ab
840 2122 920 2175 eis
950 2136 1049 2175 nec
1077 2119 1347 2189 cognitus,
1373 2133 1474 2172 nec
1501 2126 1748 2187 receptus

133 2223 249 2274 est,
288 2214 430 2271 sicut
459 2212 574 2282 ipse
599 2213 680 2266 eis
727 2213 1101 2281 improperans
1128 2211 1304 2265 dixit:
1356 2231 1374 2260 ι
1405 2210 1516 2280 Ego
1541 2211 1661 2264 veni
1693 2211 1745 2264 in

131 2306 380 2360 nomine
420 2303 598 2358 Patris
627 2304 754 2369 mei,
787 2314 843 2358 ct
881 2319 987 2380 non
1031 2303 1315 2372 recepistis
1346 2319 1468 2356 me:
1520 2303 1563 2358 si
1610 2301 1749 2358 alius

131 2399 192 2451 in
224 2397 454 2451 nomine
488 2412 586 2451 suo
614 2397 845 2462 venerit,
873 2396 1046 2466 ipsum
1074 2395 1382 2464 suseipietis
1410 2394 1592 2466 (Joan.
1619 2392 1696 2466 v).
1721 2413 1741 2445 ι

136 2487 310 2541 Unde
355 2501 452 2556 per
479 2485 742 2541 Joannem
791 2485 1030 2542 dicitur:
1069 2502 1088 2536 ι
1140 2484 1199 2539 In
1225 2484 1446 2555 propria
1477 2484 1648 2549 venit,
1693 2491 1748 2537 et

138 2580 226 2633 sui
272 2593 401 2632 eum
433 2594 541 2632 non
577 2586 900 2649 receperunt
930 2578 1114 2648 (Joan.
1148 2580 1209 2649 ι).
1251 2599 1269 2631 ι
1306 2579 1403 2634 Vel
1425 2586 1571 2634 certe
1611 2577 1748 2634 ﬁnes

141 2669 437 2740 Decapolis
486 2669 962 2738 appropinquavit,
1002 2670 1218 2738 quando
1266 2669 1603 2744 consortium
1646 2669 1747 2724 hu-

144 2775 329 2813 mana:
378 2767 588 2813 naturae
629 2760 860 2828 accepit.
914 2757 1029 2813 Non
1077 2769 1258 2814 autem
1307 2760 1452 2829 ipsos
1496 2759 1742 2824 intravit,

143 2851 274 2918 quia
300 2849 740 2904 communionem
772 2845 944 2918 culpa:
976 2865 1083 2904 non
1110 2850 1318 2904 habuit.

222 2959 242 2991 ι
278 2939 350 2995 Et
398 2941 674 2995 adducunt
727 2940 778 2994 ei
827 2940 1072 3006 surdum,
1123 2948 1181 2995 et
1212 2947 1437 2994 mutum.
1474 2960 1491 2992 ι
1535 2939 1746 2996 Surdus

149 3031 254 3085 iste
280 3039 340 3101 et
370 3039 552 3087 mutus
594 3029 881 3101 allegorice
922 3045 1092 3100 genus
1131 3029 1402 3100 signiﬁcat
1422 3031 1738 3097 humanum,

127 3119 294 3189 'quod
327 3129 544 3176 constat
581 3128 688 3174 tam
734 3135 802 3174 ex
853 3117 1075 3185 Iudaeis,
1133 3135 1296 3190 quam
1349 3135 1416 3176 ex
1469 3120 1737 3192 gentibus.

159 3229 179 3261 ι
216 3210 338 3265 Non
363 3220 447 3266 est
471 3211 618 3265 enim
635 3211 934 3275 distinctio,
963 3231 982 3263 ι
1031 3221 1091 3266 ιιι
1113 3211 1402 3281 Apostolus
1419 3211 1495 3265 ait
1521 3229 1539 3262 ι
1571 3210 1741 3266 .ludzei
1770 3195 1814 3258 Ο

159 3311 216 3358 et
258 3303 431 3360 Graeci
464 3322 476 3358 :
506 3319 698 3358 omnes
723 3303 868 3358 enim
902 3299 1266 3373 peccaverunt
1289 3312 1343 3358 et
1370 3309 1532 3373 egent
1571 3302 1741 3373 gloria

160 3395 253 3452 Dei
280 3395 456 3468 (Rom.
499 3397 605 3469 ιιι).
645 3417 664 3450 ι
713 3396 866 3452 Tunc
894 3407 1074 3452 autem
1116 3412 1284 3466 genus
1314 3398 1621 3469 humanum.
1649 3398 1746 3452 cbo

159 3487 394 3554 surduit,
439 3488 655 3558 quando
701 3487 754 3542 in
787 3488 964 3558 primo
998 3497 1221 3557 parente
1258 3488 1441 3543 verbis
1479 3488 1744 3558 serpentis

158 3580 402 3634 auditum
456 3579 683 3649 aperuit.
749 3579 879 3652 Post
926 3579 1246 3635 surditatem
1307 3588 1436 3636 tunc
1489 3579 1742 3650 loquendi

157 3671 396 3728 oﬂlcium
450 3673 705 3742 perdidit,
761 3673 978 3742 quando
1040 3687 1073 3728 a
1128 3672 1288 3728 laude
1343 3671 1440 3726 Dei
1489 3672 1756 3728 cessavit-

161 3781 181 3814 ι
210 3763 330 3819 Non
371 3773 456 3818 est
483 3764 626 3818 enim
676 3765 919 3834 speciosa
955 3763 1092 3828 laus,
1131 3783 1148 3817 ι
1210 3774 1271 3819 ιιι
1319 3764 1395 3819 ait
1439 3762 1741 3835 Scriptura,

163 3873 180 3906 ι
219 3855 274 3911 in
305 3869 402 3910 ore
429 3855 730 3924 peccatoris
758 3854 948 3926 (Eccli.
981 3855 1094 3927 xv).
1119 3874 1137 3908 ι
1169 3854 1231 3909 Hi
1263 3863 1466 3918 autem,
1499 3855 1591 3925 qui
1619 3869 1744 3911 sur-

159 3943 281 4000 dum
311 3953 372 4000 et
396 3953 602 4000 mutum
641 3945 868 4001 Domi-no
896 3946 964 4001 ad
1009 3947 1305 4001 curandum
1330 3947 1622 4013 adducunt,
1651 3962 1746 4017 pa-

158 4035 430 4092 triarchas
472 4045 530 4090 et
571 4037 862 4107 pr0phetas
907 4037 1236 4108 signiﬁcant,
1281 4039 1374 4108 qui
1429 4037 1747 4109 spiritaliter

161 4126 392 4183 Domino
430 4136 691 4199 aegrotum
719 4128 786 4183 ad
815 4130 1116 4197 sanandum
1139 4129 1466 4185 detulerunt.
1495 4130 1631 4197 Quia
1677 4130 1745 4184 ad

160 4215 273 4287 ejus
295 4217 698 4282 liberationem,
728 4234 834 4271 non
864 4218 1038 4274 solum
1067 4217 1282 4274 Domini
1314 4221 1743 4276 incarnationem

162 4310 546 4379 priedixerunt,
572 4310 665 4364 sed
689 4310 852 4366 etiam
868 4312 998 4366 totis
1022 4313 1231 4368 viribus
1257 4328 1375 4367 eam
1401 4322 1742 4384 optaverunt.

163 4399 318 4457 Unde
345 4409 399 4458 et
421 4403 708 4457 subditur:
752 4421 770 4454 ι
803 4403 872 4458 Ει
900 4405 1330 4474 deprecabantur
1367 4420 1512 4468 eum,
1555 4413 1613 4458 ut
1639 4405 1740 4459 im-

170 4509 188 4543 ι
219 4504 386 4564 ponat
409 4494 482 4549 illi
527 4511 767 4549 manum.
809 4515 828 4547 ι
882 4495 1067 4552 Manus
1093 4497 1303 4550 Domini
1350 4497 1404 4551 in
1452 4497 1747 4566 Scripturis

165 4583 452 4655 aliquando
473 4588 770 4657 potentiam
804 4588 1111 4644 Divinitatis
1135 4587 1426 4659 signiﬁcat,
1459 4589 1747 4659 aliquando

168 4675 600 4735 incarnationem
658 4679 1033 4735 humanitatis.
1105 4679 1411 4734 Potentiam
1479 4681 1750 4753 signiﬁcat

169 4767 495 4836 Divinitatis,
547 4771 688 4825 sicut
729 4771 990 4840 scriptum
1036 4777 1158 4825 est:
1197 4789 1214 4821 ι
1252 4769 1308 4824 in
1345 4787 1537 4826 manus
1589 4780 1707 4828 tuas
1731 4812 1747 4839 ,

170 4857 756 4928 Domine,‘commendo
776 4861 1025 4931 spiritum
1057 4875 1236 4916 meum
1259 4858 1433 4932 (Psal.
1452 4877 1591 4927 xxx;
1616 4859 1746 4916 Luc.

173 4951 387 5023 χχιιι).›
411 4952 807 5008 lncarnationis
838 4953 1254 5018 humanitatem,
1277 4953 1419 5008 sicut
1446 4953 1573 5008 alibi
1614 4953 1748 5024 legi-

177 5051 296 5100 tur:
331 5063 350 5096 ι
387 5045 590 5102 Emitte
613 5062 831 5101 manum
863 5056 1008 5101 tuam
1037 5047 1104 5102 de
1135 5048 1245 5102 alto
1277 5046 1452 5119 (Psal.
1480 5048 1694 5120 cxuu).
1729 5067 1747 5098 ι

177 5134 313 5207 Ergo
340 5137 397 5193 in
417 5138 519 5194 hoc
542 5138 661 5194 loco
688 5156 794 5194 non
838 5141 1134 5212 incongrue
1179 5156 1370 5195 manus
1422 5140 1633 5195 Domini
1674 5141 1756 5195 in-

179 5230 510 5286 carnationis
537 5233 852 5304 mysterium
897 5233 1184 5305 signiﬁcat.
1218 5235 1550 5305 Deprecatur
1573 5241 1754 5289 autem

180 5333 325 5388 cum,
353 5331 414 5377 ut
443 5325 490 5378 ei
524 5341 741 5379 manum
765 5326 1032 5398 imponat,
1058 5328 1183 5397 quia
1222 5343 1319 5396 per
1349 5327 1452 5382 hoc
1492 5326 1633 5397 quod
1664 5343 1758 5383 no-

181 5422 348 5469 stram
389 5417 778 5472 mortalitatem
825 5420 1051 5489 accepit,
1111 5435 1281 5490 genus
1331 5420 1624 5476 humanum
1689 5421 1756 5476 ab

186 5502 497 5563 inﬁrmitate
527 5509 694 5563 animi
731 5509 1002 5564 liberavit.

257 5613 276 5645 ι
314 5595 381 5650 Et
403 5599 814 5666 apprehendens
855 5613 978 5653 eum
1008 5600 1073 5655 de
1105 5601 1260 5655 turba
1298 5617 1568 5665 seorsum,
1611 5601 1755 5656 misit

191 5700 208 5734 ι
246 5684 439 5755 digitos
467 5703 594 5743 suos
640 5688 691 5742 in
741 5689 1012 5744 auriculas
1055 5691 1190 5760 ejus.
1232 5711 1248 5741 ι
1301 5693 1440 5760 Quid
1477 5702 1559 5748 est
1615 5695 1757 5764 quod

189 5773 440 5834 Dominus
468 5788 754 5837 sanaturus
790 5781 1012 5838 surdum
1039 5792 1091 5838 et
1134 5793 1359 5850 mutum,
1396 5773 1637 5840 seorsum
1666 5801 1757 5855 ap-

1850 1943 1978 2014 quid
2003 1943 2447 2012 constringimns,
2469 1950 2527 1996 ut
2551 1956 2859 2010 operemur,
2896 1942 2966 1994 ita
3003 1940 3163 1995 Pater
3191 1951 3248 1994 et
3277 1939 3446 1994 Filius
3477 1977 3494 1988 .

1847 2035 2029 2089 omnia
2068 2049 2164 2103 per
2193 2033 2457 2104 Spiritum
2502 2042 2752 2088 sanctum
2797 2042 3114 2102 operantur,
3159 2031 3444 2086 Psalmista

1839 2133 2107 2189 «testante,
2132 2125 2222 2194 qui
2249 2125 2365 2178 ait:
2411 2143 2428 2174 ι
2461 2123 2641 2179 Verbo
2672 2123 2883 2177 Domini
2915 2123 3035 2178 coeli
3061 2124 3258 2176 ﬁrmati
3292 2133 3442 2188 sunt,

1848 2227 1903 2272 et
1943 2218 2134 2287 spiritu
2153 2218 2266 2272 oris
2283 2216 2400 2285 eius
2414 2217 2592 2271 omnis
2615 2216 2790 2271 virtus
2807 2231 2995 2270 eorum
3013 2213 3186 2286 (Psal.
3208 2214 3404 2283 xxxii).
3419 2235 3437 2266 ι

1849 2309 2019 2379 llujus
2064 2309 2214 2380 dig'ti
2254 2307 2558 2363 mirabilem
2600 2311 2974 2377 operationem
3017 2315 3306 2376 aspexerat
3349 2307 3443 2375 qui

1848 2401 2098 2456 dicebat:
2143 2419 2160 2470 ι
2196 2395 2459 2467 Quoniam
2496 2400 2688 2454 videbo
2721 2399 2889 2454 cmlos
2933 2407 3071 2461 tuos,
3114 2412 3276 2466 opera
3309 2397 3445 2466 digi-

1851 2499 2024 2544 torum
2067 2498 2280 2544 tuoruin
2310 2488 2482 2559 (Psal.
2507 2488 2647 2560 vui).
2683 2507 2700 2539 ι
2733 2488 2860 2542 Sive
2881 2495 3030 2542 certe
3071 2501 3168 2557 per
3215 2485 3442 2555 digitum

1846 2581 1943 2635 Dei
1991 2589 2137 2636 recte
2194 2581 2431 2651 Spiritus
2475 2588 2696 2635 sanctus
2730 2579 3077 2650 designatur;
3132 2579 3257 2648 quia
3303 2578 3444 2632 sicut

1848 2673 1903 2728 in
1957 2673 2120 2728 nullis
2169 2673 2288 2728 aliis
2341 2673 2599 2727 membris
2636 2680 2840 2726 tantam
2886 2671 3234 2740 partitionum
3278 2669 3442 2723 hahe-

1847 2780 1988 2829 mus,
2017 2772 2278 2834 quantam
2313 2763 2367 2817 in
2412 2762 2616 2832 digitis,
2662 2769 2717 2815 et
2745 2770 2924 2815 tamen
2954 2775 3061 2816 una
3101 2766 3185 2814 est
3225 2772 3440 2822 manus,

1844 2853 1923 2908 sic
1957 2853 2198 2922 ejusdem
2243 2851 2482 2922 Spiritus
2523 2850 2696 2905 sancti
2729 2851 2871 2906 dona
2904 2864 3026 2904 cum
3075 2847 3183 2903 sint
3231 2848 3285 2901 in
3331 2847 3442 2900 siu-

1845 2946 1985 3017 gulis
2033 2946 2201 3001 divisa
2231 2986 2248 3011 ,
2298 2946 2354 2999 in
2399 2945 2589 3000 eodem
2637 2952 2818 2998 tamen
2885 2951 3011 2997 sunt
3068 2939 3438 2995 indivisibilia.

1846 3039 1999 3094 Unde
2027 3037 2241 3102 Paulus,
2265 3035 2598 3091 enumeratis
2623 3033 2864 3103 ejusdem
2889 3033 3125 3104 Spiritus
3151 3031 3325 3088 sancti
3346 3031 3443 3088 do~

1845 3130 1952 3193 nis,
1969 3126 2440 3197 adjunxitdicens:
2467 3145 2484 3175 ι
2513 3124 2637 3178 Haec
2652 3123 2833 3178 omnia
2847 3131 3108 3193 operatur
3121 3136 3261 3176 unus
3275 3129 3440 3190 atque

1847 3219 1988 3273 idem
2028 3217 2284 3286 Spiritus,
2329 3213 2575 3269 dividens
2625 3213 2850 3283 singulis
2899 3219 3059 3281 prout
3107 3210 3292 3280 vult(I
3311 3209 3437 3264 Cor.

1846 3310 1968 3381 xu).
1996 3329 2014 3358 ι
2043 3296 2207 3362 Mittit
2232 3320 2362 3374 ergo
2389 3305 2586 3374 digitos
2608 3304 2663 3357 in
2689 3302 2985 3367 auriculas,
3011 3310 3071 3355 ut
3102 3301 3266 3355 surdo
3287 3300 3440 3354 audi—

1849 3411 1960 3457 tum
1981 3397 2379 3468 restituat,quia
2395 3405 2452 3452 ut
2465 3410 2626 3451 aures
2635 3395 2818 3452 cordis
2832 3395 3054 3448 verbum
3066 3393 3162 3448 Dei
3177 3393 3366 3448 audire
3381 3402 3438 3448 et

1847 3491 2161 3562 spiritaliter
2186 3489 2486 3560 intelligere
2507 3488 2736 3558 possint,
2753 3503 2848 3558 per
2861 3487 3097 3556 Spiritus
3123 3486 3292 3542 sancti
3310 3502 3438 3556 gra-

1848 3583 1976 3637 tiam
1991 3580 2329 3650 aperiuntur.
2351 3597 2370 3630 ι
2395 3578 2786 3650 Exspuensque
2811 3579 2986 3649 tetigit
3003 3577 3244 3648 linguam
3258 3576 3391 3646 ejus.
3415 3597 3434 3629 ι

1848 3673 2074 3744 Sputum
2089 3687 2156 3728 ex
2170 3672 2346 3742 capite
2368 3671 2664 3737 descendit.
2691 3670 2834 3741 Ergo
2858 3685 2957 3741 per
2988 3669 3438 3740 caputdivinitas.

1846 3780 1943 3838 per
1963 3773 2180 3834 sputum
2219 3763 2531 3818 humanitas
2559 3763 2894 3833 designatur,
2916 3762 3170 3834 Apostolo
3187 3763 3436 3818 dicente:

1853 3885 1870 3917 ι
1900 3861 2274 3935 caputChristi
2303 3863 2448 3918 Deus
2471 3872 2554 3918 est
2579 3863 2634 3935 (Ι
2655 3861 2779 3917 Cor.
2804 3865 2919 3933 11).»
2949 3862 3124 3933 Sputo
3155 3862 3316 3933 igitur
3334 3862 3438 3916 lin-
3482 3911 3484 3916 .

1846 3970 2003 4025 guam
2021 3953 2198 4024 tetigit
2210 3963 2266 4008 ut
2283 3952 2547 4022 loquelam
2562 3953 2846 4022 reciperet,
2862 3952 3080 4022 quando
3094 3951 3437 4013 altitudinem
3476 3997 3477 4006 χ

1847 4061 1959 4100 sua:
1989 4044 2296 4099 Divinitatis
2324 4059 2496 4113 usque
2522 4044 2588 4098 ad
2618 4052 2860 4099 nostrain
2887 4041 3166 4097 inclinavit
3187 4041 3439 4096 humani-

1848 4148 2014 4193 tatem
2043 4136 2228 4209 (Joan.
2261 4137 2362 4208 xi).
2395 4136 2548 4203 Quod
2578 4135 2705 4190 alibi
2740 4134 3080 4190 manifestius
3105 4133 3442 4188 demonstra-

1847 4229 2173 4299 vit,quando
2191 4228 2378 4283 oculos
2405 4229 2530 4282 caeci
2559 4227 2670 4281 nati
2702 4226 2935 4297 aperuit.
2955 4226 3152 4281 Lutum
3174 4224 3440 4296 siquidem

1847 4335 1915 4375 ex
1941 4328 2100 4392 Sputo
2128 4319 2276 4384 fecit,
2300 4325 2356 4372 et
2376 4317 2554 4372 linivit
2589 4317 2776 4373 oculos
2807 4318 2944 4386 ejus.

1929 4429 1949 4464 ι
1979 4413 2048 4466 Et
2091 4411 2396 4482 suspiciens
2437 4409 2490 4463 in
2519 4408 2750 4472 caelum,
2796 4407 3056 4478 ingemuit
3107 4415 3162 4460 et
3206 4406 3282 4459 ait
3308 4403 3425 4458 illi:
3525 4482 3530 4486 ‘

1859 4521 1876 4553 ι
1917 4501 2216 4573 Ephpheta,
2235 4501 2379 4570 quod
2401 4509 2511 4564 est,
2539 4498 2840 4567 adaperire.
2872 4516 2892 4550 ι
2928 4496 3230 4552 Sanaturus
3253 4493 3438 4549 Domi-

1855 4607 1955 4648 nus
1983 4599 2271 4662 aagrotum,
2298 4590 2351 4643 in
2382 4589 2578 4644 coelum
2607 4589 2870 4658 suspexit,
2899 4595 2957 4641 ut
2981 4586 3292 4641 ostenderet
3319 4600 3439 4640 om-

1853 4684 1944 4738 nia
1979 4682 2122 4738 bona
2148 4689 2204 4736 et
2233 4689 2419 4736 sancta
2459 4696 2489 4734 a
2532 4679 2645 4735 Deo
2673 4694 2796 4734 esse
2824 4677 3077 4749 petenda.
3126 4677 3253 4733 Inde
3295 4676 3440 4732 enim

1852 4773 2031 4829 surdis
2051 4773 2288 4836 auditus,
2305 4772 2432 4827 inde
2454 4772 2618 4826 mutis
2642 4770 2884 4826 redditur
2905 4768 3140 4838 loquela,
3155 4769 3280 4838 quia
3301 4769 3445 4824 sicut

1852 4861 2092 4918 Iacobus
2128 4862 2405 4933 apostolus
2434 4863 2512 4917 ait
2539 4880 2552 4916 :
2586 4879 2605 4912 ι
2637 4860 2814 4917 Omne
2843 4861 3029 4915 datum
3057 4861 3320 4930 optimum
3342 4899 3358 4926 ,
3387 4868 3444 4916 et

1853 4972 2015 5012 omne
2040 4956 2238 5012 donum
2267 4954 2570 5025 perfectum
2603 4955 2886 5011 desursum
2913 4961 3018 5018 est,
3051 4953 3384 5009 descendens
3411 4969 3442 5007 a

1856 5051 2014 5106 Patre
2037 5049 2300 5104 luminum
2334 5047 2543 5120 (Iacob.
2569 5049 2664 5120 1).»
2691 5048 2759 5104 Et
2793 5048 2935 5103 sicut
2959 5047 3011 5102 in
3033 5047 3328 5118 Evangelio
3361 5046 3443 5101 di-

1856 5143 2038 5198 citur:
2069 5160 2087 5193 ι
2112 5139 2228 5196 Non
2255 5149 2438 5210 potest
2463 5141 2624 5196 homo
2649 5155 2681 5194 a
2707 5155 2766 5195 se
2793 5138 2976 5195 facere
2999 5139 3314 5210 quidquam,
3339 5138 3443 5194 uisi

1856 5234 1904 5288 ei
1920 5234 2102 5288 datum
2119 5231 2527 5304 iueritdesuper
2541 5232 2722 5296 (Joan.
2741 5249 2796 5286 ix
2817 5242 2864 5286 et
2883 5232 3020 5304 xix).
3039 5251 3057 5283 ι
3082 5252 3099 5283 ι
3124 5232 3406 5304 Ingemuit.
3420 5251 3438 5282 ι

1860 5326 2109 5397 Nunquid
2138 5326 2405 5398 indigeret
2428 5325 2629 5396 aliquid
2649 5325 2947 5395 postulare,
2963 5340 2993 5380 a
3012 5325 3193 5390 Patre,
3210 5340 3332 5378 cum
3360 5339 3444 5394 ge-

1861 5417 2122 5487 mitu,qui
2147 5425 2342 5472 cuncta
2368 5416 2637 5486 postulata
2664 5417 2756 5471 dat
2786 5431 2908 5472 cum
2937 5415 3135 5471 Patre?
3166 5414 3308 5469 Non.
3337 5413 3444 5468 Sed

1861 5519 1921 5564 ut
1949 5509 2258 5580 exemplum
2283 5509 2440 5565 nobis
2468 5510 2781 5566 ostenderet
2806 5508 3088 5580 gemendi,
3120 5505 3332 5574 quoties
3358 5503 3444 5558 vel

1862 5618 1958 5670 pro
1988 5601 2206 5666 nostris,
2251 5600 2335 5656 vel
2382 5616 2480 5670 pro
2508 5601 2702 5656 alienis
2750 5600 2988 5672 peccatis
3035 5596 3440 5652 intercedimus.

1863 5693 2016 5758 Quod
2035 5700 2216 5746 autem
2247 5691 2344 5757 sit,
2369 5692 2670 5763 Epnpheta,
2685 5689 3013 5762 evangelista
3035 5687 3304 5757 exposuit,
3320 5701 3442 5742 cum

1864 5781 2104 5850 adiunxit
2122 5797 2166 5835 ει
2186 5783 2328 5853 quod
2351 5792 2455 5854 est,
2475 5783 2775 5854 adaperire.
2792 5803 2809 5836 ι
2830 5779 3173 5837 Consuetudo
3195 5789 3273 5834 est
3297 5779 3443 5835 enim
