4014 6354
603 326 705 382 667

602 438 1056 510 evaugelistarum
1080 476 1097 500 ,
1128 445 1185 489 ut
1213 434 1502 504 aliquando
1525 435 1639 504 ipsa
1665 434 1829 489 verba
1855 433 1939 487 vel
1964 431 2181 487 nomina
2214 434 2258 490 A

604 528 857 586 ltebraica
884 542 1006 582 cum
1036 527 1150 597 ipsa
1180 540 1278 581 sua
1306 525 1643 595 expositione
1671 534 1903 594 ponant,
1955 524 2098 578 sicut
2127 525 2181 577 in

601 617 891 690 Evangeiio
904 614 1127 671 Joannis
1140 616 1336 671 dicitur
1354 633 1397 669 ;‹
1412 616 1561 670 Vade
1577 615 1643 669 ad
1658 616 1981 670 natatoriam
1998 614 2178 680 Siloee,

601 710 743 779 quod
757 709 1143 779 interpretatur
1155 707 1550 777 missus(Joan.
1568 706 1665 777 rx).
1694 728 1713 760 ι
1735 708 1800 762 Et
1819 707 1872 761 in
1889 707 2182 776 Evangelio

610 799 795 864 Marci,
818 819 835 850 ι
856 797 1177 875 Bartimteus
1191 797 1375 853 Timaei
1394 796 1536 851 filius
1560 798 1816 853 scribitur
1832 795 2045 868 (Matth.
2063 797 2139 868 ι).
2154 816 2172 848 ι

599 888 657 943 Et
675 887 840 943 Judas
860 887 1073 944 Zelotes
1086 889 1228 944 idem
1243 889 1426 957 estqui
1439 880 2038 953 etludasChanameus,
2051 886 2181 959 quo-

598 981 744 1036 niam
784 980 1041 1037 Chanaan
1081 981 1230 1036 zelus
1262 981 1668 1050 interpretatur.
1717 980 1997 1051 Ephpheta
2023 998 2173 1054 ergo,

582 1074 740 1144 ,quod
755 1082 838 1130 est
856 1074 1157 1144 adaperire,
1176 1074 1392 1144 proprie
1423 1075 1493 1129 ad
1513 1088 1672 1129 aures
1692 1075 1947 1144 pertinet.
1975 1076 2039 1130 Et
2060 1076 2176 1145 pul-

595 1165 868 1221 cherrimo
899 1166 1089 1222 ordine
1126 1166 1384 1221 Dominus
1414 1165 1564 1236 prius
1593 1166 1788 1238 digitos
1818 1167 1872 1222 in
1899 1166 2172 1223 auriculas

596 1257 743 1312 surdi
764 1257 948 1323 mittit,
964 1257 1157 1313 deinde
1174 1257 1409 1325 linguam
1425 1266 1582 1327 sputo
1606 1258 1800 1330 tetigit,
1822 1268 1877 1314 et
1898 1268 2174 1329 postremo

510 1402 513 1407 ,
595 1348 702 1402 ait:
724 1348 1025 1418 Ephpheta,
1049 1349 1193 1419 quod
1211 1357 1296 1404 est
1316 1349 1695 1418 adaperire,ut
1712 1351 2173 1407 ordinatissimum

595 1439 827 1495 ollicium
849 1440 1160 1512 baptizandi
1193 1442 1566 1496 sacerdotibus
1589 1442 2004 1499 demonstraret.
2031 1443 2173 1511 Quo-

586 1532 741 1586 niam
766 1532 819 1586 hi
852 1533 943 1602 qui
961 1532 1344 1603 tbaptizautur,
1366 1533 1516 1602 prius
1538 1532 1773 1603 Spiritus
1803 1535 1975 1591 sancti
1997 1536 2169 1607 gratia

593 1633 720 1679 sunt
738 1623 1098 1689 illuminandi,
1112 1623 1305 1678 deinde
1328 1639 1358 1676 a
1373 1624 1686 1680 doctoribus
1700 1634 1827 1680 sunt
1845 1626 2167 1693 instruendi,

574 1724 651 1791 let
692 1724 967 1784 postremo
1015 1715 1082 1771 ad
1125 1714 1519 1771 confessionem
1570 1716 1693 1771 ﬁdei
1735 1717 1982 1773 vocandi.
2020 1716 2170 1772 Unde

1239 324 1592 381 llAYMONlS
1633 323 2106 380 llALBERSTAT.
2152 321 2367 377 EPISC:
2407 324 2558 380 OPP.
2602 327 2780 383 PARS
2816 328 2879 383 ll.
2918 360 2989 371 —
3027 327 3256 385 IlOMlL.

3823 332 3923 387 ὅδε

2365 450 2381 482 ι
2416 431 2628 499 Quanto
2650 444 2829 489 autem
2856 436 2935 489 eis
2962 436 3337 506 prtccipiehat,
3370 448 3522 493 tanto
3551 438 3772 507 magis
3798 440 3923 508 plus

2290 542 2309 573 ι
2342 524 2726 593 prmdirahant.
2763 547 2783 579 ι
2824 526 2921 582 llic
2948 535 3190 597 tempora
3223 544 3410 584 eorum
3442 531 3913 602 redarguunmr,

2282 618 2479 688 quibus
2497 620 2727 677 ollicium
2744 623 3142 692 praedicationis
3165 625 3464 695 injunetum
3484 636 3596 693 est,
3609 635 3687 683 et
3712 635 3912 682 tamen

2282 722 2312 761 a
2334 710 2714 779 praedicatione
2738 722 2972 768 cessant.
2999 712 3460 772 Considerandum
3488 733 3770 788 namque
3798 730 3903 783 est,

2279 816 2401 871 qua:
2423 802 2578 873 culpa
2608 804 2679 859 sit
2707 804 3035 872 doctoribus,
3056 816 3181 877 post
3205 820 3535 880 praeceptum
3568 812 3826 866 Domini
3850 830 3907 868 se

2279 891 2380 946 sub
2405 892 2620 948 silentio
2641 910 2861 965 ponere,
2888 899 3105 966 quando
3129 899 3293 955 etiam
3315 914 3416 956 nec
3444 901 3516 955 illi
3541 910 3759 957 tacere
3780 918 3902 973 pos-

2276 990 2433 1048 sunt,
2466 984 2662 1053 quibus
2689 994 3017 1055 praeceptum
3054 996 3141 1043 est
3187 1003 3255 1044 ne
3303 989 3389 1044 cui
3417 990 3708 1047 dicerent.
3756 991 3900 1059 Quid

2276 1070 2454 1130 autem
2479 1076 2663 1133 dicant
2687 1077 2970 1133 audiamus
2994 1096 3009 1134 :

2350 1184 2367 1214 ι
2403 1163 2546 1220 Bene
2571 1166 2753 1220 omnia
2775 1166 2924 1233 fecit,
2954 1177 3010 1223 et
3033 1170 3226 1225 surdos
3252 1170 3383 1227 fecit
3402 1174 3622 1239 audire,
3671 1183 3739 1229 et
3768 1191 3890 1229 mu-

2279 1274 2299 1309 ι
2338 1267 2420 1313 tos
2445 1259 2611 1329 loqui.
2644 1281 2662 1313 ι
2693 1259 2808 1316 Non
2827 1260 2998 1315 solum
3028 1260 3081 1314 in
3103 1261 3206 1315 hoc
3230 1261 3366 1316 bene
3394 1261 3544 1328 fecit,
3575 1265 3745 1333 quod
3773 1281 3892 1318 sur-

2273 1348 2370 1404 dos
2418 1348 2543 1404 fecit
2570 1350 2758 1406 audire
2804 1359 2859 1404 et
2889 1359 3071 1413 mutos
3109 1350 3289 1422 loqui,
3329 1353 3424 1407 sed
3464 1354 3639 1408 etiam
3695 1356 3883 1412 omnia

2271 1451 2392 1505 quae
2415 1436 2484 1491 ab
2505 1437 2659 1493 initio
2682 1439 2904 1503 creavit,
2934 1440 3071 1494 bene
3106 1438 3253 1505 fecit,
3277 1441 3419 1495 sicut
3444 1442 3734 1512 scriptum
3760 1453 3881 1500 est:

2278 1542 2297 1575 ι
2327 1524 2391 1579 Ει
2412 1525 2547 1582 vidit
2570 1527 2710 1582 Deus
2735 1536 2930 1583 cuncta
2953 1544 3074 1598 qua:
3097 1528 3244 1595 fecit,
3271 1539 3326 1585 et
3349 1541 3506 1585 erant
3526 1531 3707 1587 valde
3736 1533 3874 1588 bona

2272 1615 2477 1704 (Genui
2493 1658 2506 1673 .
2520 1639 2539 1672 ι
2560 1619 2838 1676 Moraliter
2857 1628 3037 1677 autem
3058 1637 3154 1692 per
3172 1624 3393 1678 surdum
3415 1631 3471 1679 et
3495 1632 3754 1690 mutum,
3768 1626 3879 1695 qni-

2271 1708 2399 1764 libet
2419 1720 2670 1779 peccator
2687 1712 3023 1783 designatur.
3041 1713 3143 1781 Qui
3172 1714 3321 1769 enim
3342 1715 3538 1771 avertit
3553 1731 3739 1772 aures
3751 1733 3873 1773 suas

592 1809 923 1883 consuelpdo
949 1815 1032 1862 est
1051 1808 1390 1862 sacerdotum
1408 1848 1424 1874 ,
1452 1815 1512 1864 ut
1538 1823 1723 1863 eorum
1754 1808 1986 1879 linguam
2003 1818 2058 1864 et
2078 1825 2175 1865 na-
2203 1794 2247 1854 Β
2274 1815 2342 1856 De
2360 1801 2543 1857 andial
2564 1802 3083 1873 legem,surdusest.
3098 1804 3201 1872 Qui
3216 1813 3397 1861 autem
3412 1805 3664 1875 loquitur
3678 1808 3871 1878 iniqui-

530 1948 543 1955 -
593 1911 719 1963 res,
765 1913 900 1969 quos
954 1899 1327 1963 catechizant,
1377 1908 1537 1968 sputo
1568 1908 1821 1970 tangant,
1872 1900 2039 1971 ipsius
2060 1902 2164 1957 Do-

591 1987 721 2042 mini
743 1989 906 2044 verba
945 1988 1221 2046 dicentes:
1255 1989 1553 2059 Ephpheta,
1584 1991 1727 2062 quod
1753 2000 1838 2047 est
1865 1994 2168 2062 adaperire.

590 2078 698 2136 Sed
721 2081 848 2150 quia
873 2081 1018 2137 inter
1045 2082 1228 2139 dicere
1257 2083 1470 2138 Domini
1509 2091 1563 2137 et
1597 2082 1775 2139 facere
1804 2083 1949 2138 nulla
1977 2094 2060 2140 est
2083 2085 2168 2140 di-

589 2171 848 2228 stinctio:
885 2192 904 2226 t
941 2173 1087 2228 Dixit
1130 2174 1277 2230 enim
1319 2184 1376 2230 et
1410 2172 1554 2230 facta
1592 2186 1751 2243 sunt,
1796 2176 2071 2233 mandavit
2112 2184 2170 2233 et

589 2267 773 2314 creata
798 2268 923 2315 sunt
950 2259 1124 2332 (Psal.
1157 2263 1401 2333 cxcvm).
1438 2284 1456 2317 ι

662 2368 681 2403 ι
705 2349 898 2405 Statim
924 2372 943 2405 ι
964 2354 1191 2421 utdixit,
1211 2374 1229 2406 ι
1253 2356 1527 2426 Ephpheta
1551 2376 1572 2409 ι
1591 2358 1734 2427 quod
1759 2368 1845 2415 est
1863 2360 2165 2431 adaperire,

591 2455 611 2490 ι
644 2448 846 2510 aperta:
886 2452 1014 2498 sunt
1058 2460 1220 2500 aures
1259 2445 1404 2515 ejus,
1441 2455 1497 2502 et
1524 2448 1756 2505 solutum
1782 2430 2169 2509 est‘vinculum

591 2548 613 2582 ι
649 2529 844 2604 lingua:
874 2533 1012 2605 ejus,
1044 2544 1100 2590 et
1127 2537 1447 2606 loquebatur
1472 2548 1638 2596 recte.
1677 2561 1695 2594 ι
1730 2542 1848 2597 Non
1875 2545 2021 2599 enim
2049 2552 2170 2599 erat

586 2624 803 2697 dignum
826 2667 842 2693 ,
889 2637 948 2682 ut
991 2628 1039 2683 is
1064 2630 1156 2699 qui
1186 2645 1216 2683 a
1247 2629 1478 2687 Domino
1504 2643 1720 2689 creatus
1746 2634 1923 2691 fuerat
1946 2675 1962 2702 ,
2010 2636 2171 2692 aliter

588 2714 901 2786 loqueretur
943 2735 1107 2789 quam
1148 2731 1317 2776 recte.
1351 2722 1513 2777 Juxta
1564 2739 1694 2779 vero
1724 2726 2058 2795 superiorem
2088 2728 2170 2782 in-

586 2804 961 2875 telligentiam,
1012 2814 1298 2879 postquam
1337 2812 1592 2868 Dominus
1634 2829 1732 2882 per
1778 2815 2167 2872 immissionern

587 2893 824 2965 Spiritus
858 2900 1031 2953 sancti
1060 2907 1156 2955 cer
1182 2900 1401 2956 humani
1434 2904 1650 2973 generis
1681 2906 1750 2960 ad
1784 2908 2167 2976 paenitentiam

585 2985 874 3053 emollivit,
920 2998 1205 3060 postquam
1252 2992 1640 3051 incarnationis
1687 3011 1800 3053 sua:
1847 2998 2167 3069 mysterium

584 3075 861 3145 patefecit,
891 3077 1125 3148 linguam
1149 3120 1164 3145 ,
1196 3096 1356 3151 quam
1386 3084 1538 3153 prius
1567 3084 1856 3143 inﬁdelitas
1884 3088 2167 3154 vinxerat,

2274 1902 2439 1948 tatem
2461 1894 2514 1949 in
2541 1894 2780 1961 excelso,
2803 1902 2859 1950 et
2879 1896 3109 1951 seminat
3138 1896 3281 1953 inter
3312 1895 3513 1953 fratres
3534 1898 3863 1962 discordias,

2272 1985 2434 2041 etiam
2467 1984 2640 2042 ofﬁcia
2675 1986 2928 2057 loquendi
2962 1995 3144 2044 mutus
3171 1996 3274 2045 est.
3307 1989 3467 2045 Tales
3509 1998 3573 2046 ut
3619 1992 3863 2047 auditum

2271 2087 2326 2132 et
2367 2077 2633 2148 loquelam
2671 2079 2969 2150 spiritalem
2998 2080 3239 2151 recipere
3263 2081 3506 2152 possint,
3530 2097 3560 2136 a
3591 2082 3862 2153 magistris

2269 2177 2327 2223 et
2365 2167 2675 2224 doctoribus
2708 2169 2965 2226 Ecclesia:
3007 2171 3234 2227 Domino
3278 2165 3650 2228 adducuntur.
3694 2173 3857 2240 Quasi

2270 2260 2415 2317 enim
2440 2271 2703 2332 :cgrotum
2723 2262 2954 2318 Domino
2978 2263 3284 2330 adducunt,
3309 2265 3531 2335 quando
3556 2265 3619 2320 in
3645 2279 3747 2321 sua
3767 2265 3857 2320 do-

2269 2353 2444 2409 ctrina
2473 2362 2528 2408 et
2555 2355 2933 2410 exhortatione
2958 2364 3278 2426 peccatores
3320 2358 3564 2413 converti
3602 2357 3841 2413 faciunt:

2268 2453 2325 2499 et
2348 2459 2447 2515 pro
2476 2444 2583 2510 his,
2612 2460 2749 2515 quos
2777 2446 3021 2501 converti
3043 2445 3179 2502 velle
3205 2446 3436 2509 videtur,
3464 2446 3536 2501 ad
3562 2444 3844 2502 Dominam

2269 2550 2459 2607 preces
2496 2536 2743 2592 fundunt.
2798 2536 2908 2594 Nec
2935 2536 3117 2593 differt
3142 2539 3319 2609 pietas
3358 2538 3575 2594 Domini
3604 2539 3743 2596 tales
3770 2555 3846 2594 sa-

2269 2639 2434 2691 nare,
2462 2627 2553 2697 qui
2578 2626 2881 2683 animarum
2921 2627 3144 2683 vulnera
3167 2629 3317 2685 venit
3339 2642 3557 2694 curare,
3588 2637 3771 2686 tamen
3797 2639 3853 2685 ut

2269 2714 2405 2772 ﬁdes
2428 2725 2484 2771 et
2502 2717 3193 2789 satisfactiopmnitentium
3219 2733 3329 2774 non
3354 2720 3516 2775 desit.
3543 2719 3682 2776 Nam
3706 2720 3845 2776 satis-

2269 2803 2500 2861 faciendi
2531 2808 2777 2864 ordinem
2809 2809 3069 2865 Dominus
3095 2810 3352 2875 ostendit,
3389 2825 3519 2866 cum
3546 2811 3769 2867 surdum
3794 2820 3845 2865 et

2269 2904 2476 2950 mutum
2504 2906 2790 2954 curaturus
2813 2912 3056 2955 seorsum
3076 2912 3199 2955 eum
3230 2908 3385 2957 extra
3408 2900 3629 2956 turbam
3656 2900 3839 2963 educit,

2268 2984 2559 3041 ostendens
2591 2986 2848 3043 nimirum
2872 2988 2999 3059 quia
3022 2990 3068 3045 si
3090 2996 3407 3061 peccatores
3430 2988 3648 3046 fructus
3667 2990 3839 3061 dignos

2270 3076 2449 3135 facere
2469 3079 2673 3144 volunt,
2690 3096 2916 3138 necesse
2933 3090 3017 3138 est
3036 3091 3098 3138 ut
3117 3084 3427 3139 societatem
3448 3083 3772 3147 dmmonum,
3790 3088 3837 3135 et

585 3165 722 3237 fich
749 3166 1009 3237 absolvit,
1040 3176 1097 3225 et
1127 3170 1305 3231 Deum
1327 3172 1550 3251 laudare
1589 3178 1786 3246 carpit,
1825 3178 2011 3234 dicens
2040 3152 2163 3235 cum
2192 3152 2238 3217 ο
2272 3169 2559 3225 tumultum
2586 3171 2863 3238 vitiorum.
2895 3181 2953 3227 et
2977 3171 3250 3228 carnalem
3291 3172 3578 3230 hominum
3606 3185 3830 3228 comm-

586 3253 872 3315 Psalmista
897 3277 911 3315 :
939 3276 960 3311 ‹
994 3258 1242 3327 Domine,
1270 3264 1410 3321 labia
1436 3281 1552 3321 mea
1573 3268 1805 3337 aperies,
1829 3276 1886 3324 et
1905 3283 1968 3324 os
1987 3285 2166 3325 meum

586 3351 932 3409 aununtiabit
952 3353 1170 3413 laudem
1196 3364 1343 3413 tuam
1367 3355 1540 3429 (Psal.
1570 3360 1646 3426 ι).
1682 3379 1702 3413 ι
1738 3360 1806 3415 Ει
1832 3376 1956 3417 cum
1980 3362 2116 3417 Isaia
2147 3381 2161 3417 :

587 3459 607 3494 ι
629 3439 1034 3504 DorninusDeus
1058 3447 1209 3505 dedit
1234 3449 1366 3527 mihi
1392 3449 1630 3522 linguam
1650 3452 1939 3516 eruditam,
1965 3462 2023 3507 ut
2041 3468 2167 3526 pos.

580 3530 683 3588 sim
714 3534 982 3592 sustinere
1006 3551 1128 3592 eum
1147 3579 1163 3604 ,
1195 3540 1288 3609 qui
1316 3539 1500 3610 lapsus
1519 3551 1623 3607 est,
1654 3542 1820 3599 verbo
1850 3542 1990 3614 (lca.
2022 3542 2099 3613 ι).
2139 3562 2158 3598 ι

659 3641 678 3675 ι
712 3622 778 3678 Et
801 3628 1058 3698 praecepit
1079 3628 1161 3686 eis
1185 3644 1255 3685 ne
1275 3632 1362 3686 cui
1386 3632 1649 3688 dicereut.
1675 3653 1694 3686 ι
1724 3632 1864 3700 Quid
1890 3644 1998 3700 est,
2020 3634 2167 3705 quod

580 3713 674 3783 qui
703 3714 772 3770 ad
792 3715 897 3773 hoc
916 3717 973 3773 in
993 3722 1256 3776 mundum
1281 3732 1526 3789 venerat,
1549 3732 1610 3778 ut
1633 3725 1895 3780 miracula
1919 3725 2167 3782 faciendo

579 3819 641 3861 se
681 3807 848 3862 Deum
889 3824 1010 3867 esse
1047 3812 1391 3880 ostenderet,
1438 3816 1758 3871 miraculum
1795 3832 1827 3872 a
1872 3831 1930 3872 se
1961 3816 2170 3874 factum

579 3896 856 3953 occultare
874 3904 1164 3973 praecepit?
1185 3904 1452 3961 Nimirum
1472 3907 1630 3962 bonis
1647 3908 1953 3977 exemplum
1983 3918 2167 3965 osten-

583 3983 698 4051 dit,
729 3998 791 4041 ut
816 3989 983 4044 etiam
1010 3991 1064 4046 in
1091 3994 1234 4051 bono
1269 4010 1435 4065 Opere
1463 3998 1684 4054 inanem
1731 3998 1960 4069 gloriam
1991 4009 2047 4057 et
2074 4000 2152 4072 ja-

584 4076 845 4166 ctantiam
872 4096 1192 4151 caveamus,
1218 4087 1376 4157 juxta
1403 4090 1547 4159 quod
1572 4089 1701 4146 alibi
1737 4091 1853 4163 ipse
1886 4094 2130 4166 pratcipit
2148 4137 2165 4161 ,

585 4173 648 4221 ut
692 4165 957 4227 intremus
1000 4172 1053 4227 in
1084 4175 1389 4232 cubiculum
1410 4218 1426 4245 ,
1465 4186 1520 4235 et
1553 4178 1740 4237 clauso
1771 4180 1914 4237 ostio
1950 4165 2168 4240 oremus

586 4252 807 4331 Patrem
850 4270 1113 4319 nostrum.
1141 4266 1209 4321 Et
1229 4267 1392 4324 Pater
1421 4279 1624 4338 noster,
1665 4274 1757 4344 qui
1790 4275 1936 4331 videt
1961 4276 2015 4330 in
2045 4274 2167 4333 abs-

581 4348 820 4417 condito,
868 4354 1057 4410 reddet
1094 4357 1272 4414 nobis.
1315 4359 1412 4415 Est
1435 4370 1615 4417 autem
1655 4363 1771 4420 haec
1816 4366 2072 4422 discretio
2111 4368 2164 4423 in

583 4437 687 4495 hac
723 4441 1089 4501 taciturnitate
1119 4447 1488 4518 observanda,
1530 4461 1588 4505 ut
1619 4452 1666 4508 is
1689 4453 1784 4524 qui
1813 4455 2058 4513 novellus
2080 4466 2166 4514 est

581 4530 637 4588 in
665 4537 1100 4605 conversatione,
1130 4556 1237 4597 non
1266 4542 1441 4598 solum
1476 4546 1545 4601 ab
1569 4543 1743 4602 oﬁlcio
1760 4549 2161 4618 praedicationis

579 4634 775 4693 cesset,
799 4628 894 4683 sed
918 4630 1082 4685 etiam
1106 4647 1201 4688 sua
1228 4635 1365 4690 bona
1388 4651 1553 4706 opera
1577 4637 1647 4693 ab
1670 4637 1898 4695 aliorum
1924 4644 2158 4711 aspecti-

578 4717 680 4773 bus
704 4718 1020 4788 abscondat,
1041 4726 1318 4782 nesciente
1344 4728 1563 4785 sinistra
1580 4746 1677 4786 sua
1691 4733 1819 4802 quid
1843 4732 2010 4791 faciat
2031 4735 2161 4790 dex-

583 4815 694 4863 tera
718 4826 835 4877 sua,
865 4826 935 4868 ne
967 4813 1109 4870 forte
1138 4818 1379 4874 radicem
1404 4822 1603 4888 cordis,
1631 4838 1793 4893 quam
1820 4823 2158 4894 profunditas

582 4906 742 4954 terra:
771 4902 1006 4958 nondum
1048 4904 1259 4963 fortiter
1283 4910 1493 4982 ligavit,
1521 4922 1715 4969 ventus
1746 4914 1996 4973 elationis
2030 4932 2155 4972 era-

580 4985 743 5043 dicet.
788 4988 892 5058 Qui
939 5005 1121 5050 autem
1157 4997 1409 5055 diuturna
1452 5004 1867 5060 conversatione
1902 5007 2160 5076 probatus

579 5087 697 5143 est,
736 5096 842 5136 non
866 5083 1038 5139 solum
1068 5086 1122 5141 in
1146 5090 1529 5159 prtcdicatione
1553 5092 1815 5161 proﬁcere
1845 5094 2034 5162 debet,
2064 5098 2161 5153 sed

579 5171 744 5227 etiam
758 5177 1029 5247 exemplo,
1045 5180 1279 5251 impleas
1294 5184 1435 5253 quod
1460 5185 1719 5254 Dominus
1740 5187 1867 5245 alibi
1886 5189 1992 5243 ait:
2016 5209 2033 5242 ι
2053 5189 2161 5245 Lu-

579 5275 700 5323 ceat
731 5269 823 5325 lux
847 5281 1027 5329 vestra
1068 5290 1252 5331 coram
1294 5277 1629 5345 hominibus,
1666 5280 1964 5355 utvideant
1985 5291 2162 5338 vestra

578 5361 718 5416 bona
741 5378 926 5435 opera,
941 5367 1533 5438 etgloriﬁcentPatrem
1548 5379 1788 5428 vestrum
1815 5372 1983 5442 quiin
2007 5373 2162 5430 caelis

579 5463 664 5507 est
688 5454 900 5527 (.llauh.
918 5455 995 5528 v).
1021 5476 1041 5509 ι
1060 5458 1212 5525 Quod
1228 5469 1513 5531 utrumque
1527 5462 1789 5520 Dominus
1804 5478 1905 5520 suo
1917 5465 2163 5537 exemplo

578 5548 834 5612 Ostendit,
862 5548 1081 5619 quando
1099 5551 1356 5622 preccepit
1378 5553 1468 5608 uni
1495 5572 1507 5608 :
1537 5554 1735 5610 nemini
1761 5555 1983 5623 dixeris,
2008 5556 2162 5613 alteri

577 5649 709 5692 vero
724 5640 830 5695 ait:
864 5659 881 5692 ι
911 5641 1056 5698 Vade
1081 5642 1133 5699 in
1158 5644 1431 5701 civitatem
1452 5648 1519 5702 ad
1545 5659 1682 5712 tuos,
1704 5650 2041 5707 etannuntia
2057 5649 2162 5707 illis

581 5739 779 5796 quanta
808 5733 904 5789 tibi
934 5732 1124 5793 fecerit
1149 5735 1288 5793 Deus
1317 5737 1505 5807 (Marc.
1536 5756 1551 5793 r
1578 5749 1624 5794 et
1657 5739 1730 5806 v).
1766 5759 1784 5793 ι

2269 3261 2481 3318 nionem
2503 3262 2775 3319 deserant.
2820 3263 2975 3320 Sicut
2992 3265 3138 3321 enim
3164 3262 3428 3320 bonorum
3452 3265 3695 3320 societas
3715 3262 3831 3319 mul-

2268 3362 2381 3408 tum
2410 3354 2648 3423 adjuvat,
2685 3356 2767 3411 sic
2792 3356 3103 3411 communio
3131 3356 3432 3411 carnalium
3458 3357 3740 3411 hominum
3764 3356 3831 3410 in-

2270 3444 2440 3500 ﬁrmis
2461 3446 2727 3502 mentibus
2752 3446 3042 3517 plurimum
3070 3457 3252 3512 nocet,
3284 3453 3419 3501 teste
3446 3445 3735 3501 Psalmista
3755 3445 3831 3515 qui

2268 3534 2386 3591 ait:
2421 3552 2440 3586 ι
2468 3532 2600 3590 Cum
2633 3543 2821 3590 sancto
2857 3543 3077 3591 sanctus
3114 3534 3258 3599 eris,
3301 3543 3507 3590 etcum
3539 3536 3660 3591 viro
3700 3535 3830 3588 inuo-

2267 3632 2424 3681 cente
2483 3624 2743 3680 innocens
2786 3625 2895 3681 eris
2939 3624 3066 3705 (Pa.
3124 3624 3291 3697 avn).
3326 3644 3345 3676 ι
3381 3625 3450 3680 Et
3507 3641 3636 3680 eum
3682 3625 3835 3681 electo

2267 3714 2473 3771 electus
2519 3714 2661 3779 eris,
2690 3722 2747 3770 et
2782 3731 2905 3771 cum
2934 3730 3190 3786 perverso
3217 3715 3570 3786 perveneris.
3620 3714 3684 3769 Et
3709 3714 3831 3770 sicut

2270 3804 2525 3861 Salomon
2545 3806 2653 3861 ait:
2674 3823 2694 3858 ι
2715 3804 2816 3874 Qui
2838 3822 2961 3862 cum
2983 3806 3319 3877 sapientibus
3337 3806 3610 3877 graditur,
3637 3806 3839 3877 sapiens.

2269 3897 2391 3952 erit.
2419 3896 2641 3952 Amicus
2662 3896 2949 3952 stultorum
2971 3897 3201 3952 efﬁcitur
3227 3897 3420 3953 similis
3440 3895 3631 3968 (Prov.
3656 3895 3785 3969 xm).
3806 3914 3822 3947 ι

2271 3986 2424 4044 Unde
2449 3996 2506 4042 et
2541 3987 2655 4057 ipse
2682 3987 2809 4042 alibi
2850 4002 2949 4043 nos
2985 3988 3260 4054 admouet,
3283 3987 3510 4043 dicens:
3542 4008 3559 4038 ε
3584 3987 3705 4043 Noli
3731 3999 3828 4042 esse

2269 4079 2477 4135 amicus
2502 4079 2707 4134 homini
2747 4080 3032 4146 iracundo,
3052 4095 3154 4135 nec
3185 4079 3428 4136 ambules
3465 4094 3593 4136 cum
3627 4076 3825 4135 virofu-

2270 4171 2437 4238 rioso,
2454 4186 2522 4226 ne
2534 4170 2673 4227 forte
2683 4173 2862 4226 discas
2877 4172 3101 4228 semitas
3114 4172 3252 4243 ejus,
3267 4181 3324 4228 et
3337 4186 3523 4227 sumas
3533 4168 3839 4227 scandalum

2268 4262 2462 4317 animae
2490 4271 2594 4317 tum
2618 4251 2802 4332 (Prou.
2828 4262 2989 4332 χχιι).
3004 4283 3021 4315 ι
3043 4262 3205 4330 Quasi
3221 4263 3367 4318 enim
3385 4261 3652 4317 Dominus
3671 4260 3828 4316 ﬁdeles

2267 4367 2397 4409 suos
2425 4351 2741 4423 spiritaliter
2767 4351 2837 4407 ab
2865 4352 3160 4408 inﬁdelium
3189 4352 3346 4407 turba
3384 4352 3701 4421 separabat,
3725 4363 3829 4406 cura

2265 4460 2366 4517 per
2379 4445 2573 4500 Isaiam
2588 4443 2830 4500 dicebat:
2853 4461 2872 4494 ι
2884 4443 3040 4499 Exite
3050 4443 3117 4499 de
3129 4443 3307 4499 medio
3318 4457 3531 4508 eorum,
3548 4451 3607 4496 et
3622 4442 3829 4498 immnn‘

2267 4536 2395 4592 dum
2423 4551 2492 4591 ne
2517 4534 2803 4607 tetigeritis
2837 4533 2972 4606 (Isa.
2996 4534 3114 4606 ιιι).
3136 4554 3155 4587 ι
3187 4534 3421 4590 Perfecti
3445 4534 3500 4590 in
3530 4535 3714 4591 medio
3731 4547 3830 4606 pra-

2266 4625 2643 4696 vorunrpositi
2662 4665 2678 4691 ,
2709 4640 2951 4681 seorsum
2993 4632 3249 4692 manent,
3293 4625 3419 4682 dum
3448 4640 3646 4681 eorum
3677 4622 3830 4696 pravis

2266 4719 2523 4790 operibus
2551 4734 2653 4774 nec
2696 4721 2862 4775 corde
2904 4720 3283 4784 consentiunt,
3321 4734 3425 4774 nec
3460 4732 3559 4773 ore
3602 4724 3826 4788 parcunt.

2267 4809 2490 4877 Qualem
2522 4808 2939 4865 sollicitudinem
2974 4809 3206 4865 habebat
3236 4808 3345 4877 ille,
3385 4808 3478 4877 qui
3509 4808 3562 4863 in
3594 4805 3832 4861 sollicitu-

2267 4901 2393 4956 dine
2418 4898 2582 4971 regali
2606 4899 2833 4969 positus,
2856 4899 3034 4955 aiebat
3059 4918 3071 4953 :
3106 4918 3124 4951 ι
3159 4897 3291 4966 Quis
3317 4897 3463 4954 dabit
3484 4896 3619 4951 mihi
3650 4905 3830 4966 pennas

2264 4993 2403 5048 sicut
2422 4982 2703 5055 columbae,
2727 4998 2782 5045 et
2803 4990 2995 5047 volabo
3016 4999 3073 5046 et
3100 4989 3481 5060 requiescam?
3513 4987 3659 5044 Ecce
3701 4986 3828 5041 elon-

2265 5082 2384 5155 gavi
2407 5080 2638 5152 fugiens,
2664 5089 2720 5136 et
2741 5081 2914 5136 mansi
2945 5081 2999 5135 in
3024 5079 3313 5135 solitudine
3333 5078 3507 5149 (Psal.
3535 5076 3676 5149 Liv).
3701 5095 3718 5128 ι
3742 5070 3828 5128 Sed

2266 5173 2391 5243 quia
2434 5171 2612 5227 nullas
2658 5172 2875 5244 dignam
2915 5172 3290 5242 pcenitentiam
3322 5185 3480 5241 agere
3505 5178 3720 5239 potest,
3744 5163 3831 5221 nisi

2268 5263 2502 5335 Spiritus
2534 5265 2705 5320 sancti
2737 5264 2910 5335 gratia
2937 5279 3033 5319 cor
3060 5262 3175 5333 ejus
3196 5264 3263 5318 ad
3286 5262 3663 5334 paenitendum
3692 5255 3829 5316 emol-

2268 5354 2383 5419 liat,
2417 5364 2560 5411 recte
2588 5355 2875 5411 subditur:
2906 5372 2924 5406 ι
2957 5354 3101 5409 Misit
3133 5353 3329 5427 digitos
3353 5368 3481 5408 suos
3507 5353 3766 5407 Dominus
3786 5348 3829 5401 in

2265 5446 2556 5511 auriculas,
2584 5455 2637 5501 ct
2662 5460 2935 5515 cxspucns
2970 5446 3147 5518 tetigit
3176 5447 3415 5517 linguam
3462 5444 3601 5516 ejus.
3633 5463 3654 5496 ι
3687 5435 3829 5510 Quasi

2265 5537 2407 5594 enim
2437 5537 2695 5592 Dominus
2718 5536 2914 5607 digitos
2938 5552 3065 5595 suos
3107 5541 3157 5593 in
3184 5537 3453 5593 auriculas
3481 5534 3636 5592 surdi
3671 5531 3827 5591 misit.

2267 5628 2481 5701 quando
2501 5644 2597 5699 per
2617 5628 2864 5682 ardorem
2894 5628 3129 5699 Spiritus
3148 5630 3320 5685 sancti
3344 5644 3441 5684 cor
3462 5627 3762 5698 peccatoris
3774 5619 3830 5679 ad

2269 5718 2639 5792 pwnitcntiam
2675 5719 2918 5775 emollit:
2956 5721 3144 5788 «Quia
3196 5732 3252 5776 ut
3281 5720 3357 5776 ait
3385 5718 3696 5791 Apostolus,
3722 5710 3828 5786 quid
