4014 6354
120 364 254 442 669

1358 364 1669 425 HOMILIIE‘
1702 362 1788 417 DE
1829 360 2174 418 TEMPORE.

3313 364 3417 419 670

117 511 379 554 oremus
424 492 563 549 sicut
601 496 843 561 oportet,
877 487 1145 543 nescimus
1171 503 1183 538 :
1218 483 1311 540 sed
1343 483 1457 552 ipse
1495 479 1730 550 Spiritus
1759 478 1805 537 A
1836 476 2266 545 spondit,dieens
2286 494 2299 531 :
2322 497 2337 528 ι
2360 479 2555 534 Beatus
2571 496 2647 543 es,
2667 479 2850 533 Simon
2877 477 3122 546 Bnrjona,
3148 477 3271 546 quia
3291 493 3417 535 caro

121 589 396 661 postulat
430 602 529 658 pro
558 584 713 640 nobis
738 582 1023 654 gemitibus
1062 578 1514 635 inenarrabilibus
1540 574 1727 647 '(Rom.

121 680 300 751 vm).
332 699 350 732 ι
383 675 546 745 Quasi
573 675 715 730 enim
746 666 902 744 sputo
932 672 1166 744 linguam
1204 670 1336 725 muti
1368 668 1557 739 tangit,
1608 683 1732 751 eum

124 746 406 842 saporem
448 766 642 822 divinm
680 765 959 835 sapientia:
1005 780 1100 819 cor
1129 762 1431 835 peccatoris
1461 746 1729 832 degustat.

124 858 429 927 Quantum
452 866 628 913 autem
656 856 917 913 Dominus
946 870 1073 928 erga
1098 869 1388 910 conversos
1415 860 1734 923 peccatores

127 934 468 1004 misericors
516 947 740 1021 existat,
789 945 1165 1000 manifestatur
1205 960 1326 1000 cum
1362 941 1732 999 subinfertur:

135 1060 157 1092 ι
202 1040 287 1096 Ει
318 1039 499 1095 statim
526 1046 726 1109 apertae
759 1044 884 1092 sunt
914 1052 1073 1092 aures
1099 1036 1217 1107 ejus
1237 1077 1251 1102 ,
1295 1043 1350 1090 et
1390 1034 1624 1089 solutum
1655 1042 1739 1088 est

128 1135 435 1191 vinculum
461 1134 656 1202 lingua:
683 1132 823 1203 ejus,
846 1140 899 1186 et
922 1130 1242 1201 loquebatur
1270 1136 1436 1183 recte.
1477 1149 1495 1180 ι
1527 1127 1737 1181 Nullum
1810 1131 1816 1136 '

129 1227 302 1281 enim
332 1233 613 1297 peccatum
638 1232 747 1278 tam
778 1238 1030 1293 magnum
1058 1230 1162 1287 est,
1184 1221 1327 1292 quod
1350 1220 1741 1275 medicamento

126 1317 492 1389 pmnitentire
512 1314 691 1371 sanari
717 1331 821 1369 non
851 1314 1036 1384 possit.
1067 1312 1182 1368 Non
1207 1312 1349 1368 enim
1374 1310 1632 1365 mentitur
1654 1308 1741 1373 ille

133 1410 240 1481 qui
263 1410 380 1464 ait:
413 1430 430 1459 ε
455 1407 591 1463 Vivo
613 1423 735 1479 ego,
754 1407 885 1462 dicit
907 1407 1195 1483 Dominus;
1222 1403 1347 1458 nolo
1372 1410 1597 1457 mortem
1619 1415 1741 1470 pec-

133 1504 381 1569 catoris,
411 1503 504 1557 sed
534 1511 594 1556 ut
618 1507 965 1556 convertatur
990 1508 1046 1552 et
1064 1498 1227 1552 vivat.
1254 1516 1272 1549 ›
1303 1495 1369 1549 Et
1397 1513 1409 1549 :
1443 1514 1459 1545 ι
1483 1494 1743 1548 Peccator

136 1598 198 1667 in
227 1590 561 1667 quacunque
582 1595 668 1649 die
686 1607 981 1649 conversus
1004 1591 1163 1645 fuerit
1182 1600 1237 1643 et
1260 1587 1601 1657 ingemuerit,
1626 1601 1744 1639 om-

134 1687 239 1742 nia
276 1695 498 1758 peccata
523 1686 638 1757 ejus
658 1684 915 1740 oblivioni
949 1682 1248 1738 tradentur.
1290 1701 1310 1734 ι
1356 1680 1522 1734 Recte
1560 1686 1742 1735 autem

136 1790 279 1851 post
308 1779 645 1836 curationem
673 1786 927 1848 peccator
955 1775 1211 1845 loquitur,
1236 1773 1453 1842 quando
1484 1771 1743 1841 linguam,

1835 581 1890 627 et
1915 573 2134 643 sanguis
2161 589 2267 628 non
2294 573 2549 628 revelavit
2580 574 2696 639 tibi,
2727 574 2819 629 sed
2838 572 3009 628 ‘Pater
3035 588 3187 628 meus
3213 572 3307 643 qui
3335 581 3418 629 est

1835 665 1986 720 cmlis
2003 663 2144 736 (Ibid
2152 663 2210 735 .).
2226 684 2243 716 ι
2263 662 2445 734 Neque
2462 665 2561 719 hac
2576 664 2906 720 beatitudine
2924 662 3311 729 fraudabimur,
3326 665 3419 735 qui

1837 758 1890 813 in
1914 773 2034 813 eum
2063 743 2415 828 corporaliter
2428 772 2531 810 non
2545 756 2794 821 vidimus,
2825 765 2877 811 et
2906 765 3084 812 tamen
3108 756 3422 827 spiritaliter

1838 846 2280 912 credimus,sicut
2312 846 2524 901 cuidam
2550 860 2607 900 se
2644 846 2844 900 videnti
2876 846 3039 900 dixit:
3069 864 3087 895 ι
3110 843 3243 912 Quia
3280 845 3421 899 vidi-

1839 944 1904 998 sti
1935 959 2041 1008 me,
2070 942 2343 998 credidisti
2370 957 2385 996 :
2412 941 2555 997 beati
2583 941 2674 1011 qui
2712 957 2815 996 non
2846 942 3117 1007 viderunt,
3157 949 3211 998 et
3245 941 3421 997 credi-

1840 1034 2035 1088 derunt
2067 1032 2248 1103 (Joan.
2281 1032 2399 1103 xx).
2442 1051 2459 1083 ι

1917 1146 1933 1178 ι
1971 1126 2098 1181 Dico
2124 1128 2267 1180 enim
2298 1127 2468 1190 vobis,
2492 1123 2633 1196 quod
2664 1123 2813 1178 multi
2844 1139 2998 1192 reges
3043 1131 3099 1178 et
3142 1124 3425 1194 prophetae

1842 1235 1867 1293 ,ι
1896 1215 2180 1270 voluerunt
2204 1199 2391 1269 videre
2413 1230 2534 1285 quae
2560 1230 2659 1268 vos
2679 1212 2895 1277 videtis,
2922 1220 2976 1266 et
3012 1228 3119 1268 non
3152 1213 3424 1278 viderunt,

1847 1327 1867 1379 ι
1901 1318 1954 1362 et
1983 1308 2169 1363 audire
2198 1323 2316 1377 qua:
2345 1307 2571 1372 auditis,
2610 1315 2665 1361 et
2692 1321 2798 1361 non
2830 1305 3134 1359 audierunt.
3181 1326 3199 1357 ι
3241 1304 3297 1360 Si
3342 1319 3427 1359 re-

1844 1415 1936 1470 ges
1960 1400 2113 1469 juxta
2164 1397 2399 1453 litteram
2443 1398 2762 1466 accipimus,
2809 1411 3107 1466 agnoscere
3143 1411 3429 1466 possumus

1844 1490 1969 1559 quia
1992 1488 2158 1544 sancti
2181 1503 2365 1559 reges,
2395 1489 2569 1557 qualis
2595 1487 2913 1551 fuitDavid,
2960 1487 3221 1541 Ezechias
3257 1495 3311 1542 et
3339 1486 3429 1543 Jo-

1846 1580 1975 1642 sias,
2002 1579 2287 1635 voluerunt
2332 1580 2518 1634 videre
2567 1580 2708 1648 quod
2760 1577 2988 1648 apostoli
3036 1578 3307 1643 videbant,
3335 1578 3430 1633 sed

1847 1662 1954 1727 non
1990 1672 2261 1727 viderunt.
2289 1672 2395 1728 Sed
2422 1673 2546 1743 quia
2587 1687 2683 1727 rex
2714 1688 2743 1726 a
2777 1670 3010 1742 regendo
3050 1685 3247 1725 nomen
3278 1684 3433 1724 acce-

1851 1763 1949 1832 pit,
1982 1762 2299 1832 spiritaliter
2346 1777 2438 1817 eos
2486 1777 2642 1833 reges
2684 1763 3025 1831 accepimus,
3056 1761 3149 1830 qui
3187 1761 3447 1830 quamvis.

135 1850 280 1941 qua:
307 1868 568 1926 conviciis
594 1877 650 1923 et
689 1864 1113 1922 detractionibus
1162 1873 1402 1918 tortuosa
1444 1861 1647 1921 fuerat,
1682 1859 1747 1912 ad
1782 1854 1821 1912 Β
1852 1854 1960 1909 sint
1980 1861 2298 1923 paupertate
2356 1861 2567 1915 tenues,
2600 1861 2781 1935 tamen
2816 1860 2970 1907 actus
2995 1867 3120 1906 suos
3147 1862 3199 1905 et
3229 1850 3435 1920 cogita-

136 1959 486 2015 laudandum
506 1960 670 2014 Deum
692 1966 743 2012 el
760 1956 1152 2011 exhortandum
1182 1953 1484 2023 proximum
1512 1964 1747 2005 commu-

141 2058 255 2106 tat.
294 2050 403 2106 Sed
428 2050 554 2121 quia
579 2058 701 2121 post
724 2047 991 2118 publicam
1021 2045 1395 2117 paenitentiam
1425 2041 1617 2111 aliquis
1640 2055 1745 2093 non

140 2140 350 2198 statim
380 2140 447 2196 ad
470 2139 871 2211 praedicandum
899 2137 1116 2206 prodire
1143 2136 1322 2199 debet,
1350 2134 1488 2188 bene
1514 2133 1741 2191 dicitur:

144 2253 166 2287 ι
212 2233 294 2288 Ει
320 2232 579 2304 praecepit
611 2230 716 2285 illis
740 2246 808 2286 ne
834 2230 919 2285 cui
955 2231 1213 2284 dicerent.
1248 2247 1265 2279 ι
1314 2226 1471 2280 Prius
1496 2226 1638 2280 enim
1665 2240 1749 2279 se-

141 2324 459 2394 metipsum
489 2320 882 2387 curare'dehet,
922 2319 1013 2389 qui
1040 2318 1212 2373 aliena
1242 2316 1465 2372 vulnera
1497 2314 1611 2368 vult
1640 2320 1749 2368 ter-

140 2428 316 2488 gere.
348 2411 501 2468 Unde
526 2409 818 2482 Apostolus
839 2450 853 2475 ,
883 2425 1009 2464 cum
1038 2409 1103 2463 de
1128 2406 1442 2463 ordinandis
1489 2404 1751 2459 ministris

143 2502 421 2561 Ecclesiae
464 2503 797 2574 loqueretur,
841 2500 953 2554 ait:
994 2519 1012 2551 ι
1049 2498 1164 2553 Non
1190 2513 1369 2568 nuper
1401 2504 1749 2567 c‘onversum,

147 2611 268 2652 non
302 2593 664 2665 neophytum,
706 2606 774 2647 ne
802 2590 941 2647 forte
963 2590 1137 2645 elatus
1178 2588 1230 2641 in
1253 2586 1515 2658 judicium
1554 2584 1755 2639 incidat

152 2683 364 2741 diaboli
393 2682 447 2755 (I
472 2682 607 2737 Tim.
638 2682 781 2753 Vill).
805 2702 823 2734 ι
850 2681 1019 2748 Quem
1051 2689 1233 2735 autem
1266 2678 1589 2734 diuturnitas
1616 2684 1752 2731 tem—

158 2774 315 2847 poris
360 2781 417 2829 et
461 2771 725 2843 perfectio
772 2769 1103 2842 poenitentiae
1154 2767 1407 2823 idoneum
1454 2765 1648 2829 reddit,
1688 2760 1790 2819 de'

157 2864 322 2937 fovea
351 2862 557 2933 peccati
584 2862 747 2917 etiam
775 2861 909 2916 alios
931 2861 1221 2916 extrahere
1244 2858 1425 2925 debet,
1443 2856 1598 2926 juxta
1624 2855 1753 2909 illud

161 2957 309 3027 quod
339 2956 392 3011 in
415 2952 732 3026 Apocalypsi
761 2952 957 3008 dicitur
981 2969 994 3004 :
1016 2970 1049 3023 ι
1083 2949 1186 3019 Qui
1217 2949 1400 3013 audit,
1429 2947 1593 3012 dicat,
1615 2943 1752 3001 Veni

164 3044 359 3119 (Apoc.
382 3045 541 3116 xxii).
566 3063 584 3097 ι
614 3042 765 3099 Unde
786 3051 841 3097 et
863 3042 1002 3097 bene
1022 3041 1223 3096 dicitur
1245 3058 1257 3094 :
1290 3057 1308 3091 ι
1333 3037 1545 3105 Quanto
1567 3044 1751 3091 autem

166 3134 247 3197 eis
269 3131 641 3204 praecipiebat,
675 3140 824 3187 tanto
850 3131 1020 3201 magis
1043 3130 1166 3200 plus
1190 3125 1579 3199 praedicabant,
1605 3133 1659 3180 et
1686 3141 1753 3180 eo

1848 1943 2185 2010 ’tioncsjuste
2214 1940 2399 2013 regere
2430 1951 2485 1995 et
2507 1941 2792 2011 disponere
2823 1948 3106 1994 noverunt.
3139 1939 3215 1993 De
3242 1939 3436 2007 quibus

1850 2050 1947 2105 per
1992 2032 2335 2087 Salomoncm
2383 2027 2630 2086 dicitur:
2670 2050 2693 2107 ,ι
2730 2030 2836 2085 Cor
2864 2031 3029 2100 regis
3053 2030 3106 2083 in
3132 2042 3293 2084 manu
3336 2030 3437 2082 Do-

1851 2120 2203 2199 min‘i‘(P‘rov.
2237 2121 2373 2192 xxi).
2411 2106 2781 2176 {Undeibene
2815 2120 2954 2194 alius
2983 2120 3312 2190 evangelista
3337 2134 3438 2189 pro

1853 2203 2483 2282 regibusjustosposuit,
2512 2212 2744 2269 dicens:
2788 2231 2816 2267 ,ι
2862 2209 3021 2287 Multi
3034 2208 3167 2279 justi
3210 2219 3266 2265 et
3312 2225 3438 2280 pro-

1853 2305 2028 2379 pheta:
2047 2303 2330 2359 voluerunt
2351 2304 2533 2358 videre
2562 2319 2680 2374 qua:
2705 2318 2802 2359 vos
2826 2303 3041 2369 videtis,
3070 2309 3125 2357 ct
3158 2317 3265 2357 non
3293 2300 3441 2355 vide-

1856 2406 1981 2453 runt
1998 2396 2212 2469 (Matth.
2229 2396 2370 2465 xm).
2384 2416 2401 2448 ι
2420 2394 2572 2452 Sicut
2591 2396 2734 2451 enim
2756 2394 2956 2449 amittit
2982 2394 3181 2465 regiam
3202 2400 3440 2463 potesta-

1858 2496 1985 2555 tem,
2018 2489 2110 2559 qui
2152 2488 2491 2559 tyrannidem
2511 2501 2795 2552 exercens,
2817 2500 2918 2541 nec
2942 2500 3029 2549 se,
3055 2500 3154 2540 nec
3180 2483 3282 2539 sibi
3311 2484 3441 2539 sub-

1850 2580 2029 2652 jectos
2056 2595 2244 2650 regere
2280 2578 2429 2634 novit
2455 2596 2468 2632 :
2499 2578 2577 2634 sic
2600 2592 2802 2649 pauper
2829 2586 2885 2632 et
2924 2577 3150 2648 exiguus
3174 2575 3317 2646 regis
3346 2590 3444 2629 no-

1859 2673 2004 2727 mine
2031 2680 2302 2736 censetur,
2331 2673 2421 2741 qui
2449 2672 2684 2742 seipsum
2725 2684 2912 2741 regere
2934 2669 3085 2724 novit
3102 2669 3259 2724 bene.
3285 2666 3441 2734 Quod

1857 2760 2187 2818 Fortunatus
2202 2761 2442 2816 breviter
2460 2760 2729 2815 versiculo
2751 2757 3180 2828 comprehendit,
3205 2756 3389 2811 dicens
3421 2771 3435 2808 :

2041 2863 2235 2926 Pauper
2258 2864 2307 2913 in
2328 2861 2514 2937 occulto
2536 2868 2729 2925 regnat,
2753 2859 2977 2910 habendo
3000 2849 3177 2909 Deum.

1857 2957 1963 3015 Sed
1987 2958 2245 3028 quaeritur
2271 2970 2441 3026 quare
2469 2954 2728 3009 Dominus
2760 2952 2904 3007 dicat
2928 2968 2942 3005 :
2979 2967 2999 3001 ‹
3030 2948 3178 3003 Multi
3207 2960 3364 3018 reges
3381 2954 3439 3002 et

1855 3049 2133 3121 prophetm
2160 3045 2449 3102 voluerunt
2485 3043 2669 3099 videre
2719 3056 2840 3111 quae
2881 3055 2977 3095 vos
3000 3037 3213 3103 videtis,
3243 3046 3299 3092 et
3338 3050 3445 3090 non

1856 3140 2126 3203 viderunt,
2166 3145 2220 3192 et
2239 3136 2428 3191 audire
2451 3150 2570 3203 qua:
2599 3132 2824 3198 auditis,
2852 3138 2908 3187 et
2940 3145 3046 3184 non
3076 3127 3387 3189 audierunt,
3421 3143 3440 3175 ι

171 3224 404 3296 amplius
431 3224 839 3280 admirabantur
867 3223 1107 3278 dicentes
1136 3240 1149 3275 :
1178 3218 1321 3275 Bene
1367 3220 1549 3275 omnia
1600 3218 1748 3287 fecit,
1779 3222 1823 3284 C
1858 3243 1982 3285 cum
2035 3226 2205 3282 Jacob
2238 3223 2550 3296 patriarcha
2595 3221 2741 3277 diem
2776 3238 2789 3275 ε
2822 3238 2840 3272 ι
2880 3217 3004 3274 Vidi
3049 3215 3335 3271 Dominum
3366 3212 3447 3268 fa-

176 3323 233 3371 et
258 3315 448 3373 surdos
473 3314 601 3370 fecit
626 3313 834 3380 audire,
864 3320 918 3368 et
947 3321 1126 3368 mutos
1159 3311 1328 3383 loqui.
1359 3328 1378 3361 ι

702 3425 987 3484 ιιοΜιιιΑ
1023 3423 1233 3482 CXXV.

291 3535 552 3587 DOIINICA
586 3534 783 3579 DECHIA
814 3533 1026 3582 quae“
1066 3531 1195 3572 POST
1234 3529 1632 3593 renrscosrsu.

247 3611 412 3685 (Luc.
446 3611 527 3681 ιι.)
559 3628 577 3662 ι
609 3610 666 3666 In
707 3610 800 3665 illo
846 3617 1085 3679 tempore
1111 3608 1248 3664 dixit
1284 3606 1444 3665 Jesus
1480 3603 1764 3675 discipulis

182 3718 202 3762 ι
234 3701 352 3757 suis
380 3718 394 3755 :
426 3699 578 3755 Beati
604 3699 750 3755 oculi
777 3699 869 3769 qui
896 3698 1083 3754 vident
1109 3713 1230 3769 qua:
1259 3712 1356 3752 vos
1383 3695 1595 3750 videtis.
1637 3713 1657 3747 ι
1698 3693 1765 3748 Et

176 3790 408 3861 reliqua.
454 3789 513 3845 in
542 3788 764 3845 exordio
793 3786 952 3859 hujus
995 3787 1242 3843 lectionis
1282 3785 1559 3863 quaeritur,
1598 3797 1764 3852 quare

177 3878 439 3937 Dominus
484 3881 670 3938 oculos
720 3894 779 3935 se
824 3879 1122 3935 videntium
1167 3878 1457 3934 beatificet.
1514 3874 1765 3946 Nunquid

178 3986 368 4041 omnes
391 3971 534 4027 oculi
556 3970 703 4026 beati
731 3969 979 4035 fuerunt,
1025 3970 1116 4041 qui
1147 3984 1275 4025 eum
1300 3968 1660 4039 corporaliter
1685 3968 1766 4023 vi-

180 4061 304 4117 dere
338 4060 670 4132 potuerunt?
731 4060 983 4139 Nunquid
1011 4060 1156 4117 beati
1184 4060 1324 4116 oculi
1351 4060 1507 4115 Pilati
1549 4068 1604 4114 et
1645 4057 1768 4114 Cai-

183 4152 322 4221 phae,
363 4161 417 4207 et
445 4161 765 4208 cancrorum
796 4152 886 4222 qui
921 4167 1044 4208 eum
1092 4153 1344 4208 viderunt
1390 4161 1447 4208 et
1487 4151 1770 4207 crucifixe-

186 4252 306 4299 runt
326 4244 350 4298 ’ἶ
372 4242 482 4299 Αυι
509 4243 751 4314 nunquid
776 4243 920 4298 oculi
956 4242 1107 4298 Iudae
1146 4243 1291 4298 beati
1316 4283 1330 4306 ,
1362 4243 1452 4313 qui
1482 4258 1608 4299 eum
1630 4243 1768 4298 vidit

186 4342 238 4405 et
258 4334 519 4392 tradidit?
540 4333 677 4390 Non.
707 4334 957 4405 Alioquin
986 4343 1040 4390 et
1061 4335 1201 4390 oculi
1229 4334 1521 4390 bestiarum
1551 4343 1606 4390 et
1628 4334 1771 4389 volu-

187 4439 336 4479 crum
386 4423 529 4479 beati
573 4437 694 4478 esse
738 4432 980 4494 possent.
1029 4421 1137 4478 Sed
1179 4423 1368 4478 beatos
1416 4423 1547 4477 dicit
1577 4423 1769 4479 oculos

190 4515 571 4588 apostolorum,
601 4516 797 4586 quibus
826 4530 886 4571 se
917 4524 972 4570 et
996 4515 1219 4585 Patrem
1255 4514 1497 4570 revelare
1519 4514 1771 4586 dignatus

1860 3320 1944 3375 cie
1971 3318 2040 3373 ad
2074 3316 2300 3379 faciem,
2335 3323 2391 3370 et
2417 3313 2564 3367 salva
2596 3310 2736 3365 facta
2781 3316 2866 3364 est
2894 3307 3073 3361 anima
3122 3320 3242 3359 mea
3290 3301 3439 3375 (Gen.

1862 3408 2056 3478 χχχιι).
2078 3425 2097 3458 ι
2126 3406 2191 3460 Ει
2215 3404 2381 3460 Isaias
2406 3421 2418 3457 :
2455 3422 2473 3454 ‹
2506 3400 2626 3456 Vidi
2655 3400 2941 3454 Dominum
2978 3396 3258 3452 sedentem
3286 3407 3448 3464 super

1860 3500 2055 3556 solium
2096 3495 2372 3552 excelsum
2439 3502 2496 3548 et
2546 3493 2815 3549 elevatum
2847 3489 2982 3562 (Isa.
3015 3488 3112 3559 vi).
3162 3508 3181 3541 ι
3218 3488 3286 3542 Ει
3332 3487 3455 3557 ipse

1861 3590 2093 3645 Abrahae
2126 3585 2493 3643 testimonium
2522 3583 2827 3654 perhibeat,
2856 3581 3047 3637 dicens
3074 3598 3088 3633 :
3127 3596 3146 3630 ι
3168 3577 3446 3635 Abraham

1862 3688 2015 3751 pater
2034 3685 2214 3732 vester
2249 3673 2541 3729 exsultavit
2579 3682 2639 3725 ut
2665 3670 2872 3726 videret
2904 3669 3046 3725 diem
3076 3682 3281 3731 meum,
3309 3664 3450 3720 vidit

1864 3748 1919 3827 et
1942 3770 2159 3842 gavisus
2197 3774 2281 3821 est
2308 3764 2490 3836 (Joan.
2523 3762 2666 3833 vut).
2701 3781 2719 3814 ι
2775 3760 2884 3816 Sed
2912 3758 2979 3815 ad
3009 3759 3112 3814 hoc
3161 3748 3451 3811 dicendum

1864 3872 1969 3928 est,
1997 3861 2120 3931 quia
2155 3857 2300 3913 aliud
2331 3864 2416 3911 est
2451 3854 2642 3925 figura,
2670 3861 2725 3908 et
2766 3850 2909 3907 aliud
2948 3850 3063 3920 ipsa
3092 3863 3181 3904 res
3225 3861 3346 3917 qua:
3387 3845 3452 3899 fi-

1865 3963 2091 4028 guratur
2123 3971 2136 4007 :
2164 3950 2309 4006 aliud
2356 3947 2654 4021 speculum,
2679 3954 2735 4001 et
2786 3944 2931 3999 aliud
2980 3942 3206 4014 species.
3266 3937 3450 3994 Sancti

1867 4062 1995 4119 ergo
2019 4045 2292 4117 propheta:
2312 4056 2409 4113 per
2430 4039 2694 4110 Spiritum
2722 4043 2969 4091 sanctum
2999 4033 3055 4088 in
3099 4045 3266 4087 carne
3316 4044 3454 4100 pra:-

1867 4139 2118 4195 viderunt
2172 4136 2340 4190 Deum
2396 4131 2662 4193 futurum,
2707 4129 2803 4184 sed
2859 4124 3215 4197 corporaliter
3267 4136 3454 4178 secum

1870 4232 2312 4295 conversantem,
2356 4220 2779 4291 colloquentem,
2823 4222 3267 4278 convescentem,
3314 4211 3459 4268 sicut

1870 4316 2097 4389 apostoli
2124 4311 2582 4377 videbant,videre
2610 4308 3076 4371 desideraverunt,
3103 4304 3197 4359 sed
3231 4301 3452 4356 minime

1870 4412 2140 4467 viderunt.
2172 4407 2240 4461 Et
2274 4404 2396 4460 ideo
2440 4403 2507 4459 de
2535 4399 2820 4472 prtesentia
2847 4414 2945 4453 sua
2973 4393 3240 4464 corporali
3276 4391 3450 4446 dixit:

1879 4520 1898 4551 ‹
1938 4498 2085 4553 Multi
2124 4511 2279 4566 reges
2300 4501 2357 4549 et
2377 4491 2657 4562 propheta:
2680 4487 2965 4543 voluerunt
2995 4484 3177 4537 videre
3203 4495 3321 4549 quae
3356 4492 3477 4549 vos~

190 4570 299 4675 est,
345 4623 443 4680 pro
464 4570 661 4678 quibu's
694 4607 941 4676 superius
977 4605 1192 4661 Patrem
1214 4570 1657 4677 glorificavcrtilt‘,
1688 4604 1767 4658 di-
1803 4578 1854 4641 Π
1878 4591 2093 4653 videtis,
2119 4596 2307 4680 etnon
2354 4584 2625 4680 viderunt.
2674 4599 2693 4632 ι
2753 4577 2888 4680 Nam
2935 4582 3195 4680 quat-ﬂet“
3233 4570 3455 4680 ‘antiqui

194 4715 319 4759 cens
350 4720 364 4758 :
397 4720 417 4754 ι
449 4700 722 4757 Confiteor
749 4701 865 4768 tibi,
894 4700 1140 4766 Domine,
1163 4699 1480 4755 Patencmli
1510 4708 1564 4754 et
1588 4706 1764 4764 terrae,

195 4795 281 4865 qui
302 4794 635 4851 abscondisti
665 4794 782 4848 hmo
811 4809 840 4847 a
870 4792 1203 4863 sapientibus
1227 4800 1283 4848 et
1313 4791 1690 4861 prudentibus,
1716 4797 1772 4845 et

197 4884 441 4941 revelasti
476 4900 541 4939 ea
566 4884 804 4955 parvulis
834 4883 1050 4956 (Matth.
1094 4899 1147 4937 χι
1170 4884 1211 4953 ).
1244 4902 1264 4935 ι
1299 4883 1451 4949 Quod
1493 4882 1771 4937 evidenter

200 4975 523 5047 evangelista
569 4974 920 5029 manifestare
946 4973 1191 5039 curavit,
1235 4988 1356 5027 cum
1384 4980 1596 5041 postea,
1651 4987 1771 5040 qua}

203 5066 443 5137 superius
482 5066 803 5137 scripserat,
853 5063 1097 5133 adjunxit
1121 5064 1344 5119 dicens:
1376 5062 1442 5116 Et
1479 5078 1773 5119 conversus

204 5157 266 5213 ad
292 5158 432 5225 illos,
473 5158 609 5215 dixit
635 5175 649 5213 :
685 5177 703 5210 ‹
739 5157 887 5214 Beati
916 5156 1057 5212 oculi
1087 5156 1179 5227 qui
1209 5155 1395 5210 vident
1419 5168 1539 5224 quae
1566 5169 1664 5210 vos
1695 5155 1773 5209 vi-

206 5245 354 5303 detis.
389 5266 408 5300 ι
437 5247 653 5304 Illorum
675 5247 884 5303 scilicet
908 5247 1092 5304 oculos
1121 5247 1312 5303 beatos
1338 5244 1651 5311 ostendens,
1680 5245 1773 5314 qui

208 5337 471 5413 hominem
501 5339 767 5403 videntes,
805 5338 979 5401 Deum,
1004 5337 1366 5411 crediderunt.
1402 5336 1537 5390 Nam
1567 5336 1694 5405 quid
1720 5336 1774 5391 in

209 5427 293 5486 illo
316 5431 532 5486 homine
557 5428 888 5501 spiritalibus
908 5428 1080 5485 oculis
1099 5429 1326 5483 interius
1349 5427 1622 5492 viderunt,
1649 5426 1776 5481 alibi

210 5521 522 5588 ostendunt,
545 5535 668 5576 cum
696 5518 942 5589 requisiti
964 5518 1124 5573 unius
1156 5533 1287 5573 voce
1317 5518 1664 5586 respondent,
1697 5516 1777 5571 di-

212 5602 425 5671 centesz'
442 5634 459 5666 ι
482 5615 560 5670 Tu
590 5630 650 5670 es
670 5612 921 5670 Christus
947 5609 1117 5665 Filius
1132 5609 1227 5665 Dei
1244 5609 1346 5664 vivi
1364 5608 1579 5681 (Matth.
1597 5607 1731 5677 χνι).
1755 5626 1773 5654 ι

214 5702 277 5759 Et
317 5705 440 5761 talis
480 5706 638 5771 visio,
680 5696 905 5773 talisque
935 5700 1203 5757 confessio
1221 5700 1363 5770 quod
1394 5699 1777 5754 beatitudinem

218 5801 497 5861 mereatur,
539 5792 650 5862 ipse
688 5790 945 5845 Dominus
975 5786 1239 5851 ostendit,
1278 5801 1397 5840 eum
1424 5785 1669 5855 protinus
1700 5800 1780 5839 rc—

1870 4680 2043 4736 sancti
2071 4693 2195 4733 eum
2219 4676 2270 4730 in
2294 4689 2459 4730 carne
2496 4671 2778 4727 voluerunt
2799 4667 2980 4721 videre
3000 4706 3014 4728 ,
3050 4664 3254 4718 indicat
3286 4675 3449 4716 vene-

1873 4771 2055 4826 rabilis
2077 4767 2261 4831 Jacob,
2289 4765 2381 4835 qui
2408 4779 2529 4819 cum
2567 4760 2864 4816 moriturus
2909 4756 3048 4811 filios
3080 4753 3447 4817 bcnediceret,

1871 4864 1973 4919 ait:
1996 4882 2014 4915 (
2036 4860 2284 4916 Salutare
2306 4867 2453 4913 tuum
2468 4850 3042 4925 exspectabo,Domine
3064 4847 3218 4919 (Gen.
3234 4845 3404 4914 mx).
3428 4864 3448 4899 ι

1871 4953 2120 5010 Etlsaias
2147 4952 2251 5005 hoc
2272 4947 2544 5005 desiderio
2572 4944 2813 5007 ardebat,
2847 4958 2970 4997 cum
2998 4938 3245 4994 dicebat:
3284 4956 3303 4989 ι
3341 4936 3464 5001 Uti-,

1874 5063 1999 5103 nam
2016 5045 2376 5113 disrumperes
2398 5038 2561 5094 caelos
2582 5045 2637 5093 et
2658 5034 3042 5092 descenderes!
3075 5051 3094 5083 ι
3132 5030 3265 5102 (Isa.
3284 5028 3459 5101 wa.)

1876 5145 1945 5198 Et
1964 5141 2138 5203 David
2164 5138 2352 5194 eodem
2380 5135 2594 5191 fervens
2621 5146 2827 5194 amore,
2856 5130 3070 5185 dicebat
3099 5146 3113 5182 :
3147 5147 3167 5179 ι
3208 5128 3454 5191 Domine,

1878 5225 2075 5294 inclina
2113 5231 2281 5288 cmlos
2319 5237 2440 5284 tuos
2469 5236 2524 5281 et
2552 5224 2817 5280 descende
2857 5219 3029 5293 (l’sal.
3060 5219 3227 5291 ωινι).
3272 5240 3292 5271 ι
3346 5218 3459 5273 Hoc

1876 5327 2040 5383 etiam
2066 5320 2325 5379 aestuabat
2354 5316 2620 5375 desiderio
2661 5313 2939 5382 illejustus
2969 5312 3184 5367 Simcon
3206 5309 3259 5364 in
3286 5308 3461 5363 Evans

1880 5418 2021 5490 gelio
2049 5414 2197 5488 (Luc.
2225 5410 2310 5483 ιι),
2355 5409 2445 5479 qui
2492 5423 2591 5478 pro
2624 5403 2996 5476 magnitudine
3037 5401 3118 5457 sui
3153 5397 3354 5453 amor-is
3380 5412 3461 5449 res

1884 5486 2140 5578 sponsum
2184 5501 2414 5571 accepit,
2456 5514 2565 5554 non
2612 5498 2854 5552 visurum
2886 5509 2944 5550 se
2988 5499 3250 5554 mortem,
3280 5486 3458 5555 prius-

1885 5613 2045 5669 quam
2071 5595 2273 5650 videret
2298 5590 2569 5648 Christum
2593 5587 2803 5643 Domini
2835 5586 3188 5639 incarnatum.

1964 5708 1981 5739 ι
2024 5688 2090 5742 Ει
2135 5702 2262 5741 cccc
2309 5683 2523 5754 quidam
2572 5678 2910 5749 legisperitus
2949 5671 3204 5735 surrexit,
3252 5676 3466 5723 tcntans

1897 5800 1913 5831 t
1951 5781 2097 5835 illum
2146 5789 2201 5833 et
2249 5778 2474 5834 dicens:
2512 5773 2796 5841 Magister,
2838 5766 2967 5837 quid
3016 5762 3257 5818 faciendo
3304 5759 3468 5813 vitam
