4014 6354
544 244 638 300 6⁸11

1149 240 1503 299 HAYMONIS
1535 237 2024 296 HALBERSTAT.
2071 236 2476 307 i-Zl’ISC..OPP.
2515 238 2696 296 PARS
2737 240 2797 295 11.
2829 273 2895 282 —
2936 240 3170 298 HOMIL.

553 377 571 410 ι
607 367 868 435 aeternam
904 356 1225 428 possidebo?
1266 376 1283 405 ι
1313 353 1585 410 Fortassis
1624 353 1966 425 legisperitus
2016 354 2135 416 iste,
2167 352 2212 410 Α
2243 353 2547 420 proximum
2577 354 2770 426 diligit,
2797 364 2855 409 ut
2882 357 2975 411 Dei
3003 356 3342 412 dilectionem
3373 364 3724 427 postponat,
3759 373 3877 414 non

545 460 608 507 ut
628 451 695 505 ad
725 449 1038 506 tentandum
1066 447 1351 503 Dominum
1377 456 1644 517 surgeret,
1663 461 1731 502 ex
1761 447 1930 517 ipsius
1957 445 2138 500 verbis

548 542 889 598 occasionem
916 539 1169 611 sumpsit,
1192 540 1388 610 quibus
1409 540 1657 611 superius
1693 541 1954 596 Dominus
1989 539 2138 594 dixe-

548 646 675 693 rat:
709 654 728 688 ι
765 634 1005 691 Gaudete
1030 633 1155 705 quia
1196 633 1415 688 nomina
1456 640 1639 690 vestra
1678 633 1877 705 scripta
1920 641 2047 688 sunt
2084 633 2138 690 iu

472 778 475 785 .
550 730 689 787 cmlo
718 727 867 801 (Luc.
896 726 975 799 ι).
1015 746 1035 781 ι
1075 726 1249 783 Voluit
1275 727 1418 781 enim
1449 726 1614 792 scire,
1644 722 1825 782 utrum
1853 734 1909 781 et
1941 739 2139 785 nomen

549 838 706 879 stium
758 821 1017 891 scriptum
1053 819 1263 875 diceret
1306 820 1361 874 in
1405 818 1580 885 coelo,
1616 817 1738 876 ideo
1771 825 1881 872 tam
1914 817 2141 874 sollicite

550 911 872 982 interrogat,
899 910 1029 981 quid
1055 909 1300 965 faciendo
1335 909 1505 964 vitam
1543 915 1802 975 aeternam
1844 906 2137 979 possideat.

551 1000 658 1058 Sed
712 1001 838 1071 quia
883 1000 1130 1071 imperite
1165 1008 1249 1056 est
1274 999 1444 1069 loqui,
1482 999 1684 1055 bonum
1729 1014 1837 1054 non
1876 1006 2021 1055 recta
2056 999 2140 1054 in-

551 1090 793 1147 tentione
816 1087 1063 1159 proferre
1080 1130 1095 1154 ,
1128 1088 1472 1160 Iegisperitus
1499 1089 1604 1144 iste
1634 1087 1884 1160 imperite
1911 1089 2143 1145 interro-

550 1196 709 1253 gasse
740 1180 1140 1251 comprobatur.
1171 1169 1323 1249 Qudd
1353 1180 1496 1235 enim
1525 1195 1634 1236 non
1666 1189 1816 1236 recta
1845 1179 2143 1237 intentione

552 1273 836 1328 Dominum
868 1272 1306 1343 iuterrogaverit,
1332 1272 1660 1343 evangelista
1686 1272 1998 1328 manifestat
2018 1287 2143 1328 cum

550 1363 729 1420 dicit:
778 1383 795 1415 ι
847 1360 1097 1418 Surrexit
1152 1371 1368 1417 tentans
1396 1378 1541 1417 eum.
1581 1382 1599 1414 ι
1651 1361 1900 1418 Surrexit
1937 1372 2140 1421 autem.

550 1470 658 1510 non
715 1454 888 1510 solum
935 1469 1161 1524 corpore
1197 1455 1263 1507 ad
1310 1454 1777 1527 interrogandum,
1828 1456 1921 1510 sed
1974 1456 2141 1510 etiam

551 1550 750 1605 mentis
779 1548 1012 1604 elatione
1033 1549 1099 1603 ad
1128 1548 1461 1604 tentandum.
1507 1547 1658 1615 Quod
1691 1549 1822 1618 ipsis
1866 1549 1977 1605 suis
2015 1564 2143 1620 ape-

551 1641 624 1696 rit
652 1640 854 1705 verbis,
881 1655 1004 1694 cum
1036 1640 1180 1694 hunc.
1204 1654 1308 1694 non
1338 1639 1491 1709 quasi
1521 1638 1830 1704 Dominum,
1861 1641 1954 1698 sed
1984 1646 2142 1711 quasi

2242 447 2441 502 habere
2469 463 2651 503 veram
2695 450 3038 505 dilectionem
3068 449 3371 505 credendus
3415 458 3518 504 est.
3579 450 3763 517 Quod
3813 453 3877 506 in

2240 532 2423 592 divina
2446 538 2563 609 lege
2614 539 2913 611 ﬁguraliter
2948 540 3372 605 demonstratur,
3404 541 3637 610 quando
3663 542 3726 597 in
3770 558 3875 598 or—

2240 638 2497 685 namento
2516 630 2791 701 pontiﬁcis
2811 647 3009 688 coccus
3036 632 3119 688 bis
3142 632 3342 688 tinctus
3369 633 3496 704 poni
3524 634 3877 705 praecipitur

2243 718 2441 787 (Exod.
2462 719 2609 792 xxv).
2633 720 2798 793 Quasi
2824 721 2968 776 enim
2998 721 3050 776 in
3074 731 3393 778 ornamento
3418 724 3715 793 pontiﬁcis
3733 739 3873 781 coc-

2242 825 2337 864 cus
2352 810 2434 865 bis
2449 809 2646 864 tinctus
2661 812 2899 880 ponitur,
2914 826 3039 868 cum
3054 811 3107 866 in
3125 821 3311 867 nostro
3325 828 3489 883 opere
3507 813 3749 873 dilectio
3769 830 3871 887 ge-

2242 900 2499 955 minatur.
2529 900 2683 957 Sicut
2702 902 2845 958 enim
2868 903 2984 957 avis
3005 903 3122 959 sine
3142 903 3352 960 duabus
3378 904 3477 961 alis
3497 907 3565 962 ad
3585 905 3714 961 alta
3736 922 3870 963 sese

2243 990 2527 1048 sustollere
2555 1007 2662 1047 non
2688 1000 2888 1063 potest,
2915 992 2994 1048 sic
3021 1008 3120 1049 nos
3146 994 3213 1048 ad
3234 992 3631 1064 perfectionem
3664 997 3869 1055 venire

2244 1082 2549 1151 nequimus,
2576 1082 2678 1137 nisi
2714 1081 2820 1137 duo
2848 1091 3117 1153 praecepta
3163 1080 3479 1153 principalia
3531 1100 3863 1148 servemus.

2243 1175 2584 1231 dilectionem
2607 1173 2856 1230 videlicet
2888 1174 2984 1229 Dei
3013 1183 3068 1230 et
3095 1174 3347 1241 proximi,
3374 1183 3610 1232 testante
3635 1176 3864 1233 Joanne

2243 1266 2486 1336 apostolo
2531 1267 2623 1336 qui
2676 1269 2751 1323 ait
2785 1287 2796 1322 :
2840 1287 2859 1320 ι
2894 1268 2951 1324 Si
2985 1269 3106 1337 quis
3131 1268 3348 1334 dixerit,
3379 1270 3645 1338 quoniam
3685 1271 3862 1343 diligo

2243 1356 2434 1423 Deum,
2466 1367 2521 1414 et
2543 1358 2760 1414 fratrem
2787 1375 2940 1414 suum
2974 1359 3177 1422 oderit,
3209 1359 3440 1413 mendax
3469 1369 3559 1415 est
3594 1359 3657 1430 (1
3680 1359 3854 1415 Iona.

2244 1448 2337 1520 tv).
2385 1470 2404 1502 ι
2445 1449 2512 1505 Et
2538 1451 2775 1506 iterum:
2815 1468 2834 1501 ι
2869 1450 2969 1517 Qui
3019 1466 3125 1505 non
3178 1449 3350 1519 diligit
3399 1447 3626 1507 fratrem
3693 1467 3854 1506 suum

2243 1555 2403 1611 quem
2432 1541 2600 1607 videt,
2631 1541 2799 1596 Deum
2836 1556 2996 1610 quem
3027 1555 3133 1596 non
3160 1540 3307 1594 videt
3335 1541 3607 1610 quomodo
3668 1551 3855 1611 potest

2243 1632 2467 1704 diligere
2485 1633 2517 1687 i.
2542 1652 2560 1684 ι
2591 1632 2778 1703 (Ibid)
2806 1633 2873 1687 Et
2899 1633 3001 1687 hoc
3024 1631 3338 1686 mandatum
3361 1631 3626 1687 habemus
3652 1649 3689 1687 a
3719 1632 3847 1699 Deo,

542 1734 873 1807 magistrum
926 1733 1174 1804 inquirit,
1221 1732 1408 1804 dicens
1444 1750 1458 1786 :
1505 1750 1523 1783 ι
1560 1730 1834 1803 Magister,
1882 1733 2011 1802 quid
2062 1732 2145 1787 fa-
2175 1712 2219 1772 Β
2248 1732 2308 1779 ιιι
2336 1714 2428 1795 qui
2456 1724 2629 1795 diligit
2659 1724 2844 1799 Deum,
2879 1723 3065 1795 diligat
3090 1730 3145 1778 et
3170 1720 3390 1781 fratrem
3424 1737 3603 1776 suum.

551 1827 741 1883 ciemlo
788 1826 955 1881 vitam
1005 1834 1262 1880 aeternam
1314 1823 1637 1893 possidebo?
1667 1842 1684 1874 ι
1732 1822 1839 1881 Sed
1884 1823 2144 1887 Dominus

550 1933 711 1988 quem
740 1916 949 1972 occulta
979 1916 1158 1971 cordis
1186 1930 1289 1977 non
1320 1914 1545 1989 fallunt,
1566 1921 1621 1970 et
1639 1928 1800 1984 quem
1831 1913 1979 1968 nulla
2014 1914 2145 1969 latet

549 2007 824 2077 cogitatio,
875 2006 949 2060 ita
993 2022 1143 2060 suam
1195 2003 1601 2086 responsionem
1645 2012 1942 2073 temperat,
1971 2011 2031 2058 ut
2076 2005 2142 2061 ad

549 2096 1022 2169 interrogationem
1077 2095 1272 2154 scriba:
1321 2095 1757 2171 respondeat,‘et
1796 2110 1828 2148 a
1872 2102 2143 2161 tentatore

550 2187 867 2259 reprehendi
931 2202 1036 2242 nou
1090 2186 1280 2256 possit.
1332 2185 1478 2240 Misit
1515 2184 1663 2240 enim
1698 2200 1820 2240 eum
1853 2186 2037 2240 statim
2074 2184 2142 2240 ad

548 2277 744 2349 legem,
772 2292 933 2347 quam
967 2276 1020 2331 in
1051 2292 1145 2332 ore
1173 2285 1228 2332 et
1264 2291 1371 2331 non
1399 2277 1564 2331 corde
1600 2276 1880 2355 gestabat,
1912 2275 2098 2332 dicens
2125 2293 2138 2330 :

625 2389 643 2420 ι
663 2368 721 2423 lu
740 2368 854 2439 lege
867 2367 992 2438 quid
1015 2369 1274 2437 scriptum
1297 2364 1417 2420 est?
1432 2363 1711 2432 Quomodo
1726 2364 2012 2445 legistirAt
2028 2363 2139 2430 ille,

547 2461 689 2532 quod
714 2460 938 2531 legerat,
964 2474 1065 2516 nec
1084 2471 1283 2530 negare
1306 2464 1537 2528 poterat,
1567 2441 1902 2531 respondens
1923 2441 2101 2523 dixit;

625 2567 644 2601 ι
680 2549 878 2619 Diliges
902 2549 1188 2603 Dominum
1218 2546 1387 2603 Deum
1421 2556 1572 2616 tuum
1597 2536 1802 2603 exutoto
1830 2547 1993 2602 corde
2024 2554 2137 2612 tuo,

553 2659 571 2691 ι
606 2649 749 2695 ειιειι
782 2648 889 2694 tota
932 2639 1109 2705 anima
1141 2647 1264 2704 tua,
1312 2646 1367 2693 et
1390 2651 1467 2711 ex
1490 2637 1741 2693 omnibus
1775 2637 1981 2692 viribus
2009 2637 2135 2698 tuis,

456 2788 461 2795 ε
553 2748 572 2779 ι
605 2738 660 2784 et
697 2745 763 2785 ex
801 2728 951 2782 omni
989 2738 1169 2783 mente
1196 2738 1316 2794 tua,
1348 2736 1402 2783 et
1445 2727 1750 2805 proximum
1801 2734 1948 2782 tuum
1999 2728 2138 2782 sicut

555 2839 572 2870 ι
622 2820 872 2890 teipsum.
918 2837 937 2870 ι
987 2818 1159 2885 Quam
1208 2819 1653 2888 responsionem,
1703 2818 1831 2888 quia
1879 2817 2137 2894 Dominus

549 2924 701 2966 suam
732 2923 853 2963 esse
888 2907 1229 2979 recognovit,
1269 2910 1518 2986 protinus
1550 2908 1873 2964 collaudavit
1902 2908 2084 2966 dicens
2119 2929 2134 2965 :

625 3017 644 3050 ι
682 2997 850 3052 [tecte
879 2995 1239 3068 respondisti:
1275 2998 1379 3054 hoc
1405 2997 1524 3065 fac,
1551 3007 1607 3053 et
1631 2999 1802 3054 vives.
1844 3016 1873 3064 ι,
1903 2997 2008 3055 Sed
2055 2999 2139 3054 in-

2325 1831 2343 1865 ι
2384 1814 2477 1869 llle
2508 1822 2688 1869 autem
2730 1814 2916 1868 volens
2943 1812 3248 1883 justiﬁeare
3290 1812 3575 1895 seipsum,
3610 1811 3756 1871 dixit
3780 1817 3848 1871 ad

2252 1924 2270 1955 ι
2302 1903 2486 1959 Iesum
2514 1918 2530 1965 :
2572 1903 2642 1958 Et
2668 1905 2790 1974 quis
2828 1911 2912 1959 est
2941 1919 3092 1959 meus
3114 1904 3436 1975 prosimus?
3470 1923 3490 1957 ι
3530 1903 3667 1960 Erat
3700 1907 3846 1962 enim

2245 1994 2313 2049 de
2343 1994 2465 2058 illis,
2482 1995 2549 2050 de
2563 1987 2759 2066 quibus
2782 1995 3040 2050 Dominus
3065 1995 3141 2050 ait
3170 2013 3182 2048 :
3208 1993 3845 2070 «Quarsieruntgioriam

2246 2084 2524 2139 hominum
2555 2086 2726 2156 magis
2755 2101 2918 2156 quam
2947 2085 3062 2140 Dei.
3097 2105 3116 2138 ι
3152 2072 3258 2140 Sed
3287 2085 3554 2157 Doiitinus
3578 2087 3649 2140 ita
3676 2102 3839 2146 suam

2245 2176 2653 2256 responsionem
2683 2179 3053 2256 temperavit,
3083 2186 3143 2231 ut
3166 2187 3221 2232 et
3256 2193 3316 2232 se
3350 2178 3508 2233 nobis
3533 2180 3841 2249 proximum

2243 2283 2342 2340 per
2370 2253 2796 2325 misericordiam
2814 2253 3138 2326 (ostenderet
3164 2267 3365 2324 factum
3389 2283 3532 2333 esse,
3568 2279 3626 2326 et
3660 2273 3835 2341 phari-

2244 2375 2353 2416 saao
2377 2375 2540 2437 quem
2572 2360 2775 2423 imitari
2804 2360 3059 2426 deberet,
3089 2359 3409 2416 declararet.

2321 2473 2339 2506 ι
2377 2452 2688 2523 Suspiciens
2734 2464 2916 2509 autem
2959 2451 3153 2518 Iesus,
3198 2453 3375 2508 dixit:
3415 2451 3593 2508 Homo
3622 2455 3832 2527 quidam

2249 2564 2267 2597 ι
2301 2544 2664 2601 descendebat
2701 2545 2770 2599 ab
2793 2540 3092 2600 Ierusalem
3118 2544 3170 2598 in
3195 2541 3434 2608 Iericho,
3480 2554 3537 2598 et
3567 2544 3758 2600 incidit
3779 2547 3831 2600 in

2247 2655 2266 2687 ι
2301 2635 2559 2691 latrones.
2594 2654 2613 2687 ι
2659 2633 2763 2702 Qui
2812 2636 2863 2690 in
2897 2634 3196 2706 Scripturis
3238 2634 3473 2690 litteram
3509 2646 3826 2706 sequuntur,

2240 2742 2482 2797 congrue
2525 2726 2742 2790 dicunt,
2776 2725 2902 2796 quia
2953 2725 3215 2781 Dominus
3255 2741 3379 2782 cum
3422 2726 3830 2785 srmilitudinem

2240 2816 2508 2871 vulnerati
2538 2815 2775 2872 hominis
2800 2822 3061 2886 poneret,
3089 2824 3237 2872 recte
3269 2816 3413 2871 hunc
3437 2816 3510 2873 ab
3532 2817 3827 2877 Ierusalem

2239 2907 2293 2961 in
2337 2906 2555 2964 Iericho
2596 2907 2943 2965 descendisse
2977 2917 3387 2964 commemorat.
3442 2910 3729 2981 Siquidem
3766 2912 3829 2966 ab

2239 2998 2540 3075 Ierusalem
2572 3000 2625 3056 in
2651 3000 2868 3074 Iericho
2897 3001 3249 3074 pergentibus
3281 3015 3445 3071 rupes
3469 3010 3826 3075 suntuqu

551 3088 840 3158 terrogatio
881 3064 999 3143 haec
1042 3087 1235 3144 scriba:
1277 3103 1528 3160 magnam
1558 3087 1715 3144 nobis
1735 3088 2022 3163 utilitatem
2048 3084 2143 3160 paJ
2165 3067 2211 3131 (ἶ
2243 3064 2299 3147 et
2319 3092 2483 3149 valles
2503 3070 2774 3157 concavae,
2793 3101 2847 3147 et
2865 3064 2982 3148 ioca
2997 3064 3277 3159 iatronum
3304 3064 3521 3147 insidiis
3548 3064 3702 3163 apta.

551 3180 644 3245 rit;
669 3180 714 3236 si
742 3178 885 3249 quod
918 3175 1025 3234 hoc
1062 3178 1340 3250 respondit
1380 3176 1591 3251 verbis,
1633 3193 1916 3247 servemus
1962 3181 2141 3251 operi-

549 3271 669 3326 bus.
721 3269 812 3326 Ait
837 3271 993 3327 enim
1027 3287 1043 3326 :
1089 3290 1109 3323 ι
1144 3266 1344 3341 Diliges
1383 3269 1666 3325 Dominum
1694 3271 1865 3326 Deum
1897 3267 2045 3327 tuum
2071 3288 2139 3329 ex

551 3373 664 3418 toto
692 3363 854 3419 corde
889 3371 1005 3431 tuo,
1036 3372 1092 3419 et
1115 3377 1180 3417 ex
1214 3370 1321 3417 tota
1352 3362 1533 3417 anima
1563 3369 1675 3427 tua,
1707 3369 1764 3418 et
1787 3375 1855 3417 ex
1887 3362 2140 3418 omnibus

548 3453 752 3508 viribus
781 3453 886 3509 tuis
908 3494 924 3520 ,
958 3462 1014 3509 et
1054 3468 1122 3509 ex
1159 3453 1305 3508 omni
1336 3460 1519 3508 mente
1558 3461 1647 3507 tua
1670 3492 1686 3519 ,
1732 3459 1788 3508 et
1833 3453 2139 3524 proximum

551 3553 699 3600 tuum
736 3544 877 3600 sicut
905 3544 1155 3615 teipsum.
1199 3565 1217 3596 ι
1267 3543 1324 3601 1η
1356 3544 1552 3616 quibus
1596 3544 1779 3600 verbis
1815 3545 2139 3608 ostenditur,

548 3638 673 3707 quia
698 3638 745 3692 si
775 3638 939 3699 vitam
976 3636 1222 3695 volumus
1255 3635 1533 3706 possidere
1563 3642 1821 3707 cateruam
1844 3676 1858 3702 ,
1882 3636 2143 3691 debemus

551 3729 720 3783 Deum
766 3728 987 3799 diligere
1033 3743 1139 3783 non
1188 3741 1257 3785 ex
1298 3735 1476 3797 parte.
1512 3725 1606 3781 sed
1644 3738 1710 3780 ex
1761 3726 2002 3797 integro,
2029 3735 2144 3782 toto

551 3818 742 3888 corde,
763 3826 873 3873 tota
901 3817 1102 3884 anima,
1131 3817 1259 3887 totis
1280 3817 1506 3884 viribus,
1536 3825 1649 3874 tota
1676 3827 1878 3885 mente,
1905 3827 1963 3873 ut
1992 3820 2143 3876 locus

554 3906 734 3962 nullus
773 3914 1052 3962 remaneat
1084 3921 1287 3962 vacuus
1306 3947 1331 3977 ,η
1349 3907 1441 3978 qui
1470 3923 1580 3963 non
1606 3908 1702 3964 Dei
1729 3908 2023 3966 dilectione
2059 3926 2145 3968 re-z

553 3998 784 4069 pleatur,
810 3997 903 4053 sed
926 4013 1098 4063 mens,
1142 4012 1336 4054 manus
1383 4006 1438 4055 et
1479 3998 1662 4073 lingua
1685 4041 1701 4068 ,
1748 3999 1866 4069 ejus
1900 4001 2147 4059 dilectio-

555 4103 677 4143 nem
714 4096 985 4143 resonent.
1016 4087 1117 4144 Ubi
1146 4089 1438 4144 notandum
1466 4090 1591 4161 quia
1631 4090 1686 4146 in
1726 4089 2016 4148 dilectione
2048 4093 2146 4149 Dei

555 4194 806 4234 mensura
832 4194 938 4235 non
963 4179 1214 4248 ponitur,
1236 4195 1359 4235 cum
1385 4180 1582 4237 dicitur
1610 4198 1626 4236 :
1662 4200 1682 4234 ι
1736 4181 1939 4254 Diliges
1964 4183 2147 4240 Domi-

555 4285 683 4324 num
716 4268 885 4324 Deum
918 4278 1067 4324 tuum
1108 4282 1176 4324 ex
1209 4276 1321 4326 toto
1374 4270 1538 4328 corde
1597 4279 1741 4347 tuo,
1768 4290 1787 4325 ι
1844 4282 1952 4329 etc.
2004 4258 2146 4342 Quia

553 4361 697 4416 enim
728 4361 1026 4417 immensus
1060 4369 1146 4418 est
1168 4360 1343 4429 Deus,
1366 4362 1483 4418 sine
1524 4377 1777 4418 mensura
1800 4371 1885 4420 est
1924 4362 2147 4437 diligen-

2231 3180 2326 3253 jus
2369 3184 2447 3239 rei
2492 3184 2642 3239 testis
2667 3193 2752 3239 est
2777 3182 3064 3257 Iosephus,
3099 3183 3191 3254 qui
3233 3182 3644 3259 multitudinem
3669 3183 3821 3241 latro-

2243 3290 2371 3330 num
2396 3273 2465 3329 ab
2490 3273 2701 3330 llerode
2735 3274 2788 3328 in
2806 3274 3008 3349 eodem
3037 3273 3155 3330 loco
3192 3283 3443 3329 necatum
3471 3290 3599 3329 esse
3626 3283 3818 3331 narrat.

2241 3363 2352 3419 Nos
2381 3363 2697 3434 spiritaliter
2719 3365 2863 3419 hunc
2894 3363 3167 3418 hominem
3191 3363 3365 3418 Adam
3389 3378 3518 3419 cum
3544 3366 3722 3436 stirpe
3740 3382 3821 3421 sua

2243 3455 2613 3528 intelligimus,
2631 3457 2722 3535 qui
2736 3458 2878 3533 bene
2892 3456 2960 3512 de
2973 3455 3272 3513 Jerusalem
3294 3457 3348 3512 in
3370 3455 3599 3515 Iericho
3620 3461 3826 3516 descen-

2242 3548 2389 3604 disse
2412 3549 2609 3604 dieitur
2632 3568 2644 3604 :
2672 3551 2798 3620 quia
2821 3550 3085 3622 visionem
3112 3565 3361 3621 superna:
3380 3553 3537 3622 pacis
3559 3555 3823 3619 amittens,

2245 3639 2298 3694 in
2350 3649 2668 3711 praesentem
2713 3636 2881 3697 vitam
2929 3642 3167 3698 miseriis
3212 3632 3269 3698 et
3312 3645 3578 3701 aerumnis
3621 3630 3826 3716 plenam

2244 3730 2462 3785 decidit.
2488 3730 2786 3787 Jerusalem
2811 3732 3010 3802 quippe
3032 3732 3167 3788 visio
3188 3732 3339 3802 pacis
3362 3746 3377 3786 :
3400 3731 3629 3788 Iericho
3658 3743 3825 3790 autem

2245 3817 2369 3874 luna
2402 3819 2808 3888 interpretatur.
2842 3819 2993 3896 Luna
3021 3835 3153 3876 vero
3189 3807 3436 3891 inugsacro
3475 3821 3698 3892 eloquio
3735 3824 3822 3879 bu-

2245 3896 2420 3964 manaz
2446 3908 2759 3981 fragilitatis
2788 3909 3056 3966 defectum
3078 3910 3369 3981 signiﬁcat,
3395 3925 3518 3981 quze
3540 3913 3673 3967 dum
3695 3927 3827 3967 men-

2244 4003 2413 4058 struis
2437 4001 2589 4057 horis
2608 4001 2810 4058 crescit
2845 4010 2902 4057 et
2934 4002 3238 4067 decrescit,
3277 4009 3483 4057 nostra:
3513 4003 3827 4058 calamitatis

2245 4093 2662 4149 mutabilitatem
2707 4093 3002 4164 exprimit,
3051 4093 3145 4164 qui
3194 4092 3494 4148 crescimus
3542 4093 3828 4158 nascendo,

2247 4170 2608 4238 decrescimus
2649 4178 2948 4261 moriendo.
2992 4182 3145 4257 Tune
3187 4196 3319 4266 ergo
3348 4181 3563 4253 primus
3589 4182 3831 4247 bomode

2245 4270 2543 4329 Jerusalem
2579 4271 2634 4326 in
2660 4269 2879 4328 Iericho
2909 4272 3217 4343 descendit,
3263 4273 3482 4351 quando
3520 4276 3828 4331 societatw

2246 4364 2582 4435 angelorum,
2607 4378 2730 4418 cum
2753 4364 2950 4434 quibus
2970 4364 3139 4441 Deum
3160 4362 3654 4435 contemplabatur,
3687 4365 3832 4420 retiu-

554 4453 685 4522 dus;
716 4463 775 4509 ut
818 4469 941 4509 cum
974 4453 1205 4509 multum
1228 4424 1353 4509 eum
1377 4453 1673 4526 diligimus,
1709 4469 1902 4525 parum
1933 4424 2142 4509 nosvdi-
2169 4424 2223 4484 D
2248 4424 2441 4525 quens,
2465 4424 2751 4525 przesentis
2765 4424 2889 4509 vita:
2908 4432 3158 4529 miserias
3181 4424 3439 4525 expertus
3451 4463 3557 4511 est.
3576 4424 3830 4513 Latrones

555 4543 723 4616 ligere
744 4543 1030 4601 fateamur.
1063 4543 1122 4599 In
1153 4544 1386 4614 proximi
1414 4558 1547 4600 vero
1572 4544 1860 4619 dilectione
1885 4558 2141 4600 mensura

554 4635 793 4704 ponitur,
847 4651 969 4690 cum
1005 4634 1248 4690 dicitur:
1287 4653 1306 4686 ι
1340 4633 1407 4689 Et
1449 4633 1755 4705 proximum
1804 4646 1955 4690 tuum
2003 4634 2144 4703 sicut

558 4724 808 4794 teipsum.
839 4743 857 4776 ι
891 4724 1157 4780 Debemus
1182 4725 1348 4796 igitur
1368 4725 1537 4781 Deum
1573 4725 1798 4796 diligere
1822 4724 1944 4795 plus
1979 4739 2145 4796 quam

558 4828 679 4879 nos,
707 4821 763 4868 et
783 4815 1090 4883 proximum
1120 4815 1261 4870 sicut
1282 4830 1410 4882 nos,
1444 4815 1497 4870 id
1530 4823 1617 4870 est
1644 4815 1789 4870 sicut
1826 4826 2026 4873 nostra:
2052 4829 2147 4870 ne-

561 4902 806 4959 cessitati
834 4903 1083 4960 volumus
1111 4904 1408 4970 subveniri,
1429 4905 1508 4960 sic
1529 4904 1916 4962 subveniamus
1941 4916 1997 4963 et
2024 4924 2149 4981 pro-

563 4993 711 5047 ximo
741 5009 756 5058 ;
784 5001 839 5047 et
866 4993 1009 5049 sicut
1049 5004 1251 5052 nostrae
1281 4995 1583 5051 inﬁrmitati
1614 4995 1864 5053 volumus
1889 5000 2148 5070 compati,

564 5085 644 5140 sic
664 5081 1056 5154 compatiamur
1077 5095 1133 5141 et
1165 5087 1396 5156 proximi
1425 5104 1439 5153 ;
1471 5097 1524 5143 et
1565 5088 1707 5144 sicut
1740 5087 1809 5143 ad
1843 5089 2011 5144 vitam
2032 5072 2153 5146 ’νο-ἢ

567 5176 743 5231 lumus
780 5176 964 5231 venire
990 5184 1272 5245 mternam,
1300 5179 1381 5233 sic
1408 5187 1659 5250 aptemus
1697 5178 1978 5236 nobiscum
2025 5196 2151 5252 per-

566 5269 753 5324 venire
778 5277 834 5324 et
884 5268 1220 5341 proximum;
1251 5278 1308 5325 et
1335 5270 1435 5325 hoc
1458 5281 1544 5326 est
1567 5286 1694 5328 vere
1721 5271 1942 5343 diligere
1968 5271 2153 5343 proxi-

567 5375 739 5425 mum,
762 5360 902 5415 sicut
933 5360 1311 5432 nosmetipsos.
1355 5361 1818 5420 Considerandum
1861 5371 1945 5420 est
1970 5372 2153 5421 autem

568 5452 622 5507 in
662 5451 764 5508 hoc
792 5450 927 5516 loco,
956 5454 1082 5525 quia
1111 5469 1237 5508 vere
1266 5470 1373 5510 non
1413 5455 1654 5528 diligitur
1696 5457 1841 5513 Deus
1867 5458 1985 5513 sine
2027 5473 2151 5529 pro-

567 5545 734 5611 ximo,
764 5563 863 5603 nec
885 5561 1008 5602 vere
1034 5548 1312 5618 proximus
1340 5548 1456 5605 sine
1483 5551 1612 5606 Deo.
1648 5549 1707 5607 Si
1734 5551 1857 5621 quis
1896 5550 2039 5607 enim
2075 5551 2149 5606 ita

570 5640 739 5696 Deum
791 5639 957 5711 diligit.
1016 5648 1069 5692 ut
1118 5640 1348 5711 ιντοιίιηί
1403 5657 1587 5697 curam
1640 5642 1913 5713 negligat:
1951 5643 2034 5699 vel
2076 5644 2148 5699 ita

2245 4559 2396 4608 vero,
2445 4543 2499 4597 in
2543 4558 2681 4614 quos
2713 4543 2931 4622 incidit,
2968 4542 3235 4598 immundi
3276 4542 3501 4613 spiritus
3542 4553 3710 4612 sunt,
3752 4540 3830 4616 qui

2232 4633 2436 4707 sedent
2466 4633 2519 4688 in
2548 4634 2756 4689 insidiis
2776 4634 2829 4689 in
2853 4633 3103 4699 occultis,
3129 4641 3191 4689 ut
3218 4634 3552 4691 interﬁciant
3581 4636 3829 4694 innocen-

2248 4733 2351 4780 tes.
2390 4724 2474 4779 Ab
2517 4725 2710 4780 borum
2750 4724 2963 4781 insidiis
2989 4725 3183 4781 orabat
3211 4739 3271 4781 se
3299 4725 3829 4798 liberarioPropheta,

2250 4831 2374 4873 cum
2405 4816 2651 4872 dicebat:
2673 4834 2693 4869 ι
2715 4815 2935 4874 Custodi
2959 4831 3046 4873 mc
3071 4832 3102 4871 a
3132 4815 3328 4889 laqueo
3348 4832 3509 4889 quem
3533 4825 3830 4874 statuerunt

2254 4908 2385 4963 mihi
2404 4948 2420 4975 ,
2464 4915 2520 4962 et
2552 4922 2581 4960 a
2610 4907 2879 4964 scandalis
2909 4908 3253 4980 operantium
3291 4907 3641 4979 iniquitatem
3668 4906 3829 4981 (Pal.

2255 4998 2398 5066 CXL).
2433 5017 2453 5051 ι
2483 5017 2501 5049 ι
2534 4998 2636 5064 Qui
2678 4997 2840 5054 etiam
2881 4998 3317 5070 despoliaverunt
3344 5013 3485 5055 eum.
3521 5017 3541 5051 ι
3568 4998 3831 5073 Despolia-

2255 5096 2451 5145 verunt
2469 5088 2667 5159 quippe
2684 5103 2831 5155 eum,
2847 5089 2972 5159 quia
2993 5096 3117 5160 post
3137 5097 3418 5161 peccatum
3440 5097 3597 5145 veste
3624 5089 3831 5150 immor-

2260 5178 2505 5247 talitatis,
2520 5195 2627 5250 qua
2655 5179 2884 5235 vestitus
2903 5188 3042 5247 erat,
3060 5180 3419 5236 nudaverunt.
3441 5178 3598 5244 Unde
3616 5186 3673 5235 et
3705 5178 3832 5235 illico

2259 5282 2651 5346 cognoscentes
2674 5287 2733 5328 se
2754 5286 2877 5328 esse
2898 5272 3093 5338 nudos,
3107 5280 3441 5329 consuerunt
3460 5271 3588 5328 folia
3613 5272 3767 5336 ﬁcus,
3786 5277 3834 5322 et

2258 5364 2504 5422 fecerunt
2528 5363 2628 5420 sibi
2657 5363 2988 5435 perizomata
3019 5362 3175 5432 (Gen.
3203 5364 3305 5429 ιιι).
3343 5384 3362 5415 ι
3386 5365 3450 5419 Et
3481 5364 3656 5435 plagis
3677 5364 3831 5435 impo-

2258 5457 2407 5520 sitis,
2453 5455 2725 5511 abierunt.
2758 5475 2776 5507 ι
2809 5453 3003 5526 Plagas
3038 5452 3439 5526 imposuerunt,
3474 5456 3696 5526 quando
3729 5460 3833 5525 post

2259 5550 2679 5607 inobedientiam
2705 5564 2873 5620 genus
2891 5549 3180 5603 luunanum
3203 5549 3268 5603 de
3289 5548 3540 5617 paradiso
3562 5549 3830 5620 expulsum

2260 5643 2424 5698 variis
2478 5641 2623 5695 vitiis
2676 5649 2728 5694 et
2787 5640 3023 5709 peccatis
3078 5638 3516 5695 vulneraverunt.
3582 5638 3831 5695 Abierunl

3766 238 3971 294 673‘
