4014 6354
28 5152 33 5183 ι

28 5240 34 5277 Ι

30 5334 37 5363 i

28 5426 35 5459 Ι

28 5512 41 5555 Ι

34 5606 41 5631 l

70 333 210 390 673
1319 332 1624 390 IIOMILIE
1668 333 1756 388 DE
1794 333 2142 391 TEMPORE.
3287 344 3390 399 674

70 457 303 506 autem
346 462 450 504 non
489 464 519 502 a
559 446 853 504 Ieutatione
890 447 1177 509 cessando,
1210 448 1305 502 sed
1344 463 1449 502 non
1493 454 1700 501 tantum
1732 451 1778 508 Α
1806 446 1987 501 minus
2024 446 2177 516 quasi
2223 445 2398 519 plagis
2416 447 2680 505 vulnerati
2720 447 2905 505 vinum
2933 447 3146 518 infudit,
3178 452 3394 522 quando

73 550 385 612 quantum
430 540 716 597 voluerunt
758 542 1019 598 nocendo.
1077 540 1231 596 Unde
1277 542 1414 596 bene
1464 542 1701 597 dicitur:
1806 538 2155 607 asperitatem
2201 540 2532 610 paenitentia:
2565 542 2775 598 indixit.
2804 542 2994 599 Oleum
3024 543 3237 611 infudit,
3267 561 3393 603 eum

81 653 105 685 ι
150 633 458 690 Semivivo
484 632 688 689 relicto.
722 653 741 686 ι
772 632 936 701 Quasi
967 633 1110 688 enim
1150 632 1442 689 semivivus
1467 640 1573 697 est,
1612 630 1704 701 qui
1805 629 2194 699 paenitentibus
2222 631 2544 687 suavitatem
2577 634 2749 690 venia:
2770 635 3101 705 repromisit.
3121 635 3285 703 Quasi
3313 639 3395 694 vi-

77 740 160 780 ex
204 724 327 781 alia
369 731 524 795 parte
550 733 635 780 est
661 724 837 790 vivus,
862 733 920 779 et
941 737 1007 779 ex
1029 724 1134 779 alia
1162 732 1429 780 mortuus.
1477 708 1706 779 Semivi-
1806 736 1936 775 num
1962 720 2216 787 infundit,
2233 737 2356 777 eum
2382 723 2549 779 dixit:
2570 742 2589 776 ι
2608 723 2989 781 Pteniteutiam
3011 727 3170 797 agite.
3188 748 3205 781 ι
3225 727 3392 795 Quasi

76 828 240 868 vum
272 828 406 885 ergo
434 812 790 885 reliquerunt,
820 813 944 883 quia
969 822 1122 869 veste
1141 813 1562 868 immortalitatis
1581 825 1703 867 eum
1803 810 2002 878 oleum,
2021 828 2142 868 cum
2171 813 2478 882 adjunxim
2500 814 2966 887 Appropinquahit
2990 818 3136 873 enim
3164 832 3391 890 regnum

80 905 493 971 nudaverunt,
526 906 622 961 sed
670 921 822 977 spem
852 905 1109 961 redeundi
1134 906 1203 962 ad
1231 907 1443 963 Veniam
1490 906 1706 978 penitus
1804 904 2064 961 coriorum
2102 905 2316 979 (Matth.
2347 923 2408 962 ιιι
2431 917 2479 961 et
2507 907 2602 977 iv).
2627 925 2646 959 ι
2680 925 2699 959 ι
2735 908 2803 962 Et
2833 909 3115 979 imponens
3151 910 3302 966 illum
3336 912 3389 965 in

79 994 339 1052 auferre
367 1010 474 1052 non
497 1003 810 1066 potuerunt.
1809 1010 1828 1044 ι
1848 991 2154 1062 jumentum
2182 1011 2362 1057 suum.
2398 996 2554 1052 duxit
2575 997 2630 1051 in
2665 997 2958 1063 stabulum,
2982 1007 3035 1053 et
3065 1013 3249 1053 curam
3273 1000 3392 1070 ejus

176 1103 201 1136 ι
243 1085 465 1142 Accidit
486 1094 665 1141 autem
701 1094 762 1141 ut
793 1086 1048 1142 sacerdos
1088 1086 1309 1159 quidam
1351 1086 1705 1144 descenderet
1802 1086 1932 1155 egit.
1959 1104 1978 1138 ι
2009 1085 2316 1143 Iumentum
2342 1084 2429 1143 hic
2451 1086 2854 1142 immaculatum
2880 1087 3094 1143 Domini
3120 1089 3394 1160 significat

90 1195 115 1229 ι
149 1176 371 1233 eadem
397 1177 507 1242 via,
532 1185 588 1233 et
613 1177 732 1233 viso
757 1176 869 1241 illo,
905 1178 1220 1247 praeterivit.
1258 1198 1278 1231 ι
1313 1176 1580 1233 Sacerdos
1602 1178 1706 1233 iste
1802 1190 2019 1247 corpus.
2075 1175 2243 1244 Quasi
2299 1193 2431 1249 ergo
2477 1176 2819 1233 vulneratum
2848 1179 3120 1234 hominem
3143 1177 3390 1248 jumento

81 1266 303 1323 Aaron
330 1264 653 1339 intelligitur
676 1266 866 1323 ordine
901 1283 1030 1333 suo,
1077 1268 1164 1323 cui
1212 1268 1385 1323 honor
1415 1267 1701 1323 sacerdotii
1803 1264 2077 1336 imposuit,
2117 1267 2336 1337 quando
2383 1283 2481 1338 per
2512 1283 2724 1323 sacram
2774 1269 3083 1339 passionem
3122 1287 3232 1328 suae
3263 1288 3392 1329 car-

86 1356 308 1428 legalis
328 1372 361 1413 a
386 1357 498 1414 Deo
523 1373 817 1415 concessus
852 1367 957 1415 est.
997 1360 1065 1415 Et
1097 1361 1212 1429 ipse
1239 1374 1370 1432 ergo
1397 1359 1585 1416 eadem
1615 1361 1702 1415 via
1803 1357 1887 1412 nis
1920 1373 2018 1413 nos
2060 1358 2319 1414 Dominus
2350 1374 2380 1413 a
2405 1359 2646 1429 peccatis
2671 1359 2939 1415 liberavit.
2973 1361 3125 1418 Unde
3146 1363 3284 1421 bene
3299 1366 3391 1437 ju-

84 1450 472 1517 descendens,
506 1452 640 1508 vidit
664 1451 937 1508 hominem
965 1452 1326 1518 vulneratum,
1348 1459 1404 1507 et
1426 1460 1703 1524 pertrans-
1801 1456 2042 1503 mentum
2072 1450 2274 1504 dictum
2312 1460 2417 1517 est,
2460 1451 2615 1521 quasi
2647 1437 3041 1524 adjumentum,
3093 1456 3220 1526 quia
3268 1454 3393 1514 inde

88 1540 184 1605 iit,
209 1540 351 1610 quia
376 1539 445 1596 de
468 1541 656 1597 eadem
681 1541 1011 1598 mortalitate
1041 1549 1218 1607 natus,
1243 1540 1507 1597 intellexit
1533 1552 1721 1614 genus
1801 1547 2043 1596 nostram
2081 1540 2451 1598 inﬁrmitatem
2486 1542 2627 1613 juvit
2675 1546 2816 1615 quod
2844 1560 2944 1617 pro
2985 1547 3141 1602 nobis
3184 1548 3392 1618 passio-

87 1629 414 1686 humanum
434 1630 535 1687 sub
558 1632 747 1702 prima:
772 1631 1233 1703 praevaricationis
1254 1640 1480 1703 peccato
1505 1633 1698 1699 teneri,
1799 1648 1923 1687 nem
1953 1634 2134 1689 carnis
2162 1634 2279 1690 sine
2301 1645 2526 1705 peccan
2554 1636 2831 1702 sustinuit,
2874 1637 3014 1693 sicut
3046 1654 3142 1710 per
3169 1637 3392 1693 Petrum

91 1721 197 1777 sed
233 1736 348 1778 nee
368 1737 449 1788 se,
477 1736 580 1777 nec
602 1722 738 1779 alios
761 1723 937 1794 potuit
965 1722 1217 1779 liberare.
1798 1722 1999 1779 dicitur
2020 1740 2034 1778 :
2057 1742 2075 1776 ι
2097 1724 2325 1781 Peccata
2348 1733 2530 1782 nostra
2562 1726 2677 1797 ipse
2704 1727 2924 1797 pertulit
2952 1729 3005 1783 in
3041 1744 3266 1800 corpore
3292 1746 3392 1790 suo

174 1830 199 1864 ι
246 1810 516 1869 Similiter
542 1821 599 1868 et
632 1813 826 1879 levita,
864 1829 988 1868 cum
1018 1825 1161 1870 esset
1199 1829 1358 1871 secus
1393 1815 1569 1873 locum
1591 1858 1606 1882 ,
1645 1828 1701 1871 et
1728 1814 1776 1874 B
1802 1828 1966 1884 super
1986 1813 2214 1886 lignum,
2244 1823 2303 1870 ut
2342 1817 2582 1887 peccatis
2627 1818 2860 1884 mortui,
2886 1817 3112 1888 justitia:
3150 1822 3395 1879 vivamus

95 1919 121 1952 ι
158 1901 390 1958 videret
415 1917 571 1969 eum,
615 1904 948 1975 pertransiit.
978 1925 997 1957 ι
1039 1905 1223 1961 Levita
1250 1907 1495 1964 ordinem
1525 1908 1693 1978 signi-
1800 1904 1955 1975 cujus
1982 1904 2151 1961 livore
2185 1909 2361 1961 sanati
2390 1922 2576 1963 sumus
2595 1904 2651 1980 ’(1
2679 1906 2826 1962 Petr.
2853 1909 2951 1981 tv).
2992 1928 3011 1961 ι
3069 1908 3183 1965 Iloc
3226 1912 3391 1967 etiam

94 1992 237 2048 fucat
284 1993 711 2065 prophetarum;
744 1995 868 2065 quia
898 1996 1013 2066 ipse
1039 1998 1174 2053 vidit
1207 1999 1481 2055 hominem
1512 2001 1697 2055 vulne-
1793 1993 1949 2064 juxta
1994 1995 2156 2051 aliam
2189 1996 2463 2070 Evangelii
2510 1998 2819 2068 parabolaiu
2869 2000 3177 2071 significare
3206 2000 3391 2069 voluit,

91 2090 336 2148 ratum,
388 2092 441 2138 et
469 2084 816 2153 pertransiit;
855 2085 981 2155 quia
1022 2085 1401 2143 intellexerunt
1427 2076 1699 2159 propheta:
1799 2087 2017 2158 quando
2044 2099 2317 2144 errantem
2349 2104 2504 2145 ovem
2542 2090 2841 2155 inveniens,
2883 2091 3123 2148 humeris
3151 2093 3263 2149 suis
3290 2094 3390 2149 im-

92 2174 204 2228 sub
236 2173 464 2229 vinculo
493 2174 653 2243 primi
683 2182 864 2230 reatus
889 2176 1168 2231 hominum
1201 2192 1369 2247 genus
1404 2194 1525 2235 esse
1567 2179 1699 2251 liga—
1802 2177 1997 2247 posuit,
2022 2185 2079 2231 et
2101 2178 2181 2232 sic
2205 2179 2499 2249 reportavit
2530 2180 2597 2233 ad
2633 2193 2849 2252 gregem
2876 2180 3027 2254 (Luc.
3063 2199 3164 2249 xv;
3193 2184 3387 2240 Matth.

91 2270 250 2327 tum,
281 2264 381 2319 sed
404 2279 505 2319 nec
531 2279 610 2329 se,
649 2279 750 2320 nec
775 2264 911 2321 alios
939 2265 1216 2323 absolvere
1244 2277 1552 2339 potuerunt.
1800 2262 1977 2337 XVIII).
2027 2265 2267 2320 Positum
2297 2275 2477 2322 autem
2508 2267 2784 2323 hominem
2830 2271 3170 2328 vulneratqu
3201 2274 3252 2329 in
3296 2272 3389 2343 ju-

176 2372 199 2405 ‹
246 2353 630 2411 Samaritanus
647 2357 1062 2428 autemquidam
1087 2358 1190 2412 iter
1213 2357 1436 2427 faciens,
1452 2361 1703 2417 venitse-
1801 2362 2012 2417 ηιθυιο,
2048 2353 2206 2409 dum
2250 2355 2304 2410 in
2353 2356 2646 2424 Stabulum,
2691 2359 2818 2428 quia
2854 2359 3190 2432 I‘Bdemplum
3222 2380 3388 2435 genus

97 2462 119 2496 ι
165 2459 283 2500 cus
307 2459 456 2512 eum,
483 2454 539 2501 et
568 2447 755 2504 videns
778 2463 925 2515 eum,
949 2449 1319 2506 misericordia
1349 2462 1528 2509 motus
1555 2464 1692 2509 εει.»
1800 2444 2095 2499 humanum
2130 2447 2283 2502 duxit
2312 2448 2380 2503 ad
2403 2447 2719 2505 Ecclesiam.
2743 2448 2869 2507 Hmc
2898 2453 3041 2508 enim
3073 2455 3389 2525 spiritaliter

100 2537 518 2603 Samaritanus,
545 2539 637 2607 qui
666 2547 849 2595 custos
874 2540 1277 2611 interpretatur,
1307 2543 1592 2600 Dominum
1627 2547 1701 2601 si-
1799 2534 2070 2591 stabulum
2092 2535 2309 2603 dicitur,
2326 2536 2415 2592 ubi
2437 2538 2676 2607 quotidie
2703 2549 2888 2595 sancta
2924 2542 3175 2598 animalia
3197 2546 3390 2615 pabulo

98 2624 529 2699 gniﬁcatlesum
549 2628 845 2697 Christum,
870 2630 939 2686 de
966 2645 1073 2701 quo
1092 2647 1189 2703 νει·
1207 2632 1526 2705 prophetam
1559 2637 1697 2694 dici-
1798 2623 1965 2679 divini
2001 2624 2151 2680 verbi
2180 2626 2521 2694 reficiuntur,
2549 2629 2639 2683 ubi
2665 2627 2820 2698 juxta
2846 2630 2997 2687 Isaia:
3026 2636 3387 2704 prophetiam,

103 2724 195 2770 tur
216 2732 233 2769 :
258 2734 279 2767 ι
300 2714 415 2769 Nisi
437 2714 696 2771 Dominus
709 2718 1057 2775 aedificaverit
1080 2720 1320 2788 domum,
1339 2724 1393 2778 in
1414 2739 1609 2780 vanum
1628 2727 1697 2781 vi-

1800 2713 2029 2769 accubat
2072 2714 2230 2785 lupus
2263 2730 2385 2771 cum
2417 2731 2573 2788 agno,
2606 2725 2662 2773 et
2704 2718 2801 2775 bos
2840 2735 2963 2776 cum
3015 2721 3171 2779 leone
3207 2722 3389 2795 paleas

103 2807 278 2877 gilant
305 2807 398 2876 qui
428 2808 742 2863 custodiunt
760 2824 879 2863 eam
902 2807 1019 2880 (Ps.
1045 2812 1283 2882 σιμὴ.»
1311 2813 1358 2868 Α
1392 2829 1501 2884 quo
1526 2831 1584 2871 se
1607 2832 1697 2871 cu-

1800 2803 2030 2858 comedit
2066 2803 2201 2875 (lsa.
2245 2806 2346 2876 xI).
3402 2816 3407 2827 ’

106 2897 301 2952 stodiri
331 2898 572 2967 optabat,
624 2898 713 2955 ille
739 2900 831 2969 qui
859 2900 1071 2956 dicebat
1099 2918 1112 2954 :
1147 2920 1166 2954 ι
1196 2900 1415 2958 Custodi
1450 2920 1553 2969 me,
1585 2906 1694 2962 υο-
1871 2912 1891 2946 ι
1939 2894 2004 2948 Et
2028 2895 2197 2949 altera
2224 2897 2310 2951 die
2338 2890 2560 2968 protulit
2582 2900 2715 2956 duos
2741 2901 2991 2959 denarios
3018 2914 3073 2959 et
3100 2906 3246 2961 dedit
3271 2915 3353 2963 sta
3399 2910 3407 2919 '

108 2989 276 3054 mine,
300 2997 362 3043 ut
385 2988 641 3059 pupillam
679 2990 854 3055 oculi;
887 2992 987 3047 sub
1027 2990 1216 3047 umbra
1248 2993 1455 3050 alarum
1480 3003 1693 3052 tuarum

1802 3001 1822 3036 ι
1858 2984 2087 3042 bulario.
2145 3006 2165 3040 ι
2208 2986 2393 3043 Altera
2443 2989 2561 3044 dies
2608 2998 2819 3061 tempus
2866 3001 2949 3048 est
3006 3003 3130 3063 post
3173 2995 3384 3051 Domini

108 3086 336 3150 ρτοιεεθ
362 3094 447 3134 ωε
477 3077 596 3149 (Ρε,
630 3080 798 3152 ινι),ι
826 3079 934 3137 [sie
956 3082 1101 3136 enim
1132 3091 1214 3138 εει
1256 3083 1344 3139 ίιιθ
1370 3095 1575 3152 custos,
1607 3088 1693 3143 cui
1799 3077 2274 3133 resurrectionem.
2308 3078 2471 3145 Quasi
2500 3080 2646 3134 enim
2692 3096 2799 3137 una
2830 3081 2945 3138 dies
2984 3081 3084 3137 fuit
3106 3091 3229 3139 ante
3255 3099 3380 3155 pas-

112 3185 209 3240 per
231 3169 427 3226 Isaiam
454 3170 768 3241 prophetam
815 3172 1050 3230 dicitur:
1088 3191 1107 3225 ‹
1141 3172 1222 3229 Ad
1265 3190 1350 3231 me
1395 3177 1592 3232 clamat
1620 3193 1688 3233 ex

1800 3167 2022 3233 sionem,
2071 3176 2128 3223 et
2160 3168 2329 3224 altera
2374 3176 2495 3240 psst
2535 3173 3009 3229 resurrectionem.
3061 3175 3177 3231 Duo
3221 3177 3387 3232 deua-

115 3259 239 3316 Seir
260 3275 277 3315 :
300 3261 492 3318 Custos
517 3262 646 3333 quid
665 3262 733 3318 de
757 3264 948 3319 nocte?
970 3263 1063 3318 Ait
1081 3273 1265 3321 custos
1289 3283 1303 3322 :
1334 3267 1492 3322 Venit
1516 3284 1690 3332 mane,

1800 3255 2010 3322 rii,duo
2040 3254 2408 3322 TeStameuta,
2428 3257 2634 3314 Novum
2659 3269 2714 3314 et
2738 3258 2940 3315 Vetus:
2971 3262 3086 3317 sive
3112 3264 3218 3319 duo
3246 3280 3381 3335 prae-

121 3360 176 3408 et
199 3368 324 3409 nox.
358 3353 414 3410 Si
437 3356 697 3426 quaeritis,
721 3356 949 3426 quaerite
967 3373 981 3410 :
1002 3358 1402 3425 convertimini,
1434 3369 1488 3414 et
1517 3361 1696 3416 venite

1800 3355 1949 3418 cepta
1999 3347 2304 3414 charitatis,
2353 3350 2571 3406 dilectio
2628 3352 2837 3407 scilicet
2885 3353 2980 3408 Dei
3029 3363 3085 3410 et
3126 3357 3378 3426 proximi.

120 3442 249 3513 (lsa.
279 3445 449 3517 ειη.»
488 3445 623 3501 Nam
659 3457 715 3502 et
740 3448 796 3502 in
824 3447 1132 3520 Evangelio,
1159 3441 1281 3506 cuni
1302 3451 1471 3508 Judaei
1498 3454 1697 3525 impro-

1800 3437 1948 3493 Tunc
1982 3439 2128 3494 enim
2157 3441 2293 3497 duos
2320 3441 2571 3499 denarios
2599 3444 2745 3499 dedit
2797 3446 3114 3514 stabulario,
3162 3452 3381 3520 quando

120 3535 352 3603 perando
378 3536 429 3591 ei
458 3536 700 3593 dicerent
720 3553 733 3590 :
756 3556 775 3589 ι
803 3537 992 3594 Nonne
1022 3540 1157 3596 bene
1176 3542 1403 3599 dicimus
1428 3559 1553 3609 nos,
1568 3546 1696 3615 quia

1800 3529 1902 3584 duo
1929 3529 2276 3586 Testamenta
2324 3533 2440 3588 sive
2466 3534 2572 3589 duo
2619 3546 2887 3607 praecepta
2919 3539 3221 3606 charitatis,
3271 3542 3381 3612 pri-

124 3626 494 3683 Samaritanus
516 3642 577 3683 es
595 3636 744 3694 tu,et
765 3627 1088 3684 daemonium
1111 3632 1281 3688 habes
1299 3633 1482 3700 (Joan.
1502 3636 1689 3706 vin)?»

126 3718 334 3789 negavit
351 3732 412 3774 se
437 3718 760 3774 daemonium
784 3718 1007 3785 habere,
1028 3721 1123 3777 sed
1145 3737 1250 3778 non
1281 3726 1491 3794 negavit
1521 3741 1581 3781 se
1598 3725 1697 3781 Sa-

127 3810 444 3866 maritanum
463 3823 599 3866 esse.
616 3810 786 3882 Hujus
810 3810 1133 3867 Samaritani
1149 3813 1254 3869 iter
1275 3815 1373 3870 fuit
1390 3818 1456 3872 de
1480 3818 1618 3876 ctelo
1641 3820 1694 3875 in

127 3911 350 3970 uterum,
379 3904 446 3960 de
469 3911 623 3960 utero
651 3904 705 3959 in
732 3918 971 3969 crucem,
1000 3905 1065 3961 de
1099 3920 1259 3962 cruce
1283 3907 1336 3962 in
1363 3910 1694 3987 sepulcrum,

130 3994 188 4049 de
225 3994 474 4066 sepulcro
503 3995 698 4050 iterum
726 3996 777 4049 in
805 3996 1022 4051 caelum.
1056 3996 1161 4051 Sed
1191 4014 1312 4053 cum
1343 4000 1448 4055 iter
1468 4000 1693 4070 faceret,

130 4085 263 4141 venit
282 4099 440 4142 secus
459 4083 816 4148 vulneratum,
836 4086 1050 4155 quando
1068 4087 1471 4145 similitudinem
1496 4101 1695 4148 nostra;

131 4179 295 4234 carnis
338 4177 565 4248 accepit.
608 4177 808 4233 Videns
834 4190 1013 4233 autem
1062 4179 1281 4235 vulnera
1304 4182 1451 4252 ejus,
1483 4184 1696 4241 miseri-

132 4272 299 4328 cordia
320 4282 502 4326 motus
527 4279 634 4336 est,
674 4271 799 4342 quia
828 4272 971 4342 quod
996 4287 1094 4327 nos
1118 4273 1186 4327 de
1230 4284 1486 4346 perpetua
1523 4285 1696 4333 morte

131 4362 383 4428 liberavit,
404 4371 461 4419 et
477 4363 618 4434 quod
647 4379 744 4435 pro
772 4373 958 4419 nostra
988 4367 1354 4436 redemptione
1366 4368 1509 4424 Deus
1536 4371 1695 4427 homo

136 4453 316 4520 factus,
347 4469 518 4524 usque
543 4454 611 4508 ad
650 4461 887 4510 nostram
911 4455 1305 4512 humanitatem
1333 4472 1392 4513 se
1416 4458 1697 4515 inclinavit

1795 3635 1942 3676 mum
1964 3622 2241 3691 apostolis,
2273 3624 2467 3679 deinde
2488 3627 2813 3696 sequacibus
2831 3644 3020 3685 eorum
3054 3630 3131 3700 (id
3155 3641 3238 3688 est
3269 3652 3381 3689 ma-

1795 3711 1981 3782 gistris
2009 3711 2308 3785 Ecclesiaz),
2348 3715 2590 3772 ducendo
2619 3718 2856 3774 tradidit.
2894 3720 3163 3788 Quantum
3199 3733 3377 3780 autem

1796 3800 2054 3859 Dominus
2085 3803 2150 3860 de
2181 3813 2361 3861 nostra
2391 3806 2564 3865 salute
2591 3823 2778 3864 curam
2826 3812 3043 3881 habeat,
3074 3816 3385 3873 manifestat

1796 3909 1919 3950 cum
1948 3893 2190 3967 adjungit
2214 3914 2227 3949 :
2260 3917 2278 3948 ι
2302 3897 2367 3952 Ει
2393 3898 2469 3952 ait
2490 3898 2562 3953 illi
2587 3916 2600 3953 :
2624 3898 2821 3956 Curam
2846 3903 2990 3959 illius
3010 3906 3198 3962 habe.»
3217 3908 3384 3975 Quasi

1793 3986 1939 4042 enim
1962 4003 2147 4043 curam
2184 3988 2455 4044 vulnerati
2484 3990 2718 4047 hominis
2757 3992 3060 4051 habendam
3090 3998 3385 4057 stabulario

1795 4077 2050 4149 injunxit,
2079 4080 2295 4149 quando
2320 4079 2375 4135 in
2407 4095 2640 4151 persona
2672 4084 2913 4140 omnium
2943 4095 3219 4157 pastorum
3259 4107 3383 4163 spc-

1795 4168 2006 4225 cialiter
2026 4168 2187 4226 Petro
2210 4169 2346 4226 dixit
2376 4189 2389 4226 :
2428 4191 2446 4223 ‹
2477 4171 2534 4227 Si
2561 4173 2737 4245 diligis
2759 4191 2865 4241 me,
2898 4192 3060 4248 pasce
3087 4196 3214 4236 oves
3239 4199 3387 4238 meas

1797 4258 2006 4331 (10am,
2041 4259 2186 4332 ult.).
2229 4280 2247 4313 ι
2312 4259 2409 4317 Cui
2449 4274 2593 4319 recte
2648 4266 2702 4320 in
2754 4270 2976 4336 prmmio
3013 4274 3382 4341 promittitur:

1802 4370 1820 4402 ι
1850 4350 1918 4405 Ει
1952 4351 2308 4423 quodcunque
2335 4359 2826 4427 superemgaveris,
2864 4374 2963 4430 ego
3006 4375 3129 4417 cum
3175 4365 3387 4423 rediero

1802 4460 1821 4492 ι
1866 4444 2088 4498 reddam
2144 4445 2260 4500 tibi.
2302 4464 2321 4497 ι
2379 4444 2743 4520 Supererogat
2798 4450 2995 4520 quippe
3038 4453 3383 4528 stabularios,

137 4551 289 4600 ιοιηη,
310 4544 682 4600 misericordia
711 4544 835 4613 tu“,
887 4554 943 4601 ει
967 4563 1074 4603 non
1103 4548 1358 4605 meritum
1377 4591 1393 4616 ’
1439 4553 1582 4622 quod
1608 4553 1693 4608 ίη,
1723 4529 1775 4589 D
1799 4537 2148 4617 quandqhoc
2174 4537 2293 4609 agit
2310 4538 2471 4594 homo
2502 4538 2694 4594 doctor
2722 4555 2786 4595 ex
2810 4551 2956 4607 voto,
2983 4544 3124 4612 quod
3153 4560 3258 4599 non
3290 4562 3383 4603 ac-

136 4644 371 4705 spexerat
389 4636 660 4706 Propheta
693 4651 817 4692 cum
846 4637 1061 4693 dicebat
1088 4655 1103 4693 :
1148 4658 1166 4691 ι
1198 4639 1567 4698 Misericordia
1605 4658 1698 4699 au-

139 4731 234 4780 tem
255 4725 468 4781 Domini
495 4726 564 4782 ab
595 4736 823 4794 aeterno,
864 4736 920 4782 et
947 4741 1117 4797 usque
1166 4728 1221 4783 in
1250 4737 1510 4788 :eternum
1538 4747 1702 4804 super

142 4814 370 4872 timentes
389 4829 512 4872 eum
535 4814 709 4888 (Psal.
734 4820 851 4889 cu).
896 4836 915 4870 ι

203 4928 221 4961 ι
254 4910 320 4966 Et
344 4910 669 4981 appropiaus
696 4910 1182 4982 alligavitvulnera
1231 4912 1365 4983 ejus,
1415 4915 1698 4974 infundens

146 5019 163 5052 ι
197 5002 363 5060 oleum
390 5011 448 5059 et
473 5004 677 5059 vinum.
717 5023 737 5058 ι
769 5005 1000 5060 Vulnera
1023 5007 1284 5078 alligavit,
1314 5013 1527 5080 quando
1575 5025 1700 5083 pec-

144 5104 250 5147 care
271 5092 561 5164 prohibuit.
612 5093 740 5150 Sive
776 5094 998 5150 vulnera
1032 5096 1292 5169 alligavit,
1340 5101 1556 5170 quando
1586 5118 1699 5173 pa:-

144 5184 415 5240 nitentibus
432 5185 645 5240 veniam
669 5187 998 5257 repromisit,
1018 5189 1203 5245 dicens
1232 5205 1288 5243 ε(
1309 5188 1426 5245 Νοη
1453 5192 1574 5246 veni
1604 5207 1698 5245 vu-

146 5287 252 5331 care
286 5274 482 5346 justus,
530 5276 627 5333 sed
673 5288 988 5349 peccatores
1033 5280 1100 5335 ad
1152 5282 1546 5351 paenitentiam.
1578 5301 1596 5335 ι
1632 5283 1699 5338 Et

147 5362 317 5422 iterum
348 5385 363 5422 :
400 5385 421 5420 ι
450 5366 565 5423 Non
587 5377 674 5424 est
706 5383 842 5440 opus
868 5369 1015 5425 sanis
1048 5372 1278 5438 medico,
1312 5372 1405 5427 sed
1434 5372 1572 5427 male
1596 5373 1694 5428 ha~

147 5453 372 5515 Dentibus
400 5458 616 5532 (Matth.
648 5459 746 5530 Ix).
778 5479 797 5511 ι
824 5456 888 5514 Et
916 5469 1061 5516 recte
1087 5462 1287 5517 dicitur
1314 5476 1329 5517 :
1356 5483 1374 5514 ι
1406 5463 1697 5521 infundens

148 5543 299 5604 oleum
343 5557 400 5606 et
444 5550 649 5606 vinum.
687 5569 708 5603 ι
763 5549 889 5606 Haec
936 5550 1080 5606 enim
1129 5552 1246 5607 duo
1274 5554 1568 5624 liquamina
1618 5558 1700 5627 (ut

150 5639 314 5697 medici
343 5639 544 5714 ferunt)
582 5641 837 5699 curandis
881 5642 1195 5699 vulneribus
1224 5655 1351 5700 sunt
1380 5655 1501 5717 apta
1530 5662 1544 5701 :
1572 5644 1715 5718 quia

152 5730 305 5787 vinum
331 5743 547 5806 purgat,
588 5733 767 5791 oieum
819 5734 981 5791 fovet.
1015 5734 1342 5807 Spiritaliter
1386 5749 1562 5794 autem
1592 5740 1695 5797 Do-

1806 4627 1950 4698 cepit
1994 4643 2061 4683 ex
2114 4638 2425 4698 praecepto-
2468 4627 2621 4695 Quod
2666 4628 2791 4685 fecit
2842 4630 3042 4689 Paulus
3089 4636 3384 4706 apostolus,

1805 4721 2021 4791 quando
2067 4721 2270 4776 habens
2327 4721 2616 4786 licentiam,
2675 4732 2732 4778 ut
2771 4725 3115 4800 Evangelium
3176 4747 3383 4789 annun-

1805 4813 1964 4874 tians,
1995 4812 2062 4866 de
2094 4812 2388 4883 Evangelio
2417 4814 2642 4881 viveret,
2674 4817 2842 4872 uoluit
2867 4819 2942 4873 uti
2973 4821 3071 4877 hac
3100 4830 3386 4893 potestate,

1805 4903 1898 4959 sed
1927 4903 2014 4957 die
2042 4904 2389 4974 prae-ﬁcabat,
2427 4914 2481 4961 et
2501 4909 2748 4964 noctibus
2775 4909 3072 4980 laborabat,
3119 4915 3258 4971 unde
3284 4917 3385 4972 sibi
3430 4900 3431 4903 η

1803 4998 2022 5068 suisque
2043 4997 2242 5054 victum
2283 5007 2339 5053 et
2369 5000 2749 5057 vestimentum
2780 5004 3059 5062 tribueret.
3094 5006 3386 5066 Samarita-

1802 5105 1904 5145 nus
1953 5105 2079 5145 cum
2128 5091 2368 5158 redierit,
2417 5095 2559 5163 quod
2594 5099 3057 5170 supercregaverit
3099 5102 3280 5159 reddet
3308 5102 3383 5168 ei,

1800 5181 2015 5253 quando
2052 5180 2106 5237 in
2131 5180 2393 5253 judicium
2424 5185 2664 5252 veniens,
2695 5202 2794 5257 pro
2838 5189 3026 5261 majori
3047 5191 3229 5247 labore
3253 5207 3384 5262 pra:-

1800 5275 2108 5341 dicationis,
2134 5275 2396 5346 majorem
2436 5279 2699 5335 retribuet
2728 5281 3158 5346 retributionem,
3199 5283 3382 5337 dicens

1802 5367 1944 5423 lldeli
1972 5382 2129 5424 servo
2157 5385 2172 5421 :
2202 5385 2221 5419 t
2248 5366 2396 5438 Euge
2430 5383 2585 5424 serve
2616 5370 2754 5425 boue
2780 5382 2833 5425 et
2864 5372 3051 5437 ﬁdelis,
3076 5373 3197 5442 quia
3220 5386 3383 5440 super

1801 5471 1973 5527 pauca
1997 5455 2142 5512 fuisti
2166 5456 2359 5519 fidelis,
2389 5473 2549 5528 supra
2576 5458 2741 5514 multa
2770 5469 2821 5516 te
2841 5463 3162 5516 constituam
3188 5477 3202 5526 ;
3239 5456 3379 5513 intra

1803 5549 1858 5604 in
1887 5549 2142 5619 gaudium
2175 5548 2385 5604 Domini
2421 5552 2493 5605 tui
2526 5547 2742 5621 (Matth.
2769 5552 2951 5622 διχῆ.»
3000 5550 3172 5605 Finita
3198 5556 3377 5603 autem

1804 5642 2177 5707 similitudine,
2234 5642 2713 5711 interrogationem
2757 5644 2947 5700 scriba:
2988 5639 3238 5697 Dominus
3260 5634 3393 5709 pul?

1803 5735 2069 5792 cherrime
2097 5734 2381 5800 conclusit,
2417 5735 2601 5792 dicens
2628 5753 2639 5789 ι
