4014 6354
591 302 695 355 6ἳὸ

1230 293 1582 350 IIAYMONIS
1623 291 2104 348 HALBEiiSTAT.
2143 291 2357 347 EPISC.
2396 292 2549 348 OPP.
2591 292 2864 349 PARS".
2903 324 2972 333 -
3010 248 3241 349 HOMIL:

3797 288 3909 347 678

610 458 615 465 .
664 436 682 466 ι
718 414 850 481 Quis
878 416 1066 470 horum
1111 411 1271 465 trium
1299 409 1510 464 videtur
1551 409 1645 463 tibi
1691 408 1974 477 proximus
2004 405 2173 460 fuisse
2198 407 2248 466 Δ
2273 406 2483 474 pariter
2510 415 2573 461 et
2602 414 2997 483 βωμοί-ειη
3022 406 3311 462 vocabant.
3332 405 3444 461 Nec
3463 406 3533 462 de
3559 406 3695 463 suis
3733 414 3909 465 meri-

599 524 618 555 ι
656 504 731 559 illi
783 504 875 574 qui
920 502 1113 557 incidit
1154 501 1206 555 iu
1232 499 1521 555 latrones?
1548 519 1567 550 ι
1616 498 1711 554 Ille
1746 513 1878 553 vero
1912 498 2057 566 quod
2082 511 2177 550 ue-

591 610 720 665 gare
749 608 855 647 nou
893 600 1126 661 poterat,
1173 599 1229 645 et
1269 590 1412 660 quod
1445 590 1848 645 evidentissima
1889 589 2030 643 ratio
2078 589 2175 643 de-

591 683 950 748 monstrabat,
982 683 1294 753 respoudit:
1326 700 1345 734 ι
1375 682 1475 750 Qui
1514 682 1642 737 fecit
1668 680 2093 737 misericordiam
2120 678 2175 733 in

591 776 763 831 illum.
794 795 814 827 ι
840 774 1007 843 Cujus
1036 773 1445 844 responsionem
1474 774 1732 829 Dominus
1772 771 2060 826 conﬁrmat
2086 767 2201 855 ad.’

584 869 837 939 iungens.
874 886 892 918 ‹
927 866 1095 930 Vade,
1126 876 1182 920 et
1210 875 1265 920 tu
1293 866 1377 922 fac
1402 865 1668 921 similiter.
1700 884 1720 916 ›
1753 865 1830 918 Ac
1855 863 1899 918 si
1932 862 2173 918 diceret:

592 956 744 1011 Sicut
777 955 1151 1010 Samaritanus
1185 955 1394 1010 alienus
1426 954 1663 1018 natione,
1693 953 1970 1023 proximus
2005 950 2179 1005 factus

589 1050 675 1101 est
698 1044 982 1099 vulnerato
1022 1044 1225 1099 homini
1266 1044 1550 1108 charitate,
1576 1043 1649 1097 ita
1675 1051 1729 1096 et
1758 1050 1812 1096 tu
1842 1056 2056 1097 ouiiiem
2081 1041 2180 1095 ho-

591 1135 793 1193 minem
833 1134 1138 1204 proximum
1168 1143 1318 1188 tuum
1352 1132 1624 1201 judicans,
1652 1131 1832 1187 omnia
1854 1130 1993 1184 bona
2014 1144 2179 1198 opera

590 1239 711 1296 qua:
735 1231 909 1295 potes,
937 1223 1347 1292 quibuscuuque
1379 1221 1527 1277 vales
1560 1222 1835 1290 impende,
1864 1230 1919 1276 et
1942 1218 2178 1289 implesti

588 1320 776 1391 utique
798 1317 1142 1382 charitatem,
1174 1332 1293 1386 quae
1319 1316 1385 1370 ad
1417 1315 1582 1370 vitam
1609 1314 1756 1370 ducit
1780 1322 2058 1368 aeternam.

1105 1447 1387 1505 HOMlLlA
1423 1446 1513 1503 CX
1523 1445 1659 1501 XVI.

730 1576 984 1617 DOIINICA
1016 1575 1215 1616 DECIIIA
1246 1575 1446 1623 QCINTA
1473 1573 1605 1614 POST
1638 1571 2035 1613 PENTECOSTEN.

663 1672 815 1745 (Luc.
846 1671 1005 1743 xvu.)
1041 1692 1060 1724 ‹
1095 1672 1155 1726 1η
1178 1670 1272 1728 illo
1315 1680 1596 1742 tempore:
1628 1671 1766 1725 Dum
1796 1669 1901 1724 iret
1938 1667 2096 1724 Jesus
2121 1666 2178 1722 iu

2280 499 2351 553 tis
2366 500 2659 569 quidquam
2681 501 3101 570 praeSumehaut,
3122 501 3213 569 qui
3235 500 3420 570 in'ejns
3436 501 3907 563 miserm

2280 597 2388 643 tam
2421 590 2698 645 humiliter
2725 590 3120 660 deposcebaut:
3178 610 3198 642 ‹
3226 589 3352 646 Jesu
3406 601 3755 663 praeceptor,
3790 598 3905 653 ιιιὶ.

2279 693 2461 734 serere
2488 680 2677 735 nostri.
2714 698 2732 731 ι
2765 679 2972 734 Aliter:
3004 680 3110 735 Per
3138 680 3388 750 leprosos
3413 696 3521 736 nou
3571 683 3900 755 incongrue

2278 770 2562 827 haereticos
2615 771 2913 843 intelligere
2969 785 3290 842 possumus,
3338 773 3465 844 quia
3514 774 3669 830 sicut
3734 775 3898 847 lepra

2277 862 2458 917 varios
2499 862 2711 933 colores
2754 863 3010 933 exprimit
3046 863 3101 917 in
3151 871 3316 930 cute,
3358 863 3439 919 sic
3482 865 3895 925 haereticorum

2277 950 2519 1006 doctrina
2554 953 2735 1007 varios
2782 965 2996 1007 errores
3038 961 3263 1023 generat
3308 953 3362 1007 iu
3413 969 3699 1012 sermone.
3767 956 3895 1013 Non

2278 1037 2450 1093 solum
2471 1038 2616 1093 enim
2643 1054 2671 1092 a
2691 1038 2954 1094 catholica
2975 1039 3213 1096 Ecclesia
3237 1049 3365 1096 sunt
3384 1042 3563 1110 divisi,
3590 1045 3698 1100 sed
3718 1047 3892 1101 etiam

2279 1131 2562 1185 adversum
2592 1130 2801 1199 seipsos
2828 1130 3040 1186 diversa
3073 1132 3331 1187 sentiunt.
3380 1134 3514 1189 Dum
3538 1136 3699 1190 enim
3746 1137 3892 1194 alius

2277 1219 2552 1275 Christum
2591 1220 2759 1275 Deum
2807 1228 3016 1276 tantum
3059 1223 3250 1289 credit,
3306 1233 3363 1278 et
3389 1240 3496 1280 non
3541 1224 3886 1280 hominum:

2277 1309 2414 1363 alius
2434 1324 2563 1364 vero
2590 1310 2865 1365 hominem
2889 1319 3116 1377 tantum,
3144 1321 3200 1367 et
3221 1327 3329 1368 non
3357 1313 3556 1381 Deum;
3584 1314 3737 1370 alius
3756 1329 3885 1369 eam

2275 1414 2460 1455 veram
2489 1415 2707 1456 carnem
2760 1401 3062 1470 suscepisse
3096 1409 3289 1473 negat,
3329 1403 3468 1460 alius
3512 1418 3547 1458 e
3595 1405 3885 1461 contrario

2275 1503 2460 1545 veram
2490 1489 2727 1545 animam
2752 1505 2861 1545 non
2880 1491 3238 1561 assumpsisse
3260 1491 3507 1558 aliirmat,
3534 1493 3700 1562 quasi
3730 1493 3879 1565 lepra

2276 1581 2485 1637 varium
2512 1580 2747 1637 colorem
2770 1581 2823 1635 in
2846 1590 2971 1637 cute
2989 1584 3262 1653 exprimit.
3287 1584 3353 1638 Hi
3380 1584 3515 1640 tales
3542 1585 3713 1656 longe
3734 1595 3879 1642 stare

2278 1672 2509 1750 debent,_
2528 1673 2621 1743 qui
2647 1673 2716 1727 ab
2746 1672 2986 1735 Ecclesia
3014 1674 3303 1744 repellendi
3327 1685 3471 1741 sunt,
3497 1692 3566 1731 ne
3586 1677 3745 1747 lepra
3768 1693 3877 1734 sua

599 1781 620 1816 ι
660 1761 983 1828 Jerusalem,
1020 1762 1287 1817 transibat
1334 1776 1431 1833 per
1488 1761 1723 1816 mediam
1772 1758 2076 1813 Samariam
2122 1766 2178 1813 et
2203 1768 2252 1831 Β
2279 1761 2632 1817 ἱιιιηιιιιιάίιίω
2675 1762 2999 1833 simplicium
3049 1763 3215 1821 corda
3258 1766 3684 1832 commaculent,
3736 1768 3874 1824 sicut

593 1851 889 1909 Galilaeam.
927 1872 947 1905 ι
992 1853 1060 1907 Ει
1088 1853 1317 1923 reliqua.
1366 1852 1471 1920 Qui
1514 1850 1710 1907 Judzeare
1755 1859 1914 1906 terra:
1945 1848 2179 1905 confinia

592 1947 763 2013 novit,
794 1946 953 2003 facile
991 1946 1263 2016 intelligit,
1308 1946 1451 2016 quod
1474 1960 1706 2016 pergens
1732 1944 1991 1999 Dominus
2018 1940 2178 1997 Jeru-

592 2038 761 2094 salem
782 2052 848 2094 ex
878 2037 964 2094 bis
993 2036 1145 2103 locis,
1178 2038 1230 2091 iu
1269 2038 1463 2107 quibus
1490 2051 1614 2091 eum
1640 2050 1804 2105 supra
1846 2032 2179 2105 evangelista

594 2126 841 2181 docuisse
868 2125 1334 2191 commemoravit,
1363 2124 1527 2180 etiam
1554 2123 1621 2178 ad
1662 2123 1899 2177 litteram
1932 2135 2032 2190 per
2068 2134 2174 2175 me-

594 2215 741 2270 diam
765 2213 1067 2270 Samariam
1094 2222 1150 2271 et
1189 2214 1464 2270 Caiilmam
1516 2214 1806 2268 transitum
1853 2212 2062 2267 habuit.
2115 2209 2185 2263 Et

595 2303 719 2373 quia
744 2310 967 2374 propter
1005 2318 1104 2359 uos
1156 2312 1213 2359 et
1239 2312 1459 2373 propter
1486 2309 1728 2357 nostram
1770 2300 1999 2356 salutem
2021 2299 2182 2381 homo

594 2392 792 2459 factus,
851 2409 959 2450 non
1013 2394 1188 2451 solum
1234 2394 1302 2449 ad
1333 2409 1394 2449 se
1438 2393 1782 2449 venientibus
1827 2407 2048 2464 regnum
2087 2389 2182 2446 Dei

595 2484 1015 2556 evangelizabat,
1065 2485 1161 2540 sed
1200 2486 1361 2540 etiam
1389 2500 1489 2555 per
1520 2484 1733 2540 diversa
1779 2483 1897 2540 loca
1930 2496 2181 2553 pergens,

595 2572 843 2645 plurimis
867 2574 1152 2630 sanitatem
1178 2574 1470 2631 tribuebat.

673 2683 692 2718 ι
727 2666 937 2722 Etcum
966 2666 1340 2737 ingrederetur
1363 2666 1630 2738 quoddam
1664 2665 1966 2730 castellum,
1989 2678 2173 2720 occur-
2208 2717 2213 2725 ,

604 2776 624 2811 ι
659 2768 847 2815 rerunt
864 2759 913 2815 ei
935 2759 1120 2814 decem
1152 2758 1256 2813 viri
1285 2758 1501 2829 leprosi,
1534 2758 1625 2827 qui
1655 2764 1929 2812 steterunt
1948 2770 1978 2808 a
2006 2754 2182 2824 longe,

604 2866 625 2899 α
667 2857 722 2904 et
764 2848 1078 2904 levaverunt
1104 2862 1290 2903 vocem
1316 2884 1333 2912 ,
1382 2846 1664 2902 dicentes:
1693 2845 1820 2900 Jesu
1863 2848 2184 2914 praeteptor,

603 2958 622 2992 ι
666 2940 922 2996 miserere
947 2940 1134 2996 nostri.
1169 2957 1187 2990 ι
1228 2938 1344 2994 Non
1369 2938 1513 2993 enim
1544 2951 1712 3008 prope
1736 2936 1997 2993 accedere
2025 2934 2190 2991 aude-

596 3031 746 3099 bant,
775 3032 973 3102 quibus
1026 3029 1273 3100 quamvis
1328 3029 1461 3083 Iides
1505 3027 1759 3083 suaderet
1786 3025 2058 3092 allectum,
2105 3024 2185 3081 le-

2277 1869 2375 1924 per
2397 1853 2713 1924 Aposmlum
2749 1855 2984 1910 dicitur:
3037 1875 3055 1908 ‹
3085 1856 3406 1914 Ηωιειίειιιιι
3438 1859 3723 1915 heniinem
3752 1872 3872 1930 post

2279 1958 2439 1998 unam
2462 1951 2518 1998 et
2559 1945 2850 2005 secundam
2877 1946 3271 2015 correptiouem
3296 1946 3497 2012 devita,
3536 1948 3727 2004 sciens
3747 1950 3869 2019 quia

2280 2049 2568 2104 perversus
2619 2041 2705 2090 est
2746 2033 3052 2104 bujusmodi
3098 2034 3226 2106 (Tit.
3258 2036 3364 2099 ml.
3396 2056 3416 2089 ι
3454 2036 3614 2093 Unde
3638 2048 3697 2094 et
3716 2038 3872 2095 Joan-

2282 2139 2378 2179 nes
2400 2124 2508 2178 ait:
2535 2143 2554 2176 ι
2579 2123 2636 2180 Si
2660 2125 2783 2194 quis
2797 2125 2946 2180 venit
2963 2125 3031 2180 ad
3051 2140 3166 2191 vos,
3189 2133 3246 2180 et
3265 2126 3407 2181 hanc
3430 2126 3729 2183 doctrinam
3753 2146 3865 2187 non

2281 2214 2455 2281 ali‘ert,
2478 2215 2644 2271 nolite
2671 2231 2794 2273 eum
2824 2216 3073 2286 excipere
3113 2217 3167 2272 in
3194 2218 3438 2283 domum,
3470 2235 3651 2290 neque
3676 2236 3777 2275 ave
3813 2222 3863 2277 ei

2285 2305 2551 2372 dixeritis,
2594 2312 2788 2361 utnon
2824 2307 3231 2364 communicetis
3258 2309 3518 2379 operibus
3542 2310 3691 2367 illius
3721 2312 3861 2366 mali-

2232 2464 2240 2472 .
2284 2397 2405 2468 guis
2435 2395 2522 2469 (ΙΙ
2547 2396 2708 2453 Joan.
2730 2396 2826 2470 1).»
2853 2397 3005 2466 Quod
3022 2398 3069 2453 si
3091 2399 3157 2455 ad
3182 2400 3861 2458 Ecclesiamredirevolue—

2287 2488 2413 2552 rint,
2439 2502 2550 2544 non
2581 2488 2733 2558 prius
2758 2487 3049 2559 recipiendi
3087 2498 3234 2555 sunt,
3260 2504 3424 2560 quam
3471 2505 3665 2545 coram
3699 2506 3865 2547 saeuo

2292 2577 2509 2636 dotibus
2554 2579 2871 2635 orthodoxis
2912 2593 3067 2634 suam
3110 2580 3358 2637 haeresim
3387 2580 3861 2638 anatbernatimt.

2288 2667 2443 2726 Unde
2467 2677 2525 2726 et
2571 2671 2709 2726 bene
2738 2669 3025 2726 subditur:

2363 2779 2383 2813 ι
2419 2759 2564 2827 Quos
2590 2770 2651 2815 ut
2671 2759 2828 2826 vidit,
2853 2759 3025 2814 dixit:
3068 2759 3146 2816 [te
3167 2801 3183 2828 ,
3211 2762 3481 2843 ostendite
3509 2779 3609 2819 vos
3632 2766 3865 2820 sacerdo-

2294 2870 2313 2900 σ
2346 2851 2507 2907 tibus.
2545 2870 2565 2905 ι
2601 2852 2679 2909 De
2709 2852 2868 2909 nullis
2910 2852 3029 2909 aliis
3067 2854 3324 2925 legimus,
3373 2857 3573 2925 quibus
3622 2859 3864 2915 Dominus

2289 2945 2407 3002 haec
2442 2945 2703 3002 beneﬁcia
2736 2946 3088 3017 corporaliter
3140 2948 3396 3018 praestitit
3420 2988 3438 3013 ,
3491 2953 3643 3018 quod
3674 2951 3864 3006 miserit

2288 3050 2383 3092 eos
2418 3038 2484 3093 ad
2511 3038 2841 3101 sacerdotes,
2882 3037 2985 3093 nisi
3034 3046 3244 3093 tantum
3274 3038 3540 3108 leprosos.
3589 3040 3750 3108 Quod
3772 3056 3863 3095 nou

596 3136 695 3191 pra
721 3129 898 3176 tamen
921 3120 1242 3191 prohibebat
1256 3132 1555 3174 accessum.
1578 3117 2011 3173 Excludebautur
2038 3116 2182 3170 enim

2291 3130 2459 3185 solum
2497 3130 2550 3184 in
2582 3131 2687 3185 hoc
2719 3129 2837 3183 loco
2888 3127 3084 3183 fecisse
3111 3128 3340 3199 legitur,
3389 3129 3485 3185 sed
3520 3131 3695 3186 etiam
3732 3131 3860 3193 alibi,

597 3225 629 3263 a
657 3210 875 3275 castris,
901 3209 992 3278 qui
1018 3207 1320 3276 huiusmodi
1345 3208 1681 3263 sustinebant
1715 3206 2045 3278 passionem.
2078 3204 2185 3259 Ne-

598 3315 705 3371 que
743 3300 888 3355 euim
918 3299 1034 3355 solo
1060 3298 1178 3353 visu
1205 3297 1290 3353 vel
1326 3313 1578 3353 sermone
1603 3296 1672 3352 ab
1718 3296 1809 3352 illo
1857 3311 1915 3351 se
1946 3295 2188 3365 recipere

600 3391 885 3447 sanitatem
909 3388 1242 3453 dubitabant,
1274 3386 1427 3456 cujus
1448 3402 1478 3441 a
1502 3387 1659 3458 longe
1687 3395 1895 3442 stantes
1924 3384 2186 3439 auxilium

599 3481 875 3537 humiliter
915 3479 1243 3550 ﬂagitabant.
1301 3478 1631 3549 Spiritaliter
1656 3485 1859 3541 autem,
1908 3475 2189 3531 castellum

602 3570 745 3641 quod
786 3569 1045 3625 Dominus
1094 3568 1369 3638 ingressus
1416 3575 1540 3633 est,
1585 3566 1846 3620 mundum
1902 3564 2221 3639 signiﬁcata

604 3660 768 3728 Quasi
798 3659 944 3715 enim
973 3657 1253 3713 castellum
1276 3657 1518 3722 intravit,
1547 3655 1761 3725 quando
1791 3669 1857 3708 ex
1886 3653 2053 3707 Maria
2078 3652 2191 3706 viro
2216 3702 2219 3705 .

605 3750 729 3821 giue
770 3762 990 3804 carnem
1026 3733 1352 3812 assumens,
1401 3746 1604 3801 mundo
1655 3744 1883 3800 visibilis
1924 3744 2219 3817 apparuita

606 3843 801 3897 Decem
853 3840 955 3895 viri
990 3840 1221 3910 leprosi,
1270 3840 1362 3909 qui
1404 3840 1454 3895 ei
1502 3848 1884 3903 occurrerunt,
1940 3839 2195 3910 populum

607 3932 910 4002 signiﬁcant
934 3930 1261 3985 Judaeorum.
1318 3929 1419 3997 Qui
1454 3930 1591 3987 bene
1615 3929 1803 3986 decem
1853 3928 2021 3985 fuisse
2056 3929 2195 3986 refe-

607 4030 821 4088 runtur,
857 4022 983 4093 quia
1013 4022 1153 4076 idem
1195 4022 1425 4093 populus
1467 4021 1780 4094 decalogum
1812 4021 1948 4093 legis
1974 4036 2223 4095 accepe-_

609 4122 694 4167 rat
717 4113 783 4167 ad
811 4128 964 4167 suam
998 4113 1378 4168 eruditionem.
1406 4114 1598 4167 Decem
1642 4121 1841 4179 autem,
1883 4113 1978 4168 sed
2001 4109 2195 4182 leprosi

610 4203 845 4271 fuerunt,
898 4204 1021 4275 quia
1046 4204 1286 4277 ejusdem
1315 4204 1552 4275 decalogi
1602 4212 1869 4275 prtecepta
1924 4212 2200 4275 transgre-

608 4300 761 4356 diens
806 4310 1102 4372 appareute
1133 4301 1362 4358 Domino
1408 4301 1462 4355 in
1494 4316 1679 4367 carne,
1728 4302 1894 4357 variis
1926 4301 2192 4357 doctrinis

609 4393 831 4459 divisus,
861 4394 1088 4450 diversis
1114 4402 1231 4449 erat
1262 4393 1637 4463 iniquitatibus
1658 4394 1917 4463 pollutus,
1942 4393 2200 4464 Apostolo

608 4488 777 4549 téste,
807 4485 899 4554 qui
935 4485 1012 4539 ait
1038 4482 1210 4539 (Rom.
1253 4486 1336 4555 ιιι)
1363 4502 1375 4537 :

609 4583 663 4631 et
689 4574 887 4643 (ἱππεῖ,
926 4592 1112 4632 omnes
1149 4577 1292 4655 eiiim
1334 4585 1698 4656 peccaverunt
1721 4617 1737 4643 ,
1766 4586 1820 4632 et
1842 4585 2003 4650 egent
2026 4577 2199 4646 gloria

610 4664 731 4733 Dei,
752 4665 1034 4737 justiﬁcati
1056 4652 1225 4738 gratis
1253 4683 1349 4738 per
1375 4652 1820 4739 gratiam'ipsius,
1855 4684 1951 4738 per
1992 4668 2201 4724 redem-

611 4759 850 4827 ptionem
876 4774 995 4830 quae
1018 4768 1102 4815 est
1138 4761 1190 4813 iu
1214 4759 1428 4815 Christo
1449 4760 1598 4816 Jesu.
1630 4780 1649 4813 ›
1677 4760 1743 4815 Ει
1764 4761 1997 4816 iterum:
2031 4779 2048 4812 ι
2080 4750 2201 4816 Τι’ἰὶ

614 4849 817 4903 buiatio
859 4860 921 4905 et
950 4850 1199 4922 angustia
1229 4850 1283 4903 in
1309 4865 1525 4905 omnem
1553 4852 1789 4906 animam
1817 4852 2050 4907 hominis
2075 4866 2203 4922 ope—

617 4938 785 4993 rantis
813 4938 1035 5004 malum,
1078 4937 1248 4993 Judaei
1296 4940 1525 5009 primum
1563 4950 1619 4996 et
1646 4941 1820 4997 Gnaei
1853 4940 2032 5012 (Rom.
2065 4944 2141 5014 x).
2179 4963 2197 4996 ι

618 5020 879 5085 Convenit
906 5038 1084 5086 autem
1118 5030 1233 5097 his,
1261 5031 1352 5101 qui
1381 5047 1446 5086 ex
1474 5031 1672 5088 Judzeis
1698 5033 1752 5088 iu
1776 5034 2054 5089 Christum
2086 5049 2205 5090 cre-

620 5121 889 5186 diderunt,
917 5121 1057 5192 quod
1100 5122 1293 5193 leprosi
1347 5138 1376 5176 a
1426 5123 1583 5196 longe
1625 5133 1834 5181 stantes
1875 5124 2205 5194 clamabant,

622 5215 895 5269 dicentes:
935 5234 954 5266 ι
988 5213 1112 5270 Jesu
1139 5226 1456 5286 praeceptor,
1482 5217 1738 5274 miserere
1765 5217 1960 5274 nostri.
1998 5236 2017 5268 ›
2050 5215 2208 5274 Jesus

624 5305 848 5361 llebrteo
886 5321 1154 5373 sermone,
1185 5306 1376 5363 Latine
1403 5308 1641 5366 salvator
1667 5311 1780 5367 sive
1801 5311 2056 5367 salutaris
2078 5309 2225 5383 dici:

625 5405 731 5451 tur.
787 5396 853 5451 Et
882 5398 999 5453 ideo
1028 5413 1058 5451 a
1092 5412 1199 5468 quo
1248 5400 1473 5455 salutem
1523 5402 1833 5473 sperabant,
1878 5419 1985 5460 non
2031 5403 2204 5459 solum

627 5487 942 5541 salvatorem
977 5489 1363 5556 nominabant,
1426 5492 1519 5547 sed
1566 5494 1727 5546 etiam
1779 5493 2206 5549 misericordiam

628 5579 936 5653 poscebant.
995 5579 1060 5634 Et
1096 5581 1221 5651 quia
1270 5570 1322 5636 iu
1362 5581 1477 5651 ejus
1499 5582 1782 5652 praeceptis
1810 5597 1869 5661 se
1919 5582 2206 5638 olleudisse

634 5670 936 5726 recolebam
985 5689 1088 5728 non
1143 5676 1314 5730 solum
1346 5676 1661 5757 salvatorem
1686 5717 1700 5739 ,
1738 5677 1831 5731 sed
1871 5678 2031 5733 etiam
2064 5679 2207 5734 hunc

1418 4504 1437 4535 ‹
1473 4484 1589 4540 Non
1619 4495 1704 4539 est
1729 4485 2001 4540 distinctio
2029 4484 2201 4540 Judaei
2228 4466 2281 4527 Ῑ)

2283 3216 2440 3286 juxta
2471 3216 2778 3273 Malthaeum
2797 3255 2812 3285 ,
2840 3233 2963 3274 cum
2994 3220 3347 3275 descenderet
3378 3221 3449 3277 de
3469 3231 3682 3288 monte,
3718 3222 3865 3293 ἱερω-

3554 3332 3575 3366 ι
3626 3316 3861 3371 Vadeet

2291 3402 2514 3458 ostende
2540 3411 2590 3456 te
2618 3402 2987 3458 sacerdotibus
3028 3412 3085 3458 et
3110 3402 3245 3459 oli'er
3267 3420 3464 3461 munus
3493 3408 3644 3476 quod
3689 3422 3862 3476 pm

2291 3500 2369 3569 pit
2397 3497 2607 3570 Moyses
2630 3499 2684 3553 iu
2715 3499 3082 3553 testimonium
3121 3498 3226 3553 illis
3247 3498 3465 3569 (Matth.
3496 3498 3647 3570 vm).
3689 3520 3708 3551 ι
3733 3500 3861 3567 ρυυά

2292 3590 2470 3645 varias
2512 3591 2582 3647 ob
2625 3603 2815 3644 causas
2844 3604 2967 3645 eum
3010 3588 3205 3644 fecisse
3249 3589 3528 3643 credimus
3572 3609 3585 3642 :
3620 3588 3863 3649 Primum,

2294 3690 2353 3736 ut
2415 3680 2787 3736 sacerdotibus
2846 3680 3123 3734 honorem.
3158 3678 3429 3745 deferret;
3490 3681 3774 3744 secundo,
3820 3690 3867 3734 ut

2295 3789 2400 3837 non
2449 3772 2816 3828 contradictor
2864 3767 2999 3841 legis
3050 3771 3344 3836 videretur,
3392 3772 3521 3842 quia
3574 3772 3712 3844 legis
3755 3787 3868 3842 pra:-

2295 3852 2507 3933 ceptum
2563 3871 2717 3927 erat,
2774 3871 2835 3917 ut
2876 3862 2921 3917 si
2970 3862 3091 3932 quis
3149 3878 3181 3916 a
3245 3862 3391 3932 lepra
3445 3863 3745 3918 mundatus
3799 3877 3867 3918 csa

2296 3965 2400 4018 set,
2456 3952 2666 4007 veniret
2726 3952 2794 4007 ad
2853 3955 3187 4009 sacerdotem
3251 3961 3308 4008 et
3362 3952 3590 4008 oll'erret
3657 3954 3866 4008 hostiam

2299 4059 2397 4114 pro
2454 4057 2550 4098 sua
2606 4042 3019 4107 emundatioue;
3072 4043 3269 4108 tertio,
3325 4051 3384 4097 ut
3438 4044 3758 4099 sacerdotes
3803 4042 3868 4095 vi—

2300 4137 2486 4191 dentes
2508 4134 2750 4205 leprosos
2776 4134 3063 4189 muudatos
3080 4173 3095 4199 ,
3118 4134 3164 4188 si
3189 4135 3473 4189 crederent
3505 4134 3562 4189 in
3593 4136 3865 4190 mundato-

2303 4242 2441 4291 rem,
2472 4225 2779 4281 invenirent
2802 4224 3063 4288 salutem;
3091 4224 3137 4280 si
3161 4233 3341 4279 autem
3379 4225 3611 4280 credere
3650 4226 3866 4287 nollent,

2302 4314 2698 4372 iuexcusabiles
2729 4320 2931 4369 essent.
2968 4312 3094 4368 Sive
3119 4320 3267 4368 certe
3286 4312 3530 4383 leprosos
3555 4315 3627 4369 ad
3644 4314 3868 4371 sacerdo-

2306 4416 2389 4463 tcs
2418 4405 2594 4470 misit,
2621 4414 2682 4459 ut
2709 4405 3020 4460 ostenderet
3055 4404 3183 4473 quia
3222 4402 3349 4459 illud
3378 4404 3605 4459 carnale
3642 4403 3869 4462 sacerdo-

2309 4498 2475 4562 tium,
2507 4494 2753 4566 spiritale
2786 4494 3147 4550 sacerdotium
3169 4534 3184 4559 ,
3216 4496 3359 4565 quod
3394 4510 3539 4550 nunc
3567 4496 3624 4550 in
3655 4494 3868 4552 Ecdesia

2307 4589 2502 4660 agitur,
2532 4586 2930 4658 prmﬁgurabat.
2974 4584 3069 4639 Est
3114 4585 3256 4640 enim
3302 4584 3597 4640 invisibilis
3643 4585 3793 4656 lepra
3826 4584 3870 4636 in

2309 4677 2520 4749 anima,
2551 4676 2765 4745 quando
2797 4675 2959 4729 variis
2991 4676 3233 4744 peccatis
3258 4674 3578 4744 inquinatur
3604 4676 3868 4731 conscien-

2310 4767 2402 4820 tia.
2433 4768 2565 4821 Dum
2594 4765 2737 4819 enim
2761 4765 2900 4819 alius
2932 4764 3301 4829 homicidium,
3331 4764 3472 4820 alius
3503 4764 3740 4831 furtum,
3760 4764 3871 4818 alim

2309 4856 2655 4917 adulterium,
2684 4854 2823 4909 alius
2849 4854 3094 4925 rapinam
3114 4895 3130 4919 ,
3158 4855 3299 4910 a!ius
3324 4855 3684 4924 sacrilegium
3713 4864 3767 4910 et
3785 4867 3870 4908 ca:-

2308 4957 2421 5002 tera
2459 4948 2542 5001 his
2583 4947 2781 5001 similia
2825 4955 3133 5016 perpetrat,
3164 4946 3319 5016 quasi
3358 4947 3595 5002 diversis
3625 4946 3875 5003 coloribus

2308 5038 2593 5093 invisibilis
2623 5038 2786 5107 lepra:
2823 5037 3060 5091 animam
3095 5036 3280 5093 ﬁndat.
3308 5035 3468 5092 Tales
3506 5036 3551 5092 si
3589 5035 3874 5093 mundatio—

2308 5142 2429 5183 nem
2471 5128 2665 5182 animae
2703 5128 2951 5196 accipere
2976 5125 3197 5192 volunt,
3242 5139 3465 5181 necesse
3508 5134 3599 5180 est
3643 5135 3709 5180 ut
3746 5125 3875 5191 longe

2311 5228 2475 5284 stent,
2510 5220 2562 5274 id
2584 5227 2671 5275 est
2697 5234 2727 5273 a
2757 5217 3033 5274 consortio
3062 5228 3376 5273 sanctorum
3417 5231 3477 5273 se
3518 5217 3776 5289 indignos
3800 5210 3873 5283 ju-

2310 5313 2512 5378 dicent,
2545 5311 2861 5382 magnisque
2887 5310 3214 5365 clamoribus
3240 5308 3423 5364 Jesum
3453 5308 3816 5377 interpellent.
3836 5300 3878 5356 id

2310 5414 2394 5460 est
2422 5419 2543 5460 cum
2571 5417 2763 5472 magna
2798 5401 3126 5456 contritione
3155 5402 3335 5457 cordis
3372 5400 3615 5455 divinam
3657 5400 3879 5454 clemen—

2312 5498 2439 5553 tiam
2470 5504 2724 5561 exorent,
2756 5494 2999 5550 dicentes
3030 5508 3152 5547 cum
3188 5492 3473 5548 Psalmista
3500 5506 3514 5544 :
3545 5509 3565 5557 ι
3602 5490 3682 5545 Ne
3715 5485 3880 5543 memi-

2312 5591 2460 5645 neris
2490 5588 2835 5657 iniquitatem
2867 5596 3172 5641 nostrarum
3204 5583 3573 5653 antiquarum,
3612 5580 3724 5635 cito
3761 5575 3880 5631 auli-

2291 3325 2409 3365 sum
2462 3310 2778 3380 perhibetur
2835 3327 3099 3378 curasse,
3163 3312 3250 3368 cui
3301 3313 3481 3369 dixit:

2312 5682 2492 5757 cipeut
2536 5694 2634 5735 nos
2679 5677 3059 5733 misericordizr
3102 5686 3238 5740 tum,
3281 5674 3408 5746 quia
3457 5688 3723 5746 pauperes
3769 5667 3877 5725 facti
