4014 6354
108 332 242 388 677

1374 314 1681 371 llthIIJZE
1726 315 1810 368 DE
1848 314 2192 369 TEMPOllE.

3281 314 3384 373 678

110 454 327 496 sumus
342 436 503 495 nimis
523 433 692 508 (Psal.
719 434 967 501 Lxxvni).
999 452 1016 484 υ
1055 451 1068 485 ι
1102 432 1304 502 Adjuva
1337 447 1433 483 nos
1466 430 1604 484 Deus
1624 445 1703 482 sa-
1736 435 1779 489 Α
1812 443 1928 481 rum
1958 428 2010 480 in
2039 426 2376 489 holocausta,
2401 443 2418 477 ι
2454 424 2506 479 id
2536 432 2618 479 est
2647 424 2729 479 vel
2755 425 2872 488 ,duo
2895 438 3092 493 genera
3120 439 3382 496 compun-

112 529 331 586 lutaris
358 535 575 589 noster,
603 533 659 579 et
682 534 903 594 propter
937 523 1161 593 gloriam
1200 521 1433 576 nominis
1468 520 1578 584 tui,
1610 520 1709 573 Do-

113 620 313 680 mine,
343 616 513 670 libera
540 630 639 669 nos
663 652 679 678 ,
707 622 764 668 et
796 613 1058 682 prepitins
1083 620 1199 665 esto
1240 610 1479 681 peccatis
1514 610 1712 664 nostris

111 717 360 780 propter
378 719 573 760 nomen
598 711 746 757 tuum
773 701 980 773 (Ibid.).
1015 721 1032 752 ι
1062 701 1127 754 Ει
1147 701 1271 771 quia
1303 715 1407 753 non
1430 699 1599 753 solum
1627 714 1711 751 sa-

116 797 452 855 cerdotibus
469 802 689 866 peccata
711 808 806 848 sua
830 791 1073 847 conﬁteri
1097 791 1312 855 debent,
1329 790 1422 844 sed
1448 789 1609 843 etiam
1631 803 1714 842 se-

115 887 375 943 cundum
397 898 583 940 eorum
610 881 892 939 consilium
920 881 1290 951 paenitentiam
1320 888 1374 933 et
1400 878 1715 933 satisfactio-

116 992 267 1032 nem
296 976 467 1031 venia:
487 973 764 1044 suscipere
783 1012 798 1037 ,
821 980 967 1028 recte
994 972 1191 1027 dicitur
1222 988 1235 1024 :
1270 990 1288 1023 ι
1324 970 1421 1037 lle,
1448 969 1714 1025 ostendite

113 1081 237 1121 vos
268 1064 656 1121 sacerdotibus.
692 1083 711 1116 ι
744 1063 873 1119 Vice
901 1064 1045 1118 enim
1076 1062 1169 1117 Dei
1209 1071 1432 1135 peccata
1469 1061 1716 1116 sacerdo-

119 1156 289 1210 tibus
312 1154 593 1225 pandcnda
621 1161 766 1218 sunt,
795 1161 850 1209 et
868 1151 1025 1223 juxta
1055 1167 1243 1207 eorum
1279 1152 1561 1207 consilium
1600 1165 1713 1220 pa»

114 1242 367 1298 nitentia
406 1242 634 1314 agenda.
667 1241 819 1308 Quod
859 1242 912 1295 in
943 1241 1123 1296 divina
1160 1241 1277 1312 lege
1312 1240 1714 1311 prteﬁgnratum

114 1342 259 1400 est,
305 1335 518 1404 quando
557 1332 723 1404 Moysi
754 1332 820 1387 de
848 1331 1074 1403 leprosis
1124 1333 1228 1387 tale
1271 1342 1594 1403 przcceptum
1632 1341 1716 1387 est

113 1421 327 1475 datum
353 1438 366 1474 :
397 1439 416 1473 ι
448 1421 562 1485 Vir,
588 1420 642 1475 in
664 1418 819 1489 cujus
846 1431 968 1474 cute
996 1421 1176 1475 varius
1201 1420 1350 1476 color
1372 1422 1710 1491 apparuerit,

112 1512 326 1567 veniat
350 1512 416 1566 ad
443 1513 778 1571 sacerdotem
813 1520 869 1566 et
894 1512 1143 1567 ostendat
1163 1526 1222 1567 se
1247 1513 1320 1566 illi
1347 1512 1487 1584 (Lev.
1516 1514 1656 1582 xui).
1689 1532 1706 1565 ι

114 1602 239 1672 Qui
274 1602 511 1659 recludat
552 1617 674 1658 eum
704 1603 756 1658 in
790 1602 951 1658 domo
975 1617 1073 1673 per
1094 1610 1295 1673 septem
1324 1603 1440 1658 dies
1466 1613 1711 1674 separata

113 1707 410 1749 seorsum.
444 1690 573 1747 Post
602 1702 809 1763 septem
836 1700 1016 1746 autem
1056 1692 1170 1748 dies
1201 1708 1324 1746 eum
1374 1692 1632 1756 intuitus,
1663 1692 1709 1748 si

1814 523 2028 589 etionis,
2063 522 2271 576 timoris
2299 521 2507 576 scilicet
2528 531 2585 576 et
2609 523 2847 588 amoris;
2882 522 2964 577 vel
2997 530 3149 578 certe
3180 538 3379 593 corpus

1812 622 1868 668 et
1901 613 2165 675 animam,
2194 621 2253 666 ut
2295 612 2433 667 sicut
2465 612 2705 666 exhibuit
2751 612 2990 667 membra
3037 629 3133 667 sua
3178 613 3385 671 servire

1814 702 2165 757 innnundithe
2187 710 2241 756 et
2276 701 2543 770 iniquitati
2569 702 2637 755 ad
2668 701 3026 771 iniquitatem,
3059 703 3129 757 ita
3157 712 3212 758 et
3239 705 3389 759 exhi-

1813 793 1940 848 beat
1966 793 2169 848 servire
2191 792 2378 847 eadem
2399 791 2620 860 justitia:
2644 793 2695 845 in
2724 793 3222 855 sanctiﬁcationem.
3250 795 3380 862 Quae

1813 883 1996 939 omnia
2043 884 2170 954 quia
2212 883 2280 937 ad
2315 881 2575 950 judicium
2627 883 2922 936 sacerdotis
2970 884 3173 953 agenda
3222 892 3382 948 sunt,

1815 980 1964 1028 recte
1989 971 2216 1041 leprosis
2243 972 2475 1025 dicitur:
2508 989 2525 1020 ι
2554 970 2652 1035 lte,
2675 971 2942 1026 ostendite
2971 988 3065 1027 vos
3084 975 3382 1030 sacerdoti-

1813 1059 1933 1115 bus.
1972 1078 1991 1112 ι
2026 1058 2125 1126 Qui
2149 1059 2297 1115 locus
2323 1073 2509 1113 eorum
2531 1058 2840 1128 opinionem
2863 1058 3110 1123 destruit,
3137 1061 3227 1129 qui
3259 1076 3386 1115 eru-

1814 1148 2327 1220 bescentespeccata
2343 1163 2435 1202 sua
2451 1146 2821 1202 sacerdotibus
2835 1146 3100 1213 conﬁteri,
3115 1149 3387 1218 quoddam

1816 1239 2118 1294 occasionis
2146 1239 2414 1309 ingenium
2448 1240 2801 1303 invenerunt,
2834 1239 3072 1294 dicentes
3106 1241 3207 1296 sibi
3237 1238 3385 1296 sum-

1815 1343 1940 1384 cere
1962 1337 2020 1383 ut
2051 1329 2148 1384 soli
2195 1329 2304 1385 Deo
2340 1338 2558 1399 peccata
2587 1344 2681 1383 sua
2722 1328 3100 1393 conﬁteantur,
3132 1332 3177 1385 si
3210 1343 3389 1389 tamen

1815 1421 1883 1475 ab
1908 1420 2304 1490 ipsis-peccatis
2340 1420 2395 1475 in
2428 1419 2634 1489 reliquo
2675 1428 2906 1474 cessent.
2939 1419 3177 1486 Quorum
3208 1423 3390 1492 opinio

1816 1511 1860 1566 si
1889 1526 2015 1566 vera
2046 1518 2225 1575 esset,
2254 1526 2596 1580 nequaquam
2642 1509 2900 1565 Dominus
2945 1509 3219 1579 leprosos,
3252 1528 3390 1582 quos

1815 1618 1911 1674 per
1936 1602 2281 1673 semetipsum
2305 1601 2680 1666 mundaverat,
2698 1601 2764 1655 ad
2793 1601 3104 1655 sacerdotes
3130 1601 3388 1655 mitteret.

1816 1692 1923 1748 Nec
1938 1692 2159 1747 Paulum
2174 1691 2311 1762 (Act.
2328 1691 2427 1759 ix),
2441 1704 2719 1760 quemoper
2731 1689 3076 1759 semetipsum
3094 1690 3244 1743 invia
3263 1689 3394 1743 allo-

112 1782 335 1836 viderit
358 1781 593 1836 crevisse
618 1779 845 1849 lepram,
870 1780 1034 1834 addat
1078 1788 1135 1834 et
1168 1780 1301 1835 alios
1330 1781 1557 1851 septeni.
1583 1780 1712 1837 Post
1742 1782 1785 1841 B
1816 1789 1971 1837 cutus
1989 1774 2264 1846 fuerat,ad
2282 1778 2544 1832 Ananiatn
2570 1778 2904 1834 sacerdotem
2926 1777 3240 1833 destinaret.
3256 1775 3392 1831 Nam

114 1871 550 1941 quatuordecim
591 1886 723 1926 vero
768 1869 912 1937 dies,
945 1871 1127 1939 adhuc
1162 1871 1207 1926 si
1238 1871 1433 1927 viderit
1463 1887 1710 1928 crescere

112 1962 373 2033 Iepr'am,
404 1962 543 2017 sciat
589 1960 713 2031 quia
762 1960 908 2033 lepra
949 1976 1299 2032 perseverans
1335 1959 1438 2017 est.
1479 1960 1547 2016 Et
1584 1971 1710 2017 tunc

107 2050 338 2118 iudicet
365 2065 495 2129 eum
524 2050 794 2120 leprosum
816 2091 832 2117 ,
863 2059 920 2106 et
947 2049 1127 2120 ejiciat
1162 2057 1317 2105 extra
1353 2060 1530 2106 castra
1549 2092 1565 2117 ,
1597 2067 1710 2106 ma-

111 2150 374 2214 neatque
395 2141 609 2197 intonsa
639 2140 829 2208 barba,
860 2142 1028 2197 scissa
1058 2149 1240 2207 veste,
1270 2149 1459 2211 operto
1501 2141 1708 2212 capite,

109 2239 327 2302 aperto
354 2244 472 2295 ore,
503 2230 836 2284 immundum
864 2244 923 2284 se
946 2227 1194 2298 judicans
1235 2229 1486 2285 omnibus
1522 2230 1711 2286 diebus

107 2319 496 2391 separationis
521 2334 649 2374 suae.
681 2318 833 2387 Quod
863 2320 907 2374 si
938 2328 1157 2374 sanatus
1191 2318 1375 2385 fuerit,
1401 2319 1494 2390 qui
1522 2319 1707 2391 hujus-

104 2408 285 2464 modi
324 2408 628 2479 passionem
658 2408 919 2474 sustinet,
963 2409 1143 2464 veniat
1168 2409 1233 2462 ad
1276 2409 1616 2475 sacerdotes,
1656 2417 1713 2464 et

108 2496 327 2555 oﬂ'erat
358 2513 458 2568 pro
480 2498 862 2554 emundatione
906 2502 1003 2554 Sua
1029 2499 1257 2555 hostiam
1281 2538 1297 2565 ,
1330 2499 1382 2554 id
1405 2508 1488 2554 est
1517 2508 1711 2555 tortam

111 2587 311 2659 panis,
339 2595 395 2642 et
422 2588 719 2642 sextarium
749 2588 851 2643 olei
879 2588 947 2643 ad
982 2589 1269 2645 luminaria
1294 2589 1667 2645 concinnanda
1693 2609 1708 2645 :

114 2682 379 2751 duosque
404 2694 652 2751 passeres
680 2681 852 2747 vivos,
877 2698 1043 2737 unum
1069 2699 1169 2755 pro
1196 2694 1419 2754 peccato
1437 2726 1452 2751 ,
1485 2694 1534 2740 et
1574 2686 1707 2741 alte-

120 2788 254 2827 rum
282 2771 338 2826 in
367 2770 699 2828 holocausto.
723 2775 853 2841 Qua:
880 2776 1060 2830 omnia
1094 2776 1327 2844 qualiter
1356 2792 1502 2832 nunc
1530 2777 1582 2832 in
1610 2777 1711 2832 Ec-
1736 2840 1737 2843 η

121 2860 300 2919 clesia
342 2864 548 2937 agenda
601 2874 759 2932 sunt,
791 2865 1032 2921 breviter
1071 2866 1390 2922 videamus:
1420 2866 1615 2938 Lepra,
1652 2875 1714 2922 ut

124 2955 395 3020 diximus,
421 2964 703 3026 peceatum
731 2955 1021 3028 signiﬁcat.
1046 2955 1147 3026 Qui
1169 2973 1299 3029 ergo
1320 2957 1484 3014 habet
1504 2948 1735 3028 lepram‘

124 3043 345 3112 peccati
374 3043 431 3099 in
460 3044 663 3111 anima,
694 3045 852 3101 debet
879 3047 1064 3102 venire
1092 3047 1157 3103 ad
1186 3048 1543 3114 sacerdotem,
1570 3057 1626 3104 et
1658 3049 1707 3104 ei
1768 3042 1771 3043 7

1812 1882 1873 1929 ut
1893 1873 2204 1930 ostenderet
2223 1872 2287 1926 ad
2304 1870 2565 1940 judicium
2589 1869 2929 1925 sacerdotum
2949 1877 3171 1938 peccata
3191 1882 3312 1924 esse
3332 1868 3393 1923 li-

1812 1964 1986 2035 ganda
2015 1971 2176 2034 atque
2204 1946 2479 2027 solvenda,
2503 1960 2768 2016 Lazarum
2791 1974 2949 2028 quem
2976 1959 3392 2028 quatriduanum

1812 2061 2083 2108 mortuum
2103 2065 2201 2122 per
2222 2049 2575 2121 semetipsum
2612 2065 2643 2103 a
2677 2048 2904 2103 mortuis
2934 2047 3389 2113 resuscitaverat,

1811 2161 1918 2201 non
1944 2143 2098 2214 prius
2127 2143 2280 2198 abire
2304 2141 2572 2212 permisit,
2599 2155 2761 2211 quam
2785 2155 2817 2194 a
2845 2138 3124 2210 discipulis
3151 2139 3393 2195 solvere-

1812 2246 1922 2303 tur,
1966 2237 2108 2292 sicut
2144 2235 2404 2305 scriptum
2431 2242 2515 2288 est
2549 2234 2603 2288 in
2639 2232 2931 2303 Evangelio
2960 2231 3143 2304 (Joan.
3183 2233 3285 2302 xu).
3326 2232 3393 2287 Et

1813 2327 2049 2383 surrexit
2078 2325 2259 2395 ligatis
2286 2325 2533 2379 manibus
2555 2332 2610 2378 et
2630 2324 2875 2395 pedibus,
2918 2325 3009 2393 qui
3039 2323 3213 2379 fuerat
3256 2339 3392 2394 qua-

1814 2418 2096 2473 triduanus
2130 2424 2395 2472 mortuus.
2426 2414 2575 2478 Tunc
2612 2416 2690 2469 ait
2719 2412 2994 2484 discipulis
3031 2414 3182 2473 suis:
3213 2432 3233 2466 ι
3266 2414 3389 2472 Sol-

1812 2505 1922 2561 vite
1950 2520 2075 2560 eum
2105 2512 2159 2559 et
2181 2504 2341 2559 sinite
2365 2504 2532 2559 abire.
2565 2523 2585 2556 ι
2619 2503 2702 2558 Ad
2740 2520 2899 2574 quam
2946 2505 3108 2560 etiam
3153 2505 3389 2560 auctori-

1812 2584 1980 2649 tatem
2007 2593 2454 2659 eonﬁrmandam,
2485 2609 2609 2649 cum
2653 2593 2814 2649 Petro
2857 2595 3136 2664 apostolo,
3180 2596 3422 2653 collatis-

1812 2683 2054 2739 clavibus
2083 2684 2233 2754 regni
2259 2683 2544 2749 cmlorum,
2570 2683 2902 2754 pontiﬁcium
2936 2685 3133 2755 ligandi
3171 2685 3386 2741 solven-

1812 2770 1973 2851 dique
2005 2774 2333 2839 tradidisset,
2360 2774 2467 2828 ait:
2507 2795 2524 2824 ι
2546 2773 2913 2847 Quodcunque
2942 2775 3193 2846 ligaveris
3226 2791 3391 2846 super

1811 2871 2032 2929 terram,
2047 2862 2151 2918 erit
2165 2863 2386 2934 ligatum
2400 2873 2451 2918 et
2467 2864 2519 2917 in
2536 2864 2706 2931 ecelis,
2723 2873 2777 2920 et
2790 2865 3150 2934 quodcunque
3163 2866 3391 2922 solveris

1812 2968 1974 3024 super
2001 2962 2222 3020 terram,
2246 2954 2351 3009 erit
2377 2954 2606 3009 solutum
2626 2966 2682 3011 et
2708 2956 2763 3010 in
2792 2954 2944 3011 caelis
2965 2955 3181 3028 (Matth.
3207 2957 3341 3027 xvi).
3366 2977 3384 3010 ι

1888 3040 1907 3096 i
1948 3044 2018 3099 Et
2043 3042 2242 3100 factum
2271 3054 2355 3099 est
2384 3045 2509 3099 dum
2541 3046 2711 3111 irent,
2756 3047 3000 3102 mundati
3043 3055 3185 3101 sunt.
3219 3066 3239 3099 ι
3272 3047 3390 3102 Non

128 3133 415 3190 humiliter
446 3150 545 3190 sua
588 3145 811 3207 peccata
858 3137 1121 3193 conﬁteri.
1157 3137 1259 3205 Qui
1293 3153 1415 3193 eum
1448 3139 1704 3205 intuitus,
1734 3119 1779 3181 ο
1812 3135 1988 3191 solum
2021 3136 2201 3190 divina
2231 3144 2529 3205 potestate,
2562 3137 2654 3191 sed
2686 3137 2852 3191 etiam
2884 3136 3125 3207 piissima
3164 3137 3393 3206 disposi-

131 3222 615 3293 r‘ecludat-septem
653 3223 844 3279 diebus
880 3225 933 3279 in
965 3226 1124 3281 domo
1153 3235 1403 3296 separata
1431 3241 1672 3282 seorsum
1695 3268 1710 3293 ,

134 3314 196 3370 id
222 3322 307 3369 est
342 3314 635 3389 secundum
673 3315 987 3385 qualitatem
1024 3325 1078 3370 et
1111 3316 1467 3391 quantitatem
1502 3317 1711 3387 peccati

137 3403 511 3472 paenitentiam
555 3404 606 3460 ei
636 3404 902 3475 injungat.
949 3404 1077 3461 Post
1120 3414 1325 3476 septem
1368 3416 1551 3461 antem
1600 3407 1713 3463 dies

136 3508 262 3548 eum
294 3494 546 3561 intuitus,
592 3494 637 3550 si
682 3482 1155 3552 viderit’crevisse
1192 3498 1416 3573 lepram,
1463 3497 1624 3552 addat
1660 3506 1719 3552 et

135 3582 273 3638 alios
306 3593 511 3654 septem
549 3601 563 3639 :
594 3585 721 3655 quia
765 3586 852 3641 ubi
891 3586 1106 3642 additur
1142 3597 1445 3657 peccatum,
1494 3603 1715 3644 necesse

133 3680 218 3727 est
243 3680 303 3727 ut
327 3683 586 3745 augeatur
608 3674 841 3731 vindicta
876 3677 1099 3746 peccati.
1136 3677 1261 3733 Post
1306 3679 1713 3748 quattuordecim

133 3779 267 3820 vero
290 3764 431 3832 dies,
459 3767 506 3822 si
531 3765 737 3837 lepram
787 3784 1030 3824 crescere
1066 3770 1292 3834 viderit,
1325 3771 1375 3824 id
1404 3779 1487 3825 est
1525 3785 1715 3841 pecca-

134 3857 251 3911 tum
282 3858 337 3912 in
355 3859 798 3914 consuetudinem
825 3861 1027 3925 venire,
1050 3862 1182 3916 sciat
1205 3862 1329 3932 quia
1362 3862 1506 3931 lepra
1534 3877 1715 3931 perse-

135 3963 340 4004 verans
368 3957 469 4004 est.
509 3950 576 4004 Et
625 3958 753 4004 tunc
779 3949 981 4017 judicet
1016 3967 1137 4006 eum
1167 3967 1285 4007 esse
1323 3952 1623 4023 leprosum,
1662 3962 1717 4008 et

135 4038 328 4108 ejiciat
352 4047 502 4093 extra
527 4048 703 4093 castra
722 4080 736 4105 ,
768 4040 818 4094 id
848 4049 931 4095 est
959 4050 1110 4095 extra
1137 4041 1433 4098 Ecclesiam
1463 4059 1584 4098 eum
1624 4059 1712 4099 re-

135 4127 333 4197 pellat,
358 4126 444 4181 vel
472 4140 503 4182 a
538 4129 809 4184 consortio
835 4140 1142 4185 sanctorum
1174 4131 1451 4203 indignum
1484 4132 1711 4202 judicet.

136 4218 457 4290 Maneatque
482 4219 697 4275 intonsa
731 4219 917 4285 barba,
951 4221 1092 4290 quod
1122 4223 1189 4276 ad
1214 4222 1517 4293 squalorem
1539 4223 1716 4293 poeni-

138 4309 324 4363 tentiaa
358 4308 610 4381 pertinet.
655 4311 835 4366 Scissa
877 4320 1058 4377 veste,
1094 4321 1152 4366 ut
1191 4329 1286 4383 per
1323 4314 1711 4369 confessionem

138 4400 482 4457 manifestam
526 4403 723 4457 habeat
769 4404 1140 4475 paenitentiam
1172 4405 1253 4459 vel
1296 4406 1710 4461 conscientiam.

1817 3216 1985 3290 tione,
2014 3223 2213 3293 leprosi
2246 3234 2537 3294 antequam
2575 3226 2640 3280 ad
2670 3224 2980 3281 sacerdotes
3018 3226 3294 3291 venirent,
3334 3226 3389 3279 in

1814 3314 1905 3368 via
1930 3313 2172 3368 mundati
2198 3321 2352 3377 sunt,
2383 3322 2519 3367 utet
2554 3314 2653 3383 ipsi
2696 3314 3066 3367 mundatorem
3108 3328 3264 3367 suum
3300 3328 3392 3368 co-

1816 3412 2139 3474 gnoscerent
2160 3443 2175 3469 ,
2204 3412 2260 3457 et
2303 3404 2614 3458 sacerdotes
2651 3403 2864 3457 illorum
2897 3400 3231 3456 mundatio‘ni
3258 3403 3392 3455 nihil

1816 3511 1874 3551 se
1900 3494 2190 3550 contulisse
2217 3495 2499 3549 sentirent.
2527 3493 2687 3549 Juxta
2715 3508 2845 3548 vero
2872 3492 3165 3562 spiritalem
3196 3491 3394 3546 intelli-

1816 3589 2073 3660 gentiam,
2106 3588 2301 3657 leprosi
2321 3628 2335 3653 ,
2368 3596 2656 3657 antequam
2695 3585 2761 3638 ad
2804 3584 3111 3639 sacerdotes
3140 3583 3390 3645 veniant,

1818 3681 2164 3745 inundantur,
2189 3679 2313 3750 quia
2364 3694 2470 3734 non
2514 3678 2822 3733 sacerdotes
2835 3703 2861 3743 ,-
2878 3676 2974 3732 sed
3005 3675 3145 3730 Deus
3173 3680 3392 3744 peccata

1817 3774 2059 3829 dimittit.
2678 3838 2687 3843 _

1893 3882 1910 3914 ι
1954 3860 2102 3917 Unus
2130 3868 2308 3914 autem
2332 3873 2398 3913 ex
2426 3859 2549 3924 illis,
2584 3868 2641 3911 ut
2666 3856 2800 3912 vidit
2821 3854 2947 3925 quia
2973 3853 3262 3909 mundatus
3288 3861 3391 3917 est,

1822 3973 1840 4007 ‹
1875 3967 2153 4024 regressus
2185 3958 2288 4015 est,
2313 3952 2655 4018 cummagna
2675 3960 2806 4014 voce
2830 3943 3179 4015 magniﬁcans
3204 3944 3392 3997 Deum.

1822 4068 1841 4100 ι
1878 4049 1945 4103 Ει
1965 4046 2158 4102 cecidit
2178 4046 2231 4100 in
2253 4043 2445 4099 faciem
2467 4052 2593 4097 ante
2614 4042 2777 4111 pedes
2796 4039 2930 4109 ejus,
2949 4037 3151 4109 gratias
3165 4051 3346 4105 agens.
3370 4053 3389 4086 ι

1818 4140 1968 4196 Unus
1998 4140 2097 4194 iste
2127 4138 2220 4208 qui
2250 4137 2315 4191 ad
2356 4124 2667 4191 referendas
2709 4133 2911 4204 gratias
2950 4130 3253 4186 mundatori
3297 4143 3397 4186 suo

1816 4245 2068 4284 reversus
2091 4238 2200 4292 est,
2237 4228 2499 4282 unitatem
2528 4224 2797 4296 signiﬁcat
2824 4221 3096 4286 Ecclesite,
3126 4236 3245 4291 qua:
3272 4234 3396 4273 cum

1819 4321 1887 4374 sit
1932 4318 2267 4389 longitudine
2305 4326 2569 4371 terrarum
2600 4313 2772 4367 divisa
2797 4353 2810 4376 ,
2842 4311 2967 4381 quia
2997 4324 3159 4364 unum
3189 4308 3395 4369 credit,

1818 4427 1983 4464 unum
2012 4410 2178 4478 sapit,
2213 4422 2378 4462 unum
2408 4405 2720 4469 desiderat,
2752 4403 2806 4457 in
2838 4401 3041 4455 unitate
3073 4405 3303 4461 tenetur,
3332 4395 3399 4450 de

139 4490 343 4562 Operto
384 4493 578 4562 capite,
623 4493 746 4563 quia
785 4510 815 4547 a
859 4495 1241 4563 prcedicationc
1267 4510 1484 4550 cessare
1522 4496 1678 4551 debet
1698 4538 1711 4561 ,
1741 4475 1791 4534 D
1818 4516 1924 4571 qua
1952 4475 2213 4569 scriptum
2241 4508 2355 4554 est:
2388 4516 2405 4547 ι
2428 4495 2782 4550 Multitudinis
2804 4490 3142 4547 credentium
3166 4495 3283 4541 erat
3304 4499 3401 4541 cor

141 4585 229 4653 qui
259 4584 496 4654 peccatis
522 4585 765 4639 inhaeret.
798 4584 998 4656 Aperto
1020 4602 1115 4641 ore
1134 4625 1151 4653 ,
1178 4602 1281 4640 non
1314 4588 1366 4641 in
1395 4584 1601 4657 peccati
1625 4589 1717 4643 de—

142 4673 406 4740 fensione,
438 4675 531 4730 sed
560 4676 610 4730 in
638 4692 735 4731 sua
765 4678 1127 4732 accusatione.
1159 4697 1176 4729 ι
1203 4677 1260 4732 Si
1285 4688 1466 4734 autem
1492 4681 1718 4735 munda—

144 4773 228 4821 tus
261 4764 444 4833 fuerit,
469 4766 560 4837 qui
606 4767 909 4838 hujusmodi
940 4770 1244 4840 passionem
1268 4770 1530 4839 sustinet,
1565 4791 1583 4823 »
1617 4773 1721 4827 hoc

143 4863 246 4921 est,
277 4855 324 4909 si
351 4855 512 4925 digne
540 4858 854 4927 paenitendo
883 4875 912 4913 a
938 4860 1329 4916 consuetudine
1352 4862 1558 4930 peccati
1596 4877 1715 4917 ces-

146 4947 370 5014 saverit,
387 4965 407 4999 ι
427 4948 618 5004 offerat
641 4964 741 5019 pro
760 4952 1141 5008 emundatione
1161 4969 1257 5008 sua
1282 4962 1475 5009 tortam
1493 4955 1668 5025 panis,
1696 4974 1713 5007 ι

147 5036 199 5091 id
244 5045 331 5093 est
372 5036 710 5096 dulcedinem
748 5040 1046 5111 eliaritatis,
1078 5044 1485 5116 quihuscunque
1516 5056 1717 5116 potest,

150 5130 443 5202 impendat,
472 5147 579 5187 non
607 5134 778 5189 solum
801 5136 1010 5202 amicis,
1034 5138 1127 5192 sed
1150 5138 1312 5192 etiam
1338 5139 1591 5203 inimicis,
1625 5158 1641 5189 ι
1671 5147 1725 5194 et

150 5223 444 5279 sextarium
468 5224 592 5291 olei,
630 5244 648 5277 ι
681 5225 733 5281 id
759 5234 841 5281 est
863 5227 1243 5284 misericordia:
1273 5229 1481 5285 viscera
1507 5230 1724 5288 indutus

152 5312 205 5367 in
248 5329 309 5368 se
346 5315 691 5384 peccantibus
736 5315 1030 5371 clementer
1077 5319 1351 5390 ignoscat;
1413 5327 1468 5374 et
1510 5319 1613 5375 hoc
1657 5320 1724 5375 ad

153 5401 435 5459 luminaria
467 5407 859 5472 concinnanda,
889 5420 948 5461 ut
971 5409 1111 5464 sicut
1140 5410 1323 5480 plures
1351 5426 1450 5466 suo
1473 5410 1612 5467 malo
1634 5409 1728 5466 de-

155 5499 351 5552 struxit
384 5500 647 5570 exemplo,
681 5500 889 5571 perdite
913 5502 1176 5557 vivendo:
1213 5503 1285 5557 ita
1317 5504 1500 5572 plures
1533 5504 1725 5559 retedi-

156 5586 276 5645 fleet
291 5605 386 5645 sua
402 5590 791 5656 satisfactione,
812 5591 970 5663 digne
992 5593 1317 5662 paenitendo.
1340 5613 1357 5645 ί
1378 5592 1582 5649 Oll‘erat
1602 5612 1729 5665 quo-
1754 5586 1757 5589 ’

158 5694 258 5749 que
287 5683 423 5741 duos
448 5700 696 5757 passeres
723 5687 889 5752 vivos,
920 5704 1083 5742 unum
1117 5703 1215 5758 pro
1242 5698 1483 5759 peccato,
1513 5699 1563 5746 ct
1592 5690 1723 5745 alte-

920 5882 945 5898 α

1820 4609 1982 4647 unum
2013 4600 2066 4646 et
2094 4592 2269 4644 anima
2302 4604 2407 4642 una
2431 4589 2567 4656 (Act.
2594 4584 2688 4658 tv).
2715 4603 2733 4635 ›
2765 4583 2832 4636 Et
2860 4581 3058 4635 iterum
3085 4595 3098 4631 :
3139 4595 3158 4629 ι
3189 4577 3291 4643 Qui
3324 4576 3399 4629 fa-

1821 4683 1896 4737 cit
1953 4680 2236 4736 unanimes
2286 4678 2531 4732 habitare
2572 4675 2625 4729 in
2679 4674 2839 4728 domo
2878 4667 2997 4743 (Ps.
3038 4667 3225 4736 van).
3268 4686 3287 4717 ι
3332 4665 3402 4720 Et

1822 4773 1950 4828 alibi
1980 4791 1993 4826 :
2032 4790 2049 4823 ‹
2079 4772 2216 4826 Ecce
2253 4784 2415 4839 quam
2460 4768 2658 4821 bonum
2694 4772 2749 4820 et
2775 4777 2937 4832 quam
2969 4758 3267 4829 jucundum
3300 4757 3400 4812 ha-

1823 4868 1998 4924 bitare
2020 4863 2213 4918 fratres
2247 4862 2299 4916 in
2326 4876 2491 4915 unum
2514 4856 2630 4929 (Ps.
2656 4854 2885 4928 cxxxn).
2908 4873 2925 4906 ι
2955 4852 3070 4908 Νοη
3110 4850 3253 4906 enim
3281 4849 3401 4905 lon-

1822 4956 2006 5027 gitudo
2037 4964 2302 5009 terrarum
2336 4958 2570 5021 separat,
2600 4964 2735 5019 quos
2783 4947 2969 5002 eadem
3015 4944 3148 5000 ﬁdes
3181 4954 3235 5000 et
3270 4942 3401 4997 cha-

1798 5047 1957 5102 *ritas
2007 5044 2197 5099 sociat.
2254 5042 2443 5112 Magna
2489 5040 2635 5095 enim
2682 5055 2787 5093 vox
2822 5053 2927 5092 non
2981 5044 3187 5091 tantum
3212 5049 3403 5090 sonum

1825 5136 1956 5201 oris,
1992 5142 2253 5205 quantum
2284 5131 2636 5187 intentionem
2664 5128 3148 5205 signiﬁcatcordis.
3181 5125 3405 5198 Magnus

1828 5228 1970 5282 enim
1990 5226 2192 5281 clamor
2213 5235 2521 5280 sanctorum
2539 5239 2790 5296 magnum
2812 5233 2897 5279 est
2915 5221 3259 5283 desiderium,
3278 5218 3403 5288 quia

1834 5320 2201 5390 unusquisque
2246 5326 2505 5388 quantum
2542 5326 2721 5382 amat,
2751 5326 2956 5372 tantum
3001 5315 3219 5371 clamat.
3268 5311 3407 5365 Hinc

1836 5411 2001 5482 Moysi
2050 5428 2078 5466 a
2131 5411 2356 5467 Domino
2414 5409 2611 5473 dicitur
2641 5427 2653 5463 :
2688 5429 2706 5462 t
2740 5408 2879 5477 Quid
2926 5407 3126 5462 clamas
3169 5403 3236 5458 ad
3286 5400 3407 5455 me?

1836 5503 2031 5563 (Exod.
2057 5501 2188 5573 xiv),
2223 5522 2240 5552 ›
2269 5518 2391 5557 eum
2422 5512 2550 5558 tunc
2575 5500 2711 5556 nihil
2741 5500 2950 5556 locutus
2980 5498 3145 5552 fuisse
3176 5495 3404 5563 legatur.

1834 5592 1987 5648 llunc
2004 5593 2291 5648 clamorem
2315 5608 2374 5649 se
2393 5603 2616 5650 noverat
2636 5592 2836 5648 habere
2859 5591 2914 5647 in
2937 5589 3096 5645 corde
3118 5586 3408 5652 Propheta,

1835 5691 1924 5760 qui
1961 5705 2057 5761 pro
2098 5689 2464 5758 magnitudine
2504 5690 2705 5746 amoris
2749 5687 2960 5743 dicebat
2992 5701 3005 5738 :
3039 5705 3056 5736 ι
3086 5681 3321 5765 Clatnavi
3352 5681 3410 5735 in
