4014 6354
599 338 705 394 679

1230 332 1604 389 -IIAYMONIS
1640 329 2118 386 llALBEBSTAT.
2164 331 2179 384 Ι

2287 329 2372 386 SC.
2411 328 2563 387 OPP.
2601 330 2781 389 PARS
2818 333 2881 389 ll.
2906 364 2975 375 -—
3008 333 3243 392 HOMIL.

598 458 712 504 toto
731 447 936 521 corde.
963 443 1155 501 exaudi
1186 458 1299 509 me,
1331 443 1558 499 Domine
1590 440 1764 513 (Psat.
1800 441 2011 513 cxvtn).
2056 461 2073 492 ι
2114 441 2183 496 Et
2208 448 2256 504 Α
2285 456 2439 496 suam
2481 441 2867 511 perfectionem
2918 445 3239 516 explendam
3285 446 3433 503 nullo
3476 447 3760 518 indiget,
3790 449 3933 519 quia

601 540 796 595 iterum
829 553 844 591 :
868 555 886 588 ι
908 535 1151 600 Domine,
1169 535 1399 589 clamavi
1422 535 1491 589 ad
1509 541 1581 597 te,
1608 533 1803 587 exaudi
1832 547 1940 595 me,
1959 533 2177 587 intende

597 632 714 689 voci
736 647 869 687 meze
885 645 1006 685 cum
1029 629 1337 684 clamavero
1356 628 1425 682 ad
1446 636 1499 683 te
1516 626 1633 697 (Ps.
1664 624 1842 696 σκιὴ.»
1869 624 1936 678 Ει
1958 623 2180 694 pulchre

599 722 719 786 iste,
746 721 837 792 qui
879 719 946 774 ad
996 718 1307 773 referendas
1350 718 1462 773 Deo
1504 715 1706 786 gratias
1746 714 2053 769 mundatori
2082 728 2179 769 suo

597 810 777 875 rediit,
797 810 850 863 in
873 807 1064 863 faciem
1082 806 1345 863 cecidisse
1362 807 1581 862 dicitur.
1608 804 1709 872 Qui
1732 805 1875 860 enim
1905 804 1958 863 in
1984 803 2178 858 faciem

594 899 758 964 cadit,
777 899 847 955 ibi
878 897 1044 963 cadit,
1060 898 1150 952 ubi
1178 912 1285 952 non
1303 896 1468 953 videt.
1484 894 1693 951 Cadere
1718 910 1848 966 ergo
1878 895 1931 949 in
1961 894 2177 961 faciem,

594 991 871 1055 adorantis
900 999 983 1045 est
1011 990 1125 1044 sive
1149 989 1511 1059 deprecantis.
1538 987 1742 1044 Cadere
1775 993 1922 1042 retro
1950 995 2035 1042 est
2081 993 2176 1042 su-

593 1082 890 1155 perbientis
944 1081 1058 1137 sive
1105 1080 1524 1135 contemnentis.
1568 1079 1812 1149 Denique
1864 1079 2175 1146 Abraham,

592 1182 882 1245 postquam
904 1172 1040 1228 vidit
1066 1172 1206 1227 diem
1222 1170 1443 1233 Christi,
1471 1170 1669 1226 cecidit
1694 1169 1748 1225 in
1783 1170 1974 1225 faciem
1998 1185 2178 1236 suam,

593 1271 649 1320 et
675 1263 919 1320 adoravit
943 1259 1097 1331 (Gen.
1116 1277 1228 1316 xvn
1257 1270 1304 1315 et
1329 1261 1509 1332 xvnt).
1532 1261 1604 1315 At
1628 1276 1759 1316 vero
1779 1261 1845 1317 de
1866 1269 2180 1332 persecuto-

595 1352 747 1408 ribus
760 1351 977 1407 Domini
1000 1350 1261 1420 scriptum
1277 1358 1383 1416 est,
1411 1350 1536 1420 quia
1558 1369 1576 1401 ι
1606 1350 1857 1405 abierunt
1878 1358 2180 1405 retrorsum

595 1451 652 1499 et
698 1442 1010 1498 ceciderunt
1056 1441 1111 1495 in
1158 1448 1361 1495 terram
1392 1439 1576 1511 (Joan.
1610 1441 1822 1511 XVIII).D
1858 1439 1973 1495 Heli
2026 1454 2182 1505 vero,

591 1536 720 1608 quia
767 1535 908 1591 ﬁlios
956 1550 1063 1589 non
1106 1534 1399 1605 corripuit,
1440 1534 1636 1590 cecidit
1673 1534 1741 1590 de
1797 1522 1926 1591 sella
1979 1541 2179 1588 retror-

595 1645 738 1696 sum,
773 1636 830 1684 et
870 1627 1060 1683 fractis
1097 1626 1400 1682 cervicibus
1439 1637 1686 1682 mortuus
1723 1635 1809 1682 est
1840 1623 1891 1697 (1
1921 1625 2048 1696 Reg.
2080 1624 2178 1694 tv).

596 1721 667 1777 Et
693 1720 762 1776 de
788 1720 1126 1775 Autichristo
1162 1718 1440 1790 Scriptura
1485 1718 1714 1790 ﬁgurate
1755 1718 2031 1789 loquitur:
2060 1738 2078 1771 ι
2112 1718 2184 1774 Ut

2287 549 2305 583 ι
2325 547 2464 587 unus
2479 531 2756 600 Dominus,
2769 550 2874 589 una
2890 533 3045 601 ﬁdes,
3060 551 3225 590 unum
3238 536 3511 608 baptisma
3523 579 3539 602 ,
3555 553 3729 593 unus
3747 537 3931 604 Dens.

2280 632 2336 678 et
2364 624 2523 679 Pater
2537 626 2832 703 omnium.»
2857 627 3003 683 Bene
3023 642 3154 700 ergo
3176 644 3275 698 per
3292 628 3547 701 illos,qui
3567 630 3638 685 in
3662 645 3932 687 novena-

2280 717 2363 771 rio
2408 717 2776 784 continentur,
2824 718 2907 773 illi
2930 719 3324 790 signiﬁcantur,
3368 721 3462 791 qui
3501 735 3573 775 ex
3613 724 3929 792 ρει-εφώ

2279 808 2437 864 donis
2462 809 2747 864 dominicis
2773 810 2976 880 gratias
3003 811 3112 867 Deo
3147 827 3254 866 non
3286 810 3556 868 referunt.
3594 811 3727 869 Per
3756 815 3919 870 illum

2282 914 2432 960 vero.
2448 900 2537 970 qui
2556 901 2859 955 mundatori
2879 917 2977 956 suo
2999 901 3203 974 gratias
3228 902 3433 969 retulit,
3452 902 3554 971 illi,
3569 905 3687 975 qui
3703 920 3777 960 ex
3796 922 3922 975 per-

2281 991 2452 1059 ceptis
2465 988 2741 1045 beneﬁciis
2755 992 2957 1062 gratias
2972 992 3023 1047 ei
3040 988 3303 1058 referunt,
3319 993 3566 1050 dicentes
3590 1010 3740 1050 cum
3762 996 3917 1050 Psal-

2281 1081 2472 1137 mista:
2502 1102 2519 1133 ι
2542 1082 2862 1138 Benedicam
2878 1083 3165 1139 Dominum
3186 1084 3242 1139 in
3265 1086 3413 1140 omni
3432 1092 3703 1158 tempore
3720 1088 3740 1157 (
3752 1085 3909 1141 Patri.

2282 1171 2530 1243 nium.»
2563 1171 2700 1238 Quia
2736 1187 2911 1243 neque
2944 1172 3032 1228 hic
3056 1160 3303 1245 Decalogi
3334 1184 3611 1245 praecepta
3647 1174 3909 1245 perfecte

2281 1262 2610 1327 custodiunt,
2629 1278 2802 1332 neque
2824 1264 2875 1318 in
2892 1264 3074 1319 futuro
3093 1265 3373 1320 denarium
3390 1269 3905 1329 remunerationis,

2281 1354 2373 1425 qui
2413 1354 2468 1408 in
2506 1354 2658 1409 vinea
2694 1354 3061 1410 laborantibus
3080 1356 3381 1426 promissus
3403 1366 3510 1423 est,
3541 1359 3896 1427 percipient.

2357 1464 2377 1496 ς
2417 1445 2483 1499 Ει
2508 1446 2585 1500 ait
2612 1444 2687 1500 illi
2714 1462 2727 1499 :
2759 1443 2968 1516 Surge,
3015 1446 3169 1501 vade.
3219 1466 3238 1499 ι
3272 1444 3373 1513 Qui
3415 1446 3724 1502 humiliter
3768 1457 3903 1501 ante

2282 1536 2447 1606 pedes
2469 1536 2681 1592 Domini
2707 1537 2998 1603 ceciderat,
3029 1550 3177 1594 reete
3205 1538 3393 1593 audire
3414 1539 3621 1593 meruit
3638 1531 3665 1594 ξ
3709 1558 3732 1590 ι
3762 1538 3898 1595 Sor-

2283 1643 2371 1696 ge,
2396 1627 2550 1683 vade.
2574 1646 2591 1678 ι
2610 1626 2746 1695 Quia
2769 1626 2913 1681 sicut
2943 1628 3055 1697 ipse
3077 1628 3154 1682 ait
3184 1627 3239 1682 in
3266 1626 3557 1698 Evangelia
3584 1646 3597 1681 :
3638 1646 3663 1679 ε
3696 1627 3897 1684 Omnis

2283 1716 2373 1785 qui
2404 1731 2463 1771 se
2490 1715 2759 1781 humiliat,
2792 1715 3118 1771 exaltabitur
3143 1715 3296 1788 (Luc.
3331 1731 3421 1770 xlv
3449 1726 3496 1769 et
3529 1718 3729 1787 XVIII).
3766 1736 3788 1769 ι
3824 1718 3896 1772 Et

596 1810 758 1869 cadet
777 1824 1034 1865 ascensor
1061 1806 1176 1878 ejus
1204 1819 1350 1864 retro
1376 1808 1529 1881 (Gen.
1561 1808 1731 1882 xux).
1770 1829 1790 1863 ι
1824 1809 1893 1863 Et
1918 1808 2038 1864 ideo
2062 1816 2185 1863 ante
2219 1799 2261 1859 Β
2288 1809 2429 1863 sicut
2450 1822 2549 1878 per
2572 1807 2918 1863 Salomonem
2948 1808 3183 1864 dicitur:
3215 1827 3234 1860 ι
3265 1807 3533 1863 llumilem
3559 1811 3775 1881 spiritu
3801 1826 3888 1865 se-

482 1890 491 1897 ’
595 1900 791 1956 cadere
814 1899 1109 1955 electorum
1138 1906 1245 1964 est,
1277 1907 1424 1954 retro
1450 1906 1629 1953 autem
1660 1897 2034 1970 reproborum.

670 2008 690 2042 ι
722 1990 790 2044 Ει
828 1989 919 2044 hic
948 1996 1067 2044 erat
1095 1988 1490 2045 Samaritanus.
1524 2008 1541 2041 ι
1578 1989 1711 2044 Cum
1759 1990 1935 2053 hunc,
1975 1988 2066 2058 qui
2112 1987 2179 2043 ad

592 2079 904 2137 referendas
926 2079 1127 2150 gratias
1157 2079 1465 2134 mundatori
1491 2094 1591 2134 suo
1620 2079 1814 2142 rediit,
1850 2077 2178 2149 evangelista

591 2174 703 2225 tam
735 2170 962 2227 sollicite
988 2169 1389 2226 Samaritanum
1423 2171 1749 2235 nominavit,
1778 2169 2045 2249 reliquos,
2086 2167 2179 2238 qui

590 2261 787 2330 ingrati
818 2270 1213 2328 remanserunt,
1233 2261 1448 2318 Judreos
1478 2262 1645 2317 tacite
1666 2260 1890 2316 notavit.
1917 2260 1974 2314 lu
1996 2258 2180 2314 multis

590 2348 735 2403 enim
764 2348 899 2404 locis
928 2348 1202 2421 Evangelii
1232 2348 1533 2421 promptior
1563 2349 1698 2404 ﬁdes
1719 2347 1959 2417 gentium
1978 2387 1992 2413 ,
2016 2362 2177 2417 quam

590 2439 899 2496 Judzeorum
953 2440 1292 2506 ostenditur,
1341 2441 1482 2496 sicut
1532 2440 1792 2495 Dominus
1845 2439 1970 2493 alibi
2019 2438 2179 2493 ﬁdem

593 2530 932 2585 centurionis
964 2528 1314 2596 collaudavit,
1348 2530 1572 2585 dicens:
1603 2544 1622 2581 ι
1656 2529 1828 2586 Amen
1850 2529 1969 2584 dico
1995 2527 2178 2592 vobis,

606 2628 701 2676 ‘on
729 2620 909 2677 inveni
939 2628 1142 2676 tantam
1169 2621 1331 2677 ﬁdem
1357 2621 1411 2676 in
1442 2620 1608 2677 Israel
1635 2620 1848 2692 (Matth.
1872 2619 2042 2690 vni).i
2072 2617 2181 2674 Sed

592 2712 720 2782 quia
765 2711 1142 2767 Samaritanus
1191 2705 1583 2782 interpretatur
1622 2720 1838 2776 custos,
1869 2718 2019 2777 recte
2047 2709 2179 2775 iste,

591 2814 693 2870 per
728 2815 889 2869 quem
914 2801 1177 2855 unitatem
1208 2801 1465 2857 Ecclesiae
1487 2802 1722 2856 diximus
1745 2801 1965 2872 ﬁgurari
1990 2800 2181 2857 Sama-

594 2892 804 2963 ritanus
824 2891 1155 2956 nominatur,
1180 2892 1436 2969 quoniam
1464 2892 1585 2947 inde
1610 2889 1869 2948 Ecclesia:
1893 2907 2003 2947 sua:
2028 2908 2183 2947 mun-

594 2981 870 3037 dationem
904 2980 987 3035 vel
1021 2980 1277 3036 virtutem
1304 2981 1533 3035 ﬁrmiter
1561 2981 1818 3046 custodit,
1841 2982 1967 3051 quia
1998 2982 2179 3036 nonin

596 3084 677 3135 se,
702 3071 797 3125 sed
826 3070 880 3124 in
910 3071 1021 3126 Deo
1046 3068 1275 3126 ﬁrmiter
1301 3071 1556 3136 conﬁdit,
1588 3071 1776 3126 dicens
1803 3088 1926 3126 cum
1958 3072 2182 3128 Psalmi-

598 3172 682 3217 sta
714 3180 726 3215 :
760 3181 777 3213 ε
810 3160 1049 3238 Custodi.
1076 3177 1185 3228 me,
1223 3162 1469 3229 Domine,
1498 3171 1559 3217 ut
1582 3162 1836 3234 pupillam
1859 3163 2032 3230 oculi;
2083 3162 2184 3219 sub
2209 3152 2255 3215 C

595 3253 789 3309 umbra
817 3252 1026 3308 alarum
1063 3262 1277 3309 tuarum
1316 3262 1540 3327 protege
1574 3268 1662 3308 me
1687 3251 1860 3325 (Psal.
1898 3254 2032 3327 xw).
2066 3274 2086 3308 ι
2116 3253 2182 3308 Et

596 3345 794 3400 iterum
823 3362 836 3399 :
873 3362 891 3395 ι
921 3344 1032 3399 Nisi
1055 3343 1316 3400 Dominus
1336 3344 2183 3413 custodieritcivitatem,frustra

597 3434 784 3506 vigilat
809 3434 900 3506 qui
940 3435 1177 3490 custodit
1218 3448 1339 3491 eam
1383 3432 1498 3508 (Ps.
1531 3435 1737 3508 cxxvr).
1772 3455 1792 3488 ι
1828 3435 1925 3491 Vel
1955 3445 2015 3492 ut
2049 3433 2185 3492 alias

594 3523 825 3578 virtutes
852 3518 1055 3579 habere
1091 3534 1305 3594 posset,
1343 3525 1644 3580 custodiam
1686 3526 2006 3580 humilitatis
2053 3527 2186 3582 reti-

600 3628 733 3669 nere
761 3614 986 3678 studuit,
1010 3613 1150 3670 sicut
1172 3615 1404 3670 faciebat
1428 3615 1520 3686 qui
1540 3615 1754 3671 dicebat
1777 3633 1792 3669 :
1818 3634 1836 3666 ι
1862 3615 2183 3670 Humiliatus

596 3723 717 3763 sum
762 3722 1171 3778 usquequaque,
1199 3709 1445 3776 Domine,
1489 3709 1706 3765 viviﬁca
1752 3723 1838 3764 me
1888 3709 2182 3765 secundum

599 3796 824 3851 verbum
856 3804 1007 3849 tuum
1036 3796 1155 3869 (Ps.
1193 3797 1403 3868 cxvm).
1442 3818 1460 3851 ι

675 3902 694 3936 ι
730 3884 1087 3953 Respondeas
1133 3893 1314 3940 autem
1353 3886 1511 3942 Jesus
1557 3887 1730 3943 dixit:
1764 3887 1948 3945 Nonne
1998 3890 2182 3947 decem

606 3992 626 4025 ι
661 3975 904 4030 mundati
938 3976 1102 4029 sunt?
1132 3983 1187 4031 et
1216 3991 1408 4033 novem
1434 3979 1525 4034 ubi
1555 3979 1716 4034 sunt?
1736 4000 1756 4033 ι
1784 3972 1901 4036 Non
1929 3981 2050 4039 ideo
2082 3982 2184 4039 Do"

600 4064 779 4122 minus
808 4065 1124 4137 interrogat,
1154 4076 1211 4121 ut
1239 4067 1441 4138 aliquid
1470 4070 1700 4141 ignoret,
1728 4080 1853 4126 ante
1880 4071 2033 4141 cujus
2057 4089 2185 4128 ocu-

598 4155 681 4211 los
708 4156 849 4211 nuda
874 4164 929 4210 et
956 4167 1140 4226 aperta
1168 4168 1295 4213 sunt
1315 4161 1515 4224 omnia,
1539 4161 1737 4231 quique
1765 4163 1869 4218 scit
1895 4172 2182 4232 antequam

601 4246 771 4311 ﬁant,
802 4245 897 4301 sed
924 4255 981 4299 ut
1010 4247 1319 4301 ostenderet
1363 4263 1423 4303 ac
1465 4249 1586 4304 illos
1612 4251 1841 4306 nescire.
1877 4251 2029 4308 Scire
2053 4269 2184 4309 vero

596 4338 717 4405 Dei,
746 4338 944 4410 eligere
972 4349 1056 4396 est
1082 4353 1097 4395 :
1127 4342 1338 4397 nescire
1362 4358 1510 4410 vero,
1544 4345 1856 4416 reprobare.
1886 4346 2048 4402 Novit
2073 4347 2182 4404 Do-

602 4427 784 4483 minus
811 4443 947 4498 quos
990 4428 1182 4500 elegit,
1214 4430 1356 4485 sicut
1394 4432 1609 4487 cuidam
1642 4433 1788 4504 justo
1823 4435 1939 4491 viro
1977 4435 2181 4491 dictum

597 4527 684 4573 est
711 4537 724 4573 :
756 4519 892 4575 Novi
924 4529 977 4575 te
1005 4536 1071 4576 ex
1101 4520 1338 4576 nomine.
1380 4521 1450 4577 Et
1491 4523 1631 4579 sicut
1674 4524 1963 4593 Apostolus
2008 4525 2178 4581 dicit:

604 4630 622 4661 ι
652 4610 804 4665 novit
828 4609 1089 4666 Dominus
1128 4609 1220 4681 qui
1249 4619 1376 4666 sunt
1415 4610 1531 4681 ejus
1571 4612 1655 4684 (II
1690 4613 1821 4669 Tim.
1867 4614 1949 4687 ιι).
1988 4634 2006 4669 ι
2039 4614 2185 4683 Quos

599 4707 779 4753 autem
805 4699 1078 4770 reprobat,
1101 4700 1298 4767 nescit,
1319 4700 1462 4756 sicut
1476 4702 1531 4756 in
1548 4701 1655 4756 ﬁne
1678 4704 1921 4774 reprobis
1941 4696 2183 4761 dicturus

600 4798 722 4844 εει-ε
746 4808 764 4840 ι
784 4789 1058 4847 Disdedite
1082 4808 1113 4847 a
1142 4808 1254 4859 me,
1283 4807 1474 4849 omnes
1495 4794 1586 4864 qui
1609 4794 1906 4865 operamini
1929 4796 2183 4866 iniquita-

605 4886 733 4944 tem,
753 4880 935 4935 nescio
959 4897 1056 4936 vos
1071 4884 1211 4939 unde
1231 4883 1591 4959 estis(Matth.
1608 4900 1682 4940 vn
1702 4902 1715 4951 ;
1734 4885 1861 4940 Luc.
1880 4888 2020 4957 χιιι).
2036 4908 2055 4939 ι
2077 4887 2182 4943 Eos

602 4980 754 5036 ergo,
769 4968 862 5037 qui
883 4970 951 5024 ad
979 4968 1289 5027 referendas
1317 4972 1425 5027 Deo
1445 4973 1649 5043 gratias
1677 4974 1869 5044 ingrati
1904 4990 2181 5030 remanse-

606 5065 752 5121 runt,
808 5059 963 5128 quasi
1015 5059 1314 5132 incognitos
1359 5063 1451 5118 ubi
1504 5064 1612 5119 sint
1655 5066 1919 5135 requirit,
1964 5067 2179 5122 dicens:

610 5166 628 5198 ι
659 5145 848 5202 Nonne
868 5146 1051 5203 decem
1079 5152 1321 5207 mandati
1352 5153 1511 5208 sunt?
1538 5162 1595 5209 et
1622 5168 1814 5209 novem
1844 5155 1932 5210 ubi
1965 5156 2122 5211 sunt?
2158 5175 2176 5209 ι

610 5255 629 5289 ι
660 5235 778 5292 Νοη
806 5246 891 5293 εει
911 5239 1161 5296 inventus
1182 5241 1275 5311 qui
1298 5243 1499 5299 rediret
1518 5253 1573 5299 et
1605 5246 1756 5301 daret
1787 5245 2011 5319 gloriam
2041 5247 2182 5314 Deo,

612 5347 630 5380 ι
658 5327 762 5383 nisi
792 5327 881 5386 hic
906 5329 1227 5401 alienigena.
1260 5351 1280 5385 ι
1317 5334 1382 5389 Et
1407 5320 1631 5404 pulchre
1659 5338 1713 5392 hi
1758 5338 1849 5409 qui
1880 5337 2072 5410 ingrati
2101 5355 2185 5395 re-

608 5437 945 5493 manserunt,
979 5430 1272 5485 novenario
1298 5447 1526 5489 numero
1552 5435 1912 5491 continentur.
1942 5435 2186 5492 Novena-

607 5518 721 5574 rius
758 5534 989 5592 namque
1035 5536 1292 5579 numerus
1327 5524 1674 5596 imperfectus
1698 5536 1810 5595 est,
1840 5538 1896 5584 et
1934 5531 2001 5586 ad
2033 5546 2185 5587 suam

607 5608 995 5679 perfectionem
1020 5611 1341 5682 explendam
1371 5630 1477 5670 uno
1510 5616 1735 5687 indiget.
1766 5617 2034 5676 Numerus
2062 5637 2189 5679 vero

611 5698 832 5757 unitatis
879 5700 1148 5771 perfectus
1190 5711 1304 5771 est,
1352 5712 1404 5759 et
1452 5704 1614 5761 dividi
1651 5724 1753 5763 uon
1798 5720 2011 5780 potest:
2040 5720 2092 5767 et
2121 5714 2189 5768 ad

2282 1899 2467 1969 quitur
2488 1898 2657 1969 gloria
2687 1896 2870 1969 (Prov.
2903 1899 3079 1971 ms).
3115 1918 3134 1952 ι
3185 1899 3338 1956 Τιιιιε
3385 1908 3569 1957 autem
3614 1912 3891 1972 pacator

2282 2002 2504 2058 surgere
2531 1996 2587 2041 et
2616 1985 2765 2042 abire
2790 1988 3143 2058 permittitur,
3166 1988 3384 2057 quando
3410 2002 3511 2058 per
3539 1990 3771 2061 dignam
3796 2006 3886 2045 sa-

2281 2074 2643 2131 tisfactionem
2675 2090 2707 2130 a
2735 2076 2974 2145 peccatis
2998 2072 3319 2132 absolvitur.
3336 2077 3403 2132 Et
3427 2078 3558 2149 quia
3585 2079 3748 2134 «sine
3769 2080 3887 2135 ﬁde

2280 2163 2611 2236 impossibile
2636 2175 2721 2222 est
2746 2165 2963 2236 placere
2991 2164 3102 2223 Deo
3126 2166 3313 2239 (Hebr.
3346 2163 3449 2240 ιιι),
3486 2188 3506 2222 ι
3546 2177 3684 2224 recte
3725 2161 3878 2225 Sub.

2281 2257 2427 2312 ditur
2452 2274 2467 2311 :
2503 2274 2522 2308 ι
2557 2255 2691 2323 Quia
2714 2256 2848 2312 ﬁdes
2871 2265 2962 2311 tua
2992 2265 3044 2313 te
3067 2256 3275 2313 salvum
3299 2258 3445 2313 fecit.
3486 2277 3504 2311 ι
3538 2259 3701 2314 Fides
3723 2260 3876 2314 enim

2278 2346 2591 2419 principalis
2615 2356 2695 2404 est
2716 2348 2908 2414 virtus,
2925 2349 3051 2419 quia
3068 2349 3210 2405 sicut
3236 2349 3315 2403 ait
3336 2349 3622 2419 Scriptura
3646 2367 3663 2402 :
3687 2348 3873 2405 Justus

2280 2454 2349 2495 ex
2380 2438 2484 2494 ﬁde
2507 2436 2661 2494 vivit;
2689 2438 2758 2493 Et
2783 2439 2926 2494 sicut
2948 2439 3237 2510 Apostolus
3265 2458 3279 2494 :
3314 2458 3333 2491 ι
3363 2438 3515 2495 Nunc
3539 2448 3732 2496 autem
3758 2455 3871 2495 ma-

2281 2538 2413 2586 nent
2448 2529 2616 2596 ﬁdes,
2648 2544 2799 2600 spes,
2831 2530 3102 2597 charitas,
3131 2530 3231 2585 tria
3272 2530 3387 2586 haec
3426 2530 3476 2601 (ι
3508 2530 3639 2585 Cor.
3667 2533 3818 2603 xm).
3847 2550 3864 2581 ι

2282 2622 2424 2679 Vera
2464 2630 2550 2677 est
2599 2630 2779 2676 autem
2817 2618 2953 2676 ﬁdes
2994 2635 3115 2690 qua:
3141 2620 3243 2676 hoc
3270 2619 3445 2677 credit
3484 2630 3703 2686 mente,
3734 2622 3869 2690 quod

2281 2729 2391 2769 non
2414 2713 2561 2768 videt
2584 2726 2842 2782 corpore,
2873 2719 3008 2765 teste
3033 2711 3314 2781 Apostolo,
3333 2711 3424 2782 qui
3450 2711 3529 2765 ait
3554 2712 3614 2766 in
3635 2711 3871 2782 Epistula

2281 2802 2348 2857 ad
2371 2801 2664 2857 Hebraeos:
2697 2819 2715 2851 ι
2740 2801 2836 2855 Est
2855 2798 2987 2858 ﬁdes
3006 2799 3393 2871 speraudarum
3416 2816 3604 2855 rerum
3626 2802 3870 2857 substan-

2282 2892 2379 2958 tia,
2409 2898 2782 2963 argumentum
2810 2905 2917 2949 uou
2944 2890 3317 2961 apparentium
3349 2887 3539 2962 (Hebr.
3565 2891 3672 2963 ιι).
3709 2911 3731 2942 ι

2791 3001 3074 3059 HOMILIA
3109 3002 3367 3059 CXXVII.

2587 3087 2841 3127 DOMINICA
2880 3088 2968 3128 XVI
3008 3088 3137 3129 POST
3177 3088 3578 3129 PENTECOSTKN.

2357 3167 2598 3238 (Murri.
2627 3168 2728 3237 γι.)
2757 3187 2774 3218 ι
2801 3165 2859 3221 ιιι
2882 3167 2973 3223 illo
2997 3176 3238 3238 tempore
3258 3169 3393 3224 dixit
3412 3168 3574 3225 Jesus
3598 3162 3863 3240 discipulis

2291 3278 2309 3310 ‹
2344 3260 2457 3314 suis
2488 3278 2501 3313 :
2541 3258 2710 3314 Nemo
2750 3267 2929 3330 potest
2959 3258 3170 3315 duobus
3210 3259 3447 3317 dominis
3480 3262 3712 3316 servire.
3748 3280 3768 3312 ι
3804 3262 3860 3315 Et

2286 3348 2511 3420 reliqua.
2543 3340 2677 3404 Cum
2720 3349 2787 3404 ad
2816 3350 2973 3406 unius
3004 3351 3101 3406 Dei
3124 3351 3391 3407 culturam
3418 3351 3689 3407 Dominus
3719 3351 3859 3407 Jescs

2285 3439 2533 3496 Christus
2563 3448 2771 3496 mentes
2797 3441 3074 3496 hominum
3096 3449 3434 3512 provocaret,
3471 3442 3661 3498 sciens
3685 3444 3851 3498 buma-

2285 3546 2410 3585 nam
2462 3539 2710 3584 naturam
2754 3531 2864 3586 Deo
2891 3530 3050 3585 simul
3084 3540 3138 3587 et
3181 3530 3397 3586 diabolo
3430 3531 3714 3587 subditam
3755 3547 3853 3587 esse

2285 3636 2392 3677 non
2422 3636 2605 3691 posse,
2638 3620 2715 3675 ait
2759 3621 2901 3676 inter
2928 3630 3161 3677 caetera:
3190 3636 3209 3672 ι
3241 3619 3412 3677 Nemo
3449 3631 3636 3693 potest
3667 3623 3859 3677 duobus

2285 3712 2520 3767 dominis
2571 3712 2797 3768 servire.
2834 3731 2853 3765 ι
2898 3712 3015 3767 Duo
3057 3712 3301 3777 domini,
3345 3712 3491 3768 Deus
3533 3722 3584 3768 et
3621 3712 3862 3767 diabolus

2286 3793 2659 3873 intelliguntur
2686 3818 2699 3855 :
2733 3800 2993 3857 Dominus
3015 3803 3161 3857 enim
3189 3817 3221 3856 a
3250 3802 3533 3857 dominatu
3556 3817 3749 3858 nomen
3772 3816 3859 3854 ac.

2285 3881 2446 3965 cepit,
2479 3896 2623 3964 quod
2652 3909 2847 3949 nomen
2875 3893 2950 3949 illi
2981 3893 3294 3964 specialiter
3316 3894 3606 3958 convenit,
3645 3894 3741 3964 qui
3767 3909 3857 3948 non

2286 3983 2459 4051 solum
2481 3986 2834 4057 gubernator,
2856 3985 2954 4041 sed
2972 3986 3136 4041 etiam
3158 3985 3407 4041 conditor
3430 3994 3519 4041 est
3541 3987 3715 4041 totius
3735 4001 3860 4042 cm-

2289 4084 2442 4141 turm,
2474 4077 2565 4147 qui
2595 4084 2679 4132 est
2710 4076 2822 4131 Rex
2852 4092 3038 4148 regum
3067 4084 3123 4132 et
3154 4076 3409 4132 Dominus
3453 4077 3857 4133 dominantium.

2288 4166 2541 4224 Diabolus
2568 4169 2712 4226 enim
2737 4182 2844 4224 non
2867 4168 3099 4240 proprie,
3130 4169 3223 4225 sed
3250 4169 3473 4224 abusive
3494 4170 3766 4225 Dominus
3788 4169 3857 4224 di-

2285 4267 2405 4315 ctus
2429 4267 2511 4314 est
2527 4292 2543 4324 ,
2568 4274 2634 4314 eo
2653 4258 2797 4329 quod
2819 4258 3116 4313 dominium
3138 4273 3248 4314 suae
3274 4259 3581 4329 tyrannidis
3606 4260 3664 4314 in
3693 4274 3861 4315 eorum

2287 4353 2573 4417 mentibus,
2605 4352 2698 4422 qui
2747 4352 2797 4407 ei
2845 4366 2942 4429 per
2969 4351 3114 4407 mala
3156 4366 3321 4424 Opera
3350 4353 3689 4418 subduntur,
3718 4369 3857 4410 exer-

2288 4452 2427 4500 ceat.
2457 4443 2552 4498 llis
2576 4457 2706 4514 ergo
2734 4441 2941 4496 duobus
2975 4442 3207 4496 dominis
3235 4457 3374 4496 unus
3400 4441 3664 4514 idemque
3697 4445 3858 4505 homo.

2288 4549 2394 4591 uno
2435 4533 2735 4601 eodemque
2782 4539 3024 4600 tempore
3069 4532 3273 4586 servire
3308 4530 3470 4587 simul
3499 4548 3613 4588 non
3654 4542 3856 4604 potest:

2285 4623 2412 4694 quia
2441 4622 2594 4677 valde
2632 4622 2772 4675 inter
2814 4635 2873 4675 se
2921 4620 3197 4676 contraria
3244 4629 3372 4677 sunt
3398 4629 3456 4677 et
3481 4621 3728 4688 diversa,
3757 4636 3860 4695 qua

2285 4714 2545 4769 Dominus
2566 4713 2839 4784 prmcepit,
2865 4721 2919 4768 et
2938 4712 3184 4770 diabolus
3199 4715 3471 4785 suggerit;
3490 4716 3648 4772 verbi
3662 4717 3859 4789 gratia:

2285 4807 2542 4861 Dominus
2567 4806 2822 4875 pnecepit
2865 4806 3226 4883 humilitatem
3259 4816 3316 4863 et
3362 4808 3614 4865 diabolus
3636 4810 3864 4881 suggerit

2284 4894 2591 4967 superbiam
2616 4912 2632 4962 ;
2674 4895 2933 4951 Dominus
2963 4905 3122 4951 vocat
3155 4897 3224 4953 ad
3256 4897 3564 4953 castitatem
3584 4938 3602 4964 ,
3631 4898 3862 4955 diabolus

2285 4984 2575 5056 persuadet
2597 4984 2862 5040 luxuriam
2880 5002 2896 5051 ;
2913 4984 3170 5042 Dominus
3188 4985 3454 5058 largitatis
3472 4986 3863 5060 eleemosynattt

2287 5073 2537 5144 imperat,
2570 5072 2813 5129 diabolus
2841 5076 3159 5140 avaritiam;
3193 5075 3452 5133 Dominus
3496 5092 3730 5149 pacem,
3760 5078 3862 5134 dia-

2287 5164 2441 5220 bolus
2489 5164 2845 5239 discordiam;
2890 5165 3151 5223 Dominus
3202 5166 3584 5237 dilectionem,
3630 5169 3864 5226 diabolus

2288 5254 2490 5310 odium.
2526 5255 2591 5309 Et
2632 5263 2691 5309 ut
2738 5266 2931 5312 cuncta
2963 5257 3199 5313 breviter
3222 5259 3582 5327 concludam,
3617 5261 3866 5318 Dominus

2288 5354 2447 5402 vocat
2472 5347 2538 5402 ad
2567 5347 2820 5415 virtutes,
2852 5348 3095 5404 diabolus
3123 5350 3191 5405 ad
3234 5351 3380 5404 vitia.
3410 5350 3476 5405 Et
3507 5351 3633 5411 ideo
3660 5368 3773 5407 non
3795 5361 3867 5405 est

2289 5437 2522 5492 humana
2551 5453 2703 5493 mens
2732 5446 2838 5493 tam
2868 5439 3046 5511 ampla
3074 5449 3132 5495 et
3156 5456 3323 5511 capax
3344 5482 3359 5504 ,
3388 5450 3447 5495 ut
3466 5453 3764 5513 utramque
3788 5458 3868 5496 vo-

2290 5527 2571 5593 luntatem,
2605 5537 2887 5599 utramque
2913 5531 3231 5587 servitutem
3262 5533 3315 5586 in
3353 5547 3411 5588 se
3448 5532 3613 5589 simul
3644 5536 3869 5589 retinere

2292 5620 2478 5690 possit.
2516 5620 2847 5691 Dedignatur
2888 5622 3033 5676 enim
3077 5622 3327 5679 Christus
3369 5640 3558 5681 eorum
3603 5628 3872 5697 suscipere

2292 5713 2533 5779 servitia,
2565 5714 2657 5784 qui
2690 5716 2888 5771 mentis
2917 5716 3112 5773 collum
3139 5717 3269 5789 jugo
3308 5719 3507 5776 diaboli
3546 5727 3867 5791 supponunt,
