4014 6354
146 364 250 424 681
1358 345 1663 406 ιιυδιιωιΕ
1698 345 1776 399 DE

1878 342 2169 400 EMPORE.
3304 334 3411 394 682

150 487 295 537 teste
329 473 584 547 Apostolo
602 515 615 538 ,
646 471 736 542 qui
766 470 841 525 ait
870 486 884 525 :
915 486 934 521 ι
969 463 1097 535 Qum
1121 462 1409 522 conventio
1433 458 1634 518 Christi
1662 456 1733 514 ad
1759 459 1809 523 Α
1835 455 2127 529 pertineat,
2149 469 2270 510 cum
2290 453 2469 511 anima
2491 452 2807 524 incorporea
2840 450 2911 506 sit
2929 437 3231 515 invisibilis,
3254 449 3413 507 cibus

153 543 495 629 Beliall-aut
536 568 655 637 quzc
683 564 915 620 societas
938 560 1044 616 luci
1072 560 1141 615 ad
1173 555 1458 613 tenebras?
1496 559 1590 607 aut
1616 564 1737 622 qua:
1835 555 2015 604 autem
2060 545 2309 603 visibilis.
2363 545 2569 613 Quibus
2620 543 3053 616 respondendum
3111 552 3225 609 est,
3282 543 3412 616 quia

122 678 290 736 pars
328 660 474 717 lideli
516 636 637 714 cum
682 653 921 711 infideli?
961 650 1049 725 (II
1086 648 1209 705 Cor.
1249 646 1349 719 vt).
1401 664 1420 698 ι
1450 642 1624 699 Nulla.
1670 640 1739 696 Et
1836 637 2017 699 anima
2057 642 2113 697 in
2139 642 2243 736 hoc
2279 638 2399 729 loco
2441 653 2541 736 pro
2562 637 2818 711 praesenti
2847 636 2955 692 vita
2992 636 3230 709 ponitur,
3258 636 3415 736 cujus

160 726 307 815 sicut
330 754 435 810 alia
459 752 723 823 scriptura
753 748 869 803 ait:
896 746 1066 803 Nemo
1091 751 1192 808 est,
1216 741 1305 812 Qui
1337 744 1625 807 utrumque
1646 749 1741 790 va.
1838 731 2259 792 sustentaculum
2280 726 2385 821 est
2409 729 2563 786 cibus
2602 737 2658 786 et
2683 738 2864 801 potus,
2906 742 3127 783 somnus
3165 736 3221 783 et
3253 726 3420 784 vesti-

160 851 276 908 leat
322 847 518 913 simul,
555 855 611 900 et
642 844 853 899 mittere
900 852 1117 895 manum
1164 848 1316 891 suam
1360 832 1416 887 in
1459 828 1738 886 ambobus.

162 940 307 998 Hinc
333 953 431 1011 per
466 936 724 994 Iacobum
750 932 987 988 dicitur:
1021 946 1041 981 ι
1074 925 1169 982 Vir
1200 918 1392 994 duplex
1421 921 1622 986 animo,
1655 917 1737 973 in-

1839 834 2102 884 mentum.
2120 820 2390 894 Quaeritur
2412 829 2593 878 autem
2620 836 2787 893 quare
2809 820 3025 888 dixerit,
3056 838 3074 871 t
3098 818 3177 876 Ne
3202 819 3421 878 solliciti

1842 917 1962 975 sitis
1989 914 2399 972 animae'vestrae
2432 912 2563 984 quid
2589 911 2948 978 manducetis,
2975 929 2995 964 ι
3029 925 3155 967 cum
3179 911 3421 981 inglaude

163 1001 423 1090 constans
461 1036 545 1085 est
581 1027 635 1081 in
677 1024 929 1081 omnibus
952 1019 1203 1077 viis.suis
1230 1018 1370 1091 (Jac.
1400 1016 1461 1088 ι).
1501 1036 1520 1070 ι
1549 1015 1617 1091 Et
1649 1028 1746 1084 per
1841 1008 1943 1063 viri
1965 1006 2136 1064 sancti
2160 1006 2363 1063 dictum
2379 1004 2449 1060 sit
2467 1018 2566 1075 per
2587 1002 2914 1073 Prophetam
2942 1021 2955 1057 :
2993 1020 3011 1055 ι
3035 1001 3275 1060 Labores
3305 1018 3422 1059 ma—

161 1123 365 1181 lsaiam
388 1121 707 1194 prophetam
737 1135 751 1172 :
786 1103 877 1172 Via:
902 1112 1174 1186 peceatori
1201 1124 1399 1167 terram
1428 1105 1746 1181 ingredienti

166 1213 383 1271 duabus
404 1211 527 1267 viis.
562 1225 583 1262 ι
614 1207 722 1264 Ant
746 1206 891 1262 enim
919 1219 1088 1260 unum
1115 1203 1240 1258 odio
1266 1199 1509 1267 habebit,
1539 1206 1594 1254 et
1617 1197 1750 1252 alte-

171 1323 197 1359 ‹
245 1320 364 1361 rum
389 1303 577 1374 diliget
603 1318 619 1358 :
645 1308 739 1354 aut
762 1312 929 1353 unum
951 1292 1260 1360 sustinebit,
1288 1299 1343 1348 et
1371 1290 1597 1347 alterum
1623 1304 1752 1344 con-

176 1413 199 1448 ι
247 1393 466 1451 temn‘e't.
485 1400 510 1445 δ
539 1380 704 1446 Odiet
720 1383 971 1442 videlicet
992 1382 1284 1447 diabolum,
1304 1387 1360 1437 et
1384 1374 1569 1451 diliget
1588 1376 1748 1434 Chri—

168 1494 343 1545 stum.
370 1483 477 1553 Qui
525 1482 669 1539 enim
716 1478 889 1551 diligit
929 1476 1134 1543 Deum,
1177 1474 1291 1530 odit
1322 1471 1542 1528 malum.
1583 1468 1753 1553 Nemo

174 1575 324 1635 enim
353 1550 462 1631 tam
488 1572 618 1630 ferze
642 1550 839 1626 mentis
864 1575 969 1634 est,
1006 1565 1099 1638 qui
1125 1579 1185 1622 se
1206 1564 1377 1620 Deum
1401 1559 1580 1617 verbis
1605 1550 1756 1614 odire

178 1668 432 1724 fateatur.
457 1661 567 1718 Sed
588 1660 739 1716 odire
777 1658 948 1714 Deum
986 1655 1203 1721 dicitur,
1231 1653 1324 1724 qui
1350 1660 1475 1708 eum
1503 1663 1610 1704 non
1636 1645 1757 1703 dili-

178 1758 283 1830 git,
314 1754 368 1809 id
396 1760 481 1808 est
507 1728 619 1821 qui,
640 1747 757 1818 ejus
784 1753 1057 1819 prazcepta
1098 1759 1205 1801 non
1236 1740 1503 1807 custodit,
1528 1739 1595 1796 de
1625 1753 1759 1809 qua-

1844 1113 2009 1155 nuum
2032 1107 2245 1153 tuarum
2267 1095 2393 1167 quia
2413 1093 2784 1159 manducabis,
2805 1093 2995 1150 beatus
3016 1109 3075 1150 es
3095 1103 3152 1150 et
3168 1094 3306 1150 bene
3325 1095 3426 1151 tibi

1846 1189 1950 1245 erit
1962 1187 2132 1261 (Psal.
2149 1185 2406 1258 cxxvn)»
2425 1184 2505 1242 Ad
2517 1185 2658 1257 quod
2676 1179 2958 1241 dicendum
2971 1185 3096 1256 quia
3112 1186 3164 1241 in
3181 1186 3283 1242 hoc
3304 1186 3423 1243 loco

1848 1274 2107 1335 Dominus
2135 1287 2239 1333 non
2268 1276 2508 1333 laborem
2540 1270 2846 1347 prohibuit,
2879 1275 2972 1331 sed
3006 1274 3423 1332 sollicitudinem

1849 1369 2037 1426 vetuit.
2053 1368 2326 1423 Laborare
2337 1366 2479 1422 enim
2493 1365 2649 1422 debet
2661 1363 2821 1421 homo
2833 1366 2973 1421 unde
2986 1366 3152 1433 vivat,
3167 1384 3269 1422 non
3288 1368 3432 1423 unde

1850 1456 2003 1521 dives
2014 1455 2241 1519 elliciatu
2250 1478 2295 1530 r,
2310 1456 2633 1535 sicutprimo
2644 1454 2847 1516 homini
2862 1460 3060 1515 dictum
3073 1459 3426 1533 est(Gen.ttt):

1858 1556 1945 1612 «in
1962 1556 2158 1612 sudore
2172 1555 2347 1610 vultus
2368 1553 2445 1609 tui
2459 1552 2694 1609 vesceris
2710 1566 2846 1623 pane
2869 1571 2888 1603 ι
2915 1559 3026 1606 tuo.
3050 1549 3186 1608 Hinc
3201 1554 3428 1622 Aposto-

1853 1648 1937 1705 lus
1952 1640 2226 1719 discipulis
2240 1648 2351 1703 suis
2363 1644 2633 1718 praecepi‘t:
2646 1663 2664 1695 ‹
2677 1641 2843 1716 Magis
2857 1657 3035 1700 autem
3048 1644 3258 1701 laboret
3271 1661 3434 1701 unus«

1854 1742 2083 1812 quisque
2111 1735 2383 1811 Operando
2409 1737 2656 1792 manibus
2694 1737 2806 1791 suis
2839 1734 2982 1807 quod
3012 1736 3214 1791 bonum
3242 1744 3343 1802 est,
3378 1745 3437 1791 ut

183 1825 452 1915 libusipse
463 1841 622 1897 dicit:
646 1858 665 1892 ‹
693 1839 831 1907 Quia
848 1837 1217 1900 videruntme,
1236 1842 1292 1890 et
1305 1831 1428 1888 odio
1450 1830 1759 1886 habuerunt
1787 1828 1833 1889 B
1860 1831 2219 1915 h_abeat.unde
2238 1829 2438 1885 tribuat
2462 1826 2839 1883 necessitatem
2864 1825 3189 1897 patientibus
3216 1825 3435 1900 (Ep/tes.

182 1948 278 1992 me
323 1933 489 2006 gratis
509 1930 692 2005 (Joan.
721 1929 835 2000 xv).
870 1927 1009 1996 iQni
1038 1934 1216 1981 autem
1245 1920 1542 1980 contemnit
1564 1919 1759 1984 Deum,

180 2025 416 2082 sustinet
426 2020 697 2078 diabolum
714 2020 904 2076 durum
916 2029 973 2073 et
981 2016 1344 2087 perniciosum
1358 2011 1631 2068 dominum
1641 2051 1656 2077 ,
1670 2008 1763 2080 qui

180 2122 298 2168 non
323 2110 494 2166 solum
522 2111 576 2166 in
597 2118 861 2181 perpetua
899 2120 1081 2177 paena,
1107 2105 1202 2161 sed
1224 2104 1389 2159 etiam
1433 2102 1485 2156 in
1508 2099 1764 2172 prmsenti

185 2200 433 2270 vita,qui
452 2200 502 2255 ei
530 2199 791 2262 serviunt,
821 2195 989 2251 multa
1016 2194 1153 2251 dura
1185 2202 1238 2248 ct
1259 2206 1449 2264 aspera
1464 2190 1763 2248 sustinent.

185 2291 351 2345 Sicut
372 2289 515 2345 enim
538 2303 677 2344 onus
704 2285 905 2342 Christi
934 2284 1051 2340 leve
1075 2292 1160 2340 est
1180 2291 1236 2338 et
1260 2281 1448 2353 jugum
1474 2294 1656 2344 suave,
1691 2278 1767 2333 ita

190 2379 502 2437 econtrario
528 2378 761 2434 servitus
792 2375 989 2432 diaboli
1015 2373 1151 2429 dura
1175 2380 1259 2429 est
1282 2379 1338 2427 et
1375 2384 1586 2453 aspera.
1617 2367 1769 2426 Unde

188 2472 266 2529 de
293 2472 379 2529 his
416 2471 507 2542 qui
535 2471 654 2542 ejus
688 2470 1016 2526 voluntatem
1047 2473 1365 2538 sequuntur,
1400 2478 1497 2535 per
1522 2460 1769 2518 Salomo-

191 2574 322 2616 nem
349 2558 587 2614 dicitur:
620 2578 641 2611 ‹
671 2557 788 2613 Non
820 2558 964 2612 enim
1010 2556 1316 2621 dormiunt,
1347 2553 1453 2610 nisi
1489 2550 1768 2608 malefece~

192 2652 310 2708 rint
343 2667 357 2704 :
392 2665 492 2706 nec
514 2650 721 2721 rapitur
742 2665 966 2705 somnus
989 2649 1057 2703 ab
1080 2648 1252 2704 oculis
1279 2662 1491 2712 eorum,
1519 2646 1620 2702 nisi
1646 2658 1747 2716 sup

194 2740 562 2811 plantaverint
608 2738 799 2810 (Prov.
828 2737 941 2810 tv).
974 2757 997 2790 ι
1029 2737 1096 2793 Et
1120 2752 1218 2807 per
1235 2737 1554 2806 prophetam
1594 2752 1608 2788 :
1649 2752 1667 2786 ι
1708 2734 1774 2790 Ut

197 2833 384 2903 inique
421 2840 675 2903 agerent,
718 2830 1102 2886 laboraverunt
1135 2830 1273 2900 (Jcr.
1314 2830 1410 2899 ιχ).
1453 2849 1472 2880 ι
1510 2827 1613 2884 Sed
1649 2827 1775 2897 quia

199 2922 448 2979 dlaboius
463 2923 609 2977 hanc
628 2921 943 2976 servitutem
964 2920 1198 2976 maxime
1219 2920 1272 2974 in
1296 2934 1481 2974 eorum
1506 2916 1774 2973 mentibus

200 3015 430 3080 invenit,
452 3014 544 3084 qui
572 3011 813 3068 avaritiae
836 3011 1057 3067 aestibus
1082 3008 1293 3075 ardent,
1322 3019 1467 3065 recte
1495 3007 1772 3064 subditur:

203 3122 229 3155 1
268 3103 386 3160 Non
425 3101 648 3174 potestis
677 3101 788 3157 Deo
824 3100 1029 3156 servire
1078 3110 1133 3155 et
1174 3114 1511 3155 mmnmonte.
1558 3116 1578 3150 ι
1608 3095 1775 3151 Marn—

1863 1904 1961 1994 tv).
1995 1941 2014 1975 ι
2040 1904 2108 1976 Et
2133 1936 2201 1977 ne
2224 1934 2375 1976 mens
2402 1919 2637 1974 humana
2668 1917 2732 1971 de
2760 1917 3042 1986 prteseutis
3067 1914 3190 1971 vitae
3222 1927 3438 1971 susten-

1863 2011 2042 2070 taculo
2068 2012 2374 2077 dubitaret,
2403 2009 2580 2066 adhuc
2616 2003 2910 2080 subjunxit,
2941 2007 3164 2064 dicens:
3198 2026 3216 2057 σ
3255 2007 3441 2064 Nonne

1871 2112 1890 2159 ι
1927 2105 2104 2160 anima
2134 2103 2254 2175 plus
2299 2109 2384 2158 est
2409 2114 2571 2173 quam
2612 2115 2770 2164 esca,
2821 2108 2875 2155 et
2916 2114 3111 2170 corpus
3133 2098 3252 2171 plus
3276 2114 3438 2171 quam

1872 2212 1893 2247 ι
1928 2193 2342 2250 vestimentum?
2372 2212 2393 2247 ι
2425 2191 2504 2249 Ac
2534 2191 2580 2248 si
2624 2188 2831 2248 diceret
2863 2209 2876 2245 :
2906 2190 3009 2260 Qui
3056 2192 3261 2261 majora
3302 2207 3441 2263 prae-

1867 2284 2005 2340 s'titit
2036 2284 2315 2350 Dominus,
2332 2282 2561 2368 .minora
2594 2299 2700 2339 non
2730 2283 2982 2356 negabit;
3031 2283 3123 2354 qui
3151 2283 3295 2340 dedit
3320 2283 3440 2338 ani-

1870 2386 2039 2442 mam,
2068 2374 2216 2432 dabit
2238 2383 2293 2432 et
2313 2370 2523 2440 cibum;
2553 2383 2609 2432 et
2632 2374 2724 2447 qui
2765 2374 2952 2431 tribuit
2980 2390 3205 2448 corpus,
3229 2373 3448 2445 adjiciat

1869 2466 2271 2523 vestimentum.
2298 2466 2366 2522 Et
2406 2482 2474 2524 ne
2522 2480 2673 2523 mens
2722 2466 2956 2523 humana
2998 2467 3098 2524 sub
3142 2466 3449 2549 fragilitatis

1872 2561 2157 2618 occasione
2184 2560 2250 2616 de
2286 2558 2571 2630 praesentis
2605 2557 2731 2615 vita:
2759 2559 3080 2616 necessitate
3107 2569 3447 2623 causaretur,

1873 2634 2133 2707 Dominus
2177 2650 2244 2706 de
2288 2648 2594 2707 volatilibus
2640 2649 2766 2706 coeli
2813 2648 3119 2723 exemplum
3173 2650 3445 2713 adhibuit,

1873 2740 2058 2797 dicens
2086 2758 2101 2795 :

1951 2848 1969 2881 σ
2007 2826 2279 2900 Respicite
2318 2827 2555 2884 volatilia
2605 2828 2758 2895 caeli,
2787 2829 3041 2901 quoniam
3086 2844 3194 2886 non
3243 2837 3449 2894 serunt,

1882 2939 1901 2972 ε
1945 2931 2120 2990 neque
2153 2928 2395 2986 metunt,
2439 2930 2611 2989 neque
2656 2928 2986 2993 congregant
3031 2920 3086 2975 in
3134 2920 3362 2986 horrea,
3397 2929 3457 2978 et

1884 3021 1903 3064 ι
1948 3012 2107 3067 Pater
2140 3021 2317 3067 vester
2348 3009 2785 3081 coelestis'pascit
2807 3010 2916 3067 illa.
2951 3031 2971 3065 ι
3008 3012 3085 3067 Ac
3123 3011 3169 3067 si
3200 3010 3402 3067 diceret
3436 3028 3449 3063 :

1880 3102 1939 3158 Si
1961 3102 2103 3159 Deus
2131 3102 2366 3157 volatilia
2393 3100 2532 3164 catli,
2562 3118 2680 3172 quas
2702 3102 2937 3157 animam
2964 3102 3329 3158 irrationalcm
3360 3104 3457 3156 ha-

203 3208 364 3250 mona
410 3202 591 3250 autem
622 3192 884 3249 Hebraice
918 3192 1002 3247 vel
1042 3190 1297 3262 Syriaca,
1334 3189 1529 3245 Latine
1574 3189 1774 3245 divitiae
1800 3175 1846 3239 Ο
1876 3193 2025 3259 bent,
2056 3191 2256 3261 absque
2284 3191 2450 3246 aratri
2492 3190 2677 3246 labore
2703 3199 2758 3247 et
2788 3192 2906 3248 sine
2938 3191 3295 3248 sollicitudine
3336 3209 3453 3248 me-

206 3284 626 3357 interpretatur;
658 3300 690 3339 a
718 3298 944 3355 quarum
988 3283 1319 3353 proprietate
1360 3297 1465 3337 non
1505 3272 1663 3352 longo
1692 3296 1778 3337 so-

209 3375 381 3431 cietas
404 3376 617 3431 Punicae
642 3375 836 3446 linguas
867 3374 1051 3439 distat,
1080 3373 1205 3443 quia
1234 3370 1449 3428 Punica:
1486 3386 1778 3437 mammon,

211 3468 404 3526 Latine
445 3468 655 3522 lucrum
697 3464 915 3521 dicitur.
955 3463 1155 3519 Audiat
1202 3463 1305 3519 hoc
1347 3478 1565 3529 avarus,
1604 3464 1784 3519 audiat

210 3559 307 3630 qui
328 3557 635 3613 Christiano
667 3563 920 3611 censetur
948 3554 1198 3621 nomine,
1227 3563 1283 3610 et
1306 3553 1566 3625 intelligat
1590 3569 1650 3609 se
1677 3554 1784 3608 Deo

211 3648 378 3707 simul
415 3657 472 3704 et
509 3630 711 3703 divitiis
740 3646 948 3702 servire
986 3660 1094 3700 non
1122 3658 1299 3716 posse.
1330 3643 1488 3699 Aliud
1531 3652 1615 3699 est
1642 3644 1783 3700 enim

211 3740 419 3797 habere
445 3737 691 3803 divitias,
721 3745 775 3792 et
802 3734 947 3790 aliud
989 3734 1193 3790 servire
1239 3733 1461 3789 divitiis.
1488 3728 1595 3805 Qui
1642 3733 1785 3788 enim

209 3830 523 3887 divitiarum
562 3828 820 3884 Dominus
843 3833 945 3892 est,
974 3839 1067 3882 eas
1109 3833 1168 3881 ut
1196 3825 1453 3881 Dominus
1481 3824 1783 3898 distribpit,

213 3920 448 3990 implens
460 3897 589 3974 illud
608 3916 749 3989 quod
763 3932 861 3988 per
879 3916 1199 3987 Prophetam
1216 3916 1410 3973 dicitur
1425 3930 1439 3974 :
1463 3935 1482 3968 ι
1502 3897 1787 3987 Dispersit,

212 4011 367 4067 dedit
392 4009 751 4081 pauperibus,
790 4006 1003 4076 justitia
1045 4006 1163 4078 ejus
1200 4015 1386 4064 manet
1431 4007 1487 4063 in
1534 4007 1788 4063 stcculum

214 4101 401 4159 seaculi
428 4099 738 4174 (Psal.cx1).
758 4118 780 4154 ι
811 4099 913 4168 Qui
935 4107 1112 4156 autem
1137 4113 1324 4155 earum
1344 4113 1531 4155 servus
1551 4109 1655 4166 est,
1683 4116 1791 4155 non

215 4192 392 4248 solum
420 4191 478 4246 in
502 4190 865 4262 acquirendis,
892 4190 985 4247 sed
1009 4191 1169 4246 etiam
1196 4190 1252 4246 in
1273 4191 1633 4247 custodiendis
1654 4191 1797 4246 solli-

218 4284 331 4338 cita
346 4282 603 4338 servitute
625 4289 923 4351 torquetur.
941 4280 1140 4337 Etideo
1159 4280 1286 4336 dum
1298 4280 1556 4336 servitute
1575 4279 1794 4335 divitia—

219 4388 343 4428 rum
364 4372 671 4443 implicatus
692 4379 922 4437 tenetur,
943 4386 974 4426 a
989 4370 1190 4427 Christi
1209 4370 1469 4427 servitute
1480 4378 1793 4426 evacuatur.

220 4462 361 4531 Quia
381 4463 572 4519 fluvius
589 4463 717 4519 dum
742 4463 794 4518 in
814 4462 996 4518 multis
1015 4461 1201 4518 rivulis
1222 4462 1499 4530 dividitur,
1522 4478 1551 4517 a
1575 4463 1798 4535 proprio

222 4527 379 4611 niveo
403 4557 657 4611 siccatur.
688 4555 843 4612 Unde
868 4554 1127 4611 Dominus
1152 4554 1231 4610 ait
1258 4554 1312 4609 in
1339 4527 1633 4627 Evangelia
1658 4527 1796 4612 :-Di-
1824 4527 1876 4588 D

222 4647 371 4702 vittae
411 4655 467 4702 et
495 4646 797 4718 voluptates
841 4644 1106 4702 sullocant
1130 4647 1380 4713 verbum,
1422 4656 1483 4702 ut
1511 4663 1620 4702 non
1660 4645 1799 4703 ferat

225 4736 486 4791 fructum.
548 4735 685 4792 Hinc
733 4750 832 4807 per
878 4735 1136 4793 Iacobum
1185 4737 1485 4807 apostolum
1535 4739 1733 4795 dicitur
1782 4754 1797 4792 :

228 4847 251 4879 ι
280 4822 470 4882 Omnis
503 4827 597 4897 qui
620 4825 850 4883 voluerit
872 4827 1081 4883 amicus
1109 4841 1230 4884 esse
1261 4829 1443 4885 saeculi
1473 4829 1662 4900 hujus,
1693 4831 1800 4886 ini-

226 4919 403 4973 micus
451 4917 546 4973 Dei
594 4918 943 4975 constituitur
984 4918 1127 4990 (Jac.
1176 4918 1272 4991 tv).
1302 4939 1322 4973 ι
1352 4921 1505 4977 Unde
1544 4937 1671 4988 eos,
1710 4923 1805 4993 qui

226 5007 448 5064 Christo
476 5007 683 5064 servire
713 5007 1041 5074 desiderant,
1071 5007 1326 5064 Dominus
1356 5008 1425 5064 ad
1453 5018 1803 5080 spontaneum

229 5105 603 5166 paupertatem
631 5096 845 5164 invitat,
874 5110 998 5152 cum
1026 5097 1319 5168 subjungit,
1349 5098 1572 5154 dicens:

306 5202 329 5234 ι
361 5183 487 5240 hleo
517 5184 640 5240 dico
683 5184 856 5251 vobis,
884 5199 955 5240 ne
993 5185 1209 5241 solliciti
1247 5185 1368 5242 sitis
1395 5187 1589 5243 anima:
1613 5195 1807 5244 vestrae

234 5293 255 5326 ι
293 5275 426 5345 quid
476 5276 849 5342 manducetis,
894 5291 1070 5346 neque
1105 5279 1321 5349 corpori
1348 5288 1530 5337 vestro
1561 5280 1689 5350 quid
1725 5280 1808 5336 in-

1881 3284 2024 3339 tendi
2047 3293 2208 3353 atque
2230 3283 2283 3337 in
2308 3283 2500 3337 horrea
2522 3282 2879 3353 congregandi
2900 3282 3091 3353 pascit,
3114 3297 3453 3352 nequaquam

1881 3376 2153 3431 hominem
2196 3375 2265 3430 ad
2312 3372 2602 3443 imaginem
2651 3383 2706 3429 et
2746 3374 3150 3431 similitudinem
3192 3389 3344 3431 suam
3376 3373 3457 3428 fa-

1882 3474 2060 3532 ctum,
2110 3465 2251 3521 fame
2302 3464 2484 3537 perire
2533 3464 2791 3536 patietur.
2842 3464 2995 3521 Unde
3044 3474 3100 3524 et
3150 3464 3398 3520 subditur
3443 3480 3454 3514 :

1890 3577 1908 3611 t
1943 3557 2128 3614 Nonne
2153 3566 2251 3614 'vos
2289 3557 2461 3628 magis
2490 3556 2659 3627 pluris
2685 3556 2816 3613 estis
2846 3555 2984 3612 illis?
3012 3575 3031 3609 ι
3059 3555 3211 3625 Quod
3242 3571 3347 3611 non
3389 3556 3458 3610 ad

1885 3660 2197 3716 numerum,
2226 3649 2320 3706 sed
2350 3643 2745 3720 ad.imaginem
2789 3647 3052 3723 pertinet,
3082 3648 3224 3719 quod
3264 3658 3347 3703 est
3374 3648 3462 3704 di-
3500 3662 3508 3671 '

1887 3749 2011 3798 cere
2038 3759 2052 3796 :
2083 3724 2262 3797 Pluris
2282 3743 2414 3797 estis
2442 3740 2568 3808 illis,
2591 3739 2645 3796 id
2674 3748 2757 3796 est
2780 3739 3089 3806 rationales,
3121 3740 3246 3811 quia
3278 3739 3463 3795 melio-

1889 3850 1976 3891 res
2001 3834 2134 3890 estis
2161 3829 2285 3888 illis.
2316 3828 2467 3887 Alius
2494 3831 2637 3886 enim
2672 3829 2998 3904 evangelista
3027 3846 3126 3902 pro
3158 3830 3469 3887 volatilibus

1890 3925 2013 3982 εαξιί
2063 3923 2368 3995 specialiter
2411 3936 2601 3980 corvos
2650 3922 2867 3992 posuit,
2909 3921 3095 3978 dicens
3135 3939 3149 3976 :
3195 3921 3467 3993 Respicite

1892 4030 2103 4071 corvos.
2140 4013 2384 4070 Tradunt
2422 4013 2568 4069 enim
2596 4011 2917 4085 physiologi,
2951 4013 3078 4083 quia
3110 4014 3323 4084 quando
3351 4028 3472 4069 cor-

1893 4121 2082 4161 vorum
2124 4103 2257 4176 pulli
2295 4102 2566 4175 procreati
2610 4102 2843 4171 fuerint,
2882 4104 3067 4161 tandm
3099 4118 3129 4159 a
3158 4104 3472 4176 parentibus

1895 4196 2131 4264 aluntur,
2160 4197 2509 4269 quoadusque
2537 4194 2965 4267 nigrescentibus
2991 4194 3188 4267 plumis
3218 4195 3471 4253 similitu-

1897 4292 2075 4346 dinem
2103 4304 2289 4346 eornm
2327 4288 2380 4343 in
2413 4303 2473 4345 se
2499 4287 2735 4345 formare
2762 4288 3020 4359 coeperit;
3046 4288 3141 4344 sed
3171 4288 3295 4357 quia
3320 4303 3349 4340 a
3380 4302 3499 4357 pa--

1834 4446 1839 4453 η
1897 4380 2142 4436 rentibus
2192 4380 2585 4451 relinquuntur,
2633 4378 2728 4433 Dei
2772 4376 3106 4449 providentia
3154 4387 3471 4450 pascuntur,

1904 4479 2036 4526 teste
2056 4468 2341 4525 Psalmista
2359 4468 2450 4540 qui
2471 4469 2575 4523 ait:
2598 4466 2728 4536 «Qui
2746 4467 2836 4523 dat
2851 4466 3113 4538 jumentis
3132 4480 3311 4547 escam
3327 4467 3471 4536 ipso-

1903 4578 2042 4629 rum,
2056 4571 2111 4619 et
2123 4559 2281 4633 pullis
2296 4577 2580 4618 corvorum
2596 4560 2970 4616 invocantibus
2984 4558 3433 4633 eum(PsaI.cxc).
3448 4580 3466 4611 ι

1905 4660 2053 4716 Unde
2067 4658 2248 4714 divina
2274 4668 2404 4713 voce
2420 4657 2487 4712 ad
2504 4657 2717 4712 beatum
2730 4653 2830 4711 Job
2846 4654 3044 4710 dicitur
3057 4651 3470 4728 (Caunum):

1915 4749 2077 4817 «Quis
2100 4754 2367 4820 przeparat
2388 4761 2550 4802 corvo
2569 4760 2749 4800 escam
2777 4760 2952 4809 suam,
2968 4744 3182 4814 quando
3206 4743 3336 4817 pulli
3355 4744 3472 4816 ejus

1905 4837 1971 4893 ad
2012 4837 2182 4892 Deum
2209 4836 2445 4893 clamant
2474 4835 2748 4906 vagientes
2795 4849 2860 4891 eo
2898 4834 3041 4906 quod
3087 4849 3193 4891 non
3240 4834 3479 4891 habeant

1905 4926 2090 4984 cibos?
2118 4945 2138 4979 ι
2168 4921 2227 4982 Si
2247 4938 2377 4997 ergo
2400 4935 2510 4981 tam
2534 4925 2659 4980 vilia
2688 4924 2945 4990 volatilia,
2968 4940 3088 4996 qua:
3113 4926 3274 4981 etiam
3303 4926 3480 4983 homi-

1909 5018 2069 5073 nibus
2101 5014 2370 5087 superllua
2395 5030 2515 5072 esse
2535 5014 2804 5081 videntur,
2830 5014 2970 5070 Deus
2997 5012 3140 5070 fame
3168 5015 3347 5086 perire
3373 5032 3479 5072 non

1910 5109 2133 5181 patitur,
2160 5102 2307 5164 nullo
2331 5107 2491 5164 modo
2518 5107 2793 5163 hominem
2822 5106 2889 5162 ad
2923 5106 3211 5179 imaginem
3244 5116 3301 5164 et
3335 5108 3485 5164 simi-

1911 5198 2192 5258 litudinem
2239 5216 2391 5257 suam
2433 5199 2635 5256 factum
2677 5198 2818 5257 fame
2861 5202 3040 5272 perire
3083 5202 3340 5273 patietur,
3379 5204 3488 5259 nisi

1914 5286 2054 5347 forte
2081 5292 2317 5362 peccatis
2338 5289 2733 5347 abundantibus
2756 5292 3010 5349 sterilitas
3037 5301 3196 5350 terrae
3215 5292 3363 5363 justo
3387 5296 3484 5350 Dei

236 5382 258 5414 ι
296 5364 557 5421 duamini.
589 5385 608 5418 ι
636 5365 717 5422 Ac
757 5366 804 5422 si
844 5366 1049 5423 diceret
1077 5385 1092 5423 :
1132 5368 1268 5436 Quia
1304 5383 1412 5425 non
1444 5371 1671 5441 potestis
1699 5370 1809 5428 Deo
1910 5376 2114 5448 judicio
2138 5387 2324 5434 contra
2366 5387 2614 5435 naturam
2657 5382 2890 5450 accidat,
2915 5381 3202 5440 Psalmista
3232 5393 3367 5439 teste
3392 5385 3484 5454 qui

233 5454 542 5556 Sf‘fVirefl
582 5470 934 5556 mammia,
1126 5458 1248 5513 dico
1287 5459 1471 5527 V0bi8.
1502 5476 1572 5556 tle
1597 5460 1812 5517 8011ίοὶιὶ
1914 5463 2028 5526 ait:
2064 5490 2082 5523 ι
2116 5469 2233 5525 Non
2274 5469 2383 5526 vidi
2416 5470 2621 5543 justum
2667 5473 3012 5541 derelictum,
3035 5491 3137 5531 nec
3159 5490 3343 5531 semen
3368 5476 3485 5543 ejus

234 5544 359 5600 sitis
384 5544 580 5601 anima:
599 5555 814 5603 vestrae.
835 5544 988 5601 Beati
1002 5546 1145 5602 enim
1164 5563 1427 5620 pauperes
1451 5550 1813 5622 spiritu,qno-
1913 5574 2159 5631 quaerens
2201 5574 2395 5631 panem
2443 5558 2614 5632 (Psal.
2645 5562 2852 5635 xxxvi).
2887 5583 2906 5618 ι
2939 5563 3005 5619 Ει
3046 5565 3239 5619 iterum
3286 5581 3298 5616 :
3346 5564 3488 5619 Nihil

236 5639 385 5694 niam
429 5639 671 5710 ipsorum
709 5648 795 5697 est
833 5654 1058 5713 regnum
1096 5640 1378 5697 caelorum.
1426 5640 1529 5699 Ubi
1567 5642 1814 5702 fortassis
1914 5648 2065 5706 deest
2090 5650 2398 5705 timentibus
2421 5650 2609 5707 Deum.
2629 5652 2762 5720 Quia
2790 5653 3045 5712 Dominus
3068 5656 3312 5724 superius
3337 5655 3487 5711 solli-

227 5729 598 5810 .simpliciores
632 5740 899 5886 quIaerunt,
926 5733 1302 5887 utre;vcli:ilus
1345 5735 1448 5793 iste
1470 5736 1538 5795 ad
1575 5738 1810 5797 animam
1914 5740 2205 5799 citudinem
2234 5742 2614 5815 prohibuerat,
2656 5761 2798 5803 nunc
2842 5747 3003 5802 etiam
3043 5747 3487 5803 vestimentorum

738 5840 962 5887 Ατιιοι..
1257 5868 1273 5887 .
3019 5839 3100 5887 99.

738 5840 962 5890 unos.
996 5839 1273 5888 mutu.
3019 5839 3100 5902 22
