4014 6354
549 291 682 385 635Ἴ

547 406 882 479 superﬂuam
906 422 1090 463 curam
1114 417 1286 477 .vetat,
1318 424 1442 465 cum
1472 411 1713 482 adjnngit
1748 431 1760 467 ε
1937 481 1940 485 ,

581 500 589 509 ’
633 518 653 553 ι
695 494 829 567 Quis
872 506 1052 552 autem
1096 509 1334 553 vestrum
1374 500 1660 571 cogitando
1676 486 1865 572 potest
1905 505 2139 576 adjicere

560 608 580 642 ι
628 589 695 645 ad
724 596 985 645 staturam
1030 602 1183 642 suam
1235 589 1473 645 cubitum
1523 593 1724 649 unum?
1763 604 1818 650 et
1862 595 1929 652 de
1973 599 2136 653 vesti-

560 700 581 732 «
628 674 811 736 mento
831 678 958 748 quid
984 678 1197 735 solliciti
1217 681 1384 735 estis?
1414 700 1433 733 ι
1462 678 1519 737 Si
1546 697 1674 752 ergo
1694 670 1942 741 omnibus
1967 684 2153 758 patet,

556 770 681 842 quia
711 769 888 825 nullus
917 768 984 823 ad
1013 778 1274 824 staturam
1301 785 1455 827 suam
1485 774 1722 828 cubitum
1752 775 1831 830 vel
1860 756 2154 833 minimam

554 871 764 934 partem
790 858 1023 931 adjicere
1048 872 1225 933 potest
1259 880 1272 915 :
1305 862 1390 917 ille
1408 865 1509 934 ‘qni
1554 863 1607 920 in
1652 880 1903 922 mensura
1924 876 1982 926 et
2006 850 2149 939 pou?

556 950 683 1010 dere
710 963 765 1010 et
786 952 1012 1010 numero
1034 962 1230 1011 cuncta
1269 956 1548 1028 disposuit,
1584 958 1723 1013 sicut
1751 960 1896 1015 dedit
1923 944 2149 1018 mensu-I

555 1061 672 1100 ram
702 1040 952 1116 corporis
978 1040 1140 1121 prout
1184 1046 1376 1113 voluit,
1426 1048 1507 1103 sic
1548 1048 1697 1105 dabit
1738 1059 1792 1106 et
1831 1053 2138 1109 vestimenti

553 1131 953 1193 necessitatem“.
998 1136 1151 1193 Unde
1192 1138 1355 1193 etiam
1402 1128 1488 1193 ad.
1519 1140 1812 1194 carnalium
1859 1141 2149 1223 hominum

553 1226 978 1306 superﬂuitatem
1002 1220 1444 1300 convincendam,
1461 1234 1528 1289 de
1550 1234 1710 1291 rebus
1735 1236 1969 1293 minimis
1989 1237 2140 1294 simi-

552 1321 832 1379 litudinem
858 1320 1122 1393 adhibuit,
1151 1323 1336 1379 dicens
1364 1341 1377 1378 :
2140 1320 2143 1325 ’

525 1446 532 1455 -
630 1434 649 1467 ι
683 1414 1035 1470 Considerate
1062 1413 1172 1469 lilia
1216 1414 1361 1486 agri,
1409 1415 1678 1485 quomodo
1715 1425 1987 1484 crescunt,
2029 1434 2137 1474 non

559 1490 585 1560 ἐ
618 1492 865 1562 laborant
902 1522 1077 1578 neque
1104 1516 1253 1562 nent.
1290 1525 1308 1559 ι
1337 1505 1435 1563 llic
1465 1506 1575 1563 lilia
1610 1508 1853 1580 agripro
1887 1510 2138 1567 omnibus

553 1599 741 1655 herbis
770 1597 1129 1668 posuit,’quas
1158 1597 1300 1652 Dens
1327 1596 1668 1670 omnipotens
1695 1597 1813 1653 sine
1846 1598 2137 1655 textricum

555 1692 739 1748 labore
752 1690 887 1744 inira
900 1692 1162 1746 varietate
1183 1692 1440 1765 depingit,
1456 1691 1575 1747 aliis
1595 1692 1879 1748 candidum
1901 1692 2137 1749 colorem

552 1780 833 1852 praebens,
866 1788 925 1835 ut
966 1780 1123 1846 liliis;
1156 1782 1276 1837 aliis
1308 1782 1695 1848 rubicundum,
1733 1791 1794 1837 ut
1820 1783 1987 1850 rosis;
2018 1783 2139 1840 aliis

436 1859 441 1865 ’
545 1875 902 1942 purpureum,
930 1879 989 1926 ut
1013 1871 1188 1937 violis,
1216 1879 1422 1927 tantum
1452 1880 1508 1927 ttt
1530 1888 1597 1927 ne
1629 1871 1882 1928 Salomon
1910 1872 1964 1929 in
1991 1873 2141 1929 omni

553 1966 723 2038 gloria
753 1980 853 2043 sua.
878 1975 1167 2036 coopertus
1197 1965 1303 2032 sit,
1339 1967 1480 2021 sicut
1519 1982 1684 2020 unum
1711 1983 1777 2020 ex
1808 1966 1956 2032 istis,
1983 1966 2035 2021 id
2058 1974 2142 2022 est

551 2061 699 2118 liliis.
723 2052 988 2129 Quoniam
1016 2077 1139 2116 cum
1182 2069 1326 2116 esset
1364 2074 1475 2116 non
1506 2060 1677 2117 solum
1710 2061 2138 2131 potentissimus,

553 2152 650 2208 sed
676 2152 845 2206 etiam
869 2150 1110 2207 omnium
1138 2166 1323 2221 regum
1356 2151 1820 2222 sapientissimus,
1858 2161 1913 2207 ct
1956 2152 2141 2224 dispu-

553 2238 726 2299 t'asset
751 2243 817 2300 de
837 2234 1088 2299 omnibus
1113 2242 1473 2298 herbister‘raa
1497 2260 1525 2297 a
1553 2243 1731 2299 cedris
1752 2244 1941 2301 Libani
1967 2260 2141 2318 usque

553 2330 621 2391 ad
665 2330 956 2406 hyssopum
1010 2334 1102 2404 qni
1151 2334 1426 2406 egreditur
1472 2334 1538 2389 de
1593 2333 1833 2406 pariete,
1882 2336 1937 2392 in
1989 2337 2139 2393 omni

552 2425 719 2497 gloria
747 2439 843 2481 sua
874 2439 981 2480 non
1006 2425 1180 2497 potuit
1210 2423 1452 2480 invenire
1479 2424 1583 2480 tale
1607 2440 1776 2495 genus
1806 2427 2137 2497 vestimenti,

550 2518 691 2587 quod
715 2526 859 2572 esset
881 2516 1170 2573 candidum
1204 2524 1265 2571 ut
1292 2516 1486 2581 lilium,
1522 2517 1880 2574 rubicundum
1906 2527 1964 2573 ut
1992 2535 2137 2587 rosa,

548 2620 880 2680 purpureum
906 2612 966 2663 ut
997 2608 1158 2662 viola.
1189 2606 1297 2664 Sed
1337 2608 1481 2679 quod
1528 2608 1840 2681 temporalis
1885 2610 2139 2667 Salomon

548 2707 655 2754 non
680 2699 856 2769 potuit
880 2692 1122 2754 invenire
1148 2682 1200 2752 in
1227 2697 1373 2753 omni
1408 2697 1576 2769 gloria
1603 2714 1700 2753 sua
1718 2739 1734 2763 ,
1759 2699 2017 2771 spiritalis
2042 2716 2140 2755 no-

549 2803 663 2850 ster
691 2793 969 2859 Salomon,
997 2794 1051 2849 id
1081 2801 1166 2848 est
1195 2792 1454 2848 Dominus
1474 2801 1660 2848 noster
1680 2789 1842 2849 lesus
1865 2793 2138 2859 Christus,

548 2887 637 2956 qui
669 2895 753 2942 est
774 2902 937 2941 verus
963 2885 1240 2957 paciﬁcus,
1263 2883 1426 2939 habet
1448 2884 1500 2938 in
1527 2899 1622 2939 sua
1642 2883 1906 2950 Ecclesia,
1932 2884 2139 2959 scilicet

548 2975 716 3030 lilium
742 2975 797 3031 in
825 2972 1147 3043 virginibus,
1183 2986 1362 3028 rosam
1390 2973 1443 3052 ip
1475 2972 1823 3045 martyribus,
1853 2973 2136 3051 violam‘in

1187 298 1539 356 llAYMONlS
1574 299 2048 359 HALBERSTAT.
2090 303 2302 361 EPISC.
2344 305 2496 362 OPP.
2535 305 2717 392 PARS
2750 305 2815 361 ll.
2854 336 2912 346 —
2966 304 3195 363 llOMlL.

3758 312 3885 395 εες

2182 419 2221 479 Α
2248 424 2303 473 et
2318 417 2787 507 ’superﬁnilatem.‘
2812 419 2946 478 Nam
2976 423 3214 505 pretiosa
3242 426 3407 486 vestis
3431 445 3540 488 non
3571 432 3694 505 nisi
3724 448 3873 507 pro-

2244 500 2368 578 pter
2396 509 2610 566 inanem
2648 500 2877 583 glorram
2908 500 3246 584 requiritur:
3278 522 3421 578 unde
3458 500 3749 582 Dominus
3803 528 3869 585 in

2241 600 2347 679 hoc
2398 600 2527 663 loco,
2573 603 2712 685 bene
2756 600 2912 685 juxta
2975 606 3142 663 alium
3207 614 3598 685 evangelistam
3661 618 3869 677 fertur

2241 691 2482 790 disisse:
2523 714 2542 747 ι
2576 681 2838 753 Ειήοιὶὶθ
2879 698 2932 753 in
2975 688 3205 759 sublime
3247 681 3374 761 tolli
3415 705 3571 780 (Luc.
3618 712 3768 790 px).
3836 734 3860 767 ι

2241 782 2409 841 Nobis
2433 795 2635 854 autem,
2660 790 2752 861 qui
2776 789 2992 847 solliciti
3019 808 3239 851 servare
3270 798 3531 857 debemus
3561 782 3867 863 unitatem

2239 866 2464 957 spiritus
2494 883 2548 938 iu
2584 884 2803 940 vinculo
2827 886 3006 956 pacis,
3035 896 3090 945 et
3118 905 3347 961 quorum
3377 908 3501 962 spes
3554 878 3612 951 in
3661 895 3866 956 altera

2239 971 2352 1036 vita
2378 981 2482 1037 est,
2508 972 2562 1027 in
2594 988 2702 1044 quo
2723 984 2965 1031 nostram
2991 977 3406 1036 sollicitudinem
3432 968 3641 1053 ponere

2241 1075 2383 1128 mus,
2410 1064 2722 1120 manifeth
2755 1081 2878 1122 cum
2904 1066 3149 1139 adjungit
3178 1085 3193 1124 :

2315 1171 2335 1204 ι
2373 1150 2490 1208 Scit
2513 1154 2657 1209 enim
2688 1155 2850 1212 Pater
2873 1168 3074 1227 vester,
3103 1161 3230 1231 quia
3264 1161 3354 1220 bis
3387 1166 3645 1223 omnibus
3690 1150 3857 1225 indi--~

2246 1260 2265 1321 ξ
2301 1243 2465 1314 εθιίερ
2499 1261 2518 1296 ι
2586 1294 2591 1297 .
3838 1318 3849 1329 .

2261 1356 2271 1379 ι
2307 1330 2473 1389 Pater
2499 1342 2688 1419 noster
2721 1330 2812 1393 ille
2847 1341 3075 1421 est,qui
3106 1357 3212 1397 non
3235 1343 3406 1418 solum
3438 1361 3535 1403 nos
3567 1349 3852 1421 dignatus

2239 1433 2325 1480 est
2350 1439 2566 1494 creare,
2587 1416 2684 1484 sed
2707 1429 2869 1486 etiam
2892 1420 3182 1500 redimere,
3204 1445 3262 1491 et
3288 1416 3386 1508 per
3414 1416 3685 1510 Spiritum
3716 1459 3854 1509 san:

2243 1512 2591 1586 ctumsuum
2630 1510 2973 1603 regenerare.
3029 1523 3126 1581 Cui
3182 1529 3424 1598 quotidie
3472 1531 3526 1587 in
3579 1512 3852 1595 oratione

2224 1606 2507 1679 dicimus:
2533 1628 2552 1689 ᾳ
2584 1598 2751 1669 Pater
2775 1598 2961 1670 noster
2984 1616 3075 1685 qui
3105 1631 3163 1672 es
3177 1618 3231 1673 in
3260 1620 3432 1687 caelis,
3456 1624 3852 1685 sanctiﬁeetur

2242 1713 2439 1765 nomen
2454 1709 2603 1759 tuum
2621 1703 2771 1777 (Luc.
2790 1706 2887 1775 ιι).
2902 1724 2920 1754 ι
2935 1704 3030 1760 llle
3041 1706 3183 1763 enim
3196 1709 3287 1778 qui
3305 1716 3407 1766 nos
3416 1713 3849 1781 creavitﬁciens

2167 1781 2561 1864 B‘ﬁgmentum
2616 1805 2862 1853 nostrum
2890 1836 2906 1862 ,
2960 1806 3016 1854 et
3068 1799 3425 1857 considerans
3474 1802 3845 1878 fragilitatem

2243 1892 2510 1953 nostram,
2535 1886 2583 1942 si
2617 1902 2719 1944 nos
2743 1903 2843 1959 pro
2872 1897 3079 1945 aeterna
3106 1891 3217 1945 vita
3246 1892 3510 1951 sollicitos
3527 1911 3652 1953 esse
3681 1899 3842 1957 vide-

2245 1973 2337 2040 rit,
2363 1975 2574 2047 absque
2603 1993 2799 2049 magna
2829 1979 3190 2036 sollicitudine
3218 1982 3420 2039 victum
3451 1996 3507 2041 et
3534 1988 3840 2045 vestimen-

2243 2070 2359 2119 tum
2383 2066 2732 2125 ministrabit.
2763 2068 2883 2138 lpse
2907 2071 3051 2125 enim
3081 2072 3186 2126 scit
3221 2073 3350 2143 quid
3396 2078 3559 2132 nobis
3607 2093 3837 2143 necesse

2242 2156 2336 2223 sit,
2356 2166 2650 2230 antequam
2674 2169 2925 2232 petamus
2950 2177 3096 2218 eum.
3128 2163 3262 2219 Nam
3300 2165 3356 2220 in
3398 2183 3509 2237 quo
3553 2169 3675 2226 velit
3722 2188 3831 2228 nos

2241 2261 2363 2304 esse
2385 2248 2668 2318 sollicitos,
2686 2258 2742 2307 et
2763 2252 2895 2323 quid
2923 2252 2993 2307 ab
3013 2267 3079 2309 eo
3097 2266 3286 2325 petere
3312 2257 3629 2329 debeamus,
3643 2272 3830 2319 osten-

2241 2339 2323 2395 dit
2342 2355 2465 2415 cum
2496 2341 2612 2396 ait:

2316 2446 2335 2480 ι
2378 2428 2616 2497 Quaerite
2643 2446 2775 2503 ergo
2806 2434 3045 2504 primum
3076 2452 3302 2509 regnum
3333 2440 3428 2496 Dei
3465 2450 3524 2497 et
3554 2443 3826 2513 justitiam

2246 2539 2265 2573 ι
2295 2520 2433 2592 ejus,
2466 2532 2522 2580 et
2562 2524 2679 2581 haec
2726 2528 2907 2583 omnia
2958 2527 3285 2609 adjiciantur
3314 2532 3488 2588 vobis.
3530 2553 3550 2584 ι
3589 2533 3831 2591 Primum

2240 2621 2444 2681 autem,
2469 2615 2522 2671 id
2566 2625 2652 2671 est
2680 2619 2977 2690 praecipue,
3017 2629 3245 2692 regnum
3293 2622 3389 2679 Dei
3451 2634 3511 2680 et
3556 2623 3831 2695 justitiam

2224 2692 2357 2775 (ejus
2386 2721 2632 2776 quaerere
2662 2719 2879 2776 monet,
2917 2712 3046 2782 quia
3073 2722 3200 2770 ante
3224 2716 3406 2772 omnia
3435 2726 3493 2773 et
3521 2692 3689 2789 super
3715 2735 3833 2775 om.

2241 2795 2331 2852 nia
2355 2795 2461 2852 hoc
2484 2807 2692 2868 petere,
2722 2800 2825 2858 hoc
2849 2817 3131 2872 quaerere,
3159 2805 3264 2862 hoc
3290 2822 3478 2865 amare
3509 2818 3566 2865 et
3614 2811 3828 2867 deside-

2238 2897 2366 2940 rare
2414 2886 2695 2955 debemus,
2721 2899 2783 2945 ut
2809 2893 2962 2963 regni
2993 2893 3234 2952 ccclesiis
3284 2899 3583 2971 participes
3635 2901 3821 2958 simus.

2240 2972 2545 3034 Notandum
2573 2988 2754 3037 autem
2780 2983 2923 3053 quod
2945 2998 3054 3042 non
3083 2986 3161 3041 ait
3186 3004 3199 3042 :
3231 2987 3359 3045 Haec
3388 2992 3579 3047 omnia
3615 2993 3821 3049 dabun-

547 3066 964 3123 eontineutihus.
1015 3062 1084 3121 Et
1123 3064 1543 3136 prudentissima
1586 3065 1992 3136 comparatione
2029 3065 2136 3121 Do-
2168 3147 2202 3155 _
2241 3076 2331 3124 tur
2356 3066 2529 3138 vobis,
2566 3071 2663 3128 sed
2686 3071 3025 3143 adjicientur,
3053 3080 3347 3136 ostendens
3368 3081 3501 3137 illud
3528 3098 3654 3139 esse
3680 3085 3822 3155 prin-

545 3150 725 3243 minus
741 3157 1057 3229 jactantiam
1085 3155 1363 3212 hominum
1396 3155 1671 3247 redarguit
1696 3171 1817 3211 cum
1845 3156 2124 3231 adiungit:
2157 3147 2202 3210 C
2233 3160 2408 3233 eipale
2434 3162 2637 3218 bonum
2665 3165 2807 3234 quod
2828 3167 3010 3233 datur,
3035 3169 3088 3224 id
3114 3178 3200 3227 est
3222 3187 3449 3243 regnum
3473 3175 3579 3231 Dei
3594 3184 3653 3231 et

620 3267 640 3300 ι
680 3248 737 3303 Si
765 3257 944 3303 autem
976 3245 1156 3303 fenum
1185 3246 1331 3318 agri,
1366 3246 1508 3317 quod
1536 3246 1707 3302 hodie
1730 3255 1814 3304 est
1839 3256 1896 3304 et
1918 3264 2046 3305 cras
2072 3250 2129 3304 in

548 3360 567 3393 ι
606 3337 877 3396 clibanum
909 3339 1158 3404 mittitur,
1186 3337 1329 3395 Dens
1372 3338 1453 3394 sic
1494 3339 1687 3407 vestit,
1723 3348 1926 3410 quanto
1961 3343 2132 3414 magis

547 3454 567 3487 ι
603 3449 700 3491 vos
726 3434 962 3489 minimae
998 3431 1157 3489 ﬁdei?
1191 3451 1209 3484 ι
1232 3429 1311 3487 Ac
1335 3433 1382 3488 si
1413 3432 1655 3488 diceret:
1690 3430 1746 3487 Si
1779 3431 1960 3488 fenum
1992 3435 2126 3503 agri,

539 3526 593 3581 id
634 3535 718 3582 est
757 3523 952 3581 herbas
1001 3532 1187 3591 terrae,
1218 3539 1346 3594 qua:
1392 3524 1460 3577 ad
1506 3521 1888 3578 abundantiam
1934 3522 2131 3593 pluvia

538 3623 796 3672 crescunt
826 3624 882 3669 et
912 3614 965 3668 in
996 3614 1189 3669 ardore
1223 3612 1353 3669 solis
1386 3620 1660 3678 arescunt,
1690 3609 1833 3667 Deus
1860 3616 2006 3666 tanta
2035 3628 2130 3667 va-

538 3706 733 3760 rietate
758 3712 814 3760 et
843 3704 1040 3760 decore
1069 3703 1258 3766 vestit,
1286 3717 1386 3758 nec
1415 3718 1511 3757 vos
1536 3701 1783 3756 nuditate
1808 3701 1893 3756 vel
1918 3701 2128 3773 {rigore

536 3795 717 3867 perire
744 3793 1002 3865 patietur,
1027 3807 1162 3863 quos
1202 3793 1269 3847 ad
1297 3792 1583 3863 imaginem
1617 3807 1770 3846 suam
1796 3799 1854 3846 et
1878 3790 2127 3846 similitu-

536 3889 718 3944 dinem
746 3886 973 3943 creavit.
998 3884 1107 3941 Sed
1137 3901 1258 3939 cum
1284 3898 1411 3948 eos,
1451 3883 1649 3953 quibus
1673 3882 1936 3953 loquitur,
1970 3882 2129 3938 mini-

536 3991 657 4032 mos
706 3975 826 4031 ﬁdei
886 3982 1084 4039 vocat,
1124 3975 1363 4030 ostendit
1406 3974 1531 4044 quia
1588 3972 1724 4029 ﬁdes
1778 3981 2125 4045 augmentum

536 4064 719 4123 habet.
749 4066 851 4135 Qui
880 4063 1026 4121 enim
1058 4080 1164 4119 non
1199 4064 1394 4129 credit,
1424 4061 1659 4119 inﬁdelis
1678 4071 1795 4129 est;
1823 4063 1915 4135 qui
1945 4071 2123 4118 autem

535 4158 777 4229 perfecte
819 4158 1019 4224 credit,
1068 4165 1229 4212 rectae
1270 4156 1389 4212 ﬁdei
1432 4165 1544 4222 est;
1577 4157 1668 4227 qui
1715 4172 1845 4212 vero
1875 4162 1941 4211 ex
1970 4163 2125 4228 parte

533 4248 729 4315 credit,
762 4257 817 4304 et
842 4263 905 4303 ex
940 4257 1092 4318 parte
1128 4263 1232 4302 non
1273 4248 1466 4313 credit,
1497 4248 1733 4303 minima:
1777 4258 1860 4304 est
1892 4248 2032 4304 ﬁdei.
2060 4248 2125 4303 Et

539 4342 663 4399 talis
676 4341 809 4397 ﬁdes
821 4349 1166 4411 augmentum
1181 4336 1474 4405 desiderat,
1492 4339 1635 4395 sicut
1655 4340 1879 4410 apostoli
1895 4340 2124 4396 Domino

533 4434 789 4489 dixerunt
813 4430 1105 4503 (Lucxvn)
1124 4448 1135 4481 :
1156 4429 1401 4495 Domine,
1427 4449 1445 4481 ι
1471 4431 1678 4501 adauge
1700 4432 1857 4487 nobis
1881 4431 2056 4487 ﬁdem.
2095 4451 2114 4485 ι

2237 3249 2366 3306 tiam
2415 3251 2563 3324 ejus;
2599 3254 2714 3311 haec
2763 3256 2945 3312 omnia
2986 3273 3107 3328 qua:
3135 3261 3480 3333 adjicientur,
3513 3272 3727 3321 tantum
3767 3267 3817 3323 in

2232 3341 2488 3408 praesenti
2510 3342 2620 3398 vita
2644 3357 2769 3401 esse
2794 3347 3123 3413 necessaria,
3171 3349 3227 3407 id
3267 3360 3355 3408 est
3400 3352 3610 3410 victum
3643 3365 3701 3412 et
3738 3371 3819 3413 ve-

2233 3428 2443 3485 stitum.

2726 3566 3006 3626 HOMILIA
3040 3569 3317 3632 CXXVIII:

2334 3689 2590 3733 DOIIMCA
2628 3693 2841 3763 υεοιιη,
2864 3696 3093 3738 SEP’HMA
3122 3700 3255 3741 POS‘I'
3304 3703 3710 3747 PENTECOS'I'ES.

2304 3774 2456 3857 (Luc.
2477 3790 2598 3862 vn.)
2622 3810 2641 3843 ι
2666 3790 2723 3846 ln
2751 3791 2844 3848 illo
2869 3803 3129 3866 tempore,
3148 3798 3261 3853 ibat
3279 3798 3440 3856 Iesus
3455 3802 3509 3856 in
3527 3802 3814 3869 civitatem,

2237 3896 2255 3930 ι
2294 3884 2414 3948 qua:
2454 3891 2684 3939 vocatur
2730 3882 2907 3939 Nalm.
2958 3886 3090 3941 Cutn
3130 3897 3310 3944 autem
3356 3893 3815 3965 appropinquaret

2235 3987 2253 4020 ε
2299 3977 2470 4053 portae
2499 3972 2765 4039 civitatis,
2798 3989 2926 4031 ecce
2967 3975 3255 4034 defunctus
3291 3979 3648 4049 eﬁ'erebatur,
3681 3984 3815 4040 ﬁlius

2235 4076 2254 4109 ι
2292 4059 2484 4116 unicus
2510 4064 2704 4118 matris
2735 4080 2866 4121 suaet
2906 4086 2924 4119 ι
2967 4067 3032 4122 Ει
3062 4069 3289 4141 reliqua.
3332 4072 3601 4130 Mcdiator
3633 4077 3732 4131 Dei
3766 4086 3815 4133 et

2229 4146 2506 4227 hominum
2521 4150 2678 4208 Iesus
2702 4153 2973 4223 Christus,
2989 4160 3150 4215 homo
3165 4177 3265 4232 pro
3286 4164 3441 4218 nobis
3457 4164 3665 4232 lactus,
3681 4167 3813 4223 italu

2229 4242 2467 4319 homine,
2495 4262 2656 4318 quem
2688 4264 2752 4304 ex
2783 4252 2940 4309 nobis
2965 4256 3278 4326 assumpsit,
3305 4272 3400 4312 sua
3422 4273 3594 4328 opera
3617 4270 3815 4332 tempe-

2228 4337 2389 4403 ravit,
2415 4348 2477 4393 ut
2502 4338 2817 4412 frequenter
2845 4344 2898 4400 in
2927 4361 3035 4401 uno
3076 4348 3376 4419 eodemque
3426 4352 3720 4419 miraculo,
3760 4368 3813 4409 se

2228 4443 2414 4485 verum
2446 4433 2613 4488 Deum
2651 4448 2949 4506 verumque
2986 4437 3259 4499 hominem
3300 4441 3633 4501 declararet.
3666 4443 3812 4512 Quod

536 4524 604 4579 Et
628 4523 874 4579 centurio
895 4522 1003 4586 illc,
1018 4521 1106 4593 qui
1124 4536 1222 4591 pro
1241 4535 1410 4592 puero
1436 4530 1973 4592 rogaturusvenerat,
1997 4536 2121 4576 cum
2148 4494 2202 4557 Ῑ)
2228 4519 2281 4574 in
2331 4521 2489 4592 hujus
2544 4521 2792 4580 lectionis
2842 4529 2987 4585 serie
3019 4538 3208 4599 aperte
3236 4530 3673 4600 demonstratur,
3697 4550 3811 4591 cum

529 4614 822 4669 audisseta
859 4602 1084 4668 Domino
1109 4611 1304 4682 (Marc.
1333 4612 1448 4684 lx):
1489 4631 1508 4663 ι
1541 4610 1764 4667 Credis?
1784 4613 1962 4667 omnia
2000 4627 2124 4682 pos-

529 4704 707 4759 sibilia
740 4713 865 4759 sunt
892 4704 1152 4770 credenti,
1187 4721 1206 4755 ι
1240 4702 1515 4773 respondit
1543 4719 1559 4758 :
1592 4721 1611 4754 ι
1638 4702 1832 4767 Credo,
1862 4704 2119 4771 Domine,

530 4793 724 4862 adjuva
761 4793 1193 4851 incredulitatem
1231 4809 1406 4850 meam
1434 4794 1650 4867 (Ibid).
1688 4812 1708 4847 ι
1733 4794 1907 4850 Finita
1939 4805 2119 4852 autem

528 4885 903 4948 similitudine,
935 4887 1001 4941 ad
1044 4896 1284 4943 nostram
1333 4887 1756 4944 admonitionem
1788 4886 1982 4943 iterum
2033 4903 2123 4943 scr

527 4989 745 5031 monem
793 4976 1095 5044 convertit,
1124 4993 1248 5034 cum
1277 4977 1354 5032 ait
1385 4995 1397 5031 :

606 5083 626 5116 ι
673 5063 853 5121 Nolite
881 5081 1013 5139 ergo
1040 5068 1257 5124 solliciti
1288 5082 1428 5134 esse,
1462 5068 1706 5124 dicentes
1743 5087 1756 5123 :
1798 5068 1938 5138 Quid
1961 5085 2115 5125 man-

531 5198 542 5213 .
594 5156 931 5224 ducabimus,
949 5166 1040 5214 aut
1064 5159 1194 5229 quid
1223 5159 1493 5224 bibemus,
1521 5168 1615 5213 aut
1643 5175 1749 5229 quo
1769 5160 2115 5231 operiemur?

532 5266 553 5300 ι
598 5247 724 5303 llaec
750 5249 930 5304 omnia
964 5261 1152 5321 gentes
1179 5248 1482 5318 inquirunt.
1522 5269 1541 5301 ι
1572 5248 1774 5308 Gentes
1798 5251 1944 5315 dicit,
1982 5252 2114 5309 alic-

524 5355 628 5397 nos
655 5357 684 5396 a
715 5341 840 5408 ﬁde,
866 5344 1115 5399 ethnicos
1144 5350 1197 5396 et
1228 5355 1485 5411 paganos,
1517 5342 1609 5412 qui
1638 5344 1803 5398 Deum
1836 5344 2110 5410 nesciunt,

525 5443 582 5490 et
631 5433 794 5489 vitam
843 5442 1102 5489 aeternam
1148 5448 1255 5487 non
1288 5433 1549 5501 credunt,
1575 5442 1630 5489 et
1660 5433 1781 5490 ideo
1806 5443 2013 5490 tantum
2042 5436 2111 5491 de

524 5526 882 5598 praesentibus
907 5524 1125 5580 solliciti
1160 5532 1306 5589 sunt,
1336 5531 1395 5577 ut
1421 5524 1661 5581 habeant
1704 5526 1832 5597 quid
1881 5527 2111 5582 mandu-

526 5624 653 5672 cent
683 5632 853 5686 usque
881 5616 946 5670 ad
982 5615 1278 5687 crapulam,
1318 5625 1375 5671 et
1418 5617 1547 5688 quid
1588 5617 1776 5674 bibant
1825 5634 1997 5691 usque
2042 5618 2112 5676 ad

528 5707 867 5773 ebrietatem,
893 5717 947 5762 et
985 5708 1116 5778 quid
1165 5707 1458 5764 induantur
1493 5724 1666 5780 usque
1694 5710 1762 5766 ad
1782 5710 2107 5783 jactantiam

2225 4616 2374 4687 prius
2404 4617 2775 4675 misericordia
2798 4630 2974 4677 motus
3001 4624 3218 4692 dicitur,
3251 4641 3317 4683 ac
3345 4626 3542 4684 deinde
3564 4629 3811 4701 juvenem

2227 4706 2581 4763 resuscitasse
2635 4719 2911 4779 narratur,
2970 4714 3071 4781 Qui
3124 4716 3271 4775 enim
3319 4718 3390 4775 ad
3424 4717 3614 4775 ﬁctum
3644 4721 3811 4776 vidua

2226 4798 2599 4856 misericordia
2649 4812 2919 4872 movetur,
2946 4821 3110 4862 verus
3142 4817 3228 4867 cst
3266 4811 3429 4867 homo
3460 4826 3476 4865 :
3506 4813 3602 4882 qui
3634 4823 3811 4868 autem

2229 4889 2341 4947 sola
2367 4889 2612 4961 jussione
2637 4892 2894 4966 juvenem
2917 4914 2946 4953 a
2968 4901 3202 4959 mortuis
3227 4902 3605 4969 resuscitavit,
3627 4903 3812 4975 procul

2227 4983 2390 5039 dubio
2417 4999 2579 5042 verus
2616 4996 2702 5043 est
2726 4989 2885 5047 Deus.
2931 4991 3038 5049 Sed
3072 4993 3203 5065 quid
3224 4993 3339 5052 haec
3363 4995 3682 5067 signiﬁcent
3703 4997 3810 5067 spi-

2227 5076 2458 5131 ritaliter
2500 5078 2780 5136 videamus
2807 5122 2823 5147 ,
2871 5090 2931 5136 ut
2983 5086 3128 5141 unde
3172 5101 3312 5142 unus
3353 5086 3721 5142 resuscitatur
3759 5089 3812 5144 iu

2222 5182 2470 5238 corpore,
2501 5168 2628 5226 inde
2668 5171 2820 5227 multi
2869 5184 3159 5243 resargant
3194 5176 3250 5231 in
3292 5187 3495 5231 mente.
3536 5179 3631 5232 Ait
3659 5179 3806 5234 enim

2216 5257 2545 5329 evangelista
2579 5278 2593 5313 ε
2632 5280 2651 5313 ε
2689 5260 2807 5317 lbat
2826 5262 2987 5320 Jesus
3015 5266 3068 5319 in
3111 5266 3408 5332 civitatem,
3428 5282 3559 5338 qua:
3585 5278 3812 5326 vocatur

2224 5363 2242 5398 ι
2277 5347 2455 5403 Nalm.
2492 5366 2512 5401 ι
2548 5348 2702 5405 Naim
2731 5353 2923 5407 civitas
2946 5363 3029 5412 est
3050 5354 3305 5421 Galilaeae,
3330 5357 3546 5414 duobus
3570 5359 3810 5414 millibus

2219 5438 2425 5496 distans
2437 5456 2468 5494 a
2489 5453 2671 5498 monte
2685 5443 2925 5501 Thabor.
2940 5446 3334 5518 Interpretatur
3351 5460 3533 5506 autem
3558 5452 3611 5507 in
3623 5461 3809 5507 nostra

2218 5529 2401 5602 lingua
2431 5531 2650 5598 ﬂuctus,
2681 5534 2797 5591 sive
2817 5539 3130 5602 commotio,
3156 5549 3212 5596 et
3240 5542 3512 5612 signiﬁcat
3539 5542 3806 5614 spiritali-

2218 5628 2301 5676 ter
2328 5624 2613 5691 mundum,
2637 5626 2728 5696 qui
2758 5627 2959 5684 amissa
3009 5634 3423 5701 tranquillitate,
3473 5636 3527 5691 in
3577 5634 3807 5691 ﬁuctua-

2217 5713 2457 5771 tionibus
2478 5722 2532 5769 et
2562 5718 3018 5775 commotionibus
3037 5732 3152 5787 est;
3174 5725 3316 5780 sicut
3335 5740 3433 5782 uer
3453 5725 3805 5782 Psalmistam
3830 5722 3839 5725 “
