4014 6354
171 345 300 403 685
322 340 331 357 ”

1396 324 1699 386 ιιοιιιιλιιε
1742 322 1828 379 DE
1867 320 2210 378 TEMPOitE.

3355 310 3457 375 686

171 444 395 515 dicitur
425 473 439 509 :
486 474 503 508 ι
539 449 913 517 Commovisti,
936 447 1183 515 Domine,
1208 454 1431 508 terram,
1462 450 1517 498 et
1552 428 1843 499 contur-‘A
1870 436 2069 500 ctimie,
2094 433 2326 489 falsitate
2345 440 2401 488 et
2421 430 2606 487 odioso
2631 442 2911 493 sermone,
2942 433 3002 481 ut
3019 440 3144 482 cum
3164 422 3457 485 Psalmista,

174 548 338 606 basti
365 562 485 603 eam
519 542 691 618 (Paul.
716 542 850 615 ιιι).
891 560 909 594 ι
941 540 1202 597 Dominus
1227 546 1406 593 autem
1431 535 1588 606 quasi
1618 534 1773 589 Naim

174 638 673 713 apprOpinquavit,
694 636 910 708 quando
924 633 1259 689 humanitate
1278 640 1461 685 nostra
1476 635 1774 696 assumpta,

175 730 429 789 visibilis
467 730 669 785 mundo
697 728 967 799 apparuit.
1008 724 1383 782 Suscitaturus
1429 730 1607 777 autem
1634 734 1779 775 mor-

179 812 375 889 tuum,
407 836 514 878 non
548 820 721 877 solum
765 816 1089 887 discipulos,
1119 817 1214 872 sed
1250 816 1413 871 etiam
1443 813 1657 868 turbam
1685 825 1778 866 co-

176 914 410 985 piosam
432 925 617 968 secum
655 909 825 966 voluit
845 908 1116 973 comitari,
1143 913 1201 962 ut
1247 921 1313 962 ex
1355 905 1567 959 visione
1610 902 1778 957 mira-

178 1003 327 1068 culi,
357 1017 464 1058 non
488 999 669 1072 pauci,
688 999 783 1056 sed
806 998 990 1069 plures
1018 997 1085 1051 ad
1117 995 1487 1052 credulitatem
1526 1001 1581 1048 et
1621 991 1778 1047 ﬁdem

177 1095 319 1165 ejus
338 1087 421 1148 vel
449 1091 659 1147 laudem
679 1094 1027 1145 vocarentur.
1060 1105 1079 1139 ι
1110 1085 1246 1141 Cum
1275 1092 1458 1140 autem
1495 1082 1784 1154 appropin-

187 1204 212 1237 α
260 1191 456 1255 quaret
481 1191 652 1257 porta:
675 1180 933 1245 civitatis,
963 1193 1091 1234 ecce
1115 1176 1399 1233 defunctus
1434 1174 1778 1240 eﬂ‘erebatur,

186 1296 210 1328 ι
265 1275 409 1331 ﬁlius
435 1276 626 1330 unicus
655 1273 847 1329 matris
898 1287 1027 1326 suze.
1098 1289 1116 1322 ι
1169 1261 1465 1324 Defunctus
1518 1266 1640 1332 iste,
1690 1266 1781 1335 qui

177 1377 355 1422 extra
380 1366 657 1420 civitatem
680 1364 746 1419 ad
772 1363 1137 1435 sepeliendum
1191 1361 1401 1417 delatus
1420 1358 1637 1424 ~fuerat,
1689 1358 1783 1412 ho-

181 1455 408 1511 minem
436 1454 708 1525 signiﬁcat
731 1452 1016 1508 mortifero
1039 1451 1268 1507 crimine
1294 1457 1626 1520 soporatum.
1668 1446 1783 1501 Mo-

181 1545 343 1599 ritur
367 1544 513 1599 enim
548 1542 731 1597 anima
787 1556 886 1612 per
929 1549 1236 1611 peccatum,
1277 1539 1404 1610 quia
1449 1538 1627 1592 anima
1664 1552 1784 1607 quae

178 1639 529 1709 peccaverit,
561 1637 676 1708 ipsa
702 1637 985 1692 morietur.
1020 1635 1217 1689 Tribus
1242 1634 1387 1689 enim
1436 1630 1610 1686 modis
1656 1643 1782 1699 pee—

179 1740 380 1785 catum
419 1729 617 1803 agitur,
664 1728 1030 1800 suggestione,
1074 1725 1457 1789 delectatione,
1494 1735 1781 1777 consensu.

1875 525 2058 582 dicere
2078 523 2353 581 valeamus
2383 520 2555 594 (Psal.
2588 520 2816 592 xxxvnt)
2853 535 2866 572 :
2910 535 2928 568 ι
2964 515 3119 581 Dixi,
3154 513 3457 571 custodiam

1876 618 1992 673 vias
2016 630 2183 678 meas,
2202 621 2387 668 utnon
2409 611 2714 682 delinquam
2736 612 2790 666 in
2820 609 2999 680 lingua
3025 620 3165 663 mea.
3194 604 3356 662 Posui
3371 603 3457 661 ori

1877 708 2000 764 meo
2024 705 2343 763 custodiam.
2373 723 2394 758 ι
2420 702 2720 759 Muniamus
2744 715 2938 756 manus
2957 699 3026 754 ab
3045 696 3306 754 effusione
3330 709 3458 765 san-3

1879 800 2056 872 guinis
2078 807 2133 856 et
2156 798 2376 855 lesione
2398 795 2652 867 proximi,
2676 809 2995 865 semperque
3014 807 3106 849 eas
3129 792 3197 846 ad
3218 790 3454 847 eleemo-

1880 907 2070 965 synam
2095 890 2426 963 largieudam
2443 889 2652 944 etbona
2671 902 2834 957 opera
2850 886 3095 943 facienda
3118 893 3339 956 paratas
3360 885 3461 939 ba-

1880 982 2127 1047 beamus,
2154 990 2214 1036 ut
2229 995 2353 1036 cum
2371 978 2655 1035 Psalmista
2684 977 2864 1035 dicere
2884 991 3177 1047 queamus:
3200 995 3220 1027 ι
3243 974 3459 1031 Lavabo

1880 1073 2026 1129 inter
2058 1072 2373 1128 innocentes
2402 1083 2597 1125 manus
2628 1081 2811 1132 meas,
2836 1075 2892 1122 et
2914 1064 3260 1122 circumdabo
3292 1064 3463 1119 altare

1883 1173 2054 1228 tuum,
2077 1163 2302 1218 Domine
2327 1159 2499 1232 (Psal.
2523 1157 2672 1231 xxv).
2705 1176 2723 1208 ι
2749 1157 2816 1212 Et
2841 1171 2964 1211 cum
2986 1155 3224 1211 Ecclesia
3251 1173 3265 1209 :
3296 1173 3316 1207 ι
3346 1153 3461 1209 Ma-

1882 1272 1985 1312 nus
2008 1270 2139 1310 mea:
2157 1252 2558 1309 distillaverunt
2587 1237 2862 1320 myrrham
2880 1288 2894 1311 ,
2923 1255 2978 1303 et
3001 1247 3151 1318 digiti
3181 1247 3284 1303 mei
3319 1246 3461 1317 pleni

1883 1348 2102 1418 myrrha
2124 1343 2505 1415 probatissima
2525 1340 2702 1415 (Cant.
2729 1338 2801 1413 v).
2836 1359 2855 1391 ι
2885 1338 3264 1394 Custodiamus
3296 1337 3463 1395 etiam

1884 1437 2069 1507 pedes,
2095 1451 2161 1489 ne
2193 1434 2304 1489 sint
2332 1433 2544 1489 veloces
2571 1431 2642 1487 ad
2672 1428 2998 1487 currendum
3030 1427 3084 1482 iu
3117 1427 3340 1493 malum,
3366 1428 3464 1483 sed

1885 1526 2065 1597 potius
2089 1524 2155 1579 ad
2176 1538 2363 1594 pacem
2385 1520 2882 1593 evangelizandam,
2904 1526 2964 1573 ut
2984 1515 3273 1586 impleatur
3293 1518 3346 1572 in
3372 1531 3466 1572 uo-

1883 1616 1970 1671 bis
1996 1614 2147 1679 illud,
2173 1613 2317 1684 quod
2341 1613 2395 1668 in
2416 1612 2557 1668 lsaia
2581 1611 2840 1683 scriptum
2859 1617 2947 1665 est
2973 1625 2988 1662 :
3014 1607 3162 1664 Beati
3190 1607 3354 1677 pedes
3374 1621 3466 1676 pa-

1884 1724 2003 1765 cem
2029 1713 2325 1777 portantes.
2347 1705 2557 1760 Etcum
2578 1702 2896 1758 Psalmista:
2926 1718 2944 1751 ι
2973 1699 3216 1754 Lucerna
3240 1696 3469 1766 pedibus

178 1820 287 1877 Fit
315 1785 483 1876 enimv
495 1785 890 1891 suggesti‘ouper
931 1819 1138 1875 hostem
1156 1860 1171 1883 ,
1201 1785 1485 1872 delectatio
1527 1829 1623 1883 per
1663 1827 1784 1867 car-
1815 1797 1861 1856 Β
1891 1800 2024 1854 meis
2050 1797 2273 1853 νθτδυιιὶ
2300 1807 2472 1861 illum»
2501 1791 2923 1863 DomimeL
2942 1785 3155 1860 ωενιιὴ-
3188 1809 3206 1842 ³
3234 1787 3296 1843 Si
3323 1788 3469 1843 enim

182 1929 344 1974 nem,
384 1927 684 1969 consensus
719 1926 819 1981 per
845 1912 1119 1983 spiritum.
1159 1909 1329 1977 Quem
1362 1908 1507 1964 enim
1542 1908 1594 1960 in
1623 1905 1786 1962 corde

184 2018 428 2073 peccare
454 2001 871 2072 delectat,quasi
893 2000 1031 2056 infra
1056 2001 1329 2057 civitatem
1351 1996 1795 2066 mortuusjacet;'

179 2110 326 2150 cum
365 2109 493 2150 vero
540 2094 857 2157 delectatio,
898 2109 1006 2149 non
1053 2093 1226 2150 solum
1269 2107 1440 2162 usque
1467 2091 1533 2145 ad
1559 2104 1785 2144 consen-

180 2202 344 2253 sum,
359 2186 453 2241 sed
476 2185 641 2241 etiam
663 2200 835 2255 usque
856 2185 923 2239 ad
946 2185 1318 2256 operationem
1341 2182 1610 2255 perducit,
1628 2180 1785 2250 quasi

181 2285 356 2332 cura
375 2284 559 2348 portas
571 2277 805 2332 civitatis
820 2286 1065 2332 mortuus
1087 2276 1392 2347 expellitur.
1408 2275 1543 2342 Quia
1567 2275 1703 2329 sicut
1729 2256 1787 2328 in

184 2371 429 2426 civitate
452 2370 615 2425 homo
636 2370 923 2435 inhabitat,
951 2370 1025 2425 ita
1056 2362 1234 2424 anima
1262 2369 1329 2424 ad
1360 2378 1570 2439 tempus
1589 2380 1788 2436 corpus

184 2460 530 2531 ingreditur,
560 2476 659 2531 per
686 2460 829 2530 quod
865 2461 1065 2515 bonum
1090 2460 1174 2516 vel
1200 2456 1402 2515 malum
1438 2458 1649 2529 operari
1693 2472 1790 2528 po-

185 2559 330 2605 test.
359 2549 556 2620 Portas
594 2558 777 2605 autem
806 2550 1068 2617 civitatis,
1100 2565 1208 2606 non
1258 2550 1552 2620 incongrue
1596 2558 1787 2604 sensus

181 2656 492 2714 corporeos
520 2641 838 2713 accipimus,
866 2643 1076 2700 scilicet
1120 2644 1317 2711 visum,
1374 2642 1636 2706 auditum,
1686 2656 1787 2711 gu-

188 2744 366 2800 stum,
399 2734 713 2800 odoratum,
758 2744 990 2800 tactum;
1021 2750 1117 2806 per
1147 2735 1244 2789 bas
1283 2735 1424 2788 enim
1465 2740 1651 2802 portas
1694 2740 1788 2786 aut

189 2824 330 2889 vita,
359 2833 455 2879 aut
503 2839 650 2879 mors
691 2823 761 2879 ad
793 2834 1032 2878 nostram
1060 2825 1299 2878 animam
1329 2821 1652 2894 ingreditur.
1684 2819 1788 2887 Qui

191 2915 348 2969 enim
378 2914 640 2971 sublimes
667 2914 833 2970 habet
860 2913 1048 2969 oculos
1085 2921 1141 2968 et
1178 2913 1380 2978 elatos,
1405 2920 1461 2967 et
1494 2910 1561 2965 ad
1591 2922 1788 2965 concu-

192 3007 520 3078 piscentiam
544 3006 785 3062 mulieris
807 3015 1052 3078 apertos,
1078 3006 1231 3076 quasi
1262 3020 1359 3077 per
1386 3000 1788 3079 portasoculo-

197 3115 325 3153 rum
351 3114 572 3156 suorum
600 3107 756 3154 extra
783 3098 1057 3154 civitatem
1087 3106 1335 3152 mortuus
1361 3093 1663 3166 expellitur.
1678 3089 1782 3160 Qui

1889 1894 1988 1949 bos
2019 1893 2257 1963 quinque
2287 1904 2478 1945 sensus
2504 1889 2642 1944 bene
2659 1886 3092 1950 custodierimus,
3116 1882 3470 1957 spiritualiter

1887 2001 1917 2040 a
1939 1984 2163 2040 Domino
2184 1981 2503 2038 resuscitari
2520 1980 2867 2045 merebimur,
2890 1986 2945 2034 et
2959 1977 3165 2034 erimus
3179 1977 3233 2031 in
3249 1975 3387 2042 illis,
3404 1975 3471 2031 de

1887 2075 2083 2147 quibus
2112 2074 2280 2128 lsaias
2314 2074 2394 2127 ait
2430 2089 2443 2125 :
2489 2089 2509 2122 ι
2552 2070 2657 2139 Qui
2685 2070 2964 2125 ambulant
2997 2068 3052 2124 in
3092 2068 3319 2138 justitiis
3357 2066 3473 2122 suis

1889 2166 2028 2236 (Im.
2067 2166 2295 2235 χχχιιι),
2336 2185 2358 2217 ι
2403 2172 2459 2218 et
2480 2164 2710 2234 reliqua.
2740 2181 2765 2214 ‹
2798 2162 3003 2218 Ethaec
3031 2160 3188 2215 vidua
3235 2167 3386 2226 erat,
3415 2168 3474 2215 et

1892 2276 1912 2310 ι
1965 2258 2119 2312 turba
2147 2254 2385 2311 civitatis
2414 2253 2580 2309 multa
2606 2268 2735 2308 cum
2763 2252 2874 2307 illa.
2904 2273 2924 2303 ο
2954 2251 3123 2307 Vidua
3158 2251 3275 2305 haec
3310 2248 3475 2319 spiri-

1888 2347 2106 2404 tualiter
2116 2354 2359 2403 sanctam
2370 2344 2640 2417 signiﬁcat
2660 2342 2975 2407 Ecclesium,
2992 2357 3110 2412 quae
3122 2355 3221 2411 pro
3230 2354 3298 2395 eo
3313 2339 3475 2394 vidua

1889 2439 2107 2507 dicitur,
2123 2438 2249 2510 quia
2266 2437 2552 2507 praesentia
2572 2435 2782 2491 Domini
2804 2434 2885 2491 sui
2907 2434 3122 2489 viduata
3135 2441 3240 2498 est,
3253 2430 3475 2503 ejusque

1889 2533 2120 2588 reditum
2145 2531 2212 2586 ad
2241 2529 2502 2600 judicium
2529 2534 2837 2599 exspectat,
2873 2527 2939 2582 de
2961 2541 3064 2596 qua
3105 2524 3365 2594 scriptum
3389 2531 3475 2580 est

1888 2622 2066 2696 (Psal.
2089 2622 2275 2694 cxxxt)
2303 2640 2315 2677 :
2337 2640 2358 2673 ‹
2379 2620 2607 2677 Viduam
2622 2620 2739 2692 ejus
2756 2620 3079 2677 benedicens
3101 2615 3435 2672 benedicam.
3451 2634 3468 2666 ι

1887 2714 2016 2771 Haec
2028 2723 2112 2771 est
2135 2713 2227 2769 illa
2248 2713 2428 2777 vidua,
2457 2727 2577 2782 qua:
2596 2710 2835 2781 quotidie
2856 2709 2908 2764 in
2937 2706 3477 2780 Evangeliojudicem

1887 2802 2193 2873 interpellat
2210 2819 2226 2856 :
2244 2801 2499 2873 quoniam
2513 2800 2749 2856 Ecelesia
2767 2798 3156 2854 instantissime
3167 2797 3221 2852 in
3233 2795 3479 2851 oratione

1887 2902 2231 2966 perseverat,
2262 2894 2329 2949 de
2355 2907 2461 2964 qua
2491 2892 2752 2962 scriptmu
2784 2899 2911 2946 est:
2948 2908 2966 2939 ι
3002 2887 3192 2944 Nonne
3224 2887 3478 2958 lacrymte

1891 2986 2068 3041 viduae
2094 2985 2161 3041 ad
2191 2983 2438 3040 maxillas
2476 2981 2599 3053 ejus
2648 2982 2999 3043 descendunt,
3047 2990 3103 3036 et
3155 2978 3480 3036 exclamatio

1888 3078 2008 3149 ejus
2031 3077 2299 3149 usquead
2320 3077 2670 3133 deducentem
2693 3090 2789 3131 eas
2813 3073 3007 3145 (Eccli.
3024 3073 3228 3144 xxxv)?
3260 3092 3278 3125 ι
3305 3070 3476 3142 Hujus

198 3142 325 3153 -.....
351 3142 572 3156 -...,.-...
601 3142 756 3154 η..-
785 3142 1057 3154 “nam...
1090 3142 1335 3152 ...γυνη
1365 3142 1663 3166 urvum-
1687 3142 1782 3160 ν-

198 3199 385 3244 autem
404 3204 564 3245 aures
588 3205 714 3245 suas
736 3190 969 3245 libenter
983 3186 1432 3252 detractionibus,
1452 3183 1782 3240 maledictio-

1894 3142 2303 3238 quoque'vidute
2327 3168 2489 3243 ﬁlius,
2520 3142 2887 3237 unusquisque
2911 3142 3245 3221 credentium
3265 3168 3479 3234 est,qui
3548 3174 3551 3177 ‘

202 3280 365 3336 nibus
392 3288 448 3336 et
466 3279 795 3336 falsitatibus
825 3280 1019 3350 aperit,
1044 3279 1200 3350 quasi
1226 3294 1323 3349 per
1348 3287 1534 3348 portas
1574 3275 1786 3330 aurium

205 3384 425 3425 suarum
447 3378 695 3426 mortuus
718 3370 990 3426 educitur.
1017 3369 1120 3437 Qui
1162 3384 1291 3425 vero
1328 3375 1551 3437 propter
1590 3380 1787 3421 carna-

202 3461 309 3517 lem
332 3462 744 3537 delectationem
768 3454 1208 3518 satisfacicndam
1250 3461 1429 3516 varios
1452 3459 1649 3515 odores
1692 3472 1791 3529 per

200 3552 488 3610 illecebras
511 3553 775 3623 sequitur,
804 3552 958 3625 quasi
994 3562 1148 3608 extra
1184 3561 1371 3623 portas
1407 3550 1618 3605 narium
1669 3542 1791 3607 suaé

201 3663 326 3702 rum
355 3656 602 3703 mortuus
623 3648 959 3719 deportatur.
986 3646 1054 3702 Et
1078 3648 1168 3718 qui
1188 3647 1428 3718 loquitur
1453 3644 1792 3716 iniquitatem

202 3736 257 3791 in
288 3736 528 3801 excelso,
555 3744 611 3791 et
639 3736 872 3792 seminat
902 3736 1044 3791 inter
1073 3735 1269 3791 fratres
1300 3735 1620 3800 discordias,
1635 3732 1791 3805 quasi

200 3845 303 3901 per
347 3831 461 3886 oris
506 3832 589 3886 sui
635 3840 821 3900 portas
869 3839 1113 3885 mortuus
1168 3829 1409 3885 eli'ertur.
1461 3827 1564 3896 Qui
1610 3836 1790 3881 autem

202 3932 485 3993 promptas
508 3922 671 3977 habet
689 3937 882 3977 manus
902 3923 974 3976 ad
997 3920 1310 3977 ell‘usionem
1326 3919 1620 3992 sanguinis,
1635 3927 1689 3973 ct
1710 3918 1795 3973 lae-

202 4013 413 4069 sionem
462 4011 725 4084 proximis
766 4011 1123 4077 inferendam,
1160 4011 1313 4082 quasi
1346 4025 1444 4081 per
1466 4018 1647 4080 portas
1667 4023 1795 4062 .ma-

204 4122 377 4161 nuum
404 4121 626 4162 suarum
656 4113 903 4160 mortuus
928 4105 1155 4175 rapitur.
1189 4105 1394 4173 Quibus
1419 4119 1517 4174 per
1561 4103 1794 4172 Prophe-

205 4204 323 4252 tam
353 4196 593 4251 dicitur:
636 4213 656 4246 ι
692 4195 917 4251 Intravit
949 4211 1096 4252 mors
1123 4211 1223 4266 per
1248 4194 1514 4251 fenestras
1557 4201 1789 4257 vestras,

205 4288 453 4359 ingressa
475 4295 561 4342 est
585 4286 774 4342 domos
794 4295 1003 4343 vestras
1026 4285 1162 4357 (Jer.
1179 4285 1279 4359 ix).
1308 4305 1326 4338 ι
1358 4283 1464 4340 Sed
1488 4299 1584 4339 nos
1606 4279 1792 4339 talium

204 4377 455 4448 exempla
519 4385 947 4443 contemnentes,
1001 4377 1269 4448 spiritales
1312 4385 1513 4433 nostra:
1559 4374 1793 4431 civitatis

1892 3272 2020 3316 tunc
2046 3261 2278 3314 moritur
2310 3259 2363 3313 in
2412 3261 2613 3321 anima,
2645 3257 2863 3326 quando
2889 3264 3080 3327 peccat
3122 3255 3178 3310 in
3223 3268 3475 3324 corpore.

1891 3352 2080 3410 Flebat
2109 3362 2289 3408 autem
2314 3358 2490 3407 mater
2502 3351 2718 3406 unicum
2735 3350 2905 3407 alium
2928 3362 3085 3405 suum
3100 3388 3115 3412 ,
3137 3347 3265 3419 quia
3291 3346 3477 3404 Eccle-

1893 3444 1974 3500 sia
2026 3441 2353 3514 spiritalium
2399 3440 2634 3496 ﬁliorum
2688 3450 2911 3495 suorum
2963 3445 3192 3494 mortem
3234 3437 3479 3509 quotidie

1891 3534 2023 3591 ﬁere
2057 3551 2165 3591 non
2207 3542 2404 3597 cessat,
2460 3533 2602 3589 sicut
2654 3532 2888 3588 faciebat
2927 3530 3126 3586 Paulus
3179 3529 3477 3601 apostolus,

1893 3629 2112 3701 quando
2141 3627 2391 3684 dicebat:
2429 3644 2450 3678 ι
2488 3624 2663 3681 Filioli
2690 3625 2818 3689 mei,
2835 3638 2970 3695 quos
2989 3624 3183 3680 iterum
3211 3623 3477 3694 parturio,

1895 3724 2066 3780 donec
2085 3719 2350 3776 formetur
2385 3717 2632 3775 Christus
2660 3717 2713 3772 in
2738 3716 2911 3782 vobis,
2939 3714 3132 3771 vellem
3160 3716 3305 3771 etaim
3335 3715 3477 3785 apud

1893 3830 1992 3871 vos
2042 3826 2164 3870 esse
2199 3810 2381 3877 modo,
2427 3817 2484 3866 et
2525 3815 2737 3864 mutare
2762 3821 2953 3863 vocem
2998 3820 3200 3870 meam,
3226 3819 3390 3875 quam
3420 3814 3482 3859 ut

1894 3907 2198 3965 confundar
2225 3906 2280 3961 in
2304 3903 2459 3961 vobis
2507 3898 2647 3975 (Gal.
2674 3900 2772 3971 tv).
2822 3919 2840 3952 ι
2874 3899 2942 3954 Ει
2970 3899 3164 3953 iterum
3193 3916 3209 3953 :
3239 3916 3258 3949 ι
3300 3897 3480 3968 Lugeo

1894 4000 2094 4056 multos
2120 4011 2185 4053 ex
2213 3997 2299 4053 bis
2326 3996 2418 4067 qui
2449 4004 2575 4050 ante
2602 3999 2984 4065 peccaverunt,
3012 3999 3069 4046 et
3097 4005 3203 4046 non
3251 3997 3484 4060 egerunt

1893 4089 2267 4163 paenitentiam
2302 4083 2841 4158 super'impudicitiis
2863 4097 2999 4153 quas
3044 4089 3331 4154 gesserunt
3374 4079 3477 4152 (ll

1891 4181 2016 4238 Cor.
2044 4181 2167 4253 xu).
2208 4200 2227 4235 ι
2263 4179 2413 4236 Solet
2459 4187 2640 4253 autem
2669 4174 2984 4247 contingere
3015 4183 3073 4229 ut
3100 4173 3326 4229 aliorum
3357 4187 3482 4228 ora-

1896 4248 2135 4329 tionibus:
2167 4280 2220 4327 et
2264 4248 2732 4326 exhortatio'nibus
2768 4265 2924 4323 multi
2974 4262 3367 4321 resuscitentur
3411 4265 3483 4319 ad

1893 4364 2196 4436 vitam,qui
2248 4362 2482 4434 propriis
2550 4359 2758 4416 meritis
2804 4359 3145 4414 tenebantur-
3175 4357 3229 4411 in
3283 4366 3476 4410 morte.

204 4480 395 4542 portas
431 4470 759 4535 muniamus,
801 4477 863 4524 ut
907 4483 1013 4524 non
1044 4468 1113 4524 ad
1143 4468 1352 4524 animas
1375 4476 1590 4522 nostras
1621 4480 1786 4529 mors,
1815 4492 1870 4553 Β
1898 4456 2052 4514 Unde
2077 4468 2132 4511 et
2153 4455 2437 4553 subdituri

208 4561 302 4616 sed
328 4561 509 4631 potius
534 4559 643 4614 vita
679 4559 933 4614 introeat.
962 4557 1268 4613 Muniamus
1300 4566 1486 4628 portas
1511 4555 1789 4611 oculorum

207 4655 275 4710 ab
306 4654 492 4710 illicito
528 4654 678 4719 visu,
702 4662 759 4708 ut
796 4668 918 4709 cum
948 4651 1233 4708 Psalmista
1261 4652 1443 4707 dicere
1469 4649 1741 4705 valeamus
1774 4667 1787 4703 :

214 4763 233 4795 ι
278 4744 480 4799 Levavi
531 4743 718 4799 oculos
747 4757 897 4798 meos
943 4743 1012 4798 ad
1038 4750 1248 4799 montes
1275 4740 1446 4815 (Paul.
1478 4741 1629 4813 cxx).
1667 4759 1686 4793 ι
1725 4740 1796 4796 Et

209 4850 333 4890 cum
358 4835 516 4891 beato
538 4832 640 4890 Job
664 4852 677 4889 :
711 4855 729 4885 ι
771 4833 956 4905 Pepigi
980 4832 1155 4887 foedus
1180 4848 1301 4887 cum
1327 4831 1499 4888 oculis
1540 4832 1696 4895 meis,
1723 4844 1793 4885 ne

218 4925 513 4996 cogitarem
548 4924 763 4994 quidem
795 4925 860 4978 de
889 4924 1097 4992 virgine
1143 4922 1262 4994 (Job
1303 4922 1475 4992 xxxi).
1521 4942 1539 4975 ι
1574 4920 1794 4975 Etcum

212 5013 536 5070 Psalmista:
577 5031 595 5065 ι
631 5012 782 5067 Oculi
811 5012 915 5067 mei
942 5027 1156 5082 semper
1187 5011 1254 5066 ad
1282 5010 1568 5066 Dominum
1618 5007 1792 5084 (Paul.

212 5109 452 5181 uxxtv).
492 5127 510 5160 ι
540 5107 844 5165 Muniamus
864 5100 1125 5171 aures,ne
1144 5105 1376 5160 libenter
1394 5104 1614 5160 audiant
1634 5102 1796 5157 verba

214 5198 582 5263 detractionis,
606 5196 1025 5261 'maledictionis,
1050 5195 1305 5251 falsitatis
1331 5202 1387 5250 et
1426 5192 1797 5258 scurrilitatis,

216 5300 273 5345 ut
297 5306 422 5346 cum
450 5290 612 5346 beato
662 5287 765 5345 Job
808 5288 986 5343 dicere
1023 5287 1331 5358 possimus:
1362 5306 1381 5338 ι
1412 5285 1611 5341 Auditu
1654 5285 1801 5341 auris

217 5385 391 5440 audivi
421 5393 505 5451 te,
537 5383 767 5440 Domine
798 5383 918 5455 (Job
948 5386 1156 5455 XLVIII).
1193 5403 1211 5434 ι
1254 5383 1464 5439 Etcum
1491 5381 1757 5450 Propheta
1782 5397 1797 5436 :

223 5492 242 5524 ι
272 5474 500 5532 Audiam
526 5475 656 5546 quid
682 5474 932 5544 loquatur
958 5474 1010 5529 in
1048 5492 1133 5531 me
1162 5474 1420 5530 Dominus
1447 5473 1590 5527 Deus
1617 5471 1787 5545 (Psal.

218 5566 456 5640 Lxxxw).
488 5588 508 5621 ι
530 5567 835 5623 Muniamus
851 5581 1008 5622 nares
1024 5570 1089 5622 ab
1106 5567 1312 5623 illicitis
1327 5566 1602 5629 odoribus,
1621 5574 1699 5629 ut,
1718 5579 1796 5620 se-

218 5657 449 5715 cundum
463 5657 796 5729 Apostolum,
813 5658 981 5714 simus
999 5677 1016 5709 ι
1029 5658 1228 5714 Christi
1241 5658 1412 5713 bonus
1424 5656 1557 5712 odor
1571 5656 1681 5711 Deo
1704 5678 1718 5708 ι
1741 5658 1794 5713 iu

221 5750 363 5807 omni
381 5750 522 5808 loco.
541 5748 842 5805 Muniamus
868 5748 1102 5820 linguam
1131 5765 1161 5804 a
1194 5748 1588 5818 maledictione,
1613 5750 1791 5806 detra—

1974 4572 1993 4604 ι
2038 4549 2209 4618 Quam
2238 4563 2360 4603 cum
2396 4546 2620 4601 vidisset
2658 4543 2936 4606 Dominus,
2958 4538 3329 4595 misericordia
3359 4552 3478 4592 mo-

1904 4662 1924 4695 ι
1965 4652 2051 4698 tus
2078 4655 2239 4712 super
2261 4654 2404 4704 eam,
2434 4636 2573 4692 dixit
2598 4634 2674 4691 illi
2702 4653 2718 4689 :
2749 4632 2867 4689 Noli
2903 4630 3049 4686 ﬂere.
3090 4651 3111 4683 ι
3153 4628 3477 4712 Sanctorum

1899 4734 2043 4789 enim
2069 4708 2197 4787 ﬁetu
2226 4730 2486 4785 Dominus
2507 4726 2575 4782 ad
2596 4721 3038 4780 misericordiam
3080 4708 3474 4779 commovetur,

1901 4833 1958 4881 ut
1989 4821 2362 4895 peccatoribus
2390 4819 2733 4874 misereatur.
2763 4814 2916 4882 Quod
2946 4813 3000 4868 in
3024 4810 3280 4882 operibus
3307 4807 3479 4880 Moysi
3532 4876 3542 4887 .

1901 4925 1958 4970 et
1988 4914 2117 4969 Elia:
2142 4913 2419 4977 discimus,
2444 4922 2677 4981 quorum
2705 4906 2843 4961 alter
2881 4901 3258 4976 pro‘peccatis
3296 4899 3476 4972 populi

1899 5005 2261 5070 intercedens,
2286 5018 2352 5058 ac
2375 5002 2590 5058 dicens:
2614 5018 2632 5051 ι
2653 4999 2763 5054 Aut
2786 4995 2996 5053 dimitte
3007 4995 3088 5050 eis
3099 4994 3241 5050 hanc
3254 5007 3474 5057 noxam,

1903 5108 1996 5154 aut
2032 5097 2151 5154 dele
2194 5110 2282 5152 me
2310 5095 2377 5151 de
2403 5092 2541 5149 libro
2579 5100 2699 5157 tuo,
2724 5103 2885 5160 quem
2910 5083 3196 5157 scripsisti,
3242 5103 3263 5138 ι
3294 5083 3480 5140 audire

1900 5190 2100 5246 meruit
2124 5187 2321 5261 (Exod.
2342 5184 2517 5256 χχχιι)
2542 5202 2555 5238 :
2586 5201 2606 5235 ι
2628 5179 3022 5252 Ecceplacatus
3046 5177 3150 5234 feci
3179 5176 3475 5233 secundum

1898 5282 2122 5339 verbum
2152 5291 2302 5337 tuum
2333 5278 2416 5353 (11
2443 5277 2571 5348 Reg.
2602 5275 2743 5347 xxv)»
2773 5273 2854 5329 Ad
2880 5272 3103 5329 alterius
3126 5267 3475 5326 verooratio-

1898 5392 2021 5433 nem
2051 5373 2287 5446 pluviam
2325 5381 2483 5428 terrae
2538 5368 2704 5436 dedit,
2745 5379 2906 5438 quam
2950 5361 3327 5437 peccatoribus
3377 5373 3477 5428 per

1898 5469 2187 5525 triennium
2208 5470 2516 5538 negaverat.
2551 5483 2570 5515 ι
2605 5459 2672 5517 Et
2691 5458 2942 5525 accessit,
2955 5465 3011 5512 et
3031 5450 3469 5525 tetigitloculum.

1900 5563 2187 5638 (Luc.vn).
2213 5583 2229 5615 ι
2256 5560 2488 5617 Loculus
2510 5560 2561 5614 in
2578 5573 2685 5629 quo
2705 5553 2947 5613 mortuus
2965 5550 3298 5623 portabatur,
3320 5548 3477 5600 cons-

1902 5634 2156 5715 cientiam
2182 5652 2482 5724 peccatoris
2500 5650 2635 5705 male
2654 5650 2993 5719 desperatam
3010 5639 3293 5715 signiﬁcat.
3309 5634 3473 5705 Quasi

1900 5750 2043 5805 enim
2093 5747 2146 5804 in
2194 5745 2367 5801 loculo
2406 5753 2653 5799 mortuus
2691 5742 2757 5799 ad
2801 5736 3166 5811 sepeliendum
3202 5738 3471 5805 portatur,
