4002 6348
571 303 676 361 687

1203 304 1552 363 IIAYMONIS
1589 305 2062 365 HALBERSTAT.
2105 304 2317 364 EPISC.
2356 306 2508 363 OPP.
2550 306 2730 364 PARS
2765 307 2828 364 ll.
2865 338 2934 349 —
2970 306 3202 364 HOMIL.

3714 309 3843 368 688

569 415 784 487 quando
821 424 1071 484 peccator
1116 431 1215 486 pro
1256 392 1621 487 magnitudine
1659 420 1742 474 sui
1789 419 2009 475 sceleris
2049 433 2135 473 se-
2164 416 2349 479 Alunt
2392 428 2756 489 resurgentem
2786 417 3007 476 videbis.
3035 419 3113 474 Ne
3144 419 3336 475 timeas
3383 429 3636 488 mortem,
3690 435 3839 476 cum

568 514 744 584 ipsum
757 515 1070 582 desperans,
1083 512 1236 581 quasi
1250 526 1475 569 securus
1488 514 1693 584 absque
1707 516 1897 571 timore
1923 524 2130 586 peccat.

569 604 675 659 Sed
694 605 945 659 Dominus
958 603 1188 658 loculum
1208 604 1397 675 tangit,
1412 608 1626 675 quando
1635 622 1732 663 cor
1741 607 1933 663 durum
1947 624 2135 680 pecea-

568 697 699 751 toris
739 712 837 765 per
862 696 1096 750 divinam
1129 698 1360 766 gratiam
1396 700 1463 754 ad
1492 702 1861 770 pmoitentiam
1903 701 2128 757 emollit.

640 805 660 837 ι
690 784 754 839 lli
779 794 955 839 autem
979 786 1069 854 qui
1091 789 1401 855 portabant,
1421 797 1705 845 steterunt.
1735 790 2133 862 i‘lli‘qui'mor-

562 888 710 932 tuum
761 876 829 931 ad
873 877 1237 946 sepeliendum
1285 880 1588 949 portabant,
1638 882 1763 936 vitia
1809 891 1866 936 et
1912 892 2130 952 peccata

560 969 884 1038 significant,
922 970 1100 1037 qualia
1139 978 1264 1025 sunt
1304 971 1597 1038 adulteria,
1625 973 1937 1037 homicidia,
1962 976 2126 1039 furta,

560 1060 780 1127 rapitur,
797 1058 1100 1128 sacrilegia,
1131 1068 1187 1114 et
1208 1069 1403 1115 caetera
1423 1062 1572 1125 talia,
1594 1077 1714 1132 qua:
1731 1062 1859 1117 dum
1889 1063 1941 1117 in
1964 1078 2130 1132 opere

557 1149 856 1216 peccatoris
904 1149 1140 1203 vicissim
1183 1150 1284 1203 sibi
1329 1151 1644 1214 succedunt,
1672 1153 1825 1219 quasi
1857 1162 2127 1207 mortuum

556 1239 624 1292 ad
649 1238 978 1308 sepulturam
1004 1239 1285 1304 deferunt;
1315 1240 1408 1294 sed
1446 1239 1673 1294 Domino
1704 1249 1956 1312 tangente
1981 1241 2128 1295 locn-

554 1329 687 1392 lum,
741 1329 793 1382 hi
841 1329 931 1398 qui
982 1328 1289 1400 portabant,
1328 1337 1596 1385 steterunt
1635 1347 1649 1383 :
1698 1330 1824 1399 quia
1874 1346 1996 1386 cum
2032 1346 2129 1385 cor

553 1418 854 1487 peccatoris
899 1420 966 1473 ad
1012 1419 1381 1488 paenitentiam
1424 1433 1747 1475 conversum
1778 1419 1959 1482 fuerit,
1990 1434 2121 1472 con-

551 1508 780 1565 suetudo
805 1506 1064 1576 peccandi
1091 1517 1283 1563 cessat.
1307 1505 1580 1563 Mutantur
1599 1507 1743 1563 enim
1770 1523 1954 1576 opera,
1979 1507 2126 1577 prior

551 1600 811 1671 iniquitas
841 1598 1164 1662 refrenatur,
1196 1608 1253 1653 et
1291 1614 1387 1667 pro
1431 1598 1640 1653 luxuria
1671 1599 1913 1664 castitas,
1946 1610 2000 1652 et
2024 1614 2125 1668 pro

550 1689 674 1745 odio
697 1688 954 1752 cbaritas,
972 1703 1069 1757 pro
1089 1686 1350 1745 ebrietate
1377 1696 1590 1741 amatur
1607 1687 1887 1743 sobrietas.
1916 1686 2116 1741 Aliter:

2234 518 2556 579 praesentem
2585 511 2784 567 habeas
2811 511 2999 566 vitam.
3037 530 3055 561 ‹
3091 511 3157 565 Ει
3185 510 3411 568 accessit
3437 522 3491 569 et
3519 513 3709 585 tetigit
3742 513 3839 567 lo-

2231 599 2431 656 culum.
2465 620 2486 655 ι
2524 600 2675 658 Tunc
2720 602 2865 658 enim
2913 602 3230 673 Spiritaliter
3272 604 3501 659 loculum
3547 606 3837 660 Dominus

2233 689 2424 759 tetigit,
2452 690 2665 758 quando
2705 690 2868 746 homo
2893 690 3093 755 lactus,
3125 706 3224 761 per
3247 693 3592 762 semetipsum
3638 693 3837 749 corda

2231 779 2505 835 hominum
2534 780 2602 836 ad
2626 781 3004 852 pmnitentiam
3026 782 3359 851 provocavit,
3385 782 3605 838 dicens:
3639 804 3663 836 α
3699 784 3838 838 Ρω-

2229 868 2510 947 nitentiam
2535 870 2697 940 agite,
2727 870 3178 941 appropinquabit
3206 873 3349 926 enim
3375 888 3594 942 regnum
3638 876 3833 929 caelo-

2228 976 2349 1014 rum
2378 959 2589 1030 (Manli.
2615 962 2718 1032 tu).
2750 981 2769 1014 ι
2802 950 3033 1017 Loculus
3062 978 3290 1032 namque
3310 979 3341 1017 a
3362 973 3588 1033 quatuor
3608 967 3833 1035 depor-

2229 1060 2393 1106 tatur.
2436 1052 2676 1119 Quatuor
2718 1054 2862 1109 enim
2909 1055 3081 1109 modis
3118 1071 3288 1125 genus
3334 1045 3629 1113 humanum
3686 1068 3833 1115 ante

2227 1144 2513 1199 adventum
2537 1144 2744 1199 Domini
2769 1146 3048 1201 astrictum
3075 1147 3373 1223 tenebatur,
3396 1162 3579 1204 amore
3596 1149 3831 1204 scilicet

2225 1245 2281 1289 et
2311 1237 2523 1301 timore,
2558 1237 2754 1307 gaudio
2782 1247 2836 1292 et
2860 1251 3111 1293 humore.
3136 1237 3353 1303 Amore,
3378 1226 3437 1292 in
3458 1239 3828 1310 acquirendis

2226 1327 2415 1393 rebus;
2449 1330 2663 1394 timore,
2696 1331 2747 1383 in
2773 1329 3167 1395 custodiendis;
3189 1331 3385 1401 gaudio
3410 1330 3465 1386 in
3484 1332 3824 1401 acquisitis;

2226 1431 2459 1472 tnmrore
2510 1419 2561 1472 in
2609 1418 2861 1484 amissis;
2912 1404 3038 1487 quia
3094 1419 3185 1488 qui
3235 1420 3383 1489 prius
3431 1419 3713 1490 gaudebat
3768 1421 3827 1473 in

2225 1508 2551 1562 abundantia
2582 1523 2783 1573 rerum,
2813 1508 3151 1577 postmodum
3176 1509 3476 1563 exsultabat
3498 1509 3551 1562 in
3572 1523 3823 1578 pauper-

2224 1605 2337 1651 tate
2365 1615 2377 1651 :
2404 1606 2459 1651 et
2485 1598 2577 1668 qui
2605 1606 2734 1652 tunc
2750 1597 3124 1667 gratulabatur
3150 1584 3203 1651 in
3224 1597 3529 1667 ‘acquisitis,
3558 1606 3691 1667 post
3725 1598 3822 1652 lm-

2226 1690 2446 1743 tabatur
2471 1688 2523 1742 in
2549 1690 2779 1744 amissis.
2808 1688 2873 1743 lli
2899 1698 3076 1744 autem
3107 1689 3198 1758 qui
3226 1676 3530 1759 portabant,
3569 1690 3819 1746 immun-

552 1780 618 1836 lrli
646 1781 739 1850 qui
779 1789 1050 1835 mortuum
1092 1777 1404 1848 portabant,
1450 1776 1781 1833 adulantium
1812 1777 2023 1846 linguas
2049 1776 2123 1831 si-
2150 1770 2199 1830 B
2224 1780 2321 1834 dos
2343 1780 2566 1850 spiritus
2599 1780 2927 1852 signiﬁcant,
2955 1782 3045 1852 qui
3084 1797 3189 1836 non
3216 1780 3388 1837 solum
3416 1797 3512 1853 per
3544 1784 3817 1854 prevari-

548 1870 824 1942 gnilicant.
840 1868 1002 1937 Quasi
1019 1868 1161 1923 enim
1177 1882 1339 1937 super
1359 1875 1626 1923 mortuum
1645 1866 1949 1923 adulatores
1965 1875 2123 1921 terra:

548 1960 852 2031 congeriem
876 1958 1101 2028 jaciunt,
1147 1959 1361 2028 quando
1403 1965 1715 2027 peccantem
1748 1958 1897 2013 vanis
1922 1956 2122 2012 favori-

549 2052 651 2107 bus
698 2060 756 2105 et
795 2050 1176 2105 blandimentis
1221 2049 1545 2105 demnleent.
1597 2048 1703 2105 Sed
1742 2048 1967 2105 Domino
2005 2059 2122 2104 tan-

550 2151 708 2214 gente
730 2141 984 2206 loculum,
1008 2141 1065 2196 bi
1080 2141 1172 2210 qui
1195 2140 1480 2210 portabant
1502 2146 1771 2195 steterunt
1794 2157 1807 2192 :
1831 2138 1955 2208 quia
1975 2148 2121 2208 post-

550 2242 991 2306 quampeccator
1018 2232 1250 2303 Spiritus
1277 2232 1448 2287 sancti
1478 2231 1652 2301 gratia
1680 2230 1841 2286 fuerit
1862 2230 2122 2285 illumina-

546 2336 654 2392 tus,
703 2324 1034 2382 adulantium
1069 2324 1435 2378 blandimenta
1485 2322 1670 2391 lugere
1715 2323 1921 2392 incipit,
1956 2321 2120 2391 .juxta

544 2417 687 2473 illius
721 2414 1027 2486 exemplum
1057 2414 1149 2485 qui
1198 2414 1273 2467 ait
1316 2432 1328 2467 :
1371 2434 1390 2465 ι
1420 2413 1704 2483 Corripiet
1744 2414 2037 2480 mejustus
2064 2412 2119 2467 in

542 2510 913 2569 misericordia
942 2517 996 2565 et
1026 2506 1327 2578 increpabit
1367 2523 1483 2573 me,
1511 2507 1690 2562 oleum
1722 2517 2121 2575 autcmpecca-

541 2601 677 2657 toris
699 2615 805 2655 non
836 2600 1132 2669 impinguct
1159 2600 1321 2669 caput
1351 2613 1530 2653 meum
1557 2596 1732 2665 (Psal.
1758 2598 1902 2667 cn).
1936 2616 1953 2648 ι

616 2713 637 2746 ‹
684 2693 751 2748 Et
778 2693 855 2747 ait
882 2692 959 2746 illi
983 2709 997 2747 :
1019 2691 1381 2756 Adolescens,
1414 2691 1510 2747 tibi
1538 2690 1680 2755 dico,
1711 2704 1891 2759 surge.
1938 2689 2003 2742 Et
2037 2702 2123 2742 re-

552 2805 570 2836 ι
615 2782 753 2838 sedit
791 2782 884 2852 qui
925 2790 1047 2835 erat
1088 2789 1352 2844 mortuus,
1389 2787 1444 2835 et
1481 2779 1646 2847 cmpit
1673 2778 1840 2848 loqui,
1881 2787 1937 2832 et
1976 2778 2123 2833 dedit

550 2893 567 2924 ι
609 2872 758 2928 illum
783 2871 940 2926 matri
960 2878 1089 2926 sure.
1105 2889 1122 2920 ι
1149 2869 1300 2924 ‘l‘unc
1318 2869 1386 2924 ad
1409 2868 1653 2923 divinam
1662 2867 1960 2936 jussioncm
1982 2881 2123 2919 mor-

545 2973 667 3016 tuus
693 2959 951 3031 resurgit,
982 2958 1198 3028 quando
1225 2973 1321 3027 per
1345 2957 1716 3028 paenitentiam
1748 2964 1995 3026 peccator
2031 2970 2121 3009 re-

540 3053 775 3119 viviscit,
820 3034 889 3106 ab
939 3050 1081 3106 illius
1138 3049 1505 3106 misericordia
1557 3056 1797 3112 vocatus,
1860 3047 1951 3117 qui
2006 3046 2118 3101 ait:

2222 1869 2485 1924 cationcm
2521 1870 2678 1940 primi
2711 1869 2962 1936 hominis,
3000 1870 3095 1925 sed
3122 1870 3285 1926 etiam
3324 1886 3419 1941 per
3447 1874 3623 1928 multa
3652 1872 3808 1930 mala

2219 1974 2380 2029 opera
2417 1975 2585 2029 genus
2615 1961 2905 2015 Lumanum
2936 1960 3001 2013 ad
3032 1960 3221 2016 mortis
3250 1960 3581 2031 sepulturam
3609 1959 3806 2020 trahe-

2220 2051 2367 2104 bant.
2393 2049 2499 2105 Sed
2521 2050 2745 2105 Domino
2763 2059 3008 2121 tangente
3029 2050 3282 2115 loculum,
3306 2052 3358 2106 hi
3382 2054 3472 2123 qui
3494 2044 3805 2123 portabant,

2220 2147 2521 2195 steterunt:
2545 2140 2670 2210 quia
2697 2148 2980 2211 postquam
3006 2140 3170 2196 corda
3198 2141 3475 2196 hominum
3502 2159 3600 2214 per
3623 2147 3800 2215 pecni-

2222 2234 2449 2302 tcntiam,
2473 2233 2539 2287 ad
2584 2233 2748 2288 Deum
2774 2248 3030 2289 conversa
3059 2241 3207 2298 sunt,
3232 2241 3472 2303 potestas
3501 2235 3797 2290 immundo-

2222 2338 2342 2378 rum
2384 2324 2667 2394 spirituum
2710 2324 2963 2379 cessavit.
3013 2343 3030 2375 ι
3069 2323 3135 2377 Et
3167 2324 3281 2378 ait:
3317 2324 3668 2390 Adolescens,
3706 2328 3801 2382 tibi

2222 2404 2363 2479 dico,
2395 2424 2573 2485 surge.
2606 2414 2674 2468 Et
2719 2415 2918 2469 resedit
2955 2415 3047 2484 qui
3090 2427 3211 2469 erat
3252 2424 3525 2478 mortuus,
3552 2428 3609 2471 et
3641 2419 3801 2486 coepit

2221 2504 2387 2574 loqui,
2414 2512 2468 2559 et
2497 2504 2640 2559 dedit
2668 2500 2815 2557 illum
2858 2504 3017 2558 matri
3049 2519 3176 2558 sum.
3217 2523 3235 2557 ι
3270 2503 3438 2559 Recte
3479 2521 3578 2575 per
3622 2507 3802 2562 a.'ole~

2222 2602 2458 2649 scentem
2508 2609 2676 2663 genus
2718 2582 3026 2663 designatur
3074 2595 3395 2661 humanum,
3421 2596 3549 2666 quia
3577 2598 3718 2652 sicut
3750 2599 3798 2650 in

2222 2686 2578 2740 adolescentia
2609 2672 2746 2740 l'orte
2775 2695 2831 2740 et
2859 2687 3135 2740 robustum
3162 2695 3246 2741 est
3276 2702 3494 2757 corpus,
3528 2688 3605 2743 ita
3634 2704 3800 2759 genus

2224 2779 2517 2833 humanum
2561 2777 2825 2847 prioribus
2873 2772 3200 2847 temporibus
3242 2778 3389 2832 velut
3428 2778 3798 2847 in.juvcntnte

2224 2867 2411 2937 viguit,
2445 2868 2498 2922 in
2525 2866 2895 2936 procreatione
2946 2865 3111 2936 prolis
3156 2865 3442 2922 fecundum
3473 2868 3527 2922 in
3567 2870 3794 2939 longitu-

2225 2958 2349 3013 dine
2376 2957 2497 3012 vita:
2537 2958 2866 3022 diuturnum,
2909 2956 2960 3010 in
3002 2956 3330 3011 abundantia
3372 2973 3552 3012 rerum
3595 2960 3795 3013 uberri—

2227 3065 2393 3105 mum.
2420 3048 2638 3103 Resedlt
2656 3053 2834 3103 autem
2854 3047 2944 3116 qui
2970 3057 3088 3102 erat
3113 3057 3373 3110 mortuus,
3403 3051 3619 3119 quando
3634 3066 3794 3121 genus

547 3167 565 3198 ι
608 3145 742 3200 Vivo
767 3158 886 3215 ego,
916 3140 1507 3206 dicitDominusDeus,
1533 3139 1658 3195 nolo
1678 3147 1903 3193 mortem
1926 3150 2112 3206 pecca-
2138 3139 2184 3209 ρ
2217 3141 2508 3195 humanum
2536 3138 2602 3192 ad
2633 3136 2795 3191 vitam
2840 3136 3015 3191 rediit.
3045 3136 3222 3208 Crepit
3246 3137 3410 3207 quui,
3459 3134 3513 3193 id
3555 3149 3666 3207 est,
3705 3143 3790 3209 qui

460 3212 467 3221 ’
542 3236 693 3302 toris,
733 3212 826 3290 sed
871 3242 930 3287 ut
973 3239 1318 3288 convertatur
1357 3241 1413 3287 et
1448 3232 1593 3287 vivat
1621 3230 1836 3302 (Ezech.
1876 3230 2051 3299 xviu).
2087 3249 2105 3280 ›

539 3325 732 3399 Incipit
769 3323 937 3394 loqui,
978 3338 1103 3380 cum
1126 3333 1183 3378 et
1206 3338 1306 3379 sua
1345 3322 1486 3378 mala
1522 3337 1685 3392 opera
1730 3337 2010 3388 accusare,
2056 3332 2113 3377 et

537 3417 705 3472 Deum
735 3415 894 3472 discit
922 3414 1159 3470 laudare.
1183 3414 1442 3470 Redditur
1469 3414 1650 3478 matri,
1671 3428 1910 3483 cumper
1931 3428 2111 3469 sacer-

536 3505 713 3563 dotale
760 3504 1121 3561 ministerium
1164 3502 1545 3560 reconciliatur
1596 3501 1880 3568 Ecclesiae,
1925 3518 1955 3556 a
2004 3517 2109 3571 qua

537 3595 810 3667 peccando
832 3603 958 3650 ante
986 3595 1343 3651 abscesserat.
1370 3591 1699 3661 Frequenter
1720 3592 1861 3647 enim
1895 3591 2106 3647 illorum

538 3688 877 3744 restitutione
898 3685 1093 3744 divina:
1113 3683 1495 3740 misericordiae
1511 3683 1734 3753 largitas
1754 3683 2107 3753 gloriﬁcatur,

536 3778 605 3833 de
630 3791 863 3848 quorum
904 3776 1015 3832 vita
1058 3774 1211 3847 prius
1249 3776 1425 3831 fuerat
1463 3774 1825 3844 desperatum.
1874 3773 2022 3829 Unde
2054 3782 2109 3829 et

536 3878 686 3927 recte
709 3868 955 3925 subditur
978 3885 992 3923 :

608 3981 629 4013 ι
674 3960 896 4031 Accepit
944 3968 1125 4027 autem
1167 3975 1355 4017 omnes
1384 3961 1565 4025 timor,
1595 3968 1659 4017 et
1693 3959 2110 4030 magniﬁcabant

531 4075 562 4106 ιι
605 4053 801 4119 Deum,
827 4053 1106 4111 dicentes:
1133 4053 1270 4121 Quia
1308 4053 1569 4123 propheta
1614 4066 1840 4123 magnus
1875 4052 2110 4109 surrexit

541 4164 560 4195 ι
606 4142 662 4199 in
690 4141 866 4209 nobis,
914 4152 971 4199 et
1012 4143 1142 4214 quia
1186 4144 1327 4199 Deus
1350 4143 1589 4198 visitavit
1620 4142 1825 4212 plebem
1867 4157 2042 4197 suam.
2083 4160 2100 4192 ι

532 4232 698 4304 Cujus
722 4233 865 4290 enim
890 4233 1088 4305 gradus
1106 4233 1267 4289 altior
1286 4241 1391 4299 est,
1418 4230 1535 4302 Ejus
1565 4243 1840 4303 peccatum
1868 4232 2101 4302 gravius.

537 4318 643 4382 Sed
658 4340 767 4396 quo
786 4323 959 4396 magis
978 4325 1045 4381 de
1069 4322 1618 4393 majoribuspeccatis
1636 4338 1667 4377 a
1688 4323 1797 4378 Deo
1821 4323 2048 4379 liberato
2057 4339 2100 4386 r,

533 4435 600 4477 eo
639 4418 867 4492 amplius
911 4416 1213 4473 liberatoris
1256 4416 1427 4488 gratia
1472 4414 1818 4485 gloriﬁcatur.
1870 4414 2005 4481 Quia
2048 4423 2104 4469 et

534 4513 869 4571 medicorum
924 4525 1060 4580 opus
1117 4516 1266 4565 tanto
1322 4507 1495 4580 magis
1543 4505 1810 4563 laudabile
1857 4516 2098 4578 apparet,
2129 4495 2180 4557 Ι)

524 4612 739 4674 quanto
760 4609 818 4657 et
840 4600 1166 4657 dil‘ﬁciliores
1193 4599 1413 4656 morbos
1436 4611 1629 4654 curare
1643 4597 1935 4669 potuerint.
1970 4597 2103 4654 Pos-

534 4708 721 4749 sumus
754 4693 926 4750 etiam
970 4692 1127 4749 aliter
1169 4706 1269 4763 per
1311 4692 1457 4749 hunc
1502 4698 1774 4746 mortuum
1822 4690 2106 4761 allegorice

533 4800 702 4857 genus
734 4787 1037 4841 humanum
1083 4783 1401 4856 intelligere,
1443 4782 1588 4854 quod
1624 4790 1754 4838 tunc
1791 4781 1845 4836 in
1876 4790 2102 4837 mortem

536 4875 749 4940 incidit,
791 4874 1005 4944 quando
1044 4881 1319 4943 praecepta
1357 4873 1481 4928 vitae
1520 4870 1861 4941 contempsit,
1894 4872 2106 4926 dicente

536 4964 799 5019 Domino:
829 4983 847 5015 ‹
880 4963 938 5018 In
966 4976 1283 5032 quacunque
1332 4961 1417 5016 die
1462 4946 1807 5016 comederitis
1848 4961 1913 5015 de
1951 4949 2102 5029 ligno

534 5055 775 5111 scientia:
813 5054 938 5110 boni
969 5063 1026 5107 ct
1070 5052 1215 5119 mali,
1244 5058 1418 5106 morte
1445 5049 1744 5105 moriemini
1774 5048 1925 5117 (Gen.
1960 5050 2041 5120 ιι).
2076 5069 2095 5099 ι

534 5144 705 5200 Mater
728 5151 906 5199 autem
935 5142 1116 5205 vidua,
1147 5156 1267 5210 qua:
1289 5140 1506 5195 unicum
1534 5138 1700 5194 (ilium
1727 5130 1908 5204 nebat,
1928 5136 2103 5209 Syna-

534 5249 671 5306 goga
717 5233 1054 5303 intelligitur,
1099 5246 1218 5300 ηυδε
1260 5230 1315 5285 in
1371 5229 1692 5299 patriarchis
1734 5238 1790 5284 et
1825 5226 2103 5300 prophetis

532 5326 749 5398 generis
772 5323 989 5379 humani
1017 5321 1295 5403 interitum
1325 5318 1570 5375 deﬂebat.
1604 5320 1667 5373 Et
1686 5319 1809 5390 quia
1832 5334 1999 5389 prepe
2019 5327 2103 5374 cst

536 5414 793 5474 Dominus
816 5412 1068 5470 omnibus
1095 5410 1470 5465 invocantibus
1497 5426 1620 5465 eum
1649 5410 1702 5463 in
1732 5410 1981 5475 veritate,
2016 5426 2101 5465 re-

535 5518 624 5566 etc
649 5507 933 5563 subditur:
969 5524 987 5556 ι
1014 5505 1185 5569 Quam
1228 5501 1604 5558 eumvidisset
1631 5501 1908 5566 Dominus,
1940 5502 2100 5557 misc-

538 5597 765 5654 ricordia
794 5603 971 5650 motus
993 5605 1155 5663 super
1175 5607 1317 5659 eam,
1344 5591 1479 5647 dixit
1501 5591 1576 5647 illi
1608 5606 1622 5645 :
1654 5589 1768 5645 Noli
1794 5589 1939 5646 ﬂere.
1973 5610 1990 5644 ι
2023 5591 2101 5645 Ac

536 5692 582 5748 si
608 5689 844 5766 digeret:
872 5685 1064 5743 Desine
1097 5683 1224 5741 ﬂere
1251 5694 1539 5750 mortuum,
1583 5699 1740 5754 quem
1770 5693 1890 5754 post
1914 5685 2100 5755 paulu-

2214 3234 2364 3305 prins
2387 3247 2552 3302 opera
2596 3246 2852 3284 manuum
2879 3234 3098 3283 suarum
3131 3228 3401 3294 laudabat,
3439 3226 3609 3285 Deum
3632 3232 3791 3285 conli-

2214 3325 2311 3380 teri
2345 3323 2530 3392 ccepit,
2568 3318 2754 3377 dicens
2792 3336 2914 3375 cum
2962 3320 3261 3391 propheta:
3302 3338 3321 3370 σ
3351 3319 3615 3375 Dominus
3658 3322 3789 3376 Dens

2212 3414 2357 3468 dedit
2403 3412 2534 3467 mihi
2583 3410 2815 3481 linguam
2862 3409 3128 3462 eruditam
3174 3407 3309 3473 (Isa.
3358 3410 3430 3479 ι).
3481 3429 3501 3461 ο
3562 3410 3630 3465 Et
3672 3427 3787 3466 cum

2210 3495 2495 3559 Psalmista
2522 3519 2536 3555 :
2568 3519 2585 3552 ί
2618 3499 2863 3565 Domine,
2896 3499 3034 3554 labia
3055 3513 3171 3553 mea
3197 3500 3410 3569 aperies
3450 3498 3627 3571 (Psal.
3664 3505 3732 3567 ι).
3766 3524 3783 3552 ι

2213 3593 2364 3649 Dedit
2396 3586 2543 3647 illum
2587 3592 2743 3646 matri
2785 3607 2914 3658 suae,
2954 3592 3171 3658 quando
3187 3599 3316 3648 'eum
3354 3593 3611 3649 Ecclesia:
3636 3598 3788 3650 resti-

2212 3685 2329 3738 tuit.
2361 3704 2379 3736 ι
2417 3684 2637 3753 Accepit
2666 3693 2845 3738 autem
2874 3692 3065 3738 omnes
3096 3684 3277 3738 timor.
3322 3700 3344 3737 ι
3381 3684 3447 3739 lli
3477 3687 3571 3755 qui
3600 3686 3791 3740 timore

2209 3783 2265 3828 et
2322 3773 2677 3828 admiratione
2726 3771 3188 3838 concutiebantur,
3250 3773 3517 3828 immundi
3569 3776 3790 3844 Spiritus

2210 3856 2598 3935 intelliguntur,
2626 3864 2717 3932 qui
2746 3862 2987 3919 videntes
3031 3878 3200 3933 genus
3228 3863 3524 3918 humanum
3572 3878 3671 3934 per
3693 3866 3785 3919 ad-

2212 3962 2427 4009 ventum
2456 3953 2665 4008 Domini
2691 3954 2757 4008 de
2780 3967 2874 4007 sua
2892 3962 3159 4023 potestate
3177 3954 3331 4024 eripi,
3357 3963 3468 4009 tota
3492 3956 3787 4011 intentiooc

2208 4045 2454 4101 concussi
2506 4055 2628 4100 sunt
2657 4046 2709 4098 in
2742 4052 2970 4108 tantum,
3001 4053 3057 4098 ut
3081 4059 3178 4113 per
3207 4046 3486 4101 obsessum
3518 4046 3786 4101 hominem

2209 4135 2444 4191 dicerent
2470 4151 2482 4187 :
2521 4155 2537 4185 ι
2558 4134 2708 4202 Quid
2735 4133 2888 4189 nobis
2911 4145 2966 4187 et
2992 4133 3128 4200 tibi,
3154 4133 3251 4189 Fili
3278 4134 3416 4190 Dei?
3442 4134 3641 4191 venisti
3667 4144 3786 4191 ante

2211 4239 2419 4299 tempus
2449 4233 2697 4297 torquere
2727 4240 2824 4282 nos
2852 4224 3067 4298 (Manli.
3104 4226 3238 4297 vin).
3272 4242 3289 4279 ι

2724 4361 3005 4419 llOMlLlA
3040 4361 3273 4419 CXXIX.

2333 4490 2579 4530 υοωικιολ
2620 4487 2814 4528 υεσηιλ
2842 4485 3058 4528 θοι-,ινα
3094 4487 3223 4527 POS'I'
3266 4486 3667 4529 νεκτεεοετεισ.

2278 4588 2430 4661 (Luc.
2456 4593 2568 4657 xw)
2601 4608 2617 4638 ε
2649 4597 2703 4640 In
2733 4586 2821 4640 illo
2846 4594 3104 4654 tempore,
3145 4594 3267 4641 cum
3296 4584 3526 4640 intraret
3552 4584 3714 4641 Iesus
3734 4586 3783 4639 in

2213 4699 2232 4732 ι
2274 4679 2492 4734 domum
2523 4677 2802 4748 cujusdam
2845 4676 3100 4747 principis
3133 4675 3529 4731 Phariszeorum
3557 4678 3785 4732 sabbato

2213 4791 2231 4823 ι
2280 4770 2606 4826 manducare
2632 4774 2843 4838 panem.
2877 4790 2896 4822 ι
2929 4769 2997 4823 Et
3032 4767 3258 4838 reliqua.
3306 4766 3529 4836 Quoties
3558 4768 3786 4838 legimus

2213 4861 2492 4917 Dominum
2522 4862 2589 4915 ad
2619 4861 2833 4931 nuptias
2862 4860 2944 4916 vel
2978 4860 3045 4914 ad
3072 4860 3377 4915 convivium
3403 4861 3638 4927 venisse,
3678 4876 3782 4916 non

2206 4951 2341 5021 gul-.e
2385 4949 2650 5005 illecebris
2692 4952 2951 5019 deputare
2988 4948 3265 5013 debemus,
3308 4949 3452 5003 sicut
3479 4948 3690 5006 Scriba
3728 4960 3785 5007 et

2200 5040 2456 5096 Pharisaei
2476 5040 2763 5107 faciebant,
2792 5040 3031 5094 dicentes
3049 5053 3171 5093 cum
3191 5040 3301 5095 vini
3322 5048 3622 5111 potatorem
3638 5056 3781 5107 esse,

2200 5139 2256 5191 ct
2282 5132 2513 5190 amicum
2544 5132 2969 5204 publicanorum,
3000 5131 3094 5186 sed
3132 5130 3204 5187 ob
3237 5132 3372 5187 certi
3399 5132 3630 5203 gratiam
3659 5148 3781 5205 my-

2199 5224 2351 5286 sterii
2382 5242 2504 5281 cum
2546 5225 2757 5282 venisse
2798 5223 3019 5280 credere
3046 5223 3325 5288 debemus,
3354 5221 3408 5279 id
3452 5231 3670 5294 est.pro
3695 5222 3780 5278 ln-

2202 5319 2422 5376 cran‘dis
2468 5312 2766 5372 animabus.
2816 5314 2969 5371 Sicut
3012 5314 3157 5369 enim
3201 5315 3393 5370 doetus
3438 5314 3682 5385 piscator
3727 5322 3785 5370 et

2202 5411 2409 5482 peritus
2452 5417 2699 5472 venator,
2746 5404 2861 5462 sive
2904 5418 3118 5479 auceps,
3169 5406 3223 5460 in
3251 5421 3317 5461 eo
3345 5405 3465 5461 loco
3504 5407 3639 5460 retia
3681 5421 3781 5459 sua

2204 5501 2392 5565 tendit,
2421 5498 2508 5552 ubi
2538 5496 2931 5551 multitudinem
2956 5495 3187 5565 piscium
3212 5494 3296 5549 vel
3330 5495 3508 5549 avium
3536 5495 3651 5549 sive
3688 5494 3787 5549 be-

2203 5594 2426 5650 stiarum
2454 5590 2744 5645 convenire
2771 5588 2941 5651 novit,
2973 5596 3031 5641 ut
3058 5602 3125 5643 ex
3150 5587 3334 5642 multis
3359 5586 3525 5656 aliqui
3556 5586 3785 5654 capian-

2204 5691 2292 5738 tur
2331 5701 2345 5735 :
2396 5682 2466 5736 ita
2499 5680 2752 5736 Dominus
2779 5678 2912 5735 retia
2936 5693 3044 5735 sute
3069 5678 3473 5749 praedicationis
3494 5677 3551 5731 in
3568 5690 3633 5731 eo
3658 5675 3784 5732 loco
