4002 6348
176 410 277 470 689

1380 393 1693 479 HOMlleE'
1723 389 1811 445 DE
1848 384 2193 443 TEMPOBE.

3312 368 3416 425 690

174 521 460 582 extendere
510 516 694 583 voluit,
748 516 835 571 ubi
886 514 1063 586 plures
1113 509 1525 573 conveniebant,
1567 516 1627 560 ut
1674 518 1738 558 ex
1771 507 1936 565 Arus
1958 490 2787 567 nonimplebiturpecuuiis,uec
2805 485 3115 556 auimaejus
3133 483 3418 539 satiabitur

174 612 355 670 multis
388 609 552 681 aliqui
593 615 911 680 caperentur
946 606 1000 659 in
1046 602 1169 658 ﬁde.
1220 601 1287 656 Et
1327 600 1396 655 ob
1440 595 1739 653 istiusmodi

176 718 415 768 causam,
446 700 531 756 vel
559 701 628 755 ad
645 698 911 763 convivia,
934 695 1020 750 vel
1049 695 1117 749 ad
1142 691 1355 763 nuptias
1380 696 1622 760 vocatus,
1652 700 1743 741 ve-

177 796 295 850 nire
318 790 652 849 nonrenuit.
692 788 867 853 Unde,
896 786 1039 842 sicut
1062 797 1299 854 prazsens
1331 780 1493 836 lectio
1518 784 1741 833 narrat:

178 901 201 934 ι
245 880 378 936 Cum
408 879 635 947 intraret
657 875 816 933 Jesus
849 877 903 931 in
937 875 1155 931 domum
1182 870 1460 942 cujusdam
1487 867 1747 940 principis

181 989 203 1024 ι
245 969 643 1025 Ριιιιιὶεωοιυιιι
675 966 898 1023 sabbato
933 964 1272 1020 manducare.
1294 975 1517 1032 panem,
1546 967 1619 1026 et.
1646 958 1745 1029 ipsi

184 1060 604 1122 cobservahant
630 1075 774 1116 eum.
809 1078 845 1113 ι.
865 1060 965 1116 Ubi
991 1057 1284 1113 notandum
1312 1056 1440 1128 quia
1474 1053 1633 1125 punis
1656 1068 1748 1114 no;

179 1152 328 1208 mine
348 1150 534 1207 omnia
562 1165 682 1221 qua:
709 1150 778 1205 ad
826 1150 1027 1205 victum
1075 1147 1383 1219 pertinent,
1419 1144 1748 1215 evangelista

178 1240 487 1313 signiﬁcare
509 1239 676 1295 voluit
698 1256 714 1306 ;
736 1239 863 1310 quia
882 1253 1011 1294 usus
1031 1236 1324 1308 Scriptura:
1341 1242 1445 1300 est,
1469 1243 1529 1295 ιιι
1550 1249 1580 1288 3
1603 1233 1751 1303 priu-

172 1331 342 1401 cipali
392 1337 567 1400 parte,
593 1344 715 1399 qua:
741 1336 827 1385 est
865 1329 920 1383 in
948 1328 1056 1383 vita
1090 1327 1343 1393 hominis,
1375 1326 1431 1382 id
1479 1333 1562 1380 est
1588 1338 1750 1395 pane,

177 1428 377 1477 caetera
417 1417 704 1490 signiticet,
751 1418 892 1473 sicut
921 1417 989 1472 de
1032 1415 1230 1486 Joseph
1258 1414 1516 1479 fratribus
1551 1413 1751 1468 dictum

178 1512 453 1583 legimus:
489 1529 507 1560 ι
541 1507 677 1576 Quia
727 1508 818 1564 isti
868 1507 1033 1563 hodie
1063 1520 1273 1563 mecum
1312 1505 1601 1563 comesturi
1629 1509 1755 1556 sunt

181 1617 378 1673 panem
408 1597 560 1671 (Gen.
588 1600 762 1670 xuu),
798 1619 816 1651 ι
847 1600 937 1670 qui
974 1607 1152 1654 tamen
1180 1605 1362 1669 postea
1392 1611 1515 1652 cum
1543 1611 1608 1651 eo
1638 1595 1752 1649 iue-

181 1689 534 1747 briatil‘uisse
557 1688 829 1760 leguntur.
862 1687 929 1742 Et
957 1687 1099 1743 sicut
1121 1687 1178 1742 in
1205 1687 1393 1743 eadem
1417 1684 1612 1742 Genesi
1634 1683 1757 1755 legi-

1842 593 1998 648 bonis
2016 589 2215 663 (Eccle.
2238 588 2335 659 Ix).
2367 607 2386 641 ι
2415 587 2599 643 Potest
2618 599 2831 655 quoque
2852 596 2956 638 nou
2980 578 3420 636 inconvenienter

1841 700 1941 757 per
1984 682 2335 756 hydropieum
2379 679 2605 750 quilibet
2643 675 2950 730 luxuriosus
2988 671 3210 741 intelligi
3251 669 3418 740 :quia

1844 777 1985 833 sicut
2008 773 2331 848 hydropicus
2356 786 2464 843 quo
2492 770 2611 840 plus
2637 768 2793 834 bibit,
2836 765 2957 836 plus
2988 763 3122 825 sitit,
3166 762 3238 816 ita
3265 760 3420 815 luxu-

1847 869 2022 923 riosus
2041 880 2150 936 quo
2171 863 2292 935 plus
2322 863 2388 917 ad
2409 859 2757 930 petulantiam
2779 856 2961 913 carnis
2983 855 3197 910 deditus
3235 851 3419 918 liter-it,

1846 974 1914 1014 eo
1938 957 2056 1028 plus
2072 956 2141 1010 ad
2155 952 2503 1024 petulantiam
2528 948 2765 1005 libidinis
2782 946 3105 1004 exardescit.
3132 945 3208 1000 De
3227 944 3425 1015 quibus

1849 1063 1945 1120 per.
1985 1047 2301 1118 prophetam
2331 1043 2575 1099 dicitur:
2616 1059 2635 1092 ι
2677 1039 2917 1107 Quorum
2955 1052 3150 1093 carnes
3196 1045 3324 1092 sunt
3364 1044 3427 1090 ut

1849 1154 2044 1197 carnes
2066 1138 2361 1201 asinorum,
2390 1144 2445 1190 et
2468 1133 2644 1189 (luxus
2667 1146 2854 1187 eorum
2879 1138 2938 1185 ut
2962 1127 3136 1185 ﬂuxus
3159 1142 3422 1197 equorum

1852 1231 2067 1304 (Each.
2095 1227 2274 1300 χχιιι).
2305 1226 2624 1284 »Ει-ἱιθιυιιιιι
2654 1242 2668 1278 :
2699 1220 3400 1292 t'Computrueruntjumen

1854 1332 1907 1379 ta
1932 1322 1988 1377 in
2014 1327 2253 1377 stercore
2277 1332 2376 1374 suo
2400 1315 2563 1389 (laet.
2590 1314 2654 1385 ι).
2686 1333 2706 1367 ι

1927 1431 1948 1465 ι
1990 1412 2060 1468 Ει
2077 1409 2407 1482 respondens
2428 1406 2607 1472 Jesus,
2622 1404 2762 1462 dixit
2783 1402 2850 1458 ad
2869 1399 3208 1474 legisperitos
3226 1398 3429 1455 etPha-

1860 1524 1880 1557 ι
1923 1503 2128 1569 riSaeos,
2178 1498 2483 1557 dicens:Si
2531 1497 2658 1552 licet
2701 1494 2926 1551 sabbato
2970 1492 3199 1547 curare?
3243 1490 3313 1546 At
3356 1489 3431 1545 illi

1861 1615 1880 1647 ‹
1926 1600 2230 1651 tacuerunt.
2244 1612 2262 1644 ι
2280 1582 2579 1661 Responsio
2594 1589 2694 1643 ista
2712 1584 2920 1643 Domini
2935 1584 3005 1640 ad
3026 1583 3154 1639 illud
3175 1582 3429 1653 pertinet,

1855 1687 1998 1758 quod
2038 1683 2288 1756 superius
2332 1684 2534 1738 dictum
2580 1689 2705 1737 est:
2759 1696 2779 1731 ι
2808 1679 2874 1733 Et
2928 1677 3030 1749 ipsi
3076 1676 3435 1733 observabant

178 1790 309 1831 mus
337 1776 404 1831 de
424 1792 591 1847 puero
622 1777 865 1843 llmbreo,
885 1777 978 1848 qui
1006 1791 1232 1833 uxorem
1257 1775 1475 1832 domino
1497 1788 1595 1828 suo
1616 1789 1757 1843 qua:-
1856 1793 1998 1834 oum.
2032 1796 2052 1829 ι
2082 1775 2197 1831 Νοιι
2222 1775 2366 1831 enim
2390 1775 2478 1830 hic
2500 1772 2568 1828 ah
2586 1772 2708 1828 aliis
2729 1767 3319 1841 interrogatusjegitur,
3342 1765 3436 1821 sed

174 1867 376 1923 rebat:
403 1867 501 1922 «Et
519 1868 797 1938 appositus
817 1876 900 1923 est
921 1882 1104 1923 coram
1124 1882 1192 1922 eo
1210 1866 1366 1937 panis
1381 1863 1749 1936 (Gen.xxnv).i
1784 1850 1829 1913 Β
1858 1857 1925 1923 ait
1964 1882 2150 1922 eorum
2180 1864 2533 1937 cogitationes
2577 1861 2871 1933 respondit.
2918 1861 2985 1916 Et
3020 1858 3436 1931 prudentissima

184 1956 342 2024 Quod
381 1967 557 2012 autem
595 1958 709 2013 ait:
737 1978 756 2011 ‹
784 1958 852 2014 Et
876 1959 976 2030 ipsi
1000 1958 1362 2014 observabant
1401 1972 1548 2022 eum,
1585 1975 1604 2009 ι
1649 1970 1755 2010 non

181 2046 254 2101 ad
308 2047 620 2115 sabbatum,
673 2051 768 2106 sed
817 2051 888 2115 ad
940 2050 1115 2120 ipsum
1167 2049 1450 2113 Dominum
1501 2047 1756 2119 pertinet.

178 2134 562 2199 Observabam
584 2141 781 2210 quippe
806 2156 952 2206 cum,
984 2141 1030 2195 si
1061 2140 1113 2194 in
1139 2139 1377 2197 sabbato.
1403 2146 1619 2194 curaret
1638 2202 1643 2206 ν
1659 2138 1758 2194 lto-

180 2230 412 2296 minem,
443 2238 535 2284 aut
577 2216 794 2300 aliquod
828 2246 966 2301 opus
990 2230 1220 2296 Iaceret,
1251 2229 1364 2285 sive
1390 2229 1621 2299 aliquem
1649 2243 1761 2283 ser-

180 2335 405 2376 monem
434 2322 765 2391 protulisset,
795 2323 849 2378 in
873 2339 982 2395 quo
1006 2324 1347 2388 merito’eum
1373 2320 1763 2391 reprehendere

177 2420 427 2479 possent.
453 2411 636 2482 Neque
661 2414 804 2468 enim
830 2415 1202 2469 observatores
1228 2412 1438 2468 sabbati
1463 2420 1640 2477 erant,
1671 2410 1764 2480 qui

178 2499 365 2568 ipsum
405 2502 615 2558 sabbati
662 2503 1112 2560 sanctiﬁcatorem
1159 2504 1552 2576 reprehendere
1584 2504 1765 2574 cupie-

180 2590 335 2655 bant,
377 2592 426 2647 si
461 2602 699 2661 possent.
748 2595 1067 2651 Observatio
1112 2610 1241 2665 ergo
1270 2595 1406 2651 etin
1450 2594 1593 2648 houo
1621 2601 1676 2646 ct
1710 2593 1762 2646 in

182 2679 334 2747 malo
378 2683 630 2752 ponitur;
663 2685 717 2739 in
746 2686 911 2750 bono,
945 2685 1082 2739 sicut
1107 2683 1318 2738 Domini
1349 2698 1480 2739 voce
1508 2682 1767 2737 lsraclitis

182 2770 428 2835 dicitur:
458 2789 478 2823 ι
504 2771 643 2827 Ecce
671 2787 772 2845 ego
806 2774 963 2829 mitto
990 2774 1238 2846 angelum
1281 2789 1474 2836 meum,
1503 2775 1594 2844 qui
1626 2789 1765 2843 pne-

182 2865 349 2921 cedat
375 2872 426 2920 te
451 2874 508 2921 et
544 2867 817 2922 custodiat
844 2882 1074 2937 semper.
1109 2866 1348 2925 Observa
1373 2881 1523 2936 ergo,
1560 2873 1615 2920 et
1639 2865 1763 2918 audi

186 2970 378 3012 vocem
408 2956 525 3027 ejus
554 2956 751 3028 (Exod.
800 2958 955 3029 xxii).
991 2977 1010 3010 ι
1044 2958 1112 3011 Et
1147 2957 1289 3012 sicut
1322 2955 1625 3027 Apostolus.
1649 2955 1763 3008 ait:

190 3066 214 3099 ι
254 3046 559 3103 Observate
581 3062 677 3104 eos
706 3049 797 3117 qui
820 3049 893 3103 ita
924 3049 1220 3114 ambulant,
1252 3048 1392 3106 sicut
1418 3048 1635 3103 habetis
1660 3047 1769 3103 for-

189 3150 338 3189 mam
359 3144 598 3193 nostram
616 3135 835 3210 (Philip.
852 3140 989 3211 “1),:
1010 3139 1061 3194 id
1082 3147 1173 3196 est'
1187 3155 1283 3196 eos
1304 3139 1609 3203 imitamini,
1633 3153 1768 3209 quos

188 3220 343 3289 iuxta
364 3199 806 3297 formam,‘quam
831 3199 987 3284 vobis
1020 3199 1675 3293 ostendimus,,ambulare
1700 3229 1774 3282 vi—
1797 3199 1843 3262 Ο

197 3315 405 3379 det-itis.
436 3319 665 3374 lrunalo
688 3319 943 3388 ponitur,
974 3320 1115 3375 sicut
1155 3320 1231 3374 ait
1260 3319 1524 3389 Propheta
1562 3337 1575 3373 :
1619 3336 1638 3369 ι
1666 3316 1772 3374 0b-

198 3407 433 3467 Bervahit
485 3418 738 3480 peccator
787 3409 993 3479 justum
1045 3418 1105 3465 et
1150 3410 1399 3465 stridebit
1441 3424 1602 3478 super
1649 3424 1772 3464 eum

193 3500 448 3558 dentibus
474 3501 587 3555 suis
613 3500 784 3571 (Paul.
817 3502 1022 3570 xxxvi),
1054 3520 1074 3552 ι
1096 3501 1192 3556 .vel
1216 3511 1421 3571 quaeret
1446 3494 1775 3555 mortiﬁcare

193 3608 341 3661 eum.
374 3592 465 3648 Sic
508 3592 563 3647 in
592 3594 690 3647 hoc
715 3594 855 3658 loco,
887 3609 992 3647 non
1025 3594 1078 3647 in
1102 3592 1287 3659 .bono,
1311 3593 1405 3648 sed
1435 3592 1487 3646 in
1514 3590 1660 3646 malo
1683 3605 1776 3662 po-

192 3684 364 3750 nitur,
413 3700 536 3740 cum
562 3684 760 3739 dicitur
804 3703 816 3739 :
867 3686 994 3751 «,.Et
1040 3684 1139 3755 ipsi
1166 3685 1526 3748 observabant
1573 3699 1717 3739 eum.
1753 3703 1771 3735 ι

191 3774 364 3843 Igitur
401 3775 930 3845 observabanteum,
975 3793 1081 3832 non
1108 3785 1168 3830 ut
1206 3776 1403 3830 imitari
1435 3775 1654 3841 vellent,
1682 3774 1776 3831 sed

194 3865 592 3939 reprehendere
620 3866 924 3935 cupiebant,
953 3866 995 3920 si
1030 3875 1270 3937 possent.
1300 3863 1622 3921 Observatio
1646 3881 1779 3935 ergo

192 3964 246 4020 et
275 3956 344 4021 in,
368 3959 612 4018 bono,.et
630 3958 701 4015 ,ιιι
739 3958 887 4025 nullo
904 3960 1140 4027 ponitur.
1272 3964 1293 3973 ⁹

268 4064 288 4096 ι
324 4046 392 4101 Et
412 4060 539 4100 ecce
575 4048 736 4105 homo
779 4049 996 4121 quidam
1042 4049 1363 4122 hydropicus
1401 4058 1522 4104 erat
1550 4056 1689 4109 ante
1715 4048 1784 4112 il:

195 4136 335 4198 lum.
363 4154 383 4186 ι
419 4135 732 4206 llydropisis
755 4139 935 4207 gravis
953 4149 1036 4193 est
1064 4139 1370 4205 inﬁrmitas,
1399 4156 1520 4209 qua:
1540 4139 1783 4194 nascitur

196 4243 265 4281 ex
297 4227 435 4281 vitio
470 4229 678 4294 vesica:,
727 4245 846 4284 cum
894 4229 1166 4287 inﬂatione
1198 4240 1444 4302 turgeute
1469 4239 1525 4287 et
1544 4231 1784 4287 anhelitu
1820 4220 1825 4227 ’

197 4319 395 4375 fetido.
436 4318 717 4389 Proprium
761 4330 847 4376 est
894 4323 1194 4392 hydropici,
1226 4331 1286 4377 ut
1314 4338 1422 4393 quo
1446 4322 1676 4393 amplius
1701 4321 1783 4391 bis

199 4411 366 4474 berit,
408 4424 472 4465 eo
501 4412 669 4479 magis
697 4412 861 4465 sitiat.
913 4412 1050 4483 Ergo
1087 4429 1181 4483 per
1212 4412 1565 4485 hydropicum
1594 4426 1788 4478 avarus

200 4502 435 4571 quilibet
481 4502 814 4573 designatur,
855 4505 977 4573 quia
1010 4505 1157 4565 sicut
1209 4505 1533 4576 hydropicus
1560 4521 1666 4576 quo
1703 4513 1788 4560 est

201 4593 464 4661 grossior,
496 4608 561 4648 eo
588 4603 672 4650 est
701 4595 966 4650 iutirmior
1000 4613 1013 4648 :
1039 4596 1110 4650 ita
1131 4611 1329 4652 avarus
1351 4612 1458 4668 quo
1476 4595 1595 4667 plus
1619 4596 1786 4651 abun-

1859 1956 2352 2019 ratione.Dominus
2376 1955 2755 2010 observatores
2780 1966 2908 2007 suos
2931 1951 3059 2008 hinc
3077 1951 3203 2006 inde
3221 1950 3437 2007 concle-

1860 2050 1960 2114 sit,
1989 2062 2057 2104 ne
2086 2056 2267 2118 aptam
2299 2047 2601 2103 invenirent
2628 2043 3053 2114 responsionem.
3085 2041 3143 2097 Si
3180 2043 3323 2097 enim
3353 2041 3438 2096 di-

1860 2150 2079 2198 cerent:
2102 2141 2253 2197 Licet
2279 2139 2505 2195 sabbato
2526 2152 2741 2203 curare,
2766 2135 3216 2207 reprehensibiles
3235 2144 3439 2197 essent,

1862 2245 1922 2292 ut
1933 2236 2060 2306 quid
2071 2249 2192 2288 eum
2206 2233 2572 2299 observarent,
2590 2240 2769 2287 utrum
2786 2231 3012 2287 sabbato
3041 2238 3262 2285 curaret
3273 2229 3440 2283 immi-

1866 2341 2021 2391 nem;
2050 2326 2093 2380 si
2126 2339 2256 2380 vero
2278 2320 2682 2380 dicerentzNon
2716 2322 2858 2387 licet,
2883 2327 3255 2392 arguerentur,
3273 2336 3443 2389 quare

1865 2418 2090 2493 sabbato
2110 2416 2319 2471 asinum
2347 2415 2433 2470 vel
2458 2412 2970 2483 bovemsolventesa
2984 2414 3266 2484 praesepio,
3285 2412 3442 2467 duce-

1868 2515 1989 2562 rent
2012 2506 2306 2575 adaquare,
2329 2513 2385 2560 et
2417 2505 2538 2560 ideo
2559 2519 2665 2559 non
2682 2503 3014 2561 invenientes
3033 2502 3158 2571 quid
3177 2503 3440 2566 dicereut,

1870 2604 2170 2654 tacuerunt.
2198 2595 2310 2650 Nec
2332 2595 2505 2650 solum
2536 2595 2591 2650 in
2622 2596 2723 2649 hoc
2743 2584 2859 2649 loco
2881 2594 3298 2664 reprehensores
3318 2608 3446 2648 suus

1867 2690 1941 2743 ita
1954 2686 2234 2753 conclusit,
2263 2686 2357 2742 sed
2382 2685 2543 2740 etiam
2572 2684 2626 2739 in
2652 2685 2771 2740 aliis
2793 2683 3102 2753 frequenter
3130 2681 3283 2750 locis,
3306 2683 3447 2739 sicut

1868 2777 2189 2849 dequadam
2211 2776 2438 2831 muliere
2483 2776 2535 2828 in
2581 2774 2845 2830 adulterio
2878 2773 3213 2842 deprehensa
3256 2758 3442 2845 (Ιοαη.

1869 2867 2010 2938 vin),
2036 2866 2122 2922 vel
2147 2866 2215 2921 de
2243 2866 2448 2921 denarii
2479 2865 2779 2920 redditione
2806 2862 3020 2935 (Matth.
3049 2863 3210 2935 χχιι),
3231 2872 3286 2920 et
3309 2864 3449 2919 sicut

1870 2960 1998 3015 fecit
2041 2957 2258 3029 quando
2281 2958 2775 3025 interrogaverunt
2794 2967 2929 3010 eum
2965 2955 3205 3012 dicentes
3231 2954 3445 3026 (Matth.

1871 3050 1988 3121 xxi)
2021 3067 2035 3104 :
2068 3048 2164 3106 Dic
2193 3048 2381 3113 nobis,
2421 3048 2475 3101 in
2505 3062 2609 3116 qua
2637 3051 2905 3116 potestate
2932 3044 3047 3100 haec
3074 3045 3245 3101 facis?
3269 3044 3340 3098 At
3360 3043 3451 3101 ille

1874 3141 2226 3211 respondens,
2255 3140 2432 3195 dixit:
2465 3137 2636 3193 Dicite
2660 3145 2714 3194 et
2730 3150 2826 3191 vos
2853 3135 2985 3192 mihi
3008 3151 3172 3190 unum
3204 3135 3450 3199 verbum,

1874 3240 1930 3287 et
1953 3246 2053 3304 ego
2076 3229 2254 3286 dicam
2283 3230 2439 3285 vobis
2466 3230 2518 3282 in
2545 3243 2650 3297 qua
2673 3235 2941 3298 potestate
2967 3226 3081 3281 haec
3109 3225 3266 3282 l‘acio.
3297 3225 3451 3292 Quod

1876 3325 1921 3379 si
1946 3324 2073 3379 haec.
2102 3336 2208 3377 non
2235 3320 2483 3376 dixeritis
2516 3319 2646 3374 mihi
2670 3358 2686 3386 ,
2731 3333 2975 3390 necego
3016 3318 3193 3375 dicam
3220 3317 3374 3373 vobis
3398 3319 3453 3372 in

1876 3431 1982 3485 qua
2010 3421 2280 3486 potestate
2318 3413 2433 3468 haec
2478 3411 2640 3467 facio.
2694 3407 2875 3466 Dicite
2912 3408 3084 3465 mihi:
3119 3407 3454 3480 Baptismum
3522 3428 3527 3437 ε

1877 3508 2101 3565 Joannis
2127 3508 2193 3563 de
2217 3506 2359 3563 coelo
2380 3513 2520 3570 erat,
2552 3520 2620 3559 an
2650 3518 2714 3559 ex
2741 3502 3082 3559 hominibus?
3116 3501 3187 3557 At
3213 3500 3289 3557 illi
3310 3515 3457 3572 cogi—

1880 3610 2134 3657 taverunt
2154 3600 2309 3655 intra
2337 3614 2395 3655 se
2418 3639 2434 3664 ,
2482 3597 2764 3665 dicentes:
2796 3593 2857 3651 Si
2901 3593 3195 3650 dixerimus
3232 3608 3263 3649 e
3295 3591 3453 3657 coelo,

1880 3692 2024 3748 dicet
2065 3690 2258 3745 nobis:
2293 3687 2645 3759 Quareergo
2671 3685 2778 3741 non
2820 3684 3137 3756 suscepistis
3178 3680 3344 3738 illud?
3398 3681 3456 3737 Si

1881 3782 2177 3837 dixerimus
2201 3796 2264 3836 ex
2294 3778 2627 3843 hominibus,
2658 3777 2813 3831 turba
2836 3790 2962 3847 qum
2988 3791 3019 3830 a
3047 3773 3254 3831 Joanne
3282 3774 3458 3845 baptio

1883 3880 2004 3927 zata
2035 3879 2121 3926 est
2141 3909 2157 3935 ,
2202 3868 2462 3939 lapidabit
2489 3882 2605 3923 nos.
2660 3868 2729 3923 Et
2760 3867 2884 3923 ideo
2910 3870 3015 3922 non
3044 3867 3303 3925 habentes
3330 3866 3459 3937 ‘quid

1883 3961 2147 4023 dicerent,
2179 3959 2461 4014 siluerunt.
2501 3956 2591 4015 Sic
2617 3966 2671 4014 et
2699 3958 2752 4013 in
2775 3959 2878 4014 hoc
2897 3957 3016 4014 loco
3044 3958 3245 4012 nullam
3278 3966 3466 4028 aptam

1886 4052 2222 4109 invenientes
2259 4050 2700 4120 responsionem,
2733 4058 3049 4117 tacuerunt,
3089 4050 3463 4121 impleta-pro!

1885 4143 2068 4214 phetia
2094 4184 2110 4209 ,
2148 4159 2268 4213 quae
2295 4143 2371 4198 ait
2396 4160 2409 4197 :
2441 4163 2459 4194 ι
2490 4142 2603 4197 Rex
2651 4157 2780 4198 vero
2818 4142 3087 4201 laetabitur
3110 4142 3165 4198 in
3196 4142 3327 4208 Deo,
3350 4142 3462 4211 lau-

1886 4237 2155 4292 dabuntur
2195 4250 2385 4291 omnes
2424 4233 2723 4304 quijurant
2749 4232 2804 4289 in
2828 4248 2928 4301 eo,
2973 4234 3101 4305 quia
3123 4233 3458 4289 obstructum

1888 4335 2058 4389 esthos
2083 4325 2626 4397 loquentiumjniqua
2654 4323 2826 4395 (Psal.
2851 4325 3006 4396 uti).
3030 4343 3048 4374 ι
3078 4322 3185 4379 Sed
3211 4322 3337 4393 quia
3361 4322 3464 4375 Dm

1890 4418 2068 4474 minus
2095 4418 2258 4473 etiam
2302 4417 2527 4488 ingratis
2562 4416 2883 4473 beneﬁcium
2921 4431 3033 4473 suae
3058 4415 3325 4488 largitatis
3358 4414 3473 4469 1⁵η)-⁸

1891 4519 2119 4581 quenter
2163 4517 2425 4580 praestat,
2475 4517 2621 4564 recte
2658 4508 2945 4564 subditur:
2992 4526 3011 4558 «
3043 4507 3158 4577 Ipse
3201 4521 3332 4561 vero
3372 4520 3466 4576 ap-

1895 4620 1915 4654 ι
1942 4601 2267 4673 prehensum
2311 4614 2434 4654 eum
2464 4600 2715 4663 sanavit,
2758 4613 2822 4652 ac
2857 4596 3077 4651 dimisit.
3108 4616 3126 4648 ι
3158 4596 3225 4650 Ει
3245 4595 3467 4667 pulchre

202 4685 300 4737 dat
326 4684 547 4751 divitiis,
580 4700 645 4739 eo
673 4686 881 4754 plenior
900 4694 985 4743 est
1008 4687 1175 4765 vitiis.
1199 4686 1273 4742 Ει
1295 4688 1437 4743 sicut
1464 4688 1799 4760 hydropicus
1889 4709 2076 4751 coram
2121 4693 2306 4749 avaris
2346 4692 2698 4763 hydropicum
2745 4692 2987 4755 curavit,
3025 4698 3083 4744 ut
3123 4705 3246 4744 cum
3275 4689 3327 4745 in
3360 4703 3466 4744 uno

202 4791 315 4845 quo
342 4776 572 4846 amplius
593 4777 744 4845 bibit,
769 4795 834 4832 eo
850 4778 1081 4849 amplius
1104 4778 1218 4834 sitit
1240 4796 1253 4833 :
1279 4779 1358 4835 sic
1376 4795 1571 4836 avarus
1589 4791 1791 4850 quanto

206 4867 395 4938 magis.
429 4868 663 4938 divitias,
709 4885 843 4939 quas
872 4870 1222 4940 concupiscit,
1266 4870 1599 4941 acquisierit,
1641 4878 1792 4925 tanto

207 4962 388 5033 magis
417 4961 468 5015 in
514 4962 593 5016 eis
621 4963 962 5032 acquirendis
1004 4962 1328 5018 exardescit.
1371 4963 1522 5030 Quod
1568 4963 1794 5032 pulchre

207 5053 434 5123 quidam
461 5054 527 5109 de
552 5054 882 5125 sapientibus
901 5055 1049 5111 brevi
1076 5053 1339 5117 versiculo
1360 5055 1787 5125 comprehendit,

208 5146 403 5207 dicens
430 5163 446 5201 :
479 5192 482 5195 Α

343 5285 531 5347 Crescit
554 5298 686 5334 antor
710 5287 1159 5351 nummi,_quantum
1175 5285 1284 5349 ipsa
1309 5295 1514 5349 pecunia
1528 5284 1731 5341 crescit.

213 5425 282 5479 Et
334 5424 473 5479 sicut
521 5424 738 5496 quidam
778 5424 1119 5479 aitzAvarus
1164 5421 1323 5479 obolo
1367 5420 1589 5492 indiget.
1641 5418 1795 5475 Sicut

209 5519 365 5573 enim
397 5519 621 5589 sapienti
650 5527 791 5573 lotus
820 5516 1049 5573 mundus
1068 5516 1378 5572 divitiarum
1406 5523 1513 5580 est,
1534 5512 1613 5569 sic
1634 5528 1797 5567 avaro

214 5618 367 5664 totus
395 5610 625 5666 mundus
669 5609 909 5664 avaritia
934 5626 947 5662 :
971 5608 1096 5678 quia
1122 5606 1382 5677 quidquid
1417 5606 1562 5660 videt
1605 5602 1794 5668 oculis,

212 5701 555 5770 concupiscit
581 5711 755 5756 mente
794 5708 848 5754 et
885 5699 1082 5755 habere
1105 5698 1394 5755 desiderat.
1426 5696 1671 5752 Alienum
1698 5696 1794 5750 da-

214 5807 409 5850 mnum
434 5810 588 5850 suum
609 5794 812 5849 lucrmn
834 5793 1074 5865 deputat,
1103 5798 1238 5847 teste
1258 5789 1545 5847 Salomone
1570 5807 1581 5844 :
1615 5812 1630 5842 ‹
1660 5790 1797 5846 Ava—

1892 4793 2176 4841 sanaretur
2210 4785 2498 4839 inﬁrmitas
2524 4783 2768 4853 corporis
2786 4824 2800 4846 ,
2846 4783 2899 4836 in
2926 4779 3108 4837 multis
3132 4778 3349 4836 morbus
3371 4796 3467 4836 eu-

1896 4884 2109 4931 raretur
2130 4875 2344 4930 mentis.
2381 4874 2628 4941 Quorum
2647 4871 2926 4926 avaritiam
2955 4872 3213 4928 Dominus
3234 4870 3465 4943 pruden-

1895 4966 2105 5024 tissima
2133 4967 2540 5038 comparatione
2567 4965 2861 5036 redarguit,
2891 4980 3012 5020 cum
3038 4965 3146 5021 ait:

1971 5077 1989 5110 ι
2026 5057 2093 5113 Et
2132 5057 2464 5129 respondens
2509 5055 2577 5111 ad
2624 5054 2744 5111 illos
2787 5053 2924 5109 dixit
2960 5071 2974 5109 :
3020 5052 3185 5123 Cujus
3231 5062 3466 5109 vestrum

1902 5173 1921 5204 ι
1954 5152 2138 5208 asinus
2167 5158 2255 5205 aut
2287 5150 2385 5204 hos
2423 5139 2731 5218 in'puteum‘
2749 5148 2938 5211 cadet,
2983 5155 3037 5201 et
3074 5162 3185 5201 non
3214 5146 3471 5202 continuo

1903 5262 1922 5294 ι
1960 5241 2213 5297 extrahet
2262 5238 2409 5295 illum
2458 5238 2545 5293 die
2589 5236 2837 5295 sabbati?
2867 5237 2951 5292 Et
2995 5252 3101 5293 non
3129 5243 3378 5307 poterant
3402 5235 3470 5290 ad

1907 5353 1925 5386 ι
1962 5334 2080 5388 ιιωο
2114 5330 2440 5402 respondere
2480 5328 2576 5385 illi.
2605 5347 2624 5381 ι
2664 5328 2743 5384 Ac
2779 5328 2824 5384 si
2859 5329 3064 5384 diceret
3098 5344 3111 5381 :
3145 5326 3209 5382 Si
3234 5335 3469 5382 vestrum

1903 5422 2099 5480 animal
2122 5424 2176 5478 in
2200 5430 2420 5494 puteum
2446 5420 2648 5477 cadens
2667 5436 2787 5474 cum
2823 5428 2971 5475 tanta
3004 5418 3346 5481 festinatione
3366 5414 3473 5468 eri-

1900 5530 2029 5585 pere
2049 5513 2252 5569 curatis
2269 5553 2284 5578 ,
2331 5528 2437 5567 non
2468 5519 2689 5583 propter
2715 5510 2964 5565 animalis
2989 5523 3174 5565 curam
3192 5548 3205 5571 ,
3236 5506 3329 5562 sed
3348 5520 3465 5577 pro-

1902 5612 2022 5673 pter
2055 5610 2288 5658 vestram
2322 5602 2604 5656 avaritiam
2643 5596 3027 5657 consulendum
3060 5616 3071 5651 :
3106 5595 3271 5651 multo
3302 5593 3472 5663 magis

1905 5711 2006 5767 ego
2033 5693 2328 5759 hominem,
2360 5697 2451 5762 qui
2480 5692 2771 5748 meliorest
2801 5705 3018 5762 pecore,
3047 5700 3102 5745 et
3132 5686 3221 5758 qui
3244 5686 3310 5741 ad
3338 5686 3472 5740 ima-

1906 5787 2082 5857 ginem
2120 5784 2208 5841 Dei
2240 5783 2413 5841 factus
2454 5790 2557 5851 est,
2598 5784 2665 5840 ab
2708 5782 3018 5837 inﬁrmitate
3049 5780 3103 5835 in
3132 5778 3354 5835 sabbato
3381 5778 3477 5839 de-
