4002 6348
207 354 317 433 693

1377 348 1720 426 "itemst/ta
1760 366 1847 422 DE
1875 348 2228 420 'r‘surons‘.

3348 355 3459 422 894

201 485 260 539 in
284 469 391 539 hoc
409 473 603 538 sarculo
632 475 767 537 etin
796 465 983 535 .l'uturo
1010 465 1335 544 cxalta‘ntu‘r,
1352 465 1776 550 'qualis'l'uit'Da-
1807 478 1854 537 Α
1880 488 1998 545 quae
2028 472 2257 528 a‘turbis
2289 489 2387 529 nec
2424 475 2596 530 auliri
2627 476 2842 547 quidem
2871 474 3098 540 valeant,
3130 474 3306 531 docet.
3337 473 3459 532 Βω-

203 573 333 639 v‘id‘,
360 560 619 628 Ezechias
641 566 714 627 'et
735 566 910 627 Jusias
932 578 957 638 ,’
999 572 1062 626 et‘
1094 570 1273 627 caueri
1306 568 1437 625 tales
1460 571 1550 640 qni
1574 572 1627 625 in
1649 584 1780 641 pra:-

201 665 347 723 seuti
377 652 572 720 Smculo
601 654 817 736 gloriosi
841 654 1093 729 fuerunt,
1131 673 1185 719 et
1220 663 1273 718 in
1303 663 1484 725 futuro
1512 663 1783 735 gloriosio-

201 769 296 814 res
326 742 473 811 sunt.
525 755 630 809 Alii
657 756 745 811 hic
774 742 833 810 in
856 753 1034 810 futuro
1058 738 1437 821 humiliantur,
1449 755 1635 824 quales
1659 764 1782 811 sunt

202 844 424 918 s’uperbl
453 860 736 917 pauperes,
766 853 820 902 et
849 846 920 900 illi
943 847 1049 917 qui‘
1068 862 1167 918 pro
1192 847 1427 917 peccatis
1448 847 1502 901 in
1531 847 1779 917 praesenti

201 939 318 993 vita
346 937 637 993 vindictam
663 937 927 1009 recipiunt
949 979 963 1002 ,
995 946 1047 993 et
1088 922 1141 991 in
1169 936 1349 994 futuro
1372 938 1438 992 ad
1469 946 1780 1007 perpetuam

201 1034 422 1101 prunam
454 1030 777 1094 transeunt;
807 1028 981 1099 qualis
1014 1027 1112 1083 fuit
1141 1014 1379 1085 Herodes
1400 1068 1416 1093 ,
1463 1027 1780 1092 Antiochus,

201 1129 260 1173 et
310 1119 463 1177 multi
508 1119 660 1183 tales,
704 1119 783 1174 de
823 1120 1018 1189 quibus
1068 1120 1335 1190 scriptum
1368 1107 1490 1174 est:
1527 1139 1545 1172 ι
1577 1118 1789 1189 Duplici

200 1195 529 1267 contritione
574 1196 793 1265 contere
820 1213 943 1275 eos,
974 1196 1199 1266 Domine
1235 1194 1367 1282 (.ler.
1398 1210 1551 1280 xvu).
1586 1228 1604 1260 ι
1637 1208 1781 1263 Non-

200 1299 338 1354 nulli
368 1298 455 1358 hic
476 1298 812 1363 cxaltantur,
844 1299 975 1354 etin
1006 1298 1187 1354 futuro
1210 1297 1576 1364 humiliantur,
1598 1296 1783 1369 quales

200 1399 355 1445 sunt”
383 1389 601 1460 superbi
647 1390 863 1456 divites,
910 1390 1001 1461 qui
1034 1390 1189 1459 juxta
1237 1389 1529 1461 Scriptura:
1572 1403 1780 1454 vocem,

205 1500 225 1533 ι
260 1482 476 1537 Ducunt
504 1483 558 1537 in
592 1480 749 1539 bonis
781 1482 895 1538 dies
927 1488 1079 1547 suos,
1104 1491 1159 1538 et
1183 1484 1235 1538 in
1257 1488 1456 1552 puncto
1480 1484 1547 1537 ad
1572 1481 1781 1536 inferna

195 1572 537 1629 descendunt
585 1572 706 1643 (Job
755 1574 935 1645 χω.»
985 1574 1215 1629 Alii‘hic
1264 1573 1647 1638 humiliantur,
1687 1571 1782 1628 sed

200 1665 259 1718 in
284 1664 466 1719 futuro
506 1664 830 1729 exaltantur,
877 1665 1017 1720 sicut
1056 1673 1183 1720 sunt
1220 1664 1389 1720 sancti
1416 1673 1698 1735 pauperes,
1729 1671 1785 1719 et

188 1755 471 1826 praecipue
506 1754 619 1822 illi,
665 1756 754 1825 qui
778 1765 999 1826 propter
1026 1756 1192 1810 Deum
1215 1755 1400 1810 omnia
1422 1770 1515 1810 sua
1553 1753 1783 1829 derelin-

1885 567 2184 620 moniaeum
2212 572 2390 619 autem
2427 564 2591 628 hunc,
2624 580 2782 634 quem
2813 562 3146 621 descendens
3171 565 3237 621 de
3275 572 3459 620 monte

1882 657 2140 713 Dominus
2161 656 2382 718 sanavit,
2402 654 2613 712 Marcus
2633 657 2844 728 quidem
2868 658 3086 714 surdum
3125 662 3456 727 mutumque,

1885 751 2163 805 Matthteus
2189 752 2319 805 vero
2348 749 2640 804 lnnaticum
2687 750 2851 806 fuisse
2886 756 3309 817 cemmemorat‘;
3345 744 3456 820 sig-

1884 842 2069 896 nilicat
2109 852 2288 896 autem
2313 856 2407 897 eos
2452 841 2521 897 de
2547 842 2739 912 quibus
2766 843 3024 913 scrip'um
3060 852 3143 898 est
3173 860 3187 897 :
3236 864 3253 895 ι
3296 841 3463 898 Stulti'

1885 941 1942 987 ut
1964 933 2087 987 luna
2117 941 2400 987 mutantur‘
2439 932 2627 1004 (Eccli.
2652 933 2848 1003 xxvii),
2888 954 2907 986 ι
2950 934 3038 1003 qui
3091 950 3364 1005 nunquam
3402 929 3469 988 in’

1860 1020 2073 1076 eodem
2100 1030 2240 1075 statu
2266 1029 2668 1091 permanentes,
2696 1037 2837 1077 nunc
2864 1023 2930 1076 ad
2956 1023 3091 1088 htec,
3110 1038 3250 1079 nunc
3273 1023 3338 1078 ad
3369 1022 3458 1077 illa

1887 1113 2014 1167 vitia
2055 1114 2270 1173 mutati.
2316 1121 2568 1168 crescunt
2604 1122 2765 1183 atque
2793 1114 3129 1170 decrescunt.
3175 1104 3277 1184 Qui
3325 1119 3459 1171 muti

1884 1210 2030 1266 sunt,
2055 1218 2158 1256 non
2188 1202 2494 1258 conﬁtendo
2515 1202 2701 1269 ﬁdem,
2729 1204 2899 1268 surdi,
2924 1218 3021 1260 nec
3062 1207 3233 1276 ipsum
3254 1206 3460 1278 aliqua-

1886 1302 2043 1350 tenus
2062 1294 2305 1350 veritatis
2330 1295 2594 1351 audiendo
2615 1309 2917 1351 sermonem
2935 1292 3224 1366 {spumant
3251 1307 3461 1365 autem,

1885 1404 2008 1443 cum
2043 1382 2271 1444 stultitia
2307 1390 2608 1445 tabescunt.
2657 1389 2955 1445 Stultorum
3000 1389 3055 1445 et
3093 1390 3458 1463 languentium

1885 1489 2046 1550 atque
2073 1480 2323 1536 hebetum
2373 1488 2458 1537 est
2486 1495 2703 1552 spumas
2731 1480 3020 1536 salivarum
3054 1495 3117 1535 ex
3158 1489 3252 1537 ere
3282 1482 3459 1537 dimit‘

1888 1581 2021 1626 tere.
2053 1571 2298 1627 Strident
2323 1572 2600 1637 dentibus;
2623 1587 2746 1629 cum
2778 1573 3068 1629 iracundiae
3096 1570 3275 1628 future
3304 1574 3455 1628 llam-

1888 1671 2155 1727 mescunt,‘
2176 1652 2245 1718 et'
2264 1661 2405 1717 nulla
2426 1663 2641 1719 virtutis
2672 1664 2934 1718 industria
2966 1662 3274 1728 confortati',
3305 1668 3463 1718 ener—'

1886 1751 2024 1813 riter
2053 1752 2256 1807 vivunt.
2307 1751 2460 1820 Quod
2499 1752 2676 1810 autem
2710 1755 2786 1809 ait
2815 1773 2828 1809 :
2872 1774 2890 1805 ι
2916 1754 3136 1809 Et'dixi
3188 1753 3467 1825 discipulis

195 1856 397 1917 quunt,
420 1855 474 1900 et
495 1855 786 1915 spontanea
802 1846 1453 1917 paupertatesemetipsos
1476 1845 1780 1912 humiliant,
1810 1841 1858 1903 ll
1892 1862 1911 1896 α
1928 1894 1931 1899 .
1947 1844 2070 1909 tuis,
2091 1850 2150 1899 ut
2173 1836 2594 1913 ejicerent'eum,
2614 1852 2669 1901 et
2688 1861 2791 1900 non
2820 1852 3127 1915 potuerunt.
3163 1853 3187 1897 ι’
3208 1844 3467 1901 Patenter

194 1946 264 1993 ut
294 1938 349 1992 in
380 1937 557 1993 futuro
585 1937 812 1992 exaltari
852 1928 1180 1992 mereantur.
1236 1937 1494 1992 Amemus
1524 1951 1654 2009 ergo
1677 1936 1787 1992 virv

195 2042 374 2089 tutem
401 2033 716 2088 humilitatis
738 2034 791 2088 in
816 2033 1069 2102 praesenti
1090 2033 1220 2096 vita,
1258 2041 1316 2087 ut
1343 2048 1373 2086 a
1394 2031 1621 2087 Domino
1640 2031 1788 2088 exal-

194 2124 311 2178 tari
354 2126 657 2178 mereamur
684 2123 739 2177 in
776 2123 942 2178 altera
969 2124 1102 2188 vita,
1132 2122 1275 2178 illius
1296 2122 1521 2193 vestigia
1558 2122 1787 2191 sequen-

190 2223 289 2278 tes
316 2213 408 2282 qui
441 2213 514 2266 ait
551 2229 566 2268 :
616 2213 858 2268 «Discite
916 2229 945 2267 a
980 2216 1065 2267 me
1094 2214 1239 2283 'quia
1269 2213 1416 2267 mitis
1444 2228 1563 2267 sum
1591 2220 1645 2267 et
1680 2212 1789 2267 hn-'

193 2303 352 2358 milis
375 2305 566 2370 'corde,
601 2312 675 2369 et
695 2304 1250 2375 invenietise‘requiem
1282 2304 1564 2359 animabus
1590 2303 1790 2359 vestris

196 2379 603 2469 (Mdu/taxo.)
648 2384 1082 2452 llumilisautem
1121 2395 1297 2451 dictus
1335 2403 1421 2450 est
1451 2395 1603 2464 quasi
1640 2394 1789 2448 humi

196 2483 447 2540 acclivis.
487 2484 580 2540 llle
599 2500 730 2556 ergo
751 2499 876 2540 vere
913 2484 1128 2551 humilis
1152 2498 1272 2540 esse
1300 2476 1662 2554 cegnoseitu'r,
1694 2482 1790 2553 qui

196 2591 268 2633 se
293 2587 493 2633 terram
528 2585 582 2633 et
613 2579 850 2637 cinerem
873 2579 1075 2651 iugiter
1097 2592 1218 2636 esse
1239 2579 1577 2645 considerat,
1596 2567 1791 2635 dicens

197 2672 331 2723 eum
355 2667 815 2724 beatoAbraham
838 2669 1145 2738 patriarcha
1170 2660 1196 2723 ξ
1219 2686 1238 2719 ι
1257 2668 1473 2738 Loquar
1504 2667 1569 2722 ad
1606 2667 1788 2723 Domi-

202 2755 568 2825 num-mcum,
596 2768 717 2815 cum
743 2760 843 2814 sim
871 2758 1043 2830 pulvis
1066 2768 1120 2815 et
1151 2759 1287 2813 cinis
1321 2758 1528 2825 (Cenes.
1567 2756 1740 2829 xvtn).
1762 2775 1783 2809 ο

206 2850 503 2909 llumilitas
534 2865 637 2907 non
661 2842 837 2923 solum
857 2852 911 2908 in
942 2866 1187 2923 corpore,
1220 2851 1313 2905 sed
1334 2852 1494 2903 etiam
1523 2850 1576 2903 in
1609 2855 1791 2906 mente

205 2943 581 2999 conservanda
609 2952 713 3009 est,
748 2943 900 3012 juxta
937 2943 1236 3013 exemplum
1261 2930 1424 3007 illius,
1456 2930 1545 3012 qui
1571 2940 1622 2995 in
1640 2948 1789 3012 rcgaé

209 3034 253 3089 li
287 3034 423 3089 solio
443 3035 787 3102 constitutus,
826 3034 1036 3089 aiebat:
1060 3038 1092 3085 ἰ
1116 3026 1436 3087 llumiliatns
1464 3041 1790 3102 suntusque~

208 3138 455 3194 quaque,
499 3123 754 3187 Domine,
804 3123 1145 3191 vivifica._me
1207 3123 1500 3180 secundum
1565 3122 1785 3178 verbum

1890 1942 2108 1991 accusat
2140 1933 2430 2006 apostolos,
2453 1950 2578 1989 cum
2614 1935 3016 2006 impossibilitas
3044 1935 3264 1989 curandi
3293 1935 3453 1989 inter-

1887 2023 2015 2081 dum
2035 2040 2139 2079 non
2162 2024 2674 2081 adcimbecillitatem
2700 2018 3026 2091 curantium,
3055 2024 3148 2080 sed
3178 2025 3245 2079 ad
3270 2038 3463 2079 eorun'

1887 2115 1981 2185 qui
2012 2108 2237 2170 curandi
2269 2122 2396 2169 sunt
2427 2115 2586 2170 ﬁdem
2613 2114 2899 2181 referatur,
2946 2115 3158 2170 dicente
3199 2115 3426 2173 Domino
3449 2120 3462 2146 ι’

1893 2222 1914 2256 ι
1936 2190 2063 2259 Ῥἰει
2100 2204 2195 2258 tibi
2224 2203 2516 2259 secundum
2553 2203 2713 2259 [idem
2740 2214 2883 2258 tuam
2916 2203 3127 2275 (Matth.
3156 2205 3255 2275 ix).
3292 2224 3311 2256 ι
3455 2213 3463 2239 ι
3521 2215 3541 2233 '

1930 2310 1984 2348 ‘c
2019 2295 2118 2365 Qui
2150 2296 2499 2367 respondens,
2537 2296 2671 2352 dixit
2708 2297 2785 2352 eis
2816 2313 2831 2350 :
2873 2296 2918 2352 Ο
2957 2298 3231 2368 generatio
3281 2297 3458 2353 incre-

1894 2405 1914 2437 ι
1950 2387 2108 2450 dula,
2147 2387 2384 2458 quandiu
2433 2387 2576 2458 apud
2626 2402 2720 2442 vos
2758 2386 2888 2442 cro?
2933 2387 3168 2457 quandiu
3214 2401 3309 2442 vos
3359 2398 3459 2458 paJ

1894 2476 2139 2535 α,1ὶειι·ἳα»
2181 2475 2296 2531 Non
2326 2476 2439 2541 11οα
2452 2477 2608 2533 taedio
2635 2486 2916 2549 superatus
2954 2478 3031 2536 ait
3057 2487 3366 2533 mansuetus
3395 2492 3462 2534 ac

1892 2566 2058 2631 mitis,
2090 2567 2180 2637 qui
2229 2576 2335 2623 nan
2377 2568 2585 2638 aperuit
2618 2568 2758 2623 sicut
2792 2582 2958 2637 agnus
2991 2582 3172 2623 coram
3211 2569 3463 2624 tondente

1887 2670 1951 2710 os
1983 2670 2161 2720 suum,
2190 2652 2291 2711 nec
2324 2657 2378 2711 in
2417 2657 2579 2713 verba
2617 2656 2817 2713 furoris
2844 2658 3059 2728 eripuit,
3096 2659 3192 2715 sed
3224 2659 3375 2728 quasi
3405 2659 3466 2713 in‘

1889 2746 2295 2801 similitudinem
2321 2746 2540 2811 medici,
2572 2748 2617 2801 si
2642 2756 2901 2819 aegrotum
2937 2748 3115 2804 videat
3147 2757 3335 2805 contra
3365 2766 3461 2805 sua

1888 2846 2150 2906 prmeepta
2178 2849 2259 2892 'se
2302 2848 2509 2906 gerere,
2540 2837 2685 2917 dicat
2726 2858 2740 2893 :
2791 2837 3080 2909 Usquequo
3112 2840 3364 2896 accedam
3394 2840 3465 2896 ad

1888 2927 2104 2983 uernum
2149 2930 2332 2984 tuam?
2372 2944 2653 3001 quousque
2682 2932 2816 2987 artis
2860 2933 3078 3001 perdam
3122 2932 3471 2995 industriam,

1888 3028 1976 3073 me
2000 3019 2142 3075 aliud
2168 3019 2407 3089 iubente;
2440 3030 2498 3076 et
2516 3029 2567 3077 te
2591 3021 2734 3077 aliud
2762 3024 3140 3093 perpetrante?
3166 3024 3223 3079 in
3254 3029 3461 3079 tantum

1890 3114 2067 3162 autem
2084 3118 2200 3163 non
2219 3117 2303 3163 est
2332 3109 2503 3173 iratus
2526 3110 2751 3176 homini,
2773 3111 2866 3166 sed
2894 3111 3060 3178 vitio;
3094 3120 3150 3168 et
3173 3126 3270 3182 per
3295 3126 3465 3168 unum‘

216 3226 365 3273 tuum
392 3215 564 3287 (Psal.
595 3218 805 3286 cxvm).
837 3236 855 3269 ι
888 3216 1171 3271 llumilitas
1202 3217 1399 3285 quippe
1426 3216 1677 3286 magistra
1699 3222 1782 3271 est
1808 3199 1859 3262 C
1884 3197 2162 3260 hominem
2199 3198 2410 3256 Iudaeos
2432 3202 2615 3271 arguit
2639 3201 2990 3269 inﬁdelitatis,
3020 3214 3080 3260 ut
3105 3206 3285 3260 statim
3318 3207 3467 3261 iatn--

218 3307 510 3375 sapientite,
549 3315 696 3361 teste
736 3306 1003 3377 Propheta
1048 3307 1138 3375 qui
1187 3306 1268 3360 ait
1291 3324 1311 3359 :-
1345 3323 1365 3356 ι
1389 3306 1593 3361 Bonum
1638 3305 1796 3373 mihi,

218 3393 458 3459 Domine,
489 3395 631 3464 quod
656 3395 949 3450 humiliasti
981 3410 1096 3460 me,
1116 3458 1121 3463 Α
1140 3404 1198 3449 ut
1230 3394 1433 3451 discam
1453 3393 1795 3463 justilicatio‘

215 3501 317 3549 nes
365 3494 485 3542 tuas
530 3487 749 3566 (112341.)...
776 3507 795 3538 ι
850 3485 1061 3553 Quanto
1096 3485 1240 3541 enim
1294 3485 1661 3556 unusquisque
1706 3485 1793 3541 hic

212 3585 437 3649 propter
462 3576 628 3653 Deum
683 3576 847 3631 fuerit
892 3575 1164 3642 humilior,
1207 3576 1448 3651 tantolin
1476 3575 1661 3653 futuro
1688 3576 1793 3631 erit

115 3714 123 3723 .
210 3664 706 3733 excelsior,’Petro
743 3665 984 3737 apostolo
1027 3674 1162 3720 teste
1205 3665 1296 3737 qui
1335 3665 1448 3720 ait:
1480 3672 1500 3717 't
1530 3663 1789 3721 Humilia-

208 3757 349 3815 ωἰηί
389 3759 489 3814 sub
524 3759 729 3827 potenti
775 3774 934 3812 manu
972 3754 1101 3824 Dei,
1132 3766 1189 3811 ut
1212 3773 1307 3813 vos
1338 3756 1538 3813 exaltet
1577 3758 1629 3811 in
1663 3746 1792 3812 tem-

211 3867 349 3922 pore
368 3851 690 3915 visitationjs
719 3850 771 3922 (1
802 3850 918 3906 Pet.
946 3850 1021 3920 γ).
1054 3870 1071 3902 ι
1782 3862 1785 3867 ·

682 4060 688 4065 _
732 3975 1011 4033 llOMlLlA
1034 4056 1037 4063 ’
1058 3968 1270 4034 cxxx;
1347 4038 1353 4043 ,

482 4106 634 4144 FER”
673 4105 882 4153 ρυΑιιτΑ
920 4104 1166 4153 ρυλτυοα
1208 4104 1514 4146 τεκωκυι.

212 4232 217 4239 ι
256 4202 482 4273 (ωηο.
508 4202 609 4269 ix.)
641 4219 658 4253 ι
696 4202 752 4256 In
787 4202 875 4256 illo
906 4210 1170 4272 tempore,
1196 4204 1528 4273 respondens
1560 4219 1702 4261 unus
1725 4204 1792 4262 de

214 4314 237 4350 ι
280 4296 458 4360 turba,
504 4294 642 4349 dixit
694 4295 763 4350 ad
822 4294 1011 4350 Iesum
1035 4310 1064 4349 :.
1083 4295 1354 4365 Magister,
1398 4294 1569 4349 attuli
1622 4294 1793 4350 lilium

212 4404 239 4440 ί
283 4401 463 4442 meum
484 4386 551 4441 ad
573 4396 647 4451 te,
671 4386 962 4442 habentem
979 4384 1225 4454 spiritum
1264 4393 1469 4452 mutum
1501 4402 1514 4437 :
1556 4383 1647 4454 qni
1671 4385 1792 4440 ubis

216 4496 240 4531 ι
274 4492 492 4548 cunque
530 4491 656 4532 eum
684 4475 1120 4547 apprehenderit,
1148 4475 1341 4530 allidit.
1363 4490 1508 4531 eum.
1545 4495 1563 4527 ι
1612 4475 1678 4529 Et
1704 4490 1790 4531 re—

213 4570 386 4641 liqua.
416 4568 719 4635 Notandum
732 4568 874 4637 quod
905 4582 1117 4637 semper
1139 4567 1253 4622 loca
1278 4568 1440 4623 rebus
1463 4577 1784 4637 congruunt.

214 4662 277 4717 In
316 4664 497 4718 monte
526 4661 785 4715 Dominus
833 4669 989 4724 orati,
1045 4659 1471 4725 transformatus,
1513 4661 1790 4730 discipulis

215 4766 419 4807 arcana
438 4767 557 4806 sua:
582 4750 883 4820 majesmtis
911 4750 1152 4821 aperuit;
1195 4752 1247 4803 in
1279 4749 1532 4804 inferiora
1576 4751 1791 4807 desceth
1818 4804 1821 4805 ν

218 4844 376 4909 dens,
404 4842 574 4897 turba:
603 4857 832 4897 occursu
855 4841 1141 4911 excipitur,
1173 4840 1489 4894 miserorum
1520 4839 1644 4897 ﬂetu
1673 4841 1803 4911 pul-..

215 4941 401 4995 satur;
436 4947 688 4997 sursum,
728 4932 1006 5003 discipulis
1040 4931 1293 5002 mysteria
1347 4932 1493 5001 regni
1551 4932 1794 4988 cmlestis

219 5031 455 5087 reserat;
485 5024 756 5085 deorsum,
800 5022 970 5078 turbis
991 5030 1208 5091 peccata
1249 5019 1576 5088 inﬁdelitatis
1604 5037 1792 5092 ειμι-οη

128 5144 129 5149 η
221 5110 621 5175 brat..$ursum
652 5111 827 5166 Patris
852 5126 1065 5173 vocem,
1093 5110 1175 5165 his
1195 5110 1389 5177 quibus
1408 5117 1637 5178 poterat,
1660 5126 1791 5180 pan-i

224 5202 307 5256 dit
334 5219 349 5267 ;
393 5202 643 5257 deorsum
672 5201 920 5270 spiritum
950 5200 1149 5258 malum
1175 5200 1243 5255 ah
1271 5200 1354 5254 his
1392 5201 1507 5268 quit
1525 5202 1793 5269 vexabant-1

223 5300 338 5359 tur,
366 5294 608 5365 expellit.
640 5293 939 5361 Qni'etiam
967 5300 1242 5361 ntmcpro
1268 5290 1526 5362 qualitate
1570 5293 1791 5348 merito.

227 5398 374 5445 rum,
410 5383 542 5437 aliis
570 5382 885 5445 ascendere,
908 5380 1029 5434 aliis
1048 5395 1173 5439 vero
1203 5394 1306 5433 non
1333 5379 1544 5436 desistit
1569 5380 1791 5436 desceus

144 5497 155 5513 κ
225 5472 544 5531 ὁθτρλοΝαηι
562 5471 813 5529 carnales
834 5470 1009 5526 adhuc
1036 5477 1089 5524 et
1132 5469 1469 5539 incipientes,
1495 5471 1648 5540 quasi
1681 5471 1789 5529 ima

152 5596 161 5607 ~
226 5573 474 5636 petentes
498 5563 785 5624 contonat,
806 5560 980 5624 docet,
1017 5560 1275 5630 castigat;
1300 5559 1563 5629 perfectos
1586 5570 1789 5627 autem,

152 5686 163 5697 ι
230 5670 460 5726 quorum
501 5652 837 5713 conversatio
885 5641 1140 5713 incestis
1172 5661 1272 5712 est,
1315 5651 1593 5727 sublimius
1619 5654 1792 5709 extol-

230 5746 400 5805 lendo’
420 5746 697 5820 gloriﬁcat,
729 5745 947 5803 liberius
977 5744 1042 5800 de
1068 5743 1281 5801 aeternis
1304 5742 1537 5810 instruit,
1565 5753 1619 5803 et
1655 5760 1792 5816 stupe

1891 3288 2012 3345 lerit
2033 3307 2051 3343 :
2084 3308 2104 3342 ι
2134 3289 2343 3345 Alferte‘
2370 3291 2518 3345 illum
2547 3293 2622 3346 ad
2647 3288 2752 3347 me.
2792 3292 2858 3346 Et
2891 3292 3187 3348 attulerunt
3213 3310 3355 3349 eum.
3393 3295 3467 3349 Et:

1897 3399 1918 3432 ι
1951 3394 2075 3436 cum
2096 3379 2320 3437 vidisset
2336 3397 2484 3448 eum,
2502 3383 2681 3438 statim
2708 3382 2929 3452 spiritus
2954 3385 3291 3439 conturbavit
3314 3398 3467 3445 eum;

1896 3491 1916 3524 ι
1948 3480 2005 3527 et
2030 3472 2192 3529 elisus
2223 3474 2278 3527 in
2317 3481 2539 3537 terram,
2581 3471 2923 3531 volutabatur
2957 3488 3229 3545 spumans.
3263 3495 3279 3527 ι
3321 3476 3472 3531 ΑΙΙειοο

1893 3571 2004 3617 tum
2026 3563 2254 3619 Domino
2272 3579 2495 3635 puerqu
2521 3565 2743 3634 spiritus
2760 3567 3050 3622 conturbat
3071 3574 3127 3621 et
3149 3566 3318 3628 elidit,
3333 3566 3470 3638 quia

1890 3669 2033 3724 smpe
2069 3656 2195 3709 dum
2238 3656 2478 3711 converti
2525 3658 2595 3713 ad
2641 3657 2808 3713 Deum
2859 3668 3141 3725 conamur,
3170 3659 3462 3729 majoribus
3508 3711 3516 3718 .

1890 3746 2171 3817 novisque
2196 3748 2400 3818 antiqui
2436 3748 2607 3805 hostis
2636 3749 2913 3821 pulsamur
2937 3751 3165 3807 insidiis.
3208 3752 3360 3820 Quod
3393 3754 3465 3808 oh
3512 3800 3519 3811 η

1891 3835 1944 3892 id
1968 3836 2153 3908 utique
2181 3837 2403 3894 callidus
2428 3836 2557 3895 facit
2582 3839 2944 3906 adversarius,
2966 3847 3033 3894 ut
3051 3840 3135 3899 vel
3155 3837 3335 3896 odium
3355 3842 3481 3903 vir»,

1784 3956 1787 3961 ι
1893 3930 2027 3985 tutis
2054 3929 2300 3997 incutiat,
2331 3931 2418 3987 vel
2446 3931 2777 4003 expuBionis
2799 3947 2911 3988 sua:
2933 3930 3165 3988 vindicet
3188 3932 3468 4003 iniuriam.-

1782 4036 1789 4043 '
1891 4020 2028 4079 llinc
2050 4032 2133 4080 est
2161 4025 2446 4096 enimt'(ut
2491 4026 2560 4080 de
2601 4024 2781 4101 specie
2817 4033 3153 4082 transeamus
3181 4026 3247 4081 ad
3272 4028 3463 4097 genus)
3518 4068 3521 4069 γ

1891 4117 2033 4187 quod
2063 4116 2314 4172 Ecclesiae
2346 4125 2545 4174 sanctze
2577 4115 2887 4191 primordiis
2911 4125 2989 4173 tot
3025 4117 3342 4189 gravissima
3377 4118 3463 4171 in-

1890 4207 2098 4261 ferebat
2122 4208 2428 4267 certamina
2471 4207 2927 4277 persecutionum,
2977 4214 3110 4278 quot
3149 4222 3251 4264 suo
3297 4221 3462 4277 regno

1891 4296 2105 4355 dolebat
2134 4297 2315 4361 subito
2338 4297 2641 4363 animarum
2662 4295 2805 4355 illata
2831 4296 2995 4353 fuisse
3014 4280 3311 4368 dispendia.

1966 4405 1985 4436 ι
2018 4386 2085 4441 Et
2106 4386 2461 4458 interrogavit
2483 4397 2688 4458 patrem
2718 4387 2872 4458 ejus:
2905 4386 3171 4453 Quantum
3202 4390 3474 4458 temporis-

1896 4483 1916 4530 i
1952 4486 2057 4545 est,
2084 4493 2152 4547 ex
2180 4494 2287 4549 quo
2316 4479 2418 4534 hoc
2444 4479 2498 4533 ei
2522 4478 2758 4535 accidit?
2792 4478 2862 4532 At
2900 4478 2991 4533 ille
3018 4478 3094 4532 ait
3121 4497 3136 4532 :
3167 4478 3249 4532 Ab
3288 4479 3461 4534 infans

1896 4594 1914 4625 ι
1952 4573 2045 4628 tia.
2076 4571 2146 4626 Et
2174 4573 2484 4641 frequenter
2508 4584 2634 4624 eum
2666 4571 2715 4624 in
2740 4568 2914 4640 ignem
2940 4569 3077 4625 etin
3100 4585 3268 4639 aquas
3294 4570 3458 4635 misit,
3508 4630 3511 4633 _

1896 4670 1915 4712 ἡ
1954 4670 2015 4716 ut
2040 4675 2161 4715 eum
2190 4659 2459 4729 perderet.
2483 4677 2502 4709 ι
2531 4659 2827 4714 Erubescat
2849 4657 3113 4725 Julianus,
3149 4659 3239 4728 qui
3282 4658 3472 4714 dicere.

1891 4751 2054 4806 audet
2070 4764 2260 4805 omnes
2279 4747 2535 4811 homines
2562 4749 2890 4819 absque'ulla
2914 4750 3235 4822 contagione
3254 4751 3470 4821 peccati

1892 4841 2041 4906 nasci
2069 4840 2124 4894 in
2150 4854 2314 4895 carne
2345 4849 2453 4894 tam
2484 4840 2795 4895 innocentes
2824 4855 2921 4912 per
2941 4841 3140 4903 omnia,
3170 4854 3332 4911 quam
3362 4836 3471 4896 fuit»

1891 4929 2322 4999 Adam'qu‘ando
2363 4934 2577 4985 creatus
2615 4939 2717 4984 est.
2766 4930 2907 4998 Quid
2932 4931 3078 4986 enim
3102 4930 3311 4998 'habuit
3363 4934 3463 4988 istc
3494 4970 3499 4975 -

1896 5034 2051 5090 puer,
2089 5028 2150 5074 ut
2180 5019 2249 5073 ab
2286 5020 2508 5087 infantia
2538 5036 2568 5074 ιι
2595 5020 2860 5076 daatnonio
2904 5029 3200 5081 vexaretun
3229 5024 3469 5079 acerbis»

1899 5111 2057 5176 sitne,
2086 5105 2154 5165 si’
2173 5110 2319 5165 nullo
2360 5109 2637 5181 originalis
2670 5111 3123 5181 peccati’vinculo
3152 5115 3461 5178 tenebatur,

1898 5218 2057 5272 quem
2086 5210 2296 5273 constat
2324 5203 2525 5258 nullum
2563 5204 2739 5260 adhuc
2772 5205 3046 5274 premium
3083 5206 3322 5276 potuisse
3362 5207 3471 5261 ha-=

1900 5293 2041 5347 here.
2068 5292 2390 5364 peccatum!
2423 5293 2757 5359 Conﬁteatur
2778 5295 3258 5367 catholicus-quia
3303 5312 3462 5352 nemo

1901 5381 2157 5438 immunis
2172 5396 2396 5439 .ainosa
2426 5382 2610 5455 prima;
2638 5384 3093 5455 praevaricationis
3120 5385 3378 5451 nascitur,
3405 5394 3473 5440 et.

1899 5473 2119 5528 invocet.
2134 5474 2361 5545 gratiam
2384 5474 2631 5544 Dei,‘(1ua
2655 5474 2911 5540 liberetur
2934 5476 3004 5531 de
3023 5490 3248 5546 corpore
3274 5475 3465 5529 mortis

1899 5579 1995 5632 per
2020 5562 2227 5637 Jesutn.
2250 5564 2523 5624 Christum
2548 5563 2854 5623 -Dominum
2890 5571 3153 5622 nostrum.
3196 5563 3473 5634 lntelligat

1901 5652 2077 5706 scriba
2101 5652 2320 5727 doctus;
2352 5653 2406 5715 in
2436 5653 2902 5729 hoc-,dzempniaco
2934 5669 2963 5707 a
3002 5650 3229 5711 Domino
3251 5662 3473 5717 curato,

1902 5741 2248 5801 salvationem
2284 5743 2522 5808 omnium
2557 5743 2935 5819 ﬁdeliumesse
2964 5741 3324 5824 designatam,
3368 5741 3459 5812 qui
