4002 6348
547 322 662 381 ωδ

1174 319 1524 380 HAYMONIS
1564 317 2038 379 HALBERSTAT.
2078 316 2292 375 EPISC.
2328 316 2477 376 OPP.
2515 315 2695 374 PARS
2728 317 2792 374 ll.
2822 348 2893 359 —
2930 317 3163 375 HOMIL.

3724 318 3861 374 696

505 498 513 503 ,
549 434 829 506 originalis
856 447 1025 505 cumse
1054 443 1202 489 reatu
1230 435 1437 492 astricti
1471 435 1697 491 veniunt
1741 434 1798 490 in
1842 431 2123 496 mundum,
2153 441 2200 504 Α
2228 431 2326 499 dit,
2348 431 2494 489 hunc
2514 431 2638 502 pius
2657 429 2908 487 Salvator
2927 431 3047 487 miti
3067 446 3178 487 sua:
3190 430 3430 501 dexteras
3455 439 3607 491 tactu
3632 432 3858 490 eleva—

547 527 708 590 unius
746 523 1124 595 Redemptoris
1164 523 1291 580 Jesn
1326 525 1533 583 Christi
1571 525 1679 583 fide
1716 532 1772 582 et
1808 523 1981 595 gratia
2018 522 2122 579 sal-

544 615 731 673 vandi.
764 615 916 683 Quod
940 620 1116 670 autem
1152 615 1355 671 dictum
1376 625 1481 683 est,
1517 636 1537 669 ι
1568 616 1635 672 Et
1662 615 1974 687 frequenter
1998 627 2122 668 eum

546 707 809 777 imignem
840 713 895 761 et
926 705 980 761 in
1014 720 1185 778 aquas
1216 707 1384 773 misit,
1420 727 1441 761 ι
1476 709 1710 764 maxima
1748 707 1999 771 humanm
2028 719 2121 760 ve-

546 796 744 852 cordiae
793 794 1033 852 facinora
1075 796 1340 870 designat.
1390 799 1533 870 Ignis
1572 813 1806 870 namque
1855 797 2019 855 ardor
2053 797 2122 853 ad

545 886 815 942 fervorem
845 885 1137 943 iracundiae
1165 887 1477 947 referendus
1499 901 1583 948 est
1610 908 1628 946 :
1655 905 1818 961 aqua,
1845 890 1911 946 ad
1937 889 2125 960 volup-

546 977 915 1061 tates_carnis,
941 993 1061 1049 qua:
1080 977 1377 1037 dissolvere
1402 989 1638 1039 mentem
1667 994 1765 1053 per
1787 979 2010 1039 delicias
2035 994 2123 1041 so-

544 1070 681 1127 lent.
720 1070 819 1128 Vel
856 1079 1005 1128 certe
1045 1071 1102 1127 in
1146 1073 1324 1145 ignem
1359 1073 1532 1133 fertur
1579 1073 1968 1140 daemoniaeus,
2014 1087 2126 1145 quo

547 1164 961 1223 adulterantium
1013 1166 1175 1222 corda
1222 1181 1479 1227 succensa
1514 1175 1687 1225 sunt:
1731 1174 1787 1223 et
1828 1165 1883 1221 in
1932 1179 2124 1237 aquas,

547 1273 668 1331 quae
711 1257 890 1316 solent
926 1258 1271 1334 exstinguere
1324 1260 1664 1318 charitatem.
1708 1276 1729 1313 ι
1766 1257 1875 1316 Sed
1906 1259 1952 1315 si
1994 1258 2125 1330 quid

553 1369 573 1403 ι
609 1358 784 1421 potes,
823 1349 1015 1419 adjuva
1045 1365 1164 1415 nos,
1206 1351 1462 1409 misertus
1502 1348 1695 1406 nostri.
1740 1346 1897 1407 Jesus
1943 1356 2124 1405 autem

2226 522 2323 577 vit.
2352 520 2452 589 Qui
2478 521 2620 585 sicut
2646 536 2835 578 verum
2861 537 2920 578 se
2950 536 3071 585 esse
3100 523 3270 586 Deum
3293 524 3529 594 potentia
3557 522 3854 580 salvandi

2224 615 2426 683 docuit,
2455 617 2529 672 ita
2555 617 2719 682 etiam
2747 630 2929 673 veram
2960 630 3019 671 se
3052 614 3305 673 habuisse
3337 617 3516 673 carnis
3550 626 3854 673 natm-am

2224 719 2375 771 more
2400 711 2575 761 tactus
2597 705 2821 760 humani
2841 703 3152 763 declaravit.
3176 704 3344 777 Negat
3375 721 3610 778 namque
3643 705 3855 761 Alani-

2225 795 2406 852 chacus
2428 795 2650 865 insanus
2667 795 2944 853 veraciter.
2965 810 3087 852 eum
3120 810 3292 863 carne,
3320 794 3564 853 indutum
3590 795 3800 852 fuisse
3828 814 3847 852 :

2224 885 2319 945 sed
2342 886 2459 957 ipse
2480 900 2602 942 cum
2631 894 2711 941 tot
2733 885 3048 958 languentes
3066 901 3165 942 suo
3193 895 3336 947 tactu
3357 887 3554 953 erexit,
3575 888 3853 943 munda-

2223 979 2321 1044 vit,
2353 977 2693 1043 illuminavit,
2738 977 2989 1048 haeresim
3038 977 3204 1050 illius,
3238 985 3299 1035 et
3330 987 3623 1050 antequam
3690 986 3849 1034 nata

2224 1081 2388 1135 esset,
2420 1069 2714 1130 damnavit.

2300 1179 2320 1212 ι
2353 1159 2421 1229 Et
2451 1175 2574 1216 cum
2610 1160 2889 1218 introisset
2918 1159 2976 1216 in
3011 1160 3253 1228 domum,
3282 1160 3528 1232 discipuli
3560 1161 3698 1233 ejus
3745 1178 3844 1221 se-

2231 1271 2253 1306 ι
2284 1260 2432 1308 creto
2479 1252 2885 1323 interrogabant
2920 1252 3072 1308 illum
3116 1266 3137 1308 :
3176 1253 3356 1322 Quare
3397 1270 3503 1315 non
3532 1256 3846 1327 potuimus

2233 1361 2251 1393 ε
2287 1343 2484 1414 ejicere
2516 1344 2690 1399 eum?
2729 1344 2798 1406 Et
2831 1343 2969 1402 dixit
3000 1344 3107 1403 illis
3133 1362 3148 1400 :
3178 1343 3294 1403 Hoc
3345 1360 3515 1417 genus
3560 1347 3624 1404 in
3669 1346 3841 1404 nullo

553 1460 573 1493 ι
609 1441 688 1496 ait
718 1439 795 1496 illi
838 1457 853 1496 :
892 1439 949 1495 Si
980 1449 1135 1511 potes
1180 1441 1424 1506 credere,
1468 1441 1651 1497 omnia
1698 1439 1971 1512 possibilia
2012 1454 2128 1495 cre-
2232 1454 2250 1488 ι
2284 1444 2463 1507 potest
2482 1435 2657 1503 exire,
2678 1435 2783 1492 nisi
2820 1436 2875 1491 in
2897 1436 3143 1495 oratione
3162 1445 3219 1495 et
3237 1436 3461 1508 jejunio.
3490 1457 3515 1493 ι
3549 1436 3705 1493 Dum
3734 1437 3842 1493 do-

556 1551 577 1584 ‹
614 1531 781 1588 denti.
818 1550 840 1585 δ
878 1530 1075 1602 Aptum
1112 1531 1372 1588 Dominus
1412 1544 1726 1603 responsum
1755 1531 1900 1587 dedit
1944 1530 2125 1601 paeni-
2227 1534 2317 1583 cet
2346 1526 2620 1597 apostolos
2654 1526 2926 1596 quomodo
2960 1526 3170 1594 daemon
3215 1527 3578 1599 nequissimus
3614 1527 3840 1583 debeat

546 1622 706 1677 tenti.
731 1622 853 1693 Ipse
878 1623 1021 1679 enim
1048 1623 1125 1678 ait
1150 1641 1164 1678 :
1193 1643 1211 1676 ι
1239 1621 1297 1679 Si
1328 1623 1454 1695 quid
1484 1631 1667 1694 potes,
1698 1619 1889 1691 adjuva
1924 1634 2062 1678 nos:
2100 1640 2120 1674 ι
2227 1617 2445 1689 expelli,
2478 1633 2667 1700 omnes
2696 1618 2930 1675 instituit
2956 1616 3024 1672 ad
3049 1616 3238 1683 vitam,
3268 1625 3326 1671 ut
3352 1616 3557 1679 scilicet
3594 1616 3836 1677 noveri-

548 1718 607 1768 et
633 1711 915 1780 Dominus,
953 1730 973 1765 ‹
1003 1711 1050 1768 si
1088 1721 1265 1785 potes,
1296 1733 1315 1766 ι
1360 1712 1556 1785 inquit,
1605 1731 1625 1767 ‹
1661 1713 1907 1781 credere,
1941 1731 1962 1766 ι
2004 1726 2129 1783 pos-
2230 1726 2351 1766 mus
2384 1711 2632 1781 graviora
2654 1725 2879 1782 quaeque
2906 1717 3127 1780 peccata
3151 1709 3237 1765 vel
3262 1709 3673 1765 immundorum
3716 1707 3834 1779 spi-

548 1819 670 1860 sum
702 1817 800 1861 vos
825 1805 1079 1865 misertus
1101 1804 1393 1875 adiutare:
1422 1806 1545 1876 quia
1568 1804 1705 1861 fides
1727 1818 1833 1862 non
1859 1803 1984 1871 ficta
2007 1818 2122 1859 om-
2150 1802 2197 1878 Β
2232 1800 2436 1855 rituum
2480 1809 2808 1857 tentamenta
2839 1798 3058 1869 jejuniis
3094 1808 3150 1856 et
3188 1800 3522 1859 orationibus
3563 1814 3699 1856 esse
3734 1815 3831 1854 su-

547 1896 639 1950 nia
668 1910 788 1966 qua
828 1896 1119 1953 salubriter
1156 1898 1309 1968 petit,
1360 1898 1654 1968 impetrare
1703 1905 1958 1957 meretur.
2004 1896 2124 1965 Quo

550 1991 740 2039 contra
766 1982 1030 2054 leprosus,
1057 1985 1149 2055 qui
1173 1985 1405 2041 fideliter
1429 1986 1732 2043 clamabat:
1763 2005 1782 2037 σ
1811 1986 2054 2053 Domine,
2077 1988 2127 2043 si

546 2072 652 2137 vis,
677 2081 833 2144 potes
862 2088 949 2129 me
977 2075 1261 2142 mundare,
1300 2095 1320 2129 ι
1344 2090 1643 2148 congruum
1676 2091 1788 2132 sum
1812 2075 1937 2133 fidei
1966 2091 2123 2135 acce-

480 2194 493 2202 -
547 2164 630 2235 pit
671 2179 1009 2236 responsum.
1058 2184 1077 2217 ι
1115 2166 1268 2233 Volo,
1297 2168 1557 2224 mundare
1578 2166 1793 2242 (Matth.
1815 2168 1957 2239 Vili).
1993 2188 2012 2221 ι

629 2276 648 2309 r
679 2255 747 2311 Et
785 2255 1039 2312 continuo
1075 2256 1383 2314 exclamans
1408 2266 1563 2329 pater
1600 2258 1751 2328 pueri
1795 2273 1917 2314 cum
1948 2258 2125 2331 lacry-

555 2365 575 2400 ι
613 2347 734 2411 mis,
764 2346 943 2402 aiebat
973 2362 987 2401 :
1015 2345 1211 2414 Credo,
1257 2348 1502 2415 Domine,
1546 2347 1736 2418 adiuva
1784 2347 2127 2404 incredulita-

552 2456 571 2488 ι
609 2443 718 2491 tem
747 2448 946 2497 meam.
983 2434 1208 2509 ﬂente
1241 2445 1461 2515 repente
1506 2435 1569 2491 fit
1613 2449 1876 2502 summus,
1928 2435 2022 2491 sed
2071 2435 2126 2490 in

552 2531 689 2585 bona
726 2527 1139 2594 conversatione
1166 2543 1196 2593 a
1230 2526 1471 2583 minimis
1514 2526 1741 2599 quisque
1784 2527 2022 2590 inchoat,
2066 2535 2127 2583 ut

548 2622 617 2677 ad
647 2635 840 2693 magna
863 2620 1161 2691 perveniat.
1184 2619 1299 2680 Alia
1326 2634 1559 2691 namque
1585 2627 1711 2676 sunt
1729 2619 1947 2676 virtutis
1966 2634 2128 2676 exor-

548 2712 658 2775 dia,
686 2710 829 2771 aliud
867 2710 1160 2781 proiectus,
1181 2710 1324 2765 aliud
1357 2710 1634 2781 perfectio.
1664 2709 1724 2767 Si
1751 2711 1897 2768 enim
1919 2719 1976 2767 et
2011 2711 2126 2782 ipsa

548 2796 682 2858 fides
710 2803 775 2857 ad
802 2801 1187 2873 perfectionem
1218 2816 1372 2857 suam
1398 2814 1503 2860 non
1529 2801 1849 2872 quibusdam
1872 2800 2127 2874 gradibus

548 2895 856 2961 duceretur,
885 2894 986 2952 iste
1007 2895 1366 2965 interrogatus
1385 2910 1454 2950 an
1474 2894 1739 2962 crederet,
1760 2910 1869 2951 non
1897 2909 2124 2966 respon-

549 2985 703 3042 deret
740 3000 755 3039 :
801 3005 820 3038 ο
859 2984 1066 3049 Credo,
1121 2984 1380 3050 Domine,
1441 2984 1637 3056 adjuva
1695 2983 2125 3045 incredulitatem

548 3092 745 3135 meam.
780 3096 798 3129 ι
824 3074 884 3137 Si
909 3076 1051 3132 enim
1081 3075 1356 3141 credebat,
1387 3090 1485 3131 cur
1514 3075 1940 3136 incredulitatem
1980 3076 2126 3131 dice-

2226 1896 2495 1963 peranda;
2541 1894 2676 1947 iram
2715 1908 2929 1963 quoque
2962 1892 3194 1959 Domini,
3224 1908 3348 1953 cum
3380 1892 3433 1953 in
3463 1891 3674 1947 ultione
3700 1904 3827 1948 sce-

2227 1981 2397 2041 lerum
2423 1991 2727 2039 nostrorum
2763 1981 2923 2043 fuerit
2946 1997 3206 2064 accensa,
3235 1982 3336 2038 hoc
3362 1981 3601 2039 remedio
3627 1982 3823 2053 singu-

2227 2072 2327 2137 lari
2354 2088 2512 2144 posse
2542 2072 2762 2145 placari.
2784 2072 3054 2145 Jejunium
3083 2082 3262 2140 autem
3286 2070 3539 2143 generale
3566 2079 3668 2135 est,
3704 2087 3820 2127 non

2227 2165 2401 2222 solum
2449 2166 2518 2222 ab
2552 2167 2735 2231 escis,
2775 2168 2870 2241 sed
2903 2183 2934 2221 a
2977 2166 3188 2222 cunctis
3229 2163 3500 2225 illecebris
3536 2162 3815 2227 abstinere

2227 2259 2553 2324 carnalibus,
2581 2259 2691 2315 imo
2714 2260 2783 2315 ab
2815 2260 3067 2317 omnibus
3091 2258 3344 2315 vitiorum
3372 2257 3650 2315 continere
3684 2271 3815 2328 pas-

2227 2351 2488 2415 sionibus.
2520 2351 2612 2408 Sic
2631 2360 2687 2408 et
2705 2352 2880 2411 oratio
2909 2350 3205 2423 generalis,
3220 2366 3325 2405 non
3355 2349 3408 2404 in
3432 2348 3615 2404 verbis
3636 2347 3815 2409 solum

2227 2451 2331 2509 est,
2358 2443 2555 2512 quibus
2581 2442 2814 2498 divinam
2866 2442 3206 2505 clementiam
3256 2442 3593 2505 invocamus,
3622 2453 3813 2495 verum

2225 2535 2390 2589 etiam
2414 2533 2466 2588 in
2490 2534 2738 2594 omnibus
2753 2549 2872 2604 qum
2895 2533 2947 2599 in
2962 2533 3280 2604 obsequium
3305 2532 3480 2588 nostri
3494 2530 3810 2601 Conditoris

2228 2624 2349 2681 fidei
2387 2626 2669 2682 devotione
2722 2627 2990 2698 gerimus,
3050 2636 3187 2684 teste
3242 2624 3503 2697 Apostoio
3543 2624 3644 2696 qui
3690 2624 3806 2678 ait:

2234 2737 2252 2772 ι
2284 2718 2509 2789 Semper
2534 2719 2781 2790 gaudete,
2802 2719 2920 2773 sine
2948 2718 3350 2782 intermissione
3393 2715 3634 2787 orate-(1
3658 2714 3805 2773 Tim.

2226 2808 2302 2879 v).
2342 2827 2360 2860 ι
2401 2807 2679 2875 Quomodo
2694 2810 2850 2864 'enim
2878 2810 2999 2879 quis
3025 2807 3276 2875 omnibus
3318 2807 3469 2871 horis
3498 2815 3669 2879 atque
3692 2820 3806 2862 mo-

2227 2899 2425 2955 mentis
2455 2898 2570 2954 sine
2593 2898 2985 2954 intermissione
3014 2899 3180 2968 Dcum
3209 2906 3389 2968 potest
3409 2899 3672 2955 invocare
3698 2913 3805 2959 scr-

2228 2991 2511 3047 mouibus?
2546 2989 2649 3046 Sed
2692 3000 2817 3047 tunc
2851 2991 2967 3049 sine
2994 2991 3394 3057 intermissione
3415 3006 3668 3057 oramus,
3689 3005 3805 3047 cum

2227 3100 2288 3137 ea
2312 3081 2485 3137 solum
2513 3096 2678 3151 opera
2704 3083 2961 3153 gerimus,
2989 3097 3110 3152 quae
3136 3098 3234 3137 nos
3260 3081 3446 3152 pietati
3470 3083 3649 3138 nostri
3667 3097 3805 3145 com-

545 3166 675 3223 bat?
707 3164 763 3222 Si
792 3181 918 3222 vero
947 3164 1375 3228 incredulitatem
1400 3165 1600 3237 habere
1627 3180 1687 3221 se
1710 3173 1956 3230 noverat,
1992 3179 2127 3236 quo-
2153 3168 2198 3231 C
2234 3172 2486 3227 incudem
2517 3174 2772 3229 auctoris.
2800 3173 2917 3241 Quo
2949 3173 3202 3233 nimirum
3224 3172 3431 3244 jejunio
3456 3183 3513 3229 et
3538 3174 3802 3239 oratione,

545 3260 708 3317 modo
757 3259 1051 3323 credebat?
1089 3258 1202 3320 Sed
1225 3260 1350 3329 quia
1393 3272 1491 3330 per
1512 3258 1778 3318 occultam
1821 3258 2126 3329 inspiratio-

432 3409 438 3415 .
546 3367 671 3411 nem
701 3353 909 3422 gratim.
940 3353 1257 3412 meritorum
1287 3366 1507 3409 suorum
1538 3351 1794 3425 gradibus
1820 3350 1953 3409 fides
1977 3366 2126 3408 cres-

543 3443 640 3510 cit,
669 3459 775 3498 uno
803 3444 1099 3515 eodemque
1128 3453 1369 3517 tempore
1398 3444 1463 3510 is,
1495 3445 1588 3514 qui
1622 3445 1850 3500 necdum
1887 3443 2126 3515 perfecte

544 3520 873 3601 crediderat,
913 3534 1073 3595 simul
1105 3543 1158 3590 et
1187 3534 1548 3600 cncdebat,et
1575 3532 1883 3591 incredulus
1912 3542 2051 3590 erat.

593 3644 638 3688 ,ι
684 3625 746 3683 Et
785 3641 909 3682 cum
952 3625 1157 3684 videret
1212 3623 1371 3684 «Iesus
1427 3633 1836 3683 concurrentem
1888 3626 2123 3693 turbam,

550 3736 569 3769 ι
596 3719 954 3774 comminatus
967 3729 1053 3775 est
1070 3717 1278 3788 spiritui
1300 3717 1596 3784 immundo,
1617 3717 1805 3777 dicens
1826 3716 1901 3772 illi
1920 3734 1933 3771 :
1952 3715 2126 3773 Surde

550 3829 570 3862 ι
599 3819 655 3865 et
683 3806 1111 3879 mute'spiritus,
1146 3824 1246 3879 ego
1283 3809 1536 3880 praecipio
1569 3808 1689 3874 tibi,
1719 3808 1808 3864 exi
1844 3808 1914 3864 ab
1946 3822 2034 3875 eo,
2071 3820 2127 3866 et

549 3920 569 3953 ι
604 3900 831 3969 amplius
866 3914 934 3954 ne
970 3900 1215 3957 introeas
1239 3903 1290 3953 in
1320 3913 1464 3955 eum.
1489 3917 1508 3951 ι
1527 3897 1886 3955 Comminatio
1912 3897 2123 3956 Domini

544 3992 709 4047 divini
739 4000 820 4048 est
858 3992 1027 4049 virtus
1067 3991 1295 4063 imperii.
1328 3990 1443 4046 Non
1482 4000 1664 4048 autem
1679 4004 1858 4064 puero
1889 3993 1981 4063 qui
2014 3993 2123 4049 vim

542 4084 866 4154 patiebatur,
899 4083 991 4139 sed
1023 4083 1251 4139 (ιπηιοηί
1286 4083 1375 4153 qui
1427 4082 1716 4149 inferebat,
1765 4085 2124 4140 comminatus

541 4184 627 4231 est
648 4192 662 4243 ;
686 4176 811 4246 quia
842 4175 931 4246 qui
962 4184 1273 4246 peccantem
1304 4177 1595 4232 emendare
1621 4177 1909 4242 desiderat,
1936 4177 2122 4234 vitium

540 4269 736 4339 utique
754 4270 1080 4340 increpando
1107 4279 1162 4324 et
1193 4269 1528 4325 exsecranda
1558 4271 1717 4326 debet
1736 4271 2119 4338 exterminare,

542 4358 638 4414 sed
678 4358 949 4415 hominem
989 4360 1222 4414 amando
1255 4359 1517 4415 relevere.
1552 4359 1696 4415 Bene
1725 4369 1904 4415 autem
1944 4359 2121 4415 Domi-

541 4466 665 4516 nus,
693 4451 785 4521 qui
813 4450 1060 4521 spiritum
1086 4451 1421 4505 immundum
1447 4450 1595 4520 pellit
1613 4452 1682 4506 ab
1706 4451 1942 4517 homine,
1962 4451 2122 4507 simul

2222 3262 2448 3333 juvanle
2474 3263 2718 3329 Domino,
2746 3272 2968 3319 cunctas
2989 3264 3194 3335 antiqui
3225 3264 3398 3331 hostis
3418 3263 3802 3321 debellabimus

2226 3369 2289 3409 ac
2319 3353 2751 3424 propulsabimus
2777 3353 3035 3409 insidias:

2727 3486 3031 3545 HOMILUE
3073 3486 3304 3543 CXXXI.

2531 3615 2686 3656 FBRIA
2713 3614 2884 3655 sum
2911 3585 3164 3663 QUATUOR
3194 3612 3508 3655 TEII-PORUI.

2297 3716 2449 3788 (Luc.
2468 3715 2640 3787 xvln).
2672 3734 2691 3766 ί
2715 3713 2772 3768 In
2801 3713 2892 3769 illo
2915 3722 3153 3783 tempore
3170 3713 3386 3769 dicebat
3399 3712 3564 3769 Jesus
3580 3713 3800 3784 parabo-

2233 3831 2248 3859 ι
2273 3809 2373 3860 lum
2389 3809 2526 3862 hanc
2542 3806 2608 3861 ad
2621 3804 2930 3875 discipulos.
2944 3805 3032 3858 rEt
3052 3804 3797 3876 reiiqua.DicitetApostolus,

2202 3908 2205 3913 ί
2231 3919 2247 3947 ι
2284 3899 2506 3967 Semper
2527 3897 2774 3968 gaudete,
2790 3896 2907 3952 sine
2925 3896 3321 3951 intermissione
3337 3905 3510 3951 orate.
3538 3916 3558 3948 ι
3584 3895 3639 3968 (I
3655 3896 3796 3951 Thes.

2226 3998 2302 4058 v.)
2338 3990 2471 4058 Quis
2499 3997 2679 4044 autem
2716 3996 2891 4059 potest
2920 3989 2994 4044 ita
3027 4003 3239 4059 semper
3264 4000 3425 4044 orare
3451 3989 3570 4044 sine
3596 3988 3797 4046 defectu

2225 4083 2306 4136 vel
2330 4081 2724 4138 intermissione
2737 4082 2989 4153 precibus
3009 4082 3281 4146 insistere,
3298 4089 3472 4137 utnec
3489 4081 3798 4137 alimentum

2225 4174 2492 4241 sumendi,
2519 4182 2613 4230 aut
2633 4174 2930 4237 dormiendi
2952 4182 3162 4244 tempus
3186 4173 3422 4230 habeat?
3448 4174 3559 4227 Aut
3578 4188 3712 4244 ergo
3730 4171 3799 4226 di-

2225 4270 2449 4323 cendum
2476 4275 2579 4334 est,
2611 4281 2736 4323 eum
2762 4280 2979 4337 semper
3005 4279 3187 4332 orare,
3216 4275 3273 4321 et
3298 4280 3405 4321 non
3432 4265 3693 4332 deficere,
3717 4264 3796 4336 qui

2225 4358 2499 4415 canonicis
2520 4358 2669 4414 horis
2682 4356 3088 4429 quotidiejuxta
3110 4358 3273 4413 ritum
3294 4357 3679 4414 ecclesiastica
3703 4367 3798 4413 ιη·

2226 4450 2465 4517 ditionis,
2484 4448 2796 4520 psalmodiis
2824 4448 3182 4520 precibusque
3211 4451 3488 4505 consuetis
3518 4449 3795 4505 Dominum

544 4554 616 4603 ne
643 4539 873 4609 amplius
898 4540 952 4595 in
979 4555 1100 4596 eum
1128 4541 1460 4611 ingrediatur
1484 4541 1745 4612 imperat:
1769 4542 1894 4612 quia
1925 4541 2009 4596 ille
2032 4556 2124 4597 ve-
2153 4522 2202 4581 Ι)
2228 4542 2449 4596 laudare
2471 4550 2525 4596 et
2553 4554 2743 4612 rogare
2768 4556 2878 4596 non
2903 4541 3134 4608 desistit,
3162 4547 3218 4599 et
3244 4540 3346 4607 hoc
3369 4549 3453 4596 est
3478 4540 3622 4611 quod
3659 4539 3797 4596 Psal-

544 4628 745 4687 raciter
770 4645 800 4684 a
830 4630 1160 4686 dmmoniaca
1195 4630 1562 4688 dominatione
1609 4631 1887 4697 liberatur,
1928 4631 2019 4703 qui
2056 4633 2125 4687 ad

541 4728 785 4790 peccata,
811 4736 841 4775 a
872 4721 1068 4791 quibus
1089 4723 1255 4777 semel
1278 4723 1589 4793 paenitendo
1610 4724 1901 4779 mundatus
1919 4732 2024 4791 est,
2046 4726 2124 4779 vi-

540 4816 622 4864 tat
664 4810 804 4870 male
838 4811 1066 4871 vivendo
1096 4814 1314 4867 reverti.

619 4919 641 4954 ι
667 4899 739 4956 Et
765 4901 1027 4968 clamans,
1074 4910 1131 4958 ct
1180 4905 1405 4960 multum
1453 4906 1762 4975 discerpens
1793 4904 1962 4970 illum,
1990 4905 2124 4960 exiit

548 5008 570 5044 ι
600 4991 670 5047 ab
695 5007 779 5047 eo.
814 5012 833 5044 ι
877 4993 1133 5050 Exiturus
1164 4997 1232 5051 ab
1270 4997 1488 5052 homine
1531 4996 1752 5066 spiritus
1786 4996 2119 5063 immundus,

544 5081 831 5154 discerpsit
856 5097 1002 5151 eum,
1024 5102 1087 5141 ac
1110 5086 1306 5143 furenti
1335 5087 1574 5141 clamore
1603 5087 1795 5142 terruit
1819 5089 2116 5143 intuentes:

542 5176 667 5246 quia
715 5176 1031 5249 plerumque
1058 5177 1322 5244 diabolus,
1353 5178 1479 5233 dum
1510 5179 1577 5235 de
1609 5180 1771 5235 corde
1812 5180 2117 5250 expellitur.

539 5268 782 5325 acriores
812 5271 865 5337 in
896 5284 962 5326 eo
988 5269 1313 5325 tentationes
1336 5278 1575 5340 generat,
1608 5282 1767 5340 quam
1797 5270 1948 5341 prius
1975 5270 2123 5325 exci-

542 5364 771 5424 taverat,
803 5359 1021 5431 quando
1048 5361 1150 5415 hoc
1170 5360 1385 5431 quietus
1414 5359 1740 5431 possidebat.
1780 5377 1798 5411 ‹
1836 5358 1905 5414 Et
1945 5358 2119 5414 factus

544 5474 562 5505 ι
598 5464 683 5511 est
716 5457 858 5511 sicut
882 5462 1148 5518 mortuus,
1176 5452 1249 5507 ita
1281 5461 1340 5507 ut
1366 5452 1517 5513 multi
1554 5452 1797 5508 dicerent
1821 5451 1945 5522 quia
1975 5465 2120 5504 mor-

543 5566 562 5598 ι
601 5557 723 5601 tuus
745 5555 845 5602 est.
876 5544 1034 5600 lesus
1075 5552 1252 5598 autem
1299 5552 1489 5599 tenens
1516 5557 1734 5598 manum
1761 5542 1900 5614 ejus,
1930 5540 2117 5596 eleva-

544 5660 562 5689 ι
599 5640 676 5694 vit
713 5639 886 5702 illum,
918 5645 973 5692 et
1010 5637 1263 5693 surrexit.
1295 5656 1314 5688 ι
1370 5632 1538 5704 Quem
1573 5636 1744 5692 hostis
1768 5633 1965 5706 impius
2002 5631 2113 5701 jam

537 5732 724 5803 fugere
749 5728 1053 5805 compulsus
1084 5730 1297 5797 stravit,
1330 5745 1391 5786 ac
1419 5739 1631 5785 mortuo
1666 5729 1897 5786 similem
1938 5727 2111 5784 reddi-

2227 4635 2385 4689 mista
2414 4634 2585 4688 dicit:
2631 4650 2650 4685 ι
2684 4632 3009 4689 Benedicam
3047 4632 3330 4689 Dominum
3377 4634 3431 4688 in
3474 4632 3627 4688 omni
3668 4641 3797 4688 tear

2225 4741 2376 4796 pore,
2402 4740 2619 4796 semper
2640 4725 2758 4781 laus
2802 4724 2921 4795 ejus
2950 4726 3004 4780 in
3032 4739 3127 4780 ore
3166 4740 3288 4780 meo
3316 4721 3489 4796 (Paul.
3522 4727 3743 4796 xum).
3775 4744 3792 4776 ι

2222 4816 2331 4870 Aut
2363 4824 2529 4879 certe,
2560 4815 2740 4870 omnia
2770 4830 2890 4886 qua:
2910 4815 3089 4887 justus
3116 4815 3412 4870 secundum
3436 4814 3609 4869 Deum
3643 4814 3797 4887 gerit,

2225 4907 2292 4960 ad
2315 4906 2613 4960 orationem
2645 4920 2766 4960 esse
2798 4904 3114 4977 reputauda.
3139 4904 3275 4971 Quia
3308 4903 3453 4959 enim
3481 4903 3666 4972 justus
3692 4904 3798 4959 sine

2227 4997 2625 5053 intermissione
2646 5012 2765 5066 qua:
2779 4997 2922 5067 justa
2950 5006 3073 5052 sunt
3097 4996 3228 5065 agit,
3250 5011 3346 5067 per
3370 4996 3474 5051 hoc
3497 4996 3617 5052 sine
3636 4996 3798 5051 inter-

2225 5088 2480 5144 missione
2527 5088 2723 5153 orabit,
2750 5102 2849 5141 nec
2879 5101 3113 5157 unquam
3159 5085 3228 5141 ab
3273 5086 3517 5142 oratione
3542 5087 3795 5149 cessabit,

2223 5180 2327 5236 nisi
2369 5178 2550 5250 justus
2572 5193 2694 5234 esse
2713 5178 2956 5234 desistat.

2300 5287 2320 5322 ι
2365 5268 2535 5325 iudex
2594 5268 2814 5340 quidam
2870 5275 2992 5325 erat
3039 5267 3094 5323 in
3140 5267 3375 5339 quadam
3429 5267 3655 5324 civitate
3711 5266 3792 5339 qui

2230 5379 2249 5411 α
2271 5357 2439 5415 Deum
2474 5373 2580 5414 non
2614 5358 2870 5425 timebat,
2898 5366 2956 5414 et
2980 5357 3256 5414 hominem
3294 5372 3401 5412 non
3430 5358 3790 5413 reverebatur.

2230 5468 2250 5502 ι
2278 5449 2447 5506 Vidua
2471 5458 2651 5508 autem
2674 5450 2918 5521 quadam
2953 5458 3070 5507 erat
3091 5452 3146 5506 in
3168 5449 3385 5506 civitate
3408 5450 3519 5517 illa,
3541 5460 3601 5507 et
3619 5452 3794 5506 venie-

2230 5560 2249 5593 ι
2272 5543 2365 5597 bat
2392 5542 2459 5597 ad
2488 5555 2631 5607 eum,
2661 5541 2876 5598 dicens:
2893 5541 3116 5623 Vindica
3135 5556 3222 5598 me
3237 5542 3303 5597 de
3321 5541 3631 5598 adversario
3653 5553 3789 5596 meo.

2229 5653 2247 5683 c
2271 5630 2339 5686 Et
2380 5631 2598 5687 nolebat
2636 5646 2737 5701 per
2778 5634 3005 5688 multum
3050 5641 3277 5702 tempus.
3328 5631 3791 5689 Posthzeeautem

2228 5745 2245 5776 ι
2270 5723 2404 5781 dixit
2438 5723 2576 5778 intra
2606 5738 2665 5779 se
2694 5743 2706 5777 :
2740 5724 2803 5779 Et
2850 5726 2893 5779 si
2937 5725 3101 5779 Deum
3130 5737 3234 5780 non
3266 5725 3460 5789 timeo,
3491 5736 3590 5779 nec
3618 5719 3790 5777 homi-
