4002 6348
193 321 295 382 697

1394 333 1696 391 HOMIle
1736 333 1824 390 DE
1861 333 2209 393 TEMPORE.

3336 346 3441 405 698

196 454 363 496 «nem
393 454 661 507 revereor,
698 449 874 499 tamen
898 443 1022 515 quia
1055 445 1277 502 molesta
1318 458 1401 503 est
1439 450 1554 504 haec
1600 449 1758 504 vidua
1786 454 1832 513 Α
1862 450 1955 505 Dei
2007 451 2233 507 habeam
2280 452 2336 523 (Ι
2383 452 2506 509 Cor.
2547 454 2665 528 vn).
2705 475 2724 508 ι
2777 455 2879 524 Qui
2917 457 3050 514 dicit
3079 468 3210 528 puto
3233 499 3249 526 ,
3282 461 3438 519 dubi-

193 533 397 599 cmihi,
436 533 722 589 vindicabo
756 534 924 600 illam,
972 550 1038 591 ne
1084 536 1137 590 in
1189 537 1481 593 novissimo
1513 540 1755 605 veniens,

194 622 617 694 «suggilletme.
642 642 662 675 ι
703 623 995 681 Parabolas
1030 627 1289 699 Dominus
1330 638 1424 683 aut
1467 633 1757 685 secundum

187 716 597 790 similitudinem
630 716 861 788 aliquam
910 720 1078 789 ponit,
1122 721 1264 775 sicut
1300 722 1367 776 de
1413 721 1629 778 homine
1667 723 1759 792 qui

188 805 428 861 habebat
450 805 586 862 duos
616 805 783 871 filios,
836 809 1094 879 majorem
1137 810 1192 865 in
1238 825 1369 881 agro
1401 812 1504 867 sibi
1542 814 1761 883 prepin-

186 905 467 967 quantem,
492 898 755 954 minorem
778 907 957 956 autem
981 900 1037 957 in
1056 899 1345 973 longinquo
1364 904 1754 961 luxuriantem:

186 1000 283 1045 aut
306 1007 375 1046 ex
417 992 532 1062 ipsa
562 991 998 1051 dissimilitudine
1023 995 1223 1066 aliquid
1251 995 1459 1067 probat,
1488 997 1649 1054 veluti
1678 1005 1762 1054 est

185 1078 317 1134 illud
343 1093 358 1132 :
390 1096 409 1131 ι
438 1078 590 1147 Quod
613 1080 659 1136 si
685 1080 872 1138 fenum
894 1083 1014 1154 agri
1035 1084 1179 1157 quod
1204 1084 1363 1141 hodie
1385 1094 1470 1142 est
1488 1095 1543 1142 et
1561 1101 1682 1143 cras
1702 1087 1758 1143 in

183 1170 459 1227 clibanum
481 1173 734 1241 mittitur,
758 1173 900 1231 Deus
920 1177 1000 1232 sic
1022 1162 1203 1244 vestit,
1229 1187 1431 1250 quanto
1463 1182 1632 1252 magis
1663 1198 1759 1239 vos

181 1262 425 1319 minimae
461 1264 665 1321 ﬁdei?»
712 1266 926 1339 (Matth.
954 1271 1054 1344 vr.)
1100 1269 1285 1341 Itaque
1329 1272 1462 1328 illud
1508 1275 1754 1345 superius

178 1367 357 1422 genus
396 1354 479 1409 his
516 1356 697 1412 verbis
723 1357 937 1429 adjungi
959 1367 1138 1429 potest
1162 1374 1181 1414 :
1207 1360 1362 1417 Sicut
1401 1362 1553 1420 illud.
1597 1363 1668 1416 ita
1699 1371 1756 1418 et

179 1445 337 1499 illud.
406 1446 520 1504 Hoc
576 1457 756 1505 autem
802 1447 1074 1520 posterius
1114 1450 1199 1508 his
1244 1453 1470 1509 verbis:
1503 1454 1560 1509 Si
1608 1454 1755 1521 illud,

177 1545 387 1605 quanto
412 1537 583 1609 magis
614 1538 791 1593 illud?
819 1539 927 1594 Aut
963 1541 1007 1595 si
1048 1539 1197 1605 illud,
1236 1551 1438 1613 quanto
1468 1544 1647 1598 minus
1694 1544 1757 1598 il-

177 1624 320 1681 lud?
368 1626 474 1683 Sed
499 1628 628 1683 alibi
668 1629 915 1694 obscure,
966 1630 1159 1687 alicubi
1189 1641 1374 1703 aperte
1412 1633 1516 1689 ista
1554 1648 1759 1704 ponun-

176 1721 292 1768 tur.
340 1714 438 1771 Iiic
455 1732 584 1786 ergo
604 1717 821 1788 iniquus
840 1718 1027 1789 jndex,
1050 1734 1157 1774 non
1177 1735 1244 1778 ex
1269 1720 1636 1787 similitudine,
1661 1722 1754 1780 sed

1864 550 1979 597 tare
2001 543 2226 607 videtur,
2260 545 2355 599 sed
2389 545 2478 601 ille
2507 546 2850 617 increpabat,
2880 563 2986 603 non
3016 550 3313 606 dubitabat.
3357 551 3437 610 Ita

1860 647 1988 704 ergo
2011 643 2066 689 et
2093 634 2349 691 Dominus
2376 637 2477 691 scit
2506 637 2722 707 quidem
2744 639 2943 707 omnia,
2975 653 3073 709 per
3102 654 3262 710 quem
3291 642 3435 700 facta

1860 732 1986 780 sunt
2011 724 2214 790 omnia,
2242 733 2300 782 et
2329 733 2509 782 tamen
2535 728 2827 785 dubitando
2857 730 3101 801 increpat
3138 730 3431 789 infidelium

1861 817 2046 873 corda.
2510 832 2521 841 δ

2348 947 2630 1005 HOMILIA
2680 949 2937 1015 CXXXII.

2214 1074 2450 1116 SABBA'I‘O
2486 1075 2732 1124 QUATUOB
2773 1078 3079 1120 TEIIPOBUI.
3296 1088 3331 1108 ο

1928 1173 2085 1247 (Luc.
2124 1176 2269 1247 xm.)
2312 1197 2331 1229 ι
2357 1175 2415 1231 1η
2439 1177 2531 1233 illo
2567 1188 2806 1248 tempore
2832 1179 3045 1236 dicebat
3078 1179 3240 1238 Iesus
3265 1183 3437 1240 turbis

1865 1285 1884 1319 ι
1913 1266 2319 1322 similitudinem
2347 1267 2490 1325 hanc
2515 1285 2530 1322 :
2553 1267 2815 1323 Arborem
2840 1269 2929 1324 ﬁci
2955 1270 3188 1327 habebat
3212 1272 3431 1344 quidam

1863 1378 1882 1409 ι
1916 1358 2209 1429 plantatam
2246 1358 2301 1413 in
2340 1359 2498 1414 vinea
2536 1374 2655 1414 sua.
2686 1380 2705 1413 ι
2733 1359 2801 1414 Ει
2828 1360 3056 1431 reliqua.
3085 1361 3270 1419 Potest
3314 1364 3434 1434 qui-

1858 1448 1980 1503 dem
2005 1448 2120 1502 haec
2158 1449 2321 1505 arbor
2353 1448 2440 1504 ﬁci
2466 1448 2677 1520 generis
2698 1450 2917 1504 humani
2943 1450 3229 1521 designare
3266 1463 3427 1507 natu-

1859 1552 1976 1593 ram
1995 1554 2008 1590 :
2024 1551 2121 1608 per
2138 1536 2345 1593 vineam
2357 1552 2525 1609 genus
2540 1538 2854 1605 humanum,
2866 1553 2963 1608 per
2988 1538 3148 1595 ﬁcum
3162 1541 3430 1608 doctores,

1857 1630 1971 1685 sive
2004 1628 2277 1701 principes
2303 1628 2461 1700 hujus
2484 1629 2688 1685 mundi.
2745 1628 2874 1696 Quae
2896 1630 3034 1687 bene
3066 1629 3304 1700 plantata
3327 1640 3430 1694 est,

1857 1724 1961 1780 hoc
1986 1731 2071 1779 est
2095 1724 2162 1778 ad
2189 1723 2425 1779 auctoris
2449 1722 2530 1777 sui
2558 1721 2959 1778 similitudinem
2986 1732 3168 1795 creata
3198 1731 3300 1778 est.
3325 1723 3433 1779 Sed

172 1820 247 1861 ex
296 1807 731 1867 dissimilitudine
786 1804 1057 1891 adhibitus
1110 1820 1210 1869 est.
1281 1812 1397 1868 Non
1452 1814 1595 1868 enim
1644 1814 1750 1870 ullo
1781 1810 1826 1871 Β
1853 1814 2070 1872 domino
2114 1828 2214 1884 per
2260 1812 2552 1868 triennium
2598 1812 2829 1891 fructum
2866 1814 2996 1869 dare
3036 1814 3269 1885 negavit,
3306 1814 3433 1885 quia

171 1897 342 1955 modo
383 1899 472 1955 ille
513 1898 741 1969 injustns
785 1902 950 1973 judex
995 1917 1280 1973 personam
1331 1903 1424 1959 Dei
1466 1904 1752 1975 allegorice

171 1999 346 2059 tenet,
376 1994 469 2048 sed
500 2002 678 2049 tamen
712 2004 973 2065 quantum
998 1995 1169 2073 Deus,
1196 1996 1289 2065 qui
1311 1996 1484 2052 bonus
1502 2005 1555 2051 et
1572 1998 1752 2077 justus

164 2087 280 2143 est,
307 2087 463 2136 curet
495 2081 847 2152 deprecantes
888 2099 977 2148 se,
1027 2070 1169 2139 hinc
1196 2086 1443 2156 cognosci
1492 2070 1751 2143 Dominus

164 2169 364 2236 voluit,
397 2171 542 2241 quod
569 2186 671 2227 nec
706 2172 935 2244 injustns
983 2174 1143 2229 homo
1171 2189 1264 2230 eos
1292 2176 1382 2246 qui
1422 2175 1571 2231 illum
1617 2178 1751 2234 assi-

161 2265 296 2320 duis
332 2266 581 2335 precibus
619 2267 868 2333 tundunt,
897 2267 981 2323 vel
1007 2276 1227 2339 propter
1255 2269 1468 2324 taedium
1508 2270 1751 2326 devitan-

162 2358 303 2412 dum
347 2367 526 2429 potest
571 2368 937 2417 contemnere.
978 2360 1113 2415 Nam
1170 2362 1272 2416 hoc
1312 2369 1396 2416 est
1436 2362 1578 2431 quod
1625 2363 1745 2417 ait:

167 2465 189 2499 ι
221 2447 306 2504 Ne
334 2450 556 2507 veniens
590 2438 839 2524 suggillet
874 2466 980 2507 me.
1012 2470 1031 2504 ι
1072 2450 1190 2523 Ipsa
1226 2465 1355 2506 vero
1382 2450 1541 2506 vidua
1572 2460 1751 2523 potest

163 2540 376 2596 habere
402 2526 809 2617 similitudinem
834 2541 1110 2610 Ecclesiae,
1156 2556 1275 2613 quae
1315 2540 1552 2598 desolata
1601 2541 1749 2597 vide-

154 2638 281 2695 tur,
328 2630 501 2689 donec
540 2634 723 2688 veniat
766 2634 1046 2700 Dominus,
1091 2633 1185 2706 qui
1236 2640 1413 2690 tamen
1452 2633 1506 2688 in
1536 2642 1747 2689 secreto

160 2720 335 2777 etiam
382 2735 567 2778 curam
611 2723 730 2794 ejus
770 2724 927 2797 gerit.

241 2831 263 2864 ι
289 2813 383 2868 Ait
422 2820 602 2870 autem
641 2813 1156 2871 Dominus:Audite
1191 2817 1318 2886 quid
1338 2816 1504 2885 judex
1529 2816 1745 2887 iniquus

172 2921 195 2959 ι
213 2902 350 2959 dicit
374 2921 387 2958 :
417 2903 559 2959 Deus
595 2913 775 2959 autem
812 2920 916 2959 non
943 2905 1105 2961 faciet
1127 2906 1419 2962 vindictam
1448 2906 1741 2962 electorum

170 3010 192 3043 ι
211 3005 457 3056 suorum,
483 2991 833 3047 clamantium
859 2994 926 3048 ad
952 3008 1011 3049 se
1038 2994 1127 3049 die
1152 3008 1219 3049 ac
1240 3005 1421 3060 nocte,
1454 3002 1509 3050 et
1530 2996 1739 3064 patien-

173 3080 346 3135 rtiam
378 3080 598 3137 habebit
624 3080 678 3135 in
718 3081 866 3137 illis?
909 3081 1040 3138 Dico
1076 3083 1229 3140 vobis
1268 3083 1394 3154 quia
1435 3083 1544 3140 cito
1580 3083 1741 3140 faciet

1854 1915 1981 1960 ante
2020 1903 2212 1975 legem,
2261 1903 2361 1958 sub
2410 1903 2548 1974 lege,
2589 1902 2689 1957 sub
2713 1887 2886 1973 giatia
2918 1903 3136 1959 obedire
3164 1904 3430 1974 despexit.

1854 1993 2053 2049 Verum
2088 1993 2134 2048 si
2169 1991 2241 2047 ad
2276 1991 2552 2063 superiora
2581 1991 2904 2062 respexeris,
2942 1992 3335 2048 animadvertes
3364 1995 3435 2049 si-

1853 2085 2096 2154 gniﬁcari
2137 2101 2235 2156 per
2270 2086 2484 2142 vineam
2516 2085 2726 2156 plebem
2767 2084 3107 2154 Iudaeorum,
3143 2102 3241 2158 per
3268 2088 3429 2144 ﬁcum

1853 2177 2073 2233 Scribas
2112 2184 2169 2232 et
2212 2176 2514 2237 Pharisaaos
2545 2194 2558 2230 :
2592 2185 2648 2231 et
2696 2176 2742 2232 si
2795 2177 3118 2249 generaliter
3163 2178 3428 2245 omnium,

1850 2267 2158 2339 specialiter
2204 2277 2382 2323 tamen
2438 2268 2732 2340 Synagogze
2770 2276 2952 2339 typum
2998 2277 3235 2340 portare.
3292 2270 3428 2326 Nam

1850 2372 1973 2412 cum
2002 2357 2279 2427 praemissa
2312 2356 2399 2412 illa
2430 2357 2655 2412 terribili
2688 2358 3074 2429 tremendaque
3118 2360 3383 2416 sententia
3409 2378 3423 2415 :

1856 2468 1875 2501 ι
1905 2450 1963 2535 Si
2008 2465 2117 2505 non
2163 2451 2534 2521 paenitentiam
2562 2452 2799 2522 egeritis,
2829 2466 3019 2509 omnes
3037 2453 3196 2508 simul
3226 2453 3427 2524 peribi-

1851 2542 1921 2597 tis
1960 2540 2112 2613 (Luc.
2160 2540 2315 2612 xm),
2347 2559 2367 2594 ι
2411 2556 2536 2597 mox
2565 2542 2633 2597 de
2666 2542 2950 2599 infecunda
2975 2541 3167 2599 arbore
3197 2543 3430 2614 parabo-

1847 2633 1955 2687 lam
1978 2632 2270 2703 subjungit,
2300 2632 2640 2702 apertissime
2672 2633 2876 2691 docens
2901 2647 2997 2689 eos
3020 2633 3216 2704 quibus
3241 2634 3430 2706 loque-

1845 2724 2028 2789 batur,
2072 2724 2246 2778 instar
2282 2721 2624 2779 infructuosae
2668 2722 2836 2790 ﬁcus,
2866 2724 3047 2780 sinon
3074 2725 3421 2794 poeniterent,

1844 2827 1968 2868 esse
2005 2812 2375 2870 succidendos.
2408 2830 2427 2863 ι
2482 2811 2648 2868 Vinea
2692 2813 2902 2868 Domini
2955 2815 3180 2870 sabaoth
3235 2815 3426 2870 domus

1843 2904 2010 2961 Israel
2046 2913 2147 2967 est,
2180 2922 2199 2956 ι
2241 2914 2304 2960 ιιι
2335 2904 2485 2960 Isaiae
2510 2904 2723 2960 cantico
2760 2905 3015 2961 docemur
3039 2906 3174 2978 (ha.
3202 2905 3256 2979 v)
3287 2925 3300 2961 :
3333 2922 3429 2978 sy-

1843 3008 2047 3069 nagoga
2074 3004 2254 3052 autem
2278 2996 2332 3051 in
2358 2996 2544 3053 eadem
2571 2996 2731 3052 domo
2754 2996 3002 3064 condita,
3033 2998 3118 3054 ﬁci
3144 3007 3233 3054 est
3259 3000 3429 3055 arbor

1845 3081 1900 3142 in
1933 3087 2112 3142 vinea.
2166 3086 2272 3143 Sed
2316 3088 2407 3157 qui
2452 3088 2663 3142 vineam
2690 3102 2845 3144 suam
2876 3090 3120 3158 permisit
3146 3105 3179 3144 a
3205 3091 3426 3147 viatori-

176 3190 196 3222 ι
219 3172 513 3231 vindictam
538 3172 772 3229 illorum.
794 3192 813 3226 ι
846 3174 906 3230 Si
929 3189 1088 3245 quem
1112 3184 1321 3241 movet,
1348 3190 1445 3230 cur
1463 3176 1617 3232 electi
1648 3177 1742 3233 Dei
1771 3155 1818 3218 ο
1848 3180 1949 3234 bus
1979 3178 2161 3248 diripi,
2192 3178 2280 3234 hic
2302 3155 2464 3233 etiam
2501 3180 2664 3233 ticum
2685 3177 2848 3247 jussit
2877 3155 3076 3235 excidi.
3135 3198 3155 3231 ι
3178 3180 3245 3234 Ει
3271 3182 3420 3236 venit

172 3278 237 3320 se
270 3265 530 3322 vindicari
555 3266 942 3336 deprecentur,
982 3265 1122 3336 quod
1151 3267 1315 3321 etiam
1346 3267 1399 3321 in
1426 3266 1747 3338 Apocalypsi

173 3355 404 3413 Joannes
442 3357 511 3414 de
551 3358 878 3429 martyribus
912 3357 1064 3424 dicit,
1100 3372 1224 3414 cum
1262 3356 1599 3427 apertissime
1632 3373 1747 3414 πιο-

169 3463 416 3516 neamur,
444 3457 506 3504 ut
529 3464 630 3521 pro
657 3449 892 3506 inimicis
932 3456 988 3505 et
1029 3446 1466 3519 persecutoribus
1503 3463 1744 3514 oremus,

166 3539 570 3612 intelligendum
610 3550 694 3598 est
722 3555 841 3597 eam
878 3541 1167 3597 vindictam
1206 3554 1328 3596 esse
1361 3539 1655 3609 iustorum,
1686 3548 1747 3598 ut

106 3700 113 3707 ε
164 3647 357 3688 omnes
385 3632 510 3687 mali
537 3640 777 3704 pereant.
827 3632 1061 3689 Pereunt
1099 3640 1277 3687 autem
1316 3632 1523 3688 duobus
1549 3633 1741 3699 modis,

164 3732 258 3779 aut
297 3724 647 3780 conversione
668 3724 737 3779 ad
753 3721 1043 3794 justitiam,
1074 3733 1169 3780 aut
1196 3723 1393 3779 amissa
1418 3737 1517 3794 per
1544 3723 1747 3793 suppli-

162 3815 311 3871 cium
361 3822 627 3884 potestate
649 3854 665 3881 ,
727 3830 833 3885 qua
874 3830 1019 3869 nunc
1056 3814 1312 3869 adversus
1339 3815 1543 3881 bonos,
1573 3829 1744 3885 quan-

162 3904 257 3960 diu
284 3898 389 3960 hoc
415 3905 588 3975 ipsum
611 3905 766 3961 bonis
792 3904 1030 3974 expedit,
1052 3902 1139 3959 vel
1163 3903 1528 3975 temporaliter
1542 3903 1743 3975 aliquid

163 3995 369 4051 valent.
427 3994 580 4063 Quod
624 3996 677 4050 in
722 3994 881 4049 tinem
920 3993 1052 4062 justi
1089 3993 1379 4049 convenire
1412 3993 1739 4059 desiderant,

161 4086 414 4159 quamvis
445 4100 544 4157 pro
569 4085 803 4141 inimicis
825 4085 937 4140 suis
955 4090 1131 4149 orent,
1164 4090 1342 4138 tamen
1373 4097 1479 4143 non
1508 4083 1743 4141 absurde

1844 3282 2094 3337 quaerens
2120 3266 2355 3323 fructum
2395 3268 2449 3322 in
2478 3267 2600 3337 illa,
2630 3276 2685 3322 et
2711 3283 2819 3323 non
2859 3268 3083 3324 invenit.
3113 3287 3134 3321 ι
3176 3269 3234 3325 ld
3280 3271 3425 3340 quod

1846 3358 1997 3428 sequi
2041 3372 2365 3430 synagogam
2414 3372 2512 3429 per
2550 3358 2768 3428 Moysen
2797 3358 3029 3413 instituit
3058 3359 3335 3425 Dominus,
3367 3361 3421 3414 in

1845 3463 2009 3509 carne
2038 3456 2195 3504 natus
2219 3448 2449 3518 aperuit,
2477 3456 2533 3503 et
2552 3448 2796 3507 crebrius
2823 3447 2877 3503 in
2906 3462 3176 3520 synagoga
3202 3449 3423 3513 docens,

1844 3538 2079 3594 fructum
2108 3538 2231 3595 ﬁdei
2260 3539 2528 3609 quaesivit,
2572 3539 2667 3595 sed
2710 3538 2765 3594 in
2807 3538 3198 3597 Pharisaeorum
3242 3549 3426 3595 mente

1844 3645 1951 3686 non
1990 3630 2219 3686 invenit.

1919 3738 1939 3774 ι
1967 3720 2111 3776 Dixit
2150 3729 2332 3779 autem
2363 3722 2431 3778 ad
2456 3720 2713 3776 cultorem
2744 3722 2913 3777 viuere
2939 3735 2955 3776 :
2982 3721 3123 3778 Ecce
3146 3721 3272 3777 anni
3299 3730 3415 3778 tres

1849 3829 1870 3864 ι
1899 3821 2047 3876 sunt,
2087 3826 2156 3867 ex
2195 3826 2303 3882 quo
2334 3813 2495 3868 venio
2523 3827 2770 3881 quarens
2808 3810 3043 3867 fructum
3090 3813 3161 3867 in
3194 3812 3423 3870 ﬁculnea

1848 3920 1868 3956 ι
1898 3902 2019 3968 hac,
2043 3912 2099 3958 et
2122 3917 2229 3959 non
2260 3902 2494 3958 invenio.
2520 3922 2539 3956 ι
2564 3902 2670 3958 Per
2693 3901 2952 3959 cultorem
2972 3904 3142 3960 vineae
3159 3903 3424 3975 apostolo-

1843 4008 1962 4047 rum
1987 3993 2374 4063 doctorumque
2395 3993 2530 4050 ordo
2554 3993 2896 4064 exprimitur,
2917 4009 3144 4065 quorum
3169 3997 3421 4066 precibus

1843 4098 1907 4139 ac
1931 4083 2152 4139 monitis
2185 4084 2401 4140 assidua
2440 4085 2582 4154 plebi
2632 4085 2724 4142 Dei
2773 4100 2903 4142 cura
2949 4087 3271 4159 suggeritur.
3328 4087 3424 4144 His

160 4180 458 4236 vindictam
480 4178 789 4234 desiderare
812 4176 1081 4233 dicuntur.
1122 4194 1143 4229 ι
1170 4173 1556 4232 Verumtamen
1572 4175 1743 4232 Filius
1842 4176 2041 4231 etenim
2067 4175 2326 4232 Dominus
2356 4176 2650 4246 saepissime
2674 4177 2741 4232 de
2764 4177 3093 4235 infructuosa
3116 4177 3422 4235 Judmornm

161 4272 403 4329 hominis
437 4270 676 4336 veniens,
719 4277 897 4340 putas,
929 4267 1167 4324 inveniet
1208 4267 1368 4324 ﬁdem
1415 4268 1469 4322 in
1509 4268 1686 4323 terra?
1715 4287 1734 4321 ι
1843 4276 1999 4336 gente
2025 4267 2373 4338 querebatur,
2404 4268 2544 4338 quod
2571 4284 2669 4339 per
2691 4278 2801 4325 tres
2827 4285 2997 4325 annos
3018 4287 3128 4326 sua:
3155 4272 3421 4326 visitatio—

160 4361 421 4429 Quamvis
459 4360 796 4429 omnipotens
835 4356 1096 4413 Conditor
1139 4371 1352 4427 semper
1386 4356 1589 4413 electos
1616 4370 1742 4412 suos
1842 4357 2068 4421 nis,hoc
2099 4366 2186 4413 est
2212 4358 2266 4412 in
2292 4357 2551 4429 legalibus
2577 4359 2791 4424 edictis,
2828 4358 2881 4414 in
2922 4359 3252 4429 propheticis
3290 4374 3423 4415 con-

160 4456 228 4509 ad
259 4453 638 4561 seuelamantes
658 4452 729 4507 sit
754 4451 1028 4553 vindicare
1055 4458 1312 4561 paratus...
1328 4451 1383 4506 in
1425 4450 1513 4561 die
1554 4458 1738 4561 tamen
1769 4502 1818 4561 Ι)
1843 4448 2241 4561 testationibus,
2286 4450 2344 4551 in
2554 4448 2887 4504 coruscantis
2933 4447 3205 4516 Evangelii
3248 4449 3419 4517 gratia

155 4542 349 4614 jndicii
382 4542 545 4613 (quod
592 4541 841 4597 trementi
882 4549 965 4596 est
1009 4541 1171 4595 corde
1215 4540 1575 4612 retinendum)
1614 4555 1740 4597 cum
1769 4538 1818 4561 ν
1844 4538 2119 4609 negligens
2163 4538 2452 4594 exstiterit.

160 4632 309 4687 idem
335 4629 594 4686 Conditor
609 4631 664 4685 in
681 4628 853 4685 forma
876 4629 969 4685 ﬁlii
996 4629 1228 4686 hominis
1242 4631 1523 4701 apparebit
1544 4671 1559 4698 ,
1588 4638 1737 4685 tanta

160 4724 272 4778 erit
312 4723 510 4778 raritas
548 4722 864 4786 electorum,
892 4730 953 4776 ut
990 4736 1098 4776 non
1131 4730 1238 4776 tam
1266 4721 1336 4777 ob
1359 4721 1649 4778 clamorem
1680 4723 1742 4778 ﬁ-

160 4813 361 4870 delium
386 4812 583 4883 injuste
607 4814 979 4869 damnatorum
1008 4812 1170 4867 totius
1189 4810 1301 4880 jam
1330 4814 1514 4868 mundi
1545 4814 1617 4870 sit
1642 4829 1737 4871 ac-

1916 4649 1935 4680 ι
1964 4630 2192 4685 Succide
2216 4646 2346 4700 ergo
2370 4629 2538 4694 illam,
2572 4636 2631 4684 ut
2657 4629 2785 4700 quid
2811 4629 2976 4684 etiam
3018 4639 3219 4685 terram
3258 4644 3421 4685 occu-

1847 4740 1866 4771 ι
1893 4730 1986 4792 pat
2010 4722 2033 4774 ?
2061 4741 2078 4772 ι
2122 4720 2238 4774 Νοιι
2270 4720 2340 4774 ab
2368 4720 2644 4789 apostolis,
2671 4722 2763 4776 sed
2792 4736 2821 4774 a
2856 4719 3113 4775 Romanis
3152 4734 3284 4793 gens
3327 4719 3421 4777 Ju-

1842 4811 1952 4866 dtea
1979 4810 2213 4876 succisa,
2235 4819 2293 4865 et
2308 4826 2339 4864 a
2363 4819 2505 4865 terra
2531 4809 2963 4880 repromissionis
2984 4806 3153 4878 ejecta
3176 4818 3278 4865 est.
3313 4809 3419 4866 Sed

161 4903 451 4959 celeranda
494 4903 665 4958 ruina.
726 4901 877 4970 Quod
914 4886 1094 4956 autem
1126 4896 1384 4957 Dnniinus
1405 4902 1558 4971 quasi
1585 4902 1741 4957 dubi-
1840 4901 2078 4967 succide,
2108 4899 2305 4971 inquit,
2340 4900 2507 4966 illam,
2551 4900 2605 4955 id
2649 4909 2735 4956 est
2776 4899 3091 4956 succisionis
3127 4901 3176 4955 ei
3226 4899 3419 4956 futura:

164 4998 332 5051 tative
387 4996 555 5052 dicit:
588 5014 608 5047 ι
640 4994 804 5051 Putas
848 4994 1082 5050 inveniet
1119 4994 1276 5049 ﬁdem
1302 4993 1354 5047 in
1379 5002 1541 5058 terra,
1578 5013 1596 5045 ι
1630 5010 1735 5050 non
1843 4992 2073 5059 cladem,
2100 4994 2469 5063 paenitentiam
2508 4992 2803 5057 suadendo,
2854 5007 3114 5064 propone.
3165 4994 3295 5061 Quae
3329 4994 3412 5065 jn.

162 5087 397 5151 dubitat,
434 5085 530 5141 sed
559 5084 754 5156 arguit.
809 5084 985 5140 Verbo
1026 5084 1222 5154 quippe
1267 5082 1614 5138 dubitationis
1662 5084 1741 5137 in-
1842 5092 1927 5140 sto
1955 5085 2156 5155 judicio
2190 5092 2390 5140 terram
2434 5100 2559 5140 cum
2606 5099 2773 5155 regno
2818 5085 3073 5154 perdidit,
3122 5099 3218 5156 pro
3264 5084 3417 5155 cujus

161 5187 417 5246 crepatur
456 5176 762 5242 inﬁdelitas,
790 5190 899 5232 non
928 5174 1182 5246 opinatur
1206 5173 1475 5228 divinitas.
1520 5171 1653 5227 Nam
1682 5182 1739 5228 et
1840 5192 2026 5232 amore
2063 5176 2187 5232 ραιΙί
2227 5176 2373 5231 cives
2399 5175 2646 5246 persequi
2683 5175 2965 5245 ipsumque
2986 5174 3108 5230 cadi
3151 5183 3206 5230 et
3257 5184 3417 5230 terra:

162 5284 264 5323 nos
290 5267 580 5337 aliquando
609 5269 676 5324 de
703 5269 886 5332 rebus,
922 5281 1059 5337 quas
1095 5273 1273 5321 certas
1321 5263 1600 5328 habemus,
1648 5264 1732 5318 in-
1839 5282 2017 5340 regem
2044 5267 2292 5324 occidere
2318 5283 2423 5322 non
2461 5267 2671 5331 metuit,
2702 5266 2888 5322 dicens
2923 5280 3020 5337 per
3044 5282 3169 5322 suos
3200 5268 3415 5336 pontiﬁ-

160 5359 436 5428 crepative
475 5356 698 5412 verbum
742 5355 1089 5412 dubitationis
1126 5354 1392 5425 ponimus,
1427 5368 1547 5407 cum
1572 5353 1734 5408 corde
1837 5374 1929 5415 ccs
1969 5366 2026 5413 et
2074 5355 2413 5412 Pharisaeos:
2442 5374 2462 5408 ι
2491 5356 2549 5412 Si
2588 5358 2906 5413 dimittimus
2931 5372 3054 5413 eum
3087 5357 3195 5420 sic,
3227 5372 3416 5413 omnes

161 5462 272 5504 non
296 5448 602 5504 dubitemus
627 5461 643 5502 :
675 5445 889 5502 velutrsi
915 5444 1207 5516 indigneris
1229 5458 1386 5498 servo
1412 5451 1503 5497 tuo
1520 5483 1535 5508 ,
1567 5451 1627 5496 ut
1653 5443 1736 5497 di-
1841 5447 2060 5505 credent
2084 5446 2138 5502 in
2164 5462 2308 5502 eum.
2358 5446 2426 5501 Et
2447 5447 2664 5502 venient
2689 5447 2916 5504 Romani
2944 5454 3000 5501 et
3029 5428 3413 5501 tollcnt’locnm

163 5552 297 5595 cas:
331 5538 643 5596 Contemnis
683 5537 817 5593 me?
861 5536 1172 5600 considera,
1230 5533 1454 5589 forsitan
1492 5533 1741 5587 dominus
1843 5547 2083 5594 nostrum
2114 5546 2405 5608 ctgentcm
2444 5536 2625 5608 (Joan.
2680 5539 2779 5611 xi).
2813 5558 2832 5591 ι
2890 5538 3076 5593 Potest
3116 5535 3277 5590 etiam
3322 5548 3417 5602 per

163 5640 292 5689 tuus
332 5649 473 5689 sum.
531 5633 598 5688 Et
638 5630 924 5704 Apostolus
960 5631 1028 5687 ad
1055 5629 1313 5701 quosdam
1346 5634 1742 5697 contemptores
1843 5639 2043 5684 terram
2066 5629 2236 5684 sterili
2274 5631 2372 5685 ficu
2405 5639 2738 5700 occupatam,
2772 5629 3007 5684 Iudaica:
3050 5625 3219 5694 plebis
3259 5624 3414 5677 turba

165 5741 330 5784 suos:
370 5746 387 5779 ς
415 5726 551 5782 Puro
574 5734 770 5790 autem,
804 5745 821 5777 ι
852 5725 1044 5797 inquit,
1083 5742 1101 5773 ι
1130 5720 1270 5792 quod
1296 5729 1347 5775 et
1373 5735 1473 5790 ego
1494 5718 1739 5788 spiritum
1846 5721 2084 5790 figurari,
2112 5738 2230 5793 qua:
2259 5723 2414 5777 noxia
2444 5724 2849 5794 prmpositorntn
2881 5722 3067 5777 umbra
3087 5760 3101 5783 ,
3131 5735 3198 5774 nc
3224 5717 3415 5773 verita-
