4002 6348
554 296 660 353 699

1174 286 1525 344 llAYMONlS
1566 280 2044 345 ιιιιιιιειιδτλτ.
2084 277 2143 331 El

2247 277 2299 343 t2.
2334 275 2493 330 OPP.
2536 274 2716 341 PARS
2752 273 2819 329 ll.
2851 304 2919 314 -
2954 272 3191 331 HOMlL.

3786 269 3929 328 πω

552 409 622 465 tis
654 408 837 465 lumen
877 404 1131 474 recipere
1159 402 1367 471 possit,
1391 410 1476 455 est
1511 400 1809 468 depressa:
1842 405 1898 452 et
1938 411 2005 453 ne
2041 410 2133 453 su-

2247 390 2495 458 phetam:
2527 408 2546 440 ι
2575 387 2631 442 Si
2664 388 2940 445 volueritis
2976 397 3032 444 et
3066 387 3349 445 audieritis
3389 403 3498 456 me,
3542 390 3739 446 bona
3790 397 3922 445 tet-

554 516 737 571 perna:
768 494 1068 552 dilectionis
1101 493 1214 548 sole
1249 491 1542 556 calefieret,
1569 488 1814 557 exemplo
1839 496 1923 542 est
1948 500 2136 545 eorum

558 589 841 660 pravitatis
868 585 1141 659 impedita,
1161 584 1314 654 juxta
1332 584 1474 660 quod
1487 583 1688 638 eisdem
1704 580 1831 634 alibi
1848 578 2098 633 Salvator
2121 594 2137 635 ς

561 700 580 739 q
613 681 726 745 Vae,
758 698 776 730 ι
817 678 1008 747 inquit,
1065 675 1289 742 «vobis,
1322 675 1547 733 .Scribae
1588 683 1664 729 et:
1689 674 1942 735 Pharisaei
1962 673 2141 742 aliypog

556 770 726 833 critm,
759 767 848 837 qui
877 766 1128 822 clauditis
1156 779 1379 837 regnum
1409 765 1668 820 caelorum
1712 772 1838 818 ante
1870 763 2138 825 homines.

556 861 665 915 Vos
709 859 853 914 enim
898 873 1007 913 non
1061 857 1313 935 intratis,“
1350 872 1449 913 nec
1496 857 1832 911 introeuntes
1859 854 2037 910 sinitis
2066 854 2141 908 in-

558 963 704 1018 trare
736 950 951 1023 (Manli.
987 949 1166 1021 mu).
1191 968 1211 1002 ι
1378 951 1385 958 ’
1494 956 1497 957 ⁷
1634 947 1644 957 ”

632 1063 650 1093 ι
672 1042 753 1096 ’At
797 1042 885 1096 ille
933 1038 1287 1112 respondens,
1332 1040 1468 1095 dixit
1504 1039 1578 1094 illi
1610 1057 1622 1093 :
1655 1039 1900 1101 Domine,
1931 1039 2141 1095 dimitte

561 1151 578 1180 ε
614 1131 758 1185 illam
785 1140 839 1187 et
862 1132 964 1187 hoc
983 1145 1144 1195 anno,
1171 1146 1344 1201 usque
1369 1131 1495 1185 dum
1522 1130 1723 1186 fodiam
1745 1130 1890 1185 circa
1915 1129 2080 1185 illam.
2116 1150 2135 1182 ι

557 1220 672 1276 Vox
696 1223 1059 1292 apostolorum
1079 1231 1179 1288 est,
1206 1225 1297 1293 qui
1321 1232 1441 1292 post
1463 1223 1769 1292 passionem
1794 1222 2003 1277 Domini
2042 1237 2141 1291 pro

553 1312 757 1368 Judaeis
785 1320 1125 1383 summopere
1150 1316 1531 1383 precabantur,
1563 1328 1630 1369 ne
1658 1313 1860 1382 absque
1878 1314 2141 1383 poenitet].

556 1406 632 1460 tia
661 1407 954 1461 Dominicte
998 1407 1178 1463 crucis
1214 1407 1473 1462 ultionem
1511 1415 1825 1478 paterentur
1855 1426 1867 1461 :
1904 1427 1924 1459 ‹
1964 1408 2142 1480 Usque

555 1496 684 1552 dum
704 1495 926 1563 fodiam,
964 1517 983 1547 ι
1013 1498 1204 1566 inquit,
1241 1517 1260 1550 ι
1294 1500 1438 1554 circa
1465 1500 1632 1566 illam,
1659 1519 1678 1552 ι
1713 1500 1767 1556 id
1796 1508 1876 1555 est
1906 1500 2140 1556 radicem

556 1584 904 1641 infructuosae
944 1588 1141 1644 mentis
1175 1588 1352 1659 ligone
1388 1590 1471 1645 bis
1500 1589 2015 1655 aeutteiufectionis
2044 1590 2143 1645 hu-

557 1671 783 1739 miliem,
814 1676 1157 1744 plveseutium
1170 1677 1435 1732 .videlicel
1455 1693 1830 1747 pressurarum
1842 1684 1845 1687 '
1859 1679 2141 1735 horrorem

2243 493 2371 531 rena
2427 478 2721 534 comedetis
2750 477 2911 550 ,(Isa.
2965 479 3026 550 ι).
3068 500 3085 530 ι
3152 478 3271 546 Quo
3314 489 3529 543 contra,
3573 479 3916 536 melnbris

2241 567 2497 634 Ecclesia:
2520 567 2654 622 dicit
2674 567 2961 638 Apostolus
2994 586 3006 622 :
3043 588 3061 620 ι
3089 567 3220 635 Quae
3241 576 3632 633 sul-sumsum
3661 569 3916 633 sapite,

2241 673 2348 713 non
2373 674 2494 729 quae
2516 673 2678 730 super
2698 668 2898 714 terram
2923 659 3060 732 (Col.
3096 660 3203 731 ιιι).
3235 679 3254 713 ι
3414 698 3419 703 ι
3548 680 3551 683 ν

2316 769 2333 800 ι
2368 750 2539 816 Quam
2574 745 2697 806 cum
2736 751 2959 818 vidisset
3001 750 3195 819 Jcsus,
3230 753 3445 808 vocavit
3484 768 3619 809 eam
3686 753 3784 808 ad
3818 768 3909 817 se,

2245 861 2264 892 ι
2307 850 2361 898 et
2385 841 2462 896 ait
2496 842 2571 896 illi
2600 861 2612 896 :
2641 841 2853 909 Mulier,
2898 843 3118 898 dimissa
3147 858 3210 899 es
3236 843 3305 898 ab
3347 844 3705 907 inﬁrmitate
3776 854 3906 898 tua.

2242 954 2264 1005 ρ
2309 935 2376 990 Ει
2396 935 2651 1007 imposuit
2685 935 2762 991 illi
2793 951 3005 1001 manus,
3044 944 3101 991 et
3124 936 3407 993 confestim
3428 947 3631 1007 erecta
3662 946 3818 1004 ,est,
3843 950 3901 993 et

2246 1048 2265 1081 ι
2297 1028 2634 1100 glorificabat
2654 1027 2842 1094 Deum.
2867 1047 2892 1089 ,ι
2923 1027 3103 1094 Vidit,
3125 1029 3573 1099 praedestinme
3601 1044 3735 1101 per
3764 1044 3899 1098 gra-

2242 1121 2412 1183 tiam:
2443 1122 2675 1187 vocavit,
2720 1120 3039 1176 illustrando
3062 1137 3160 1193 per
3202 1122 3505 1183 doctrinam
3537 1141 3555 1177 :
3585 1122 3892 1192 imposuit

2239 1228 2454 1279 manus,
2479 1198 2816 1284 spiritalibus
2837 1213 2992 1269 donis
3020 1211 3325 1283 adjuvaudo
3342 1230 3370 1269 .:
3402 1214 3589 1275 erexit
3616 1214 3711 1268 ad
3764 1212 3891 1284 glo-

2240 1304 2561 1360 rificandum
2594 1303 2763 1359 Deum
2793 1304 2846 1358 in
2875 1305 3131 1375 operibus
3165 1306 3342 1381 bonis,
3378 1320 3557 1377 usque
3590 1302 3880 1361 adﬁde

2241 1393 2452 1465 firmam
2478 1395 2846 1466 proveheudo.
2885 1415 2902 1446 ι
2941 1394 3113 1462 Quos,
3148 1395 3437 1474 i‘inquit,,«
3478 1395 3882 1466 praedestina—

2240 1485 2338 1551 vit,
2373 1486 2470 1541 hos
2497 1495 2554 1541 et
2588 1486 2819 1551 vocavit,
2862 1501 3003 1554 quos
3040 1492 3222 1545 autem
3261 1486 3499 1551 vocavit,
3528 1485 3671 1540 illos
3703 1493 3773 1540 et
3791 1483 3878 1554 ju-

2240 1576 2493 1632 stificavit
2518 1595 2532 1631 :
2561 1593 2696 1647 quos
2730 1585 2910 1639 autem
2959 1575 3301 1655 iustificavit,
3357 1576 3500 1638 illos,
3531 1585 3595 1632 et
3632 1575 3867 1647 magnb

2244 1667 2425 1727 ﬁcavit
2447 1667 2626 1740 (Rom.
2650 1674 2792 1739 vin).
2831 1686 2855 1719 ι

557 1769 614 1816 et
650 1772 920 1833 perpetuae
954 1765 1320 1823 damnationis
1362 1769 1648 1825 incutiens.
1712 1769 1899 1827 Omnis
1940 1772 2138 1843 quippe
2170 1750 2213 1811 Β
2309 1774 2335 1824 .⁶
2370 1755 2723 1827 Responde“
2781 1765 2962 1811 autem
3025 1756 3487 1828 archisynasosus
3544 1755 3867 1827 indignans

557 1850 700 1908 fossa
727 1854 781 1908 in
810 1855 918 1910 imo
946 1866 1052 1922 est,
1090 1867 1147 1912 et
1184 1859 1437 1914 nimirum
1474 1860 1788 1931 increpatio,
1828 1863 1955 1918 dum
1986 1878 2140 1919 mem

556 1950 666 1997 tem
712 1944 812 1999 sibi
861 1945 1215 2011 demonstrat,
1263 1949 1532 2007 humiliat.
1588 1951 1694 2006 «Et
1739 1952 1949 2007 mittam
1996 1962 2137 2008 ster-

555 2048 704 2088 cora.
737 2054 755 2086 ι
810 2035 865 2091 Id
897 2046 980 2092 est
1008 2038 1272 2093 malorum
1297 2055 1416 2110 quze
1438 2039 1564 2096 fecit
1596 2043 2048 2100 abominationem
2071 2046 2140 2101 ad

557 2126 795 2191 animum
831 2129 1107 2196 reducam,
1149 2139 1211 2185 ut
1251 2134 1679 2203 compunctionis
1715 2135 1946 2206 gratiam
1986 2137 2139 2206 quasi

559 2219 626 2277 de
647 2220 936 2289 putredine
964 2223 1222 2279 stercoris
1256 2225 1532 2280 suscitem.

578 2362 583 2369 .
635 2310 749 2369 «ΕΙ.
769 2311 1033 2384 siquidem
1058 2313 1264 2369 fecerit
1287 2313 1649 2380 fructum,.sin
1678 2324 1879 2382 autem,
1913 2317 2145 2381 mfutuw

564 2416 733 2459 «rum
765 2403 1006 2459 suceides
1045 2418 1185 2459 eam.
1218 2424 1238 2457 ι
1282 2404 1416 2463 Cum
1452 2406 1693 2462 diceret:
1730 2428 1747 2459 ι
1778 2408 1847 2463 Et
1876 2408 2139 2489 siquidem

558 2491 751 2550 fecerit
774 2494 1033 2562 fructum,
1065 2516 1085 2550 ι
1118 2511 1224 2553 non
1248 2496 1524 2567 subjunxit
1546 2498 1769 2571 aliquid,
1797 2501 1893 2556 sed
1916 2515 2141 2569 suspen-

558 2588 639 2643 dit
668 2591 1013 2658 sententiam.
1068 2591 1204 2648 Cum
1252 2607 1383 2649 vero
1423 2594 1665 2663 adderet,
1706 2616 1725 2649 ι
1755 2596 1840 2652 sin
1881 2605 2084 2662 autem,
2115 2617 2134 2649 υ

558 2681 816 2738 continuo
858 2684 1122 2755 judicium
1169 2695 1411 2743 venturae
1454 2686 1817 2746 damnationis
1858 2691 2137 2759 annexuit,

558 2772 747 2828 dicens
773 2790 788 2827 :
828 2793 847 2826 ι
875 2775 928 2828 in
963 2774 1202 2831 futurum
1228 2778 1474 2833 succides
1501 2794 1642 2834 eam.
1671 2799 1690 2831 ι
1727 2780 1862 2848 Quia
1892 2780 2141 2836 videlicet

559 2861 785 2932 multum
807 2863 1184 2933 procliviorem
1221 2866 1291 2920 ad
1325 2866 1650 2938 negandum,
1685 2884 1847 2939 quam
1878 2869 1947 2925 ad
1972 2870 2143 2926 confi-

560 2952 781 3007 tendum
822 2952 1081 3009 Dominus
1103 2953 1439 3028 Synagogam
1474 2958 1710 3015 videbat.
1758 2959 1913 3016 Unde
1936 2968 1992 3017 et
2014 2961 2140 3017 alibi
2176 2983 2180 2986 ’

559 3045 720 3100 rebus
755 3044 1000 3099 eamdem
1032 3044 1279 3118 ﬁguram,
1303 3063 1464 3118 quam
1498 3049 1588 3106 hic
1616 3051 1798 3106 verbis
1827 3066 2013 3122 agens,
2055 3052 2142 3107 in-

2246 1864 2264 1897 ι
2304 1845 2432 1917 quia
2461 1845 2688 1902 sabbato
2723 1856 2977 1901 curasset
3007 1844 3186 1912 Iesus,
3202 1845 3430 1925 dicebat
3457 1846 3642 1907 turba:
3679 1859 3701 1897 :
3746 1843 3866 1900 Sex

2247 1953 2268 1989 ι
2302 1935 2418 1991 dies
2445 1945 2592 2001 sunt,
2641 1934 2695 1990 in
2731 1935 2928 2006 quibus
2972 1935 3455 2007 Oportetoperari.
3490 1934 3549 2004 In
3578 1937 3691 1991 bis.
3722 1951 3860 2005 ergo

2246 2044 2265 2077 ι
2297 2024 2474 2091 venite
2501 2016 2863 2093 etcuramini,
2891 2034 2947 2080 et
2971 2040 3078 2079 non
3109 2025 3163 2079 in
3186 2025 3272 2079 die
3301 2024 3537 2083 sabbati.
3569 2045 3589 2078 ι
3628 2025 3855 2081 Satiba-

2240 2125 2297 2173 to
2322 2115 2535 2173 curavit
2561 2115 3070 2187 Jesus,ostendens
3087 2115 3200 2184 jam
3243 2132 3365 2173 esse
3396 2125 3625 2187 tempus,
3665 2127 3731 2172 ut
3755 2134 3849 2173 se-

2240 2207 2474 2265 cundum
2518 2207 2858 2279 prophetiam
2911 2206 3132 2277 Cantici
3167 2208 3502 2266 canticorum
3564 2208 3848 2279 aspiraret

2241 2298 2376 2365 dies,
2403 2307 2460 2354 et
2500 2306 2915 2354 removerentur
2936 2301 3141 2370 umbrae
3164 2299 3342 2373 (Cant.
3369 2302 3453 2372 ιι).
3493 2301 3601 2357 Sed
3625 2303 3843 2358 nescie-

2240 2390 2334 2445 bat
2357 2390 2833 2463 archisynagogus,
2848 2391 2933 2446 vel
2946 2392 3048 2447 hoc
3059 2391 3141 2448 vel
3160 2392 3286 2447 illud
3301 2392 3465 2448 multo
3477 2393 3842 2449 excellentius

2249 2471 2676 2557 sacramentum,
2707 2482 2849 2552 quod
2897 2483 3121 2550 sabbato
3151 2484 3391 2551 curando
3418 2484 3692 2554 Dominus
3718 2484 3839 2539 inti-

2243 2568 2448 2637 mabat,
2478 2570 2604 2641 quia
2650 2571 2858 2628 scilicet
2890 2558 3013 2644 post
3067 2573 3382 2642 sex_sa:culi
3424 2574 3584 2655 hujus
3622 2585 3836 2640 atates,

2241 2670 2502 2731 perpetua
2532 2662 2656 2718 vita:
2678 2663 2999 2719 immortalis
3021 2674 3140 2719 erat
3162 2667 3355 2737 gaudia
3383 2667 3628 2730 daturus,
3668 2668 3726 2722 in
3749 2683 3836 2722 cu-

2236 2747 2326 2815 jus
2356 2751 2526 2821 ligura
2567 2750 2779 2823 Moyses
2803 2753 3032 2810 sabbato
3062 2770 3168 2809 non
3195 2750 3420 2823 a‘Lono,
3447 2757 3543 2813 sed
3566 2774 3597 2812 a
3621 2759 3835 2824 servili,

2244 2843 2346 2897 hoc
2363 2851 2468 2911 est,
2498 2843 2659 2898 noxia
2680 2845 2926 2915 praecipit
2968 2847 3180 2902 actione
3202 2847 3526 2915 feriundum,
3567 2849 3708 2905 illud
3736 2851 3834 2903 uti-

2244 2952 2350 3008 que
2376 2947 2587 3019 tempus
2614 2939 2997 3011 praafigurans,
3028 2959 3134 3013 quo
3169 2922 3447 3000 saecularia
3477 2955 3668 3002 nostra
3712 2963 3833 3017 ope-

2246 3042 2324 3089 ra,
2371 3042 2479 3082 non
2516 3038 2696 3091 autem
2752 3030 3025 3104 religiosa,
3081 3034 3191 3097 hoc,
3236 3043 3319 3093 est
3359 3036 3524 3089 Deum
3578 3035 3830 3093 laudanti

560 3103 1252 3191 fueundamficumzevternaa
1265 3103 1569 3195 sterilitatis
1586 3103 1965 3205 maledictiiume
1984 3103 2139 3196 dam-
2169 3103 2215 3168 Ο
2246 3126 2384 3182 δεῖθ’
2422 3129 2739 3175 cessarem"
2758 3120 2983 3176 Fanum
3027 3139 3157 3196 ergo
3190 3133 3250 3181 ἐί
3278 3125 3415 3182 mm
3440 3126 3823 3198 ambisw

560 3222 729 3288 navit,
758 3222 1050 3280 oetendens
1075 3226 1325 3283 videlicet
1351 3243 1494 3295 eam,
1523 3238 1579 3285 et
1603 3230 1648 3286 si
1674 3230 1880 3286 fodiant
1909 3232 2139 3303 apostoli

559 3314 923 3385 corripiendo,
957 3325 1013 3374 et
1045 3318 1090 3375 si
1127 3327 1338 3376 stercus
1373 3321 1645 3377 adveliant
1678 3332 1902 3391 peccata
1941 3324 2142 3396 impro-

558 3406 821 3473 perando,
842 3409 988 3464 nulla
1015 3417 1190 3464 tamen
1214 3412 1545 3480 preuiteutia:
1565 3411 1720 3484 fruge
1737 3414 2140 3475 cumulandam.

559 3495 654 3552 sed
682 3496 928 3554 districte
953 3498 1201 3570 bipennis
1230 3502 1520 3557 severitate
1547 3502 1855 3559 tollendam.

635 3604 654 3636 ι
682 3585 811 3641 Erat
846 3596 1028 3643 autem
1059 3589 1259 3644 docens
1288 3590 1341 3643 in
1379 3607 1648 3664 synagoga
1677 3592 1982 3647 Judaaorum
2020 3593 2147 3648 sabc.

566 3696 587 3729 ι
619 3678 778 3735 batis.
829 3680 897 3735 Et
928 3692 1055 3737 ecce
1081 3682 1276 3738 mulier
1318 3698 1437 3752 qua:
1461 3684 1694 3740 habebat
1725 3685 1970 3756 spiritum
1992 3684 2145 3740 infla-'-

568 3785 587 3820 ι
621 3769 823 3825 mitatis
835 3771 1005 3826 annis
1037 3771 1222 3827 decem
1250 3781 1306 3827 et
1334 3782 1475 3829 octo.
1498 3794 1517 3827 ι
1573 3773 1726 3830 Dicta
1753 3776 1820 3831 de
1844 3776 1949 3831 ﬁcu
1978 3789 2143 3845 para-

562 3858 707 3924 bola,
758 3859 1015 3916 Dominus
1064 3862 1122 3917 in
1161 3877 1431 3935 synagoga
1466 3866 1722 3921 docuisse
1764 3875 2036 3934 narratur,
2085 3877 2145 3923 ut

567 3948 818 4004 videlicet
844 3950 1142 4018 intimetur,
1173 3967 1281 4007 non
1312 3952 1418 4009 alio
1443 3954 1754 4025 parabolam
1787 3957 2024 4023 tendere,
2047 3958 2145 4013 sed

567 4036 673 4092 hoc
695 4051 816 4093 esse
842 4037 1076 4095 fructum
1100 4040 1159 4095 in
1188 4041 1417 4098 ficulnea
1452 4059 1712 4115 quaerere,
1750 4054 1807 4102 et
1841 4062 1946 4101 non
1990 4047 2143 4103 inve-

565 4127 706 4196 nire,
761 4130 983 4186 verbum
1031 4148 1316 4206 synagogas
1365 4138 1743 4204 commodare,
1798 4154 1899 4196 nec
1954 4140 2142 4210 recipi.

567 4221 741 4289 Quam
776 4231 952 4280 tamen
983 4241 1052 4281 ne
1079 4234 1245 4282 totam
1279 4227 1521 4285 funditus
1546 4231 1617 4286 ob
1644 4230 1855 4302 culpam
1894 4232 2146 4288 sterilita-

568 4311 637 4370 tis
674 4313 1080 4384 exstirpandam
1109 4324 1351 4386 putares,
1384 4319 1478 4375 sed
1519 4318 1775 4389 reliquias
1800 4337 1895 4391 per
1926 4321 2144 4377 electio-

566 4419 691 4460 nem
721 4407 909 4477 gratia:
938 4409 1125 4465 scires
1146 4414 1277 4467 esse
1307 4412 1613 4479 salvandas,
1649 4426 1775 4467 mox
1815 4412 2011 4468 ibidem
2041 4413 2143 4469 Ec-

566 4499 743 4556 clesia:
766 4503 1050 4572 primitiva:
1078 4505 1287 4561 sanatio
1335 4506 1729 4563 subincurvata:
1752 4506 1993 4561 mulieris
2019 4522 2145 4576 spe-

566 4588 650 4643 cie
674 4589 1040 4661 subsequitur.
1096 4593 1225 4662 Quaz
1253 4593 1391 4659 bene
1414 4594 1601 4651 decem
1630 4604 1687 4651 et
1710 4604 1834 4651 octo
1860 4595 2017 4650 annis
2045 4594 2148 4649 fuit

567 4686 806 4743 curvata,
849 4681 940 4750 qui
979 4697 1238 4738 numerus
1277 4683 1514 4739 ternario
1538 4684 1719 4749 sexies
1745 4684 1907 4739 ducto
1936 4684 2149 4754 perficio

568 4775 677 4833 tur,
712 4771 836 4840 quia
872 4772 1122 4837 videlicet
1161 4789 1283 4829 eam
1318 4774 1372 4829 in
1403 4773 1709 4830 testimonio
1738 4774 1893 4845 legis,
1925 4774 1980 4829 in
2012 4774 2149 4828 vati-

569 4860 711 4913 einio
734 4864 1050 4931 prophetiae,
1078 4866 1145 4920 et
1160 4866 1215 4920 in
1251 4866 1580 4922 revelatione
1598 4866 1787 4936 gratiae
1800 4882 1906 4937 per
1919 4865 2146 4921 .iuﬁrma

570 4961 738 5016 opera
765 4949 1018 5020 languere
1045 4953 1297 5008 ostendit.
1337 4954 1594 5010 Senarius
1617 4955 1761 5010 enim
1790 4971 2062 5019 numerus,
2092 4955 2147 5009 in

571 5049 680 5103 quo
714 5038 896 5092 mundi
931 5046 1015 5094 est
1042 5053 1290 5097 creatura
1322 5043 1578 5114 perfecta,
1609 5060 1834 5114 operum
1860 5044 2149 5115 perfectio-

571 5140 698 5182 nem
735 5127 1020 5197 significat.
1066 5130 1189 5187 Tria
1241 5150 1369 5189 vero
1419 5145 1564 5200 sunt,
1615 5145 1674 5190 ut
1723 5136 1853 5202 dixi,
1906 5145 2148 5206 tempora

574 5216 866 5287 Dominica:
890 5222 1232 5291 visitationis,
1261 5226 1313 5279 in
1337 5228 1532 5296 quibus
1552 5226 1757 5294 Judzea,
1788 5243 1908 5298 quae
1932 5236 2149 5284 terrena

572 5311 743 5381 magis
772 5328 933 5382 quam
970 5313 1211 5371 ccelestia
1248 5328 1471 5373 noverat
1502 5321 1739 5390 operari,
1773 5319 1927 5391 quasi
1962 5320 2153 5377 decem

573 5410 628 5457 et
656 5412 780 5458 octo
808 5404 967 5460 annis
993 5418 1023 5458 a
1054 5421 1164 5461 sua:
1192 5408 1387 5463 mentis
1407 5418 1525 5464 erat
1554 5410 1876 5466 rectitudine
1903 5418 2149 5466 curvata.

576 5512 599 5550 ι
632 5497 697 5557 Et
745 5507 865 5553 erat
903 5499 1215 5564 incurvata,
1265 5503 1634 5558 ncesomnino
1679 5510 1890 5574 poterat
1937 5516 2150 5557 sursum

504 5608 511 5613 θ
577 5589 865 5660 nespicer'e.
902 5610 941 5652 i;
964 5592 1099 5660 Quia
1133 5600 1342 5648 terrena
1374 5595 1606 5664 sapiens,
1639 5595 1819 5650 infima
1850 5593 2151 5665 requirens,

504 5686 523 5699 "
577 5680 818 5738 eotlcstia
850 5684 1353 5754 cogitarc‘nondum
1385 5686 1607 5752 sciebat,
1642 5687 1863 5743 audiens
1896 5688 1992 5755 per
2024 5684 2154 5749 Pro-

2202 3234 2212 3246 ~
2244 3224 2361 3281 gus,
2389 3210 2514 3281 quia
2561 3210 2646 3266 lex
2690 3211 2743 3265 in
2780 3214 3010 3270 sabbato
3050 3230 3155 3269 non
3186 3215 3459 3271 hominem
3488 3233 3712 3283 curare,
3737 3215 3823 3272 sed

2243 3317 2408 3357 onera
2438 3301 2601 3365 ferre,
2635 3303 2736 3357 hoc
2765 3314 2850 3359 est
2872 3306 3115 3376 peccatis
3164 3306 3398 3377 gravari,
3425 3308 3729 3376 prohibuit.

2319 3414 2335 3439 ι
2378 3389 2728 3460 Respondeas
2795 3402 2978 3449 autem
3030 3395 3101 3451 ad
3147 3394 3269 3450 illos
3318 3384 3595 3465 Dominus,
3646 3397 3814 3453 dixit:

2249 3498 2267 3530 ι
2312 3479 2633 3551 llypocritie,
2667 3483 3033 3555 unusquisque
3058 3493 3297 3540 veStrum
3327 3486 3549 3555 sabbato
3576 3502 3689 3543 non
3723 3485 3815 3542 sol-

2249 3589 2269 3647 ι
2315 3572 2391 3626 vit
2418 3570 2609 3626 bovem
2652 3587 2815 3628 somn
2844 3558 2938 3628 aut
2972 3575 3185 3630 asinum
3213 3590 3244 3629 a
3279 3576 3565 3647 przesepio,
3591 3588 3647 3633 et
3684 3576 3822 3633 ducit

2250 3682 2268 3715 ι
2314 3663 2623 3734 adaquare?
2674 3684 2693 3717 ι
2728 3665 3066 3722 [infidelitatis
3093 3652 3321 3739 quidem
3354 3669 3533 3738 arguit
3557 3670 3822 3739 principes

2246 3751 2565 3825 Synagogaa,
2604 3764 2660 3810 et
2710 3759 2903 3814 merito
2944 3759 3368 3830 hypocritarum,
3419 3760 3473 3815 id
3500 3770 3583 3815 est
3610 3759 3824 3815 simula-

2248 3860 2425 3907 torum
2476 3852 2693 3908 nomine
2736 3863 2905 3919 notat,
2951 3871 3109 3926 quos,
3162 3871 3287 3911 cum
3315 3855 3553 3927 magistri
3594 3856 3819 3925 plebium

2244 3960 2366 4005 esse
2397 3955 2731 4017 appeterent,
2782 3948 3016 4005 hominis
3062 3949 3396 4005 sanationem
3447 3951 3664 4020 pecoris
3690 3964 3819 4004 cura:

2246 4045 2565 4107 postponere
2596 4039 2842 4108 puderet.
2871 4039 2983 4097 Sed
3025 4040 3218 4097 altiore
3245 4055 3406 4096 sensu
3434 4040 3588 4095 bovis
3613 4050 3671 4095 et
3698 4040 3818 4094 asini

2246 4131 2527 4197 vocabulo,
2550 4131 2791 4188 Judaeum
2820 4134 3177 4206 Graecumque
3191 4136 3477 4207 signiﬁcat,
3507 4136 3573 4191 de
3601 4149 3817 4204 quorum

2249 4222 2531 4277 vocatione
2555 4222 2814 4292 scriptum
2843 4232 2929 4281 est
2955 4241 2969 4276 :
3000 4244 3018 4276 ι
3050 4224 3156 4280 Bos
3174 4226 3426 4298 cognovit
3464 4239 3819 4297 possessorem

2247 4327 2437 4378 suum,
2484 4321 2540 4366 et
2565 4312 2751 4367 asinus
2780 4327 3021 4383 praesepe
3046 4314 3249 4370 domini
3281 4316 3363 4371 sui
3392 4315 3525 4386 (ha.
3556 4317 3598 4383 ι)
3640 4334 3654 4369 :
3696 4336 3715 4368 ι
3740 4315 3819 4383 qui

2251 4411 2475 4472 uterque
2531 4403 2741 4473 peccati
2773 4404 2999 4460 vinculis
3043 4406 3297 4472 absoluti,
3342 4408 3487 4465 sitim
3533 4415 3821 4476 astumque

2250 4492 2433 4546 mundi
2462 4492 2620 4562 hujus
2644 4493 2903 4549 Dominici
2940 4494 3106 4552 fontis
3134 4498 3334 4552 haustu
3348 4497 3616 4568 deposuit.

2327 4603 2345 4634 ι
2378 4584 2528 4639 llanc
2553 4595 2733 4640 autem
2764 4586 2926 4642 tiliam
2964 4588 3216 4654 Abralize,
3257 4606 3422 4660 quam
3469 4590 3712 4660 alligavit
3738 4590 3821 4645 Sa-

2256 4692 2275 4725 ι
2323 4685 2497 4742 tanas,
2519 4690 2649 4732 ecce
2684 4677 2869 4734 decem
2894 4688 3090 4736 etocto
3118 4683 3295 4745 annis,
3320 4698 3427 4738 non
3455 4684 3698 4751 oportuit
3730 4682 3820 4738 θυι

2254 4786 2272 4817 ι
2313 4766 2360 4819 vi
2392 4781 2424 4819 a
2449 4766 2665 4822 vinculo
2705 4768 2811 4825 isto
2844 4770 2930 4824 die
2969 4772 3217 4827 sabbati?
3264 4793 3283 4825 υ
3312 4773 3449 4827 Filia
3486 4775 3721 4829 Abraba:
3751 4783 3823 4828 ρει

2248 4857 2427 4911 anima
2471 4872 2697 4927 qumque
2723 4858 2912 4915 ﬁdelis.
2943 4861 3079 4917 Filia
3107 4863 3341 4925 Abrahae
3359 4873 3443 4920 est
3470 4865 3742 4927 Ecclesia.
3766 4868 3820 4919 de

2253 4962 2482 5018 uzroque
2506 4950 2699 5019 populo
2734 4952 2800 5006 ad
2834 4952 2954 5008 fidei
2981 4955 3244 5011 unitatem
3271 4957 3521 5023 collecta,
3547 4975 3670 5029 qua:
3697 4971 3820 5015 temo

2252 5053 2385 5108 pore
2408 5038 2542 5109 legis
2569 5047 2624 5094 et
2651 5037 2945 5114 Dominicae
2983 5046 3397 5103 resurrectionis
3439 5048 3684 5119 impleto,
3738 5064 3820 5119 per

2254 5130 2482 5198 gratiam
2514 5129 2748 5201 Spiritus
2780 5134 2953 5189 sancti
2981 5134 3371 5206 septifotmem,
3411 5154 3443 5193 a
3470 5139 3692 5195 vinculo
3714 5141 3821 5195 lon-

2254 5236 2336 5290 gae
2383 5221 2713 5291 captivitatis
2737 5224 2945 5294 erupit.
2967 5224 3196 5283 Namet
3244 5228 3347 5285 hoc
3375 5229 3538 5285 modo
3577 5229 3821 5291 fortasse.

2255 5313 2568 5382 mysterium
2606 5314 2819 5379 sabbati
2849 5316 3032 5371 decem
3073 5326 3132 5372 et
3174 5329 3302 5373 octo
3348 5334 3614 5376 annorum
3660 5326 3825 5390 potest

2256 5418 2362 5458 non
2396 5405 2836 5461 inconvenienter
2871 5407 3402 5479 intelligibldemvest
3425 5425 3556 5482 ergo
3587 5412 3822 5482 mystice.

2254 5494 2557 5551 bovemvel
2587 5498 2799 5552 asinum
2826 5499 3095 5555 solutdsa
3123 5503 3397 5572 praesepio
3415 5503 3698 5572 adpotum
3728 5502 3823 5570 agi.

2255 5589 2395 5659 quod
2421 5599 2478 5645 et
2496 5590 2658 5644 ﬁliam
2698 5593 2927 5660 Abraba;
2955 5610 2983 5647 a
3021 5595 3233 5650 vinculo
3254 5595 3459 5650 noxiae”
3480 5593 3828 5649 inclinationis

2256 5681 2386 5750 (δι’ἱέξὶ
2416 5700 2424 5732 ;
2457 5681 2750 5750 Ecclesium
2780 5683 3025 5753 videlicet
3054 5682 3347 5757 exihidaeis
3366 5695 3421 5741 et
3440 5685 3691 5755 gentibus
3712 5700 3820 5744 non.
