4002 6348
130 396 135 397 ν
178 294 295 380 ‘toi

1410 319 1715 388 nostth
1756 318 1843 375 DE
1882 286 2219 375 murena.

3346 317 3451 373 702

180 414 510 511 gregatam,
550 416 755 505 laqueis
782 416 1120 508 peccatorum
1150 444 1245 503 per
1262 438 1471 513 aquam
1488 431 1780 501 baptisma;
1805 432 1852 496 Α
1883 429 1996 500 ipse
2021 428 2169 484 aitin
2190 428 2476 500 Evangelio
2501 444 2516 484 :
2540 448 2559 481 ‹
2580 429 2894 499 Quicunque
2914 425 3444 482 feceritvoiuntatem

178 529 266 602 'tis
295 526 534 601 absolvi,
568 514 745 594 atque
781 524 847 578 ad
878 522 1139 577 cmlestia'
1164 512 1429 591 speranda
1476 520 1774 575 sublimari.

178 617 513 673 Notandum
560 630 691 670 sane
745 614 885 685 quod
917 612 1295 668 nefandissima
1338 612 1575 673 ha:resis,
1606 626 1670 666 ex
1714 627 1780 667 eo

182 708 352 780 quod
404 707 656 763 Dominus
681 707 757 761 ait
803 690 1168 774 adalligatam
1227 718 1257 757 a
1302 701 1521 767 Satana,
1554 709 1780 758 conatur

182 808 456 853 astruere
496 812 780 866 corporum
837 792 1372 856 humanorumivitia,
1424 807 1529 846 non
1575 792 1643 847 ad
1674 792 1780 846 Do-

185 890 415 945 minum
436 887 737 949 auctorem,
770 885 861 940 sed
886 876 1061 955 potius
1080 883 1156 937 adi
1174 878 1443 938 diabolum
1467 880 1773 951 pertinere:

184 974 657 1048 quasi'diabolus,
687 990 807 1030 cum
834 973 1028 1030 habeat
1052 966 1265 1044 Semper
1303 973 1648 1043 cupiditatem
1679 986 1777 1026 nos

184 1066 386 1130 cen'di,
416 1065 890 1134 nocere‘cuiquam
938 1063 1129 1134 possit,
1164 1063 1264 1117 nisi
1302 1065 1368 1116 ab
1400 1060 1777 1133 Omnipotenle

179 1145 479 1226 acciperet
513 1146 857 1225 potestatem.
887 1152 1022 1209 Nam
1054 1153 1179 1222 quid
1211 1153 1351 1208 aliud
1389 1168 1495 1208 non
1522 1152 1693 1208 solum
1720 1151 1775 1207 in

180 1243 346 1297 libro
412 1243 555 1299 beati
613 1242 747 1308 Job,
807 1258 965 1313 quem
1022 1253 1316 1299 memorata
1379 1243 1600 1299 hzeresis
1653 1257 1775 1298 cum

184 1331 420 1387 caeteris
467 1331 678 1387 Veteris
707 1331 1036 1387 Testamenti
1064 1332 1237 1397 libris,
1263 1343 1318 1387 et
1359 1348 1480 1388 cum
1509 1334 1622 1403 ipso
1664 1334 1775 1389 Deo

182 1427 295 1495 qui
324 1425 494 1491 dedit,
525 1420 679 1497 quaSi
708 1426 940 1498 maligno
964 1427 1143 1481 mundi
1177 1423 1441 1498 principe,
1470 1434 1528 1480 ut
1556 1426 1773 1481 insanos

176 1508 484 1583 cxsuﬂlat,
503 1519 593 1572 sed
619 1519 778 1573 etiam
804 1520 855 1573 in
879 1508 1169 1590 Evangelio
1196 1519 1520 1583 declaratur,
1545 1518 1632 1573 ubi
1662 1518 1771 1573 da:-

189 1606 520 1661 Iuonia'nec
563 1608 616 1661 in
638 1618 831 1677 porcos
865 1609 944 1663 ire
984 1608 1239 1678 potuisse,
1264 1608 1364 1664 nisi
1391 1605 1493 1663 hoc
1531 1607 1635 1663 illis
1657 1606 1774 1679 ipse

184 1688 548 1764 concederet,
574 1692 770 1768 legitur
791 1696 1008 1770 (Matth.
1032 1698 1170 1769 vm).

636 1816 651 1900 ζ
689 1826 977 1896 nomen
1004 1830 1282 1889 cxxxui.

348 1954 604 1997 DOIINICA
638 1957 834 1998 DECIMA
872 1958 1011 1999 NONA
1051 1958 1183 2000 POS'I'
1221 1958 1616 2013 DENTECOS'I'EN.

172 2083 181 2092 -
277 2049 522 2123 (M'A'r’rn.
560 2053 721 2126 xxn.)
780 2074 800 2107 ι
857 2056 931 2111 ln‘
966 2053 1059 2112 illo
1085 2065 1326 2128 tempore
1362 2076 1376 2113 :
1415 2058 1775 2116 Accesserant

182 2154 225 2194 ἰ
276 2143 346 2198 ad
382 2142 564 2198 Iesum
602 2143 920 2212 «Sadducaéi,
964 2147 1055 2217 qui
1099 2148 1411 2203 dicuntnon
1439 2163 1560 2204 esse
1596 2165 1775 2205 resur-

173 2251 187 2259 -
200 2253 227 2285 ι
281 2234 603 2289 rectionem.
633 2253 654 2286 ι
670 2234 735 2289 Ει
751 2236 974 2306 reliqua.
990 2236 1323 2293 Praedicante
1342 2240 1569 2295 Domino
1588 2251 1773 2296 nostro

174 2320 331 2379 'Jesu
363 2319 599 2390 Christo,
624 2327 743 2382 dum
768 2329 1059 2398 prtecipuae
1076 2327 1311 2384 haereses
1333 2338 1487 2385 erant
1507 2332 1651 2385 inter
1679 2329 1774 2386 Ju‘

178 2415 370 2480 ttaeos,
407 2424 514 2470 tina
565 2415 1012 2487 Sadducazorum,
1051 2426 1116 2476 ‘et
1148 2421 1314 2477 altera
1358 2422 1770 2479 Pharisaeorum.

176 2508 487 2563 Sadducazi
528 2504 1118 2584 autem‘dieuntur,qui
1159 2513 1462 2571 Sadducum
1487 2518 1771 2588 quemdam

182 2598 518 2669 magistrum
572 2592 724 2671 legis
750 2611 1054 2673 sequentes,
1104 2620 1279 2675 neque
1322 2606 1770 2663 resurrectionem

183 2684 512 2755 credebant,
560 2706 734 2760 neque
774 2694 1009 2764 angelos,
1039 2711 1214 2766 neque
1263 2697 1482 2767 spiritus
1511 2714 1651 2754 esse.
1704 2698 1771 2755 lli

197 2787 411 2836 tantum
466 2782 703 2852 quinque
746 2782 913 2840 libros
952 2784 1121 2856 Moysi
1167 2779 1508 2858 recipientes,
1548 2790 1767 2845 oracula

197 2873 587 2941 prophetarum
608 2876 948 2945 respuebant.
971 2877 1039 2933 Et
1057 2888 1243 2934 contra
1260 2879 1540 2947 Pharisaei,
1565 2881 1656 2951 qui
1686 2882 1767 2936 di-

192 2961 300 3016 visi
316 2962 774 3033 ’interprstanwr,
797 2979 863 3023 eo
903 2969 1045 3039 quod
1067 2984 1098 3023 a
1123 2969 1334 3026 caeteris
1364 2971 1416 3025 in
1447 2972 1766 3042 quibusdam

188 3052 668 3111 1observationibus
712 3069 770 3112 se
795 3067 1065 3129 separent,
1093 3067 1148 3115 et
1174 3061 1623 3118 resurrectionem
1649 3077 1767 3118 cre-

1878 512 2054 575 Patris
2082 516 2321 590 mei,‘qui
2359 528 2442 575 est
2471 521 2523 574 in
2554 520 2727 586 cretis,
2755 521 2869 590 ipse
2899 533 3051 574 meus
3074 516 3265 583 frater,
3291 530 3450 573 soror

1878 619 1934 666 et
1982 619 2156 666 mater
2184 618 2280 683 .est
2307 610 2519 682 (.lfatth.
2578 609 2699 681 xu).
2740 629 2760 661 ι
2815 609 2884 664 Et
2930 624 3031 680 per
3076 606 3445 678 Prophetam:

1881 695 1905 752 ἐ
1937 696 2180 756 Narrabo
2198 714 2393 755 nomen
2423 706 2570 755 tuum
2598 698 2855 754 fratribus
2881 698 3035 762 meis,
3067 697 3119 752 in
3144 696 3321 752 medio
3343 695 3448 752 Ec—
3490 744 3494 759 ,

1876 790 2057 845 clesize
2081 788 2309 846 laudabo
2347 798 2400 845 te
2429 786 2600 861 (Psal.
2625 785 2763 860 xxi).
2801 786 3018 856 )‘HUjllS
3040 801 3179 843 uxor
3202 786 3443 847 Ecclesia

1876 888 2063 936 sancta
2087 889 2202 947 est,
2230 880 2316 936 cui
2347 879 2460 950 ipse
2483 882 2582 950 per
2603 878 2921 948 prophetam
2948 877 3026 931 ait
3054 894 3068 930 :
3105 895 3124 927 ι
3164 875 3445 946 Sponsabo

1876 978 1931 1023 te
1960 968 2090 1023 mihi
2120 970 2173 1024 in
2194 969 2405 1040 justitia
2439 977 2494 1024 et
2515 969 2744 1025 veritate
2769 967 2914 1039 (Ore.
2942 967 3026 1039 ιι).
3062 985 3081 1018 ι
3110 967 3188 1023 De
3212 982 3317 1036 qua
3348 980 3447 1037 per

1875 1057 2132 1114 Joannem
2163 1059 2218 1113 in
2262 1058 2581 1130 Apocalypsi
2615 1056 2812 1113 dicitur
2858 1071 2873 1109 :
2924 1073 2943 1107 α
3000 1055 3119 1111 Vidi
3168 1055 3441 1110 civitatem

1876 1147 2465 1213 sanctamlerusalem,
2496 1162 2710 1212 novam,
2740 1145 3151 1201 descendentem
3184 1145 3440 1210 de'coelo,

1876 1248 2131 1309 tanquam
2178 1253 2429 1309 sponsam
2459 1246 2705 1294 ornatam
2753 1236 2872 1291 viro
2901 1249 2999 1291 suo
3025 1234 3207 1307 (Apoc.
3235 1235 3370 1307 xxi).
3402 1253 3439 1286 ἰ

1876 1333 2117 1387 Mortuus
2146 1336 2229 1388 est
2257 1331 2375 1386 sine
2398 1329 2604 1395 liberis,
2634 1328 2771 1400 quia'
2790 1335 2918 1381 ante
2944 1326 3246 1396 passionem
3287 1340 3438 1380 suam

1872 1439 2073 1494 paucos
2090 1423 2396 1479 Judteorum
2417 1438 2514 1493 per
2531 1435 2684 1476 suam
2706 1419 3143 1490 prmdieationem
3166 1426 3223 1472 et
3242 1418 3442 1472 bonum

1874 1515 2176 1584 exemplum
2200 1514 2338 1569 filios
2364 1513 2677 1585 spiritaliter
2696 1512 2807 1567 Deo
2827 1510 3122 1582 generavit.
3168 1508 3445 1585 Primogev

1872 1605 2001 1661 nilo
2015 1618 2228 1677 quoque
2262 1598 2455 1660 fratris
2493 1603 2689 1658 numen
2725 1600 2986 1671 imponit,"
3010 1599 3135 1671 quia
3166 1614 3195 1653 a
3223 1596 3442 1653 Christo

1870 1684 2165 1751 Christiani
2185 1709 2465 1760 vocamur,
2488 1700 2549 1747 ut
2572 1691 2876 1762 intelligant
2903 1690 3154 1744 doctores
3181 1703 3285 1742 non
3317 1701 3445 1742 suos

1803 1789 1852 1852 Β
1879 1799 1996 1842 esse
2022 1784 2288 1857 proprios,
2313 1782 2406 1839 sed
2434 1783 2553 1849 Dei,
2593 1797 2729 1853 quos
2754 1796 2852 1850 per
2874 1779 3311 1850 praedicationem
3349 1793 3442 1847 ge~

1873 1886 2083 1935 nerant.
2116 1877 2222 1933 Sed
2248 1876 2552 1941 Sadductei,
2602 1874 2729 1945 quia
2775 1873 3085 1943 Scripturas
3124 1869 3445 1940 spiritaliter

1872 1987 1981 2028 non
2015 1969 2402 2041 intelligebant,
2451 1965 2903 2023 resurrectionem
2948 1978 3145 2034 negare
3170 1961 3439 2018 volebant.

1873 2061 2027 2118 Unde
2047 2073 2284 2131 congrue
2304 2074 2334 2113 a
2354 2057 2584 2113 Domino
2608 2056 2895 2110 audierunt
2926 2060 2942 2109 ε

1949 2168 1969 2203 ι
2005 2150 2233 2216 Erratis,
2259 2149 2558 2205 nescientes
2608 2145 2937 2217 Seripturas,
2972 2160 3148 2217 neque
3185 2146 3441 2201 virtutem

1877 2262 1897 2296 ι
1934 2242 2047 2297 Dei.
2080 2260 2102 2294 ι
2128 2240 2265 2309 Quia
2286 2240 2432 2296 enim
2452 2238 2851 2309 Scripturarum
2877 2245 3069 2293 sensus
3096 2237 3439 2309 ignorabant,

1870 2326 2268 2404 consequenter
2289 2332 2585 2397 Christum,
2608 2331 2700 2402 qui
2724 2338 2802 2386 est
2832 2331 2929 2385 Dei
2950 2331 3122 2387 virtus
3138 2338 3206 2386 set
3232 2324 3329 2385 Dei
3355 2344 3436 2383 sae

1871 2426 2093 2497 pientia,
2144 2425 2369 2481 minime
2420 2425 2835 2496 cognoscebant.
2864 2421 3005 2491 Quid
3037 2430 3220 2477 autem
3261 2421 3331 2477 de
3356 2435 3442 2476 ro-

1872 2518 2204 2573 surrectione
2262 2517 2484 2572 credere
2511 2516 2595 2571 vel
2655 2515 2859 2572 sentire
2914 2514 3227 2574 debeamus.
3265 2510 3439 2566 mani-

1870 2610 2032 2666 festat
2077 2625 2198 2665 cum
2240 2602 2353 2664 ait:
2388 2625 2407 2659 ι
2445 2607 2502 2662 In
2548 2605 2949 2662 resnrrectione
2977 2604 3120 2661 enim
3144 2617 3320 2673 neque
3345 2616 3441 2656 nu-

1877 2718 1896 2753 c
1936 2701 2085 2755 bent‘
2104 2714 2276 2769 neque
2301 2700 2591 2764 nubentur,
2622 2697 2717 2753 sed
2758 2702 2919 2751 erunt
2951 2696 3091 2751 sicut
3145 2693 3317 2765 angeli
3347 2692 3442 2747 Dei

1875 2811 1894 2843 ε
1935 2791 1988 2846 in
2015 2790 2171 2847 ctelo.
2206 2809 2225 2843 ι
2251 2790 2308 2844 In
2344 2789 2539 2860 quibus
2558 2788 2736 2843 verbis
2771 2787 3083 2858 proprietas
3105 2785 3308 2840 Latinae
3337 2784 3439 2837 lin-

1869 2895 1988 2952 guae
2005 2896 2128 2937 cum
2148 2881 2334 2936 Graeca
2351 2877 2663 2950 eloquentia
2687 2894 2794 2934 non
2811 2876 3127 2934 cencordat.
3157 2875 3312 2946 Apud
3335 2874 3438 2928 La-

1871 2975 2012 3031 tinos
2038 2974 2180 3030 enim
2225 2973 2442 3043 proprie
2479 2970 2695 3030 feminze
2733 2970 2970 3036 nubere,
3002 2976 3058 3023 et
3103 2968 3208 3023 viri
3246 2981 3443 3021 uxores

1867 3080 1994 3123 esse
2007 3066 2277 3122 dicuntur.
2292 3064 2397 3120 Sed
2414 3066 2553 3119 hanc
2571 3064 2953 3135 proprietatem
2977 3061 3151 3118 Graeci
3175 3060 3443 3117 sermonis

195 3145 399 3200 deban't
416 3132 723 3219 corporum,
745 3157 802 3206 et
824 3151 1042 3222 angelos
1059 3161 1114 3206 et
1135 3152 1354 3222 spiritus
1377 3168 1496 3209 esse
1526 3153 1770 3209 latebam
1795 3146 1840 3213 C
1873 3159 2169 3227 sequimur,
2202 3172 2325 3211 cum
2376 3132 2644 3211 dicimus:
2676 3132 2701 3206 Vt
2735 3153 2851 3209 Non
2894 3154 3121 3218 nubent,
3168 3171 3188 3205 ι
3237 3152 3442 3206 scilicet

202 3245 318 3302 tur,
359 3247 411 3293 et
449 3253 558 3295 non
583 3240 754 3297 solum
783 3243 1021 3315 quinque
1055 3243 1219 3301 libros
1246 3245 1435 3318 Moysi,
1483 3232 1767 3303 sed-etiam

197 3326 415 3383 ‘oracula
459 3331 842 3401 prophetarum
886 3334 1234 3409 recipiebant.
1286 3334 1563 3392 Sadduczei
1616 3333 1766 3409 ergo,

193 3424 265 3472 ἰιι
299 3419 706 3476 resurrectionis
728 3422 1013 3478 veritatem
1036 3438 1235 3496 negare
1270 3434 1514 3494 possent,
1538 3428 1768 3497 turpitu-

195 3507 345 3562 dinis
371 3507 603 3564 fabulam
616 3518 1041 3582 “composuerunt
1067 3513 1134 3569 de
1153 3513 1402 3578 muliere.
1419 3530 1537 3586 quae
1558 3519 1766 3588 septeni

189 3593 401 3651 fratres
427 3597 695 3653 habuerit.

193 3716 202 3729 ο
278 3711 298 3742 ‹
338 3690 491 3749 Unde
537 3701 592 3749 et
640 3695 1105 3768 interrogaverunt
1134 3713 1277 3765 eum,
1327 3700 1567 3757 dicentes
1609 3701 1768 3757 :Mal

190 3800 227 3837 ·‹
264 3784 461 3855 gister‘,
485 3784 704 3859 Moyses
727 3789 859 3844 dixit
882 3789 1056 3859 (Deut.
1086 3793 1215 3863 xxv)
1248 3809 1263 3846 ε
1298 3791 1354 3850 Si
1382 3794 1502 3864 quis
1525 3791 1768 3852 mortuus

194 3884 228 3926 ἀ
273 3874 433 3930 fuerit
475 3876 581 3932 non
632 3872 836 3934 habens
881 3880 1071 3947 filium,
1124 3878 1183 3937 ut
1225 3883 1386 3937 ducat
1433 3883 1602 3940 frater
1652 3885 1769 3954 ejus

208 3984 229 4019 ι
266 3981 485 4020 uxorem
517 3966 679 4033 illius,
722 3970 1024 4045 utsuscitet
1044 3986 1225 4028 semen
1258 3971 1440 4028 fratris
1460 3974 1562 4028 sui.
1599 3975 1767 4031 Erant

196 4044 228 4108 ἰ
278 4065 456 4110 autem
502 4058 641 4127 apud
688 4074 786 4114 nos
818 4054 1022 4130 Septem
1052 4060 1264 4128 fratres,
1295 4072 1350 4117 et
1370 4065 1575 4133 primus
1601 4080 1769 4121 uxore

194 4170 228 4202 ἀ
259 4151 414 4206 ducta
442 4151 724 4208 defunctus
748 4160 850 4218 est,
874 4161 1054 4208 etnon
1081 4154 1288 4210 habens
1312 4171 1519 4220 semen,
1550 4156 1770 4228 reliquit

190 4247 229 4294 ἰ
259 4240 481 4297 uxOrem
518 4258 671 4298 suam
726 4243 878 4299 fratri
923 4260 1041 4299 suo.
1097 4244 1360 4301 Similiter
1408 4248 1676 4302 secundus
1714 4248 1770 4302 et

193 4348 229 4384 ·«
261 4332 448 4387 tertius
486 4348 658 4401 usque
689 4333 756 4387 ad
784 4334 1092 4403 septimum.
1123 4333 1423 4389 Novissime
1445 4343 1620 4389 autem
1648 4350 1767 4389 om-

194 4430 230 4472 ἰ
264 4419 408 4475 ιιίιιιιι
436 4429 492 4476 et
516 4419 708 4475 mulier
726 4420 976 4476 defuncta
1002 4430 1104 4477 est.
1127 4420 1184 4476 ln
1218 4423 1613 4477 resurrectione
1638 4415 1769 4494 ergo

1870 3248 1973 3303 viri
2008 3266 2020 3302 :
2054 3240 2077 3298 ι
2115 3260 2289 3315 neque
2314 3246 2608 3311 nubentur,
2642 3264 2662 3297 ι
2689 3242 2896 3305 scilicet
2918 3248 3135 3298 uxores.
3169 3240 3286 3296 Non
3313 3253 3443 3310 ergo

1871 3339 2075 3394 nubent
2093 3338 2145 3392 in
2167 3336 2568 3392 resurrectione
2586 3334 2713 3399 viri,
2733 3349 2911 3404 neque
2933 3332 3205 3389 nubentur
3222 3345 3441 3395 uxores,

1869 3438 1990 3500 qua:
2017 3426 2296 3483 habebunt
2326 3425 2542 3497 quidem
2588 3439 2820 3495 corpora
2855 3430 3002 3490 vera,
3039 3439 3170 3494 quae
3219 3431 3441 3493 possunt

1869 3520 2000 3576 nubi
2029 3527 2084 3575 et
2114 3518 2334 3584 nubere,
2391 3519 2486 3573 sed
2534 3526 2717 3572 tamen
2757 3515 3103 3579 immortalia,
3136 3521 3191 3569 et
3237 3514 3442 3583 absque

1869 3611 2217 3675 infirmitate;
2268 3618 2324 3664 et
2359 3609 2481 3665 ideo
2530 3624 2634 3663 non
2679 3608 2849 3663 solum
2897 3621 2928 3660 a
2980 3604 3295 3676 pollutione,
3344 3604 3440 3658 sed

1869 3705 2117 3762 etiam‘al)
2139 3698 2283 3758 omni
2305 3701 2650 3771 corruptione
2670 3699 2863 3755 aliena.
2888 3697 3087 3766 Quales
3110 3704 3288 3752 autem
3309 3695 3441 3759 sint,

1867 3796 1960 3868 qui
2003 3796 2056 3851 in
2085 3796 2190 3850 hoc
2239 3793 2435 3849 saeculo
2480 3788 2632 3863 digni
2670 3791 2959 3856 habentur,
3000 3788 3310 3844 manifestat
3356 3787 3440 3841 di-

1866 3880 1998 3944 cens
2030 3906 2042 3942 :
2076 3905 2094 3938 ι
2125 3886 2232 3942 Sed
2260 3876 2422 3941 erunt
2447 3885 2588 3941 sicut
2609 3883 2782 3952 angeli
2816 3881 2907 3936 Dei
2930 3882 2986 3937 in
3012 3880 3173 3947 ctelo,
3207 3899 3225 3932 ι
3258 3879 3309 3935 id
3358 3885 3445 3934 est

1870 3979 2209 4037 immortales
2229 3970 2404 4034 effecti
2434 3995 2449 4035 :
2680 3974 2683 3975 ⁷

1868 4100 1872 4107 -
1947 4091 1965 4125 ι
2007 4072 2082 4127 De
2137 4069 2538 4126 resurrectione
2584 4073 2766 4122 autem
2794 4072 3131 4120 mortuorum
3175 4076 3283 4117 non
3309 4061 3442 4130 legi—

1868 4176 1895 4215 ι
1935 4150 2053 4220 stis
2085 4162 2227 4233 quod
2268 4161 2471 4217 dictum
2501 4166 2587 4214 est
2631 4174 2662 4213 a
2708 4157 2840 4222 Deo,
2870 4157 3085 4211 dicente
3111 4154 3266 4209 vobis
3294 4171 3307 4207 :
3335 4152 3446 4221 Ego

1878 4273 1896 4305 ι
1935 4269 2053 4309 sum
2106 4255 2250 4309 Deus
2302 4250 2575 4306 Abraham
2627 4256 2685 4303 et
2712 4249 2853 4302 Deus
2886 4246 3056 4309 Isaac,
3105 4248 3159 4298 et
3186 4243 3328 4297 Deus
3353 4239 3445 4295 Ja-

1866 4354 1895 4395 ἰ
1929 4342 2071 4399 cob?
2104 4361 2122 4394 ι
2160 4341 2242 4397 Ad
2288 4332 2742 4411 comprobandam
2780 4335 3192 4392 resurrectionis
3241 4331 3444 4385 verita.-

1873 4445 2005 4499 tem,
2034 4432 2201 4488 multa
2230 4432 2499 4501 apertiora
2544 4428 2850 4484 testimonia
2879 4426 3140 4480 Dominus
3159 4423 3225 4478 de
3253 4435 3448 4476 oracu-

194 4524 229 4563 ⁸1
264 4511 411 4581 cujus
450 4510 554 4564 erit
587 4510 653 4565 de
689 4520 889 4580 septem
923 4512 1092 4566 uxor?
1119 4512 1316 4567 Omnes
1340 4513 1484 4568 enim
1519 4529 1638 4568 eam
1672 4504 1767 4569 ha—
1794 4507 1845 4569 D
1871 4527 1938 4582 lis
1967 4516 2349 4597 prophetarum
2399 4520 2642 4593 proferre
2684 4526 2913 4590 poterat,
2940 4515 3231 4585 exquibus
3256 4520 3339 4567 est
3380 4512 3445 4566 il-

193 4620 230 4656 ἰ
265 4604 504 4659 buerunt.
544 4623 563 4656 ι
593 4602 649 4658 In
680 4605 873 4674 quibus
895 4605 1072 4660 verbis
1095 4608 1260 4676 patet,
1290 4606 1431 4677 quod
1463 4622 1567 4661 non
1593 4608 1764 4664 solum

196 4693 533 4764 ‘spiritaliter,
561 4695 654 4750 sed
678 4695 843 4750 etiam
867 4688 964 4751 nec
984 4694 1138 4764 juxta
1166 4696 1400 4752 litteram
1425 4708 1571 4754 recte
1598 4716 1657 4756 se
1687 4700 1768 4756 inv

204 4778 438 4854 telligcre
468 4785 929 4841 demonstrabant.
963 4787 1142 4842 Potuit
1192 4789 1422 4858 quadam
1451 4790 1767 4848 infelicitate

198 4874 464 4940 accidere,
490 4882 563 4930 ut'
590 4877 643 4931 in
672 4877 860 4933 eodem
893 4878 1108 4949 populo,
1149 4881 1238 4951 qui
1267 4895 1298 4934 a
1326 4880 1457 4949 legis
1477 4883 1768 4938 observan-

196 4962 283 5022 'tia
302 4964 586 5031 defecerat,
638 4976 842 5038 septem
874 4970 1069 5025 fratres
1110 4985 1272 5024 unam
1301 4970 1590 5035 habuerint
1638 4989 1769 5029 uxo-
1802 5000 1807 5007 ε

198 5050 345 5124 ‘rem;
380 5057 615 5114 sed‘hoc
642 5078 643 5081 η
669 5058 880 5131 Moyses
936 5062 987 5115 in
1038 5060 1156 5132 lege
1204 5076 1310 5116 non
1351 5063 1627 5134 praecepit.
1666 5063 1769 5132 Qui

196 5141 347 5206 ’enim
375 5151 441 5207 de
464 5151 639 5221 primo
665 5158 721 5207 et
748 5154 983 5208 secundo
1028 5152 1200 5224 legem
1237 5154 1403 5219 dedit,
1426 5163 1479 5210 et
1510 5155 1578 5211 de
1605 5164 1768 5213 caeles-

202 5230 283 5325 {ris
302 5249 484 5313 tacuit,
538 5248 873 5319 nequaquam
928 5260 1130 5320 septem
1175 5249 1371 5307 fratres
1412 5266 1578 5306 unam
1632 5267 1769 5308 uxo-

1874 4616 1963 4670 lud
1997 4632 2010 4668 :
2048 4634 2066 4666 ι
2089 4614 2356 4682 Exspecta
2410 4620 2521 4675 m‘e,
2548 4609 2680 4664 dicit
2725 4606 3004 4671 Dominus,
3052 4605 3104 4657 in
3143 4604 3232 4658 die
3268 4616 3448 4656 resur-

1867 4706 2131 4763 rectionis
2155 4720 2288 4760 mea:
2319 4692 2377 4758 in
2396 4703 2641 4758 futurum
2670 4698 2854 4773 (Soph.
2881 4698 2986 4769 ιιι).
3028 4718 3046 4750 ι
3081 4696 3147 4751 Ει
3177 4697 3369 4750 iterum
3393 4694 3444 4747 in

1870 4796 2013 4852 Osce
2045 4807 2061 4848 :
2104 4812 2121 4845 ι
2160 4782 2466 4849 Vivilicabit
2498 4805 2595 4845 nos
2633 4798 2754 4859 post
2778 4789 2915 4843 duos
2948 4787 3083 4851 dies,
3116 4793 3169 4841 et
3202 4784 3447 4838 vivemus

1864 4886 1928 4940 ‘in
1958 4892 2247 4954 conspectu
2279 4881 2394 4952 ejus
2416 4880 2561 4955 (Ose.
2595 4880 2690 4950 V-l).
2724 4898 2744 4931 ι
2771 4877 2837 4932 Et
2861 4880 2914 4932 in
2953 4876 3173 4932 Daniele
3199 4895 3212 4931 :
3243 4896 3260 4926 ι
3296 4873 3444 4928 Multi

1858 4976 2091 5047 quidem
2120 4976 2187 5030 de
2237 4983 2395 5028 terrae
2443 4970 2660 5042 pulvere
2688 4976 3034 5037 consurgent,
3066 4966 3153 5021 alii
3194 4966 3248 5021 in
3278 4967 3442 5019 vitam

1873 5058 2152 5130 arternam,
2191 5063 2281 5118 alii
2338 5063 2391 5117 in
2433 5060 2777 5133 opprobrium
2841 5059 3246 5128 sempiternum
3278 5055 3439 5127 (Dan.

1873 5160 1992 5232 xu).
2029 5178 2048 5212 ι
2078 5148 2156 5213 Et
2198 5147 2531 5212 Psalmista’:
2567 5173 2587 5207 ‹
2645 5155 2753 5224 Ego
2797 5152 3022 5207 dormivi
3075 5163 3131 5207 et
3160 5161 3444 5222 separatus

1858 5265 2013 5317 ‘sum,
2042 5238 2097 5306 et
2122 5248 2427 5313 exsurrexi,
2458 5248 2583 5318 quia
2613 5247 2871 5302 Dominus
2890 5246 3128 5315 suscepit
3154 5259 3239 5299 me
3267 5240 3440 5314 (Psal.

212 5354 319 5396 rem
366 5340 562 5396 habere
600 5341 781 5411 jussit.
834 5339 939 5396 Sed
978 5343 1077 5398 hoc
1114 5328 1772 5416 mandatumlspiritaliter
1863 5342 1977 5414 ιιι).
2034 5328 2215 5407 ἱερά,
2266 5329 2407 5396 sicut
2430 5330 2686 5409 Superius
2708 5339 2908 5394 dictum
2946 5347 3049 5402 est,
3078 5336 3203 5406 quia
3234 5333 3444 5388 Saddu-

206 5430 377 5503 ‘potius
415 5450 577 5504 quam
623 5433 1040 5515 carnalitercst
1092 5437 1523 5508 intelligendum.
1571 5435 1766 5494 Frater

213 5528 344 5581 enim
377 5534 570 5603 uoster.
606 5527 871 5603 (Dominus
904 5535 987 5582 est
1019 5527 1173 5584 Jesus
1209 5529 1475 5597 Christus,
1515 5531 1606 5601 qui
1642 5540 1763 5586 cum

206 5617 275 5689 Vsit
318 5624 525 5671 creator
553 5625 607 5671 ct
638 5617 891 5672 Dominus
922 5628 1105 5673 uoster
1133 5632 1226 5689 per
1266 5618 1631 5685 Divinitatem,
1662 5636 1762 5691 ιιοτ

205 5698 289 5760 his
317 5707 428 5763 ﬂeri
453 5707 702 5778 dignatus
733 5706 823 5763 ‘cst
868 5708 1033 5765 frater
1059 5726 1154 5779 per
1185 5711 1596 5779 humanitatem,
1625 5707 1769 5769 sicut

1867 5435 1968 5492 'thi
1988 5474 2002 5500 ,
2032 5441 2220 5489 contra
2246 5419 2391 5501 quos
2416 5431 2483 5487 de
2519 5422 2911 5486 resurrectione
2936 5432 3239 5483 sermonem
3271 5424 3438 5479 habes

1871 5526 1979 5588 bat,
2012 5524 2230 5580 oracula
2265 5525 2647 5594 prophetarum
2679 5514 2785 5578 non
2814 5521 3164 5591 recipiebant,
3202 5518 3323 5571 ideo
3351 5530 3439 5570 su.-

1866 5615 2130 5684 pcrlluum
2182 5614 2300 5670 erat
2334 5629 2400 5668 ex
2450 5604 2553 5668 illis
2594 5602 2750 5667 libris
2805 5604 3050 5681 proferre
3108 5607 3437 5671 tcStimouias

1866 5724 2004 5777 quos
2031 5706 2119 5762 illi‘
2140 5723 2242 5761 non
2268 5706 2615 5776 recipiebant.
2632 5705 2796 5771 Quod
2812 5736 2817 5741 ι
2833 5694 2887 5757 ἐἰ
2908 5694 3246 5772 ιιιᾶιὶθέιιιόικ
3263 5699 3439 5756 consi-
