4002 6348
602 350 703 409 703

1227 347 1572 406 listMONlS
1613 349 2083 409 HALBERSTAT.
2128 347 2336 404 EPISC.
2375 348 2525 404 OPP.
2566 348 2744 404 PARS
2781 348 2843 403 ll.
2888 379 2957 388 —
2995 348 3226 404 liOMlL.

3803 345 3917 401 705

600 462 869 526 daremus,
918 461 1022 515 hoc
1068 459 1434 513 testimonium
1477 459 1758 515 evidenter
1806 461 1874 515 ad
1922 475 2167 515 resurre-
2197 465 2241 522 A
2273 463 2424 518 vobis
2453 462 2602 524 ﬁdes,
2642 478 2786 532 spes,
2834 463 3091 528 charitas,
3140 463 3240 518 tria
3287 462 3418 527 lucc,
3452 464 3636 536 major
3693 474 3914 519 autem

599 554 834 609 ctionem
862 550 1132 621 pertinere
1172 549 1566 619 cognoscimus.
1593 548 1727 605 Cum
1750 550 1893 605 etaim
1914 549 2170 618 quadrin-

597 645 895 716 gentesimo
942 642 1159 697 circiter
1185 656 1327 695 anno
1352 651 1475 712 post
1506 653 1735 697 mortem
1784 641 2015 697 Abrahae
2055 643 2171 697 haec

599 735 858 790 Dominus
896 733 1062 803 Moysi
1120 732 1451 801 loqueretur,
1492 746 1613 787 non
1664 732 1801 787 dixit
1859 749 1871 785 :
1933 732 2045 801 Ego
2093 732 2168 788 fui

598 829 740 883 Deus
769 825 1062 889 Abraham,
1116 827 1259 881 Deus
1306 827 1477 890 lsaac,
1509 826 1651 881 Deus
1676 826 1844 884 Jacob
1870 843 1887 882 :
1912 828 2030 893 sed,
2057 827 2170 899 Ego

596 930 737 979 Sum,
766 915 1053 972 ostendens
1100 916 1310 971 animas
1356 931 1463 971 nou
1494 916 1653 971 simul
1696 932 1816 971 cum
1853 916 2169 986 corporibus

594 1011 678 1078 (ut
699 1007 979 1063 Sadducaei
1004 1006 1282 1078 putabant)
1311 1007 1601 1071 interiisse,
1626 1008 1721 1062 sed
1743 1006 1924 1062 vivere
1949 1014 2165 1063 etesse.

595 1095 750 1153 Unde
778 1105 833 1153 et
858 1097 1106 1153 subditur
1133 1113 1147 1150 :
1181 1116 1199 1148 ι
1250 1095 1365 1151 Non
1394 1103 1480 1151 est
1504 1095 1646 1151 Deus
1672 1103 2028 1162 mortuorum,
2073 1095 2169 1152 sed

598 1207 618 1241 ι
659 1190 976 1246 viventium.
1010 1208 1031 1240 ι
1058 1188 1276 1243 Illorum
1319 1196 1501 1243 autem
1523 1187 1665 1243 Deus
1683 1202 1805 1243 esse
1828 1201 1935 1242 non
1964 1195 2165 1258 posset,

593 1280 637 1334 si
662 1295 767 1335 non
798 1279 1173 1335 subsisterent.

666 1387 686 1421 ι
732 1368 800 1423 Ει
847 1366 1128 1425 audientes
1173 1367 1361 1431 turbae,
1424 1365 1771 1422 mirabantur.-
1817 1366 1870 1420 in
1921 1365 2167 1422 doctrina

595 1476 616 1509 ι
648 1458 787 1529 ejus.
819 1457 1083 1512 Pharisaei
1102 1464 1280 1510 autem
1313 1456 1591 1511 audientes
1612 1457 1754 1526 quod
1779 1456 2051 1516 silentium
2076 1455 2169 1510 im-

597 1566 615 1598 ι
662 1548 931 1618 posuisset
981 1545 1311 1605 Sadduoacis.
1372 1554 1741 1601 convenerunt
1794 1546 1847 1599 in
1902 1553 2086 1600 unum.
2143 1565 2162 1597 ι

590 1639 725 1693 Cum
753 1637 966 1708 reprobi
988 1636 1129 1690 inter
1164 1650 1223 1691 se
1265 1636 1543 1691 discordes
1570 1636 1702 1700 sint,
1759 1634 2072 1704 frequenter
2113 1635 2168 1689 in

590 1730 855 1785 bonorum
899 1727 1247 1799 oppressione
1282 1725 1616 1782 concordare
1659 1724 1855 1790 solent,
1909 1725 2052 1781 sicut
2100 1724 2168 1779 de

2269 552 2354 608 his
2376 562 2458 607 est
2483 553 2718 607 charitas
2740 552 2792 623 (1
2813 553 2935 608 Cor.
2964 553 3105 624 xm).
3141 574 3161 606 ι
3198 553 3367 609 Nobis
3397 563 3580 609 autem
3618 556 3907 611 interro-

2268 644 2411 715 gatio
2422 643 2676 699 Pharisaei
2692 643 3338 714 proiicit,quihus~dicitur
3363 662 3378 698 :
3406 645 3660 718 «Diliges
3694 646 3908 701 Domi-

2266 751 2395 790 num
2424 735 2592 791 Deum
2625 745 2774 790 tuum
2808 751 2873 790 ex
2904 744 3017 794 toto
3041 736 3203 792 corde
3230 745 3344 804 tuo,
3367 746 3420 793 et
3450 740 3506 793 in
3528 749 3650 794 tota
3685 741 3902 797 anima

2270 836 2379 891 tua,
2413 836 2468 883 et
2492 828 2544 882 in
2572 835 2682 883 tota
2704 835 2883 882 mente
2912 834 3021 882 tua.
3048 847 3067 880 ι
3086 828 3142 883 In
3166 828 3364 896 quibus
3391 831 3900 887 considerandum

2267 926 2369 984 cst,
2400 919 2523 988 quia
2570 920 2625 974 iu
2665 919 2950 978 dilectione
3000 919 3096 975 Dei
3131 936 3385 976 mensura
3436 937 3545 977 non
3604 923 3895 992 ponitur,

2267 1025 2388 1064 cum
2420 1020 2531 1065 toto
2554 1011 2736 1075 corde,
2759 1018 2867 1065 tota
2898 1011 3100 1076 anima,
3126 1018 3239 1065 tota
3263 1020 3442 1066 mente
3469 1026 3599 1067 cum
3631 1012 3897 1084 diligere

2265 1101 2626 1173 prmcipimur.
2682 1102 2817 1168 Quia
2864 1102 3009 1157 enim
3058 1102 3352 1158 immensus
3395 1111 3481 1158 est
3511 1103 3699 1169 Deus,
3762 1104 3892 1163 sine

2266 1210 2518 1250 mensura
2553 1202 2639 1250 est
2661 1194 2980 1264 diligendus,
3017 1203 3216 1250 utcum
3246 1212 3369 1251 eum
3407 1195 3647 1251 multum
3690 1197 3885 1267 diligi.

2267 1298 2403 1344 mus,
2454 1297 2647 1352 parum
2689 1299 2787 1339 nos
2821 1282 3042 1353 diligere
3061 1282 3349 1349 fateamur,
3379 1284 3683 1355 nullusque
3721 1286 3883 1342 locus

2267 1374 2320 1429 in
2344 1376 2497 1431 nobis
2530 1383 2803 1431 remaneat
2826 1390 3046 1442 vacuus,
3067 1376 3159 1445 qui
3180 1375 3277 1433 Dei
3301 1376 3593 1434 dilectione
3621 1394 3751 1433 non
3786 1394 3874 1434 re-

2266 1464 2493 1535 pleatur,
2521 1466 2613 1522 sed
2642 1481 2815 1531 mens,
2846 1465 3028 1537 lingua
3057 1474 3112 1523 et
3138 1482 3329 1523 manus
3354 1467 3473 1538 ejus
3495 1468 3875 1525 dilectionem

2268 1563 2540 1610 resonent.
2567 1554 2673 1610 Sed
2702 1555 2826 1624 quia
2854 1556 3022 1611 Deum
3039 1553 3208 1612 'nemo
3233 1556 3471 1626 perfecte
3493 1558 3873 1630 diligerem:

2269 1652 2392 1707 test,
2422 1645 2524 1701 nisi
2554 1645 2740 1715 diligat
2760 1654 2826 1702 et.
2840 1646 3166 1717 proximum,
3199 1655 3345 1703 recte
3366 1649 3609 1704 subdidit
3636 1667 3651 1703 :

2344 1755 2363 1786 ι
2398 1736 2701 1792 Secundum
2724 1744 2900 1797 autem
2922 1737 3099 1797 simile
3121 1746 3206 1793 est
3236 1739 3363 1795 huic
3392 1757 3405 1795 :
3434 1740 3644 1813 Diliges
3673 1743 3861 1810 proxi-

592 1819 800 1880 l‘lerode
831 1829 885 1875 et
908 1820 1079 1875 Pilato
1127 1819 1372 1891 legimus,
1411 1818 1536 1888 quia
1580 1834 1701 1873 cum
1729 1828 1913 1874 essent
1957 1816 2158 1872 inimici
2194 1815 2235 1877 Β
2269 1844 2287 1876 ι
2312 1844 2454 1883 mum
2470 1837 2620 1882 tuum
2648 1827 2793 1885 sicut
2816 1828 3067 1899 teipsum.
3094 1830 3404 1894 i,Debemus
3434 1830 3604 1903 igitur
3622 1832 3863 1901 diligere

591 1912 661 1966 ad
703 1912 954 1977 invicem,
1011 1914 1063 1967 in
1109 1912 1320 1966 Domini
1378 1911 1628 1981 passione
1663 1910 1822 1964 amici
1855 1908 1985 1965 facti
2038 1919 2163 1965 sunt

591 2001 741 2072 (Luc.
769 2003 943 2073 xxur).
974 2004 1050 2061 lta
1076 2001 1354 2057 Sadduczei
1395 2009 1451 2057 et
1480 1999 1738 2057 Pharisaei
1768 1999 1887 2054 dum
1931 2000 2163 2055 haereses

594 2090 913 2158 Iudaeorum,
943 2108 1065 2148 cum
1088 2092 1226 2146 inter
1254 2105 1312 2145 se
1334 2090 1542 2145 diversa
1572 2089 1856 2152 sentirent,
1886 2088 1953 2142 ad
1976 2087 2164 2143 Domi-

590 2192 719 2235 num
743 2181 1177 2237 calumniandum
1203 2181 1320 2250 pari
1350 2188 1528 2235 mente
1553 2179 1969 2237 conveniebant.
1998 2179 2163 2237 Dole-

576 2272 719 2333 bant
742 2278 886 2333 enim
922 2276 1177 2332 Pharisaai
1223 2275 1566 2341 Sadducaeos,
1611 2274 1941 2330 mirantibus
1990 2274 2162 2329 turbis

591 2378 753 2438 atque
778 2370 995 2441 gavisis,
1038 2384 1068 2423 a
1097 2368 1322 2423 Domino
1352 2381 1472 2423 esse
1497 2375 1801 2438 superatos,
1826 2380 1964 2436 quos
1992 2366 2037 2420 si
2063 2365 2162 2435 ipsi

588 2458 862 2526 vicissent,
914 2460 1101 2529 utique
1151 2459 1465 2530 gauderent,
1491 2466 1547 2514 et
1590 2457 1709 2514 ideo
1752 2457 1950 2515 invidia
1993 2456 2158 2529 ducti,

590 2558 960 2604 convenerunt
998 2550 1065 2604 in
1084 2564 1273 2604 unum.
1970 2558 1985 2565 ‘

663 2655 683 2690 ι
729 2639 793 2693 Ει
821 2640 1170 2712 interrogavit
1194 2655 1318 2695 eum
1348 2654 1487 2696 unus
1535 2655 1602 2697 ex
1651 2641 1731 2699 eis
1778 2640 1916 2711 legis
1950 2641 2159 2706 doctor,

592 2746 611 2778 ι
660 2735 871 2782 tentans
901 2742 1024 2783 eum
1058 2746 1072 2782 :
1113 2729 1386 2798 Magister,
1416 2730 1558 2798 quod
1581 2736 1666 2784 est
1697 2730 2013 2783 mandatum
2047 2744 2160 2783 ma-

592 2836 612 2867 ι
658 2832 819 2887 gnum
856 2818 912 2872 in
936 2818 1088 2889 lege?
1114 2837 1133 2871 ι
1164 2818 1310 2875 υιιυε
1333 2834 1457 2873 eum
1497 2820 1847 2888 interrogavit
1866 2834 1966 2890 pro
1989 2820 2162 2879 omni:-

588 2910 706 2962 bus.
760 2907 914 2976 Quod
961 2910 1119 2964 enim
1154 2909 1406 2965 tentando
1454 2925 1577 2966 eum
1624 2910 2059 2981 interrogaverit,
2092 2925 2158 2968 ex

589 3000 720 3069 ipsis
746 3000 859 3055 suis
886 3001 1069 3056 verbis
1096 3000 1447 3067 demonstrat,
1470 3016 1595 3057 cum
1626 3003 1703 3057 ait
1732 3020 1746 3056 :
1783 3021 1802 3054 ι
1834 3002 2102 3071 Magister.
2135 3023 2154 3056 ι

589 3090 647 3145 Si
679 3091 822 3145 enim
861 3105 991 3145 vere
1018 3090 1428 3163 interrogasset,
1460 3094 1634 3163 magis
1668 3083 1957 3156 Dominum
1999 3111 2160 3165 quam

2264 1921 2430 1974 Deum
2458 1919 2574 1988 plus
2592 1934 2753 1989 quam
2788 1934 2905 1985 nos,
2932 1929 2987 1975 et
3011 1922 3315 1991 proximum
3344 1930 3601 1993 tanquam
3639 1940 3771 1989 nos,
3805 1926 3861 1979 id

2263 2019 2340 2063 est
2370 2000 2510 2064 sicut
2552 2009 2798 2065 volumus
2849 2019 3046 2066 nostra:
3088 2011 3396 2066 necessitati
3434 2013 3740 2079 subveniri,
3776 2016 3854 2069 sic

2262 2097 2666 2156 subveniamns.
2691 2105 2747 2152 et
2789 2097 3016 2167 proximi
3052 2115 3066 2152 :
3099 2107 3154 2154 et
3193 2098 3335 2154 sicut
3359 2110 3562 2156 nostra:
3590 2101 3851 2156 volumus

2264 2187 2561 2243 inﬁrmitati
2584 2188 2837 2259 compati,
2864 2189 2941 2245 sic
2965 2192 3361 2261 compatiuntur
3390 2200 3447 2248 et
3470 2193 3705 2263 proximi
3735 2212 3752 2248 :
3780 2205 3840 2249 et

2263 2280 2402 2335 sicut
2461 2281 2527 2335 ad
2580 2280 2747 2335 vitam
2798 2281 3044 2337 volumus
3105 2282 3390 2351 pervenire
3428 2292 3717 2347 teternam,
3767 2284 3842 2340 sic

2261 2378 2508 2439 optemus
2550 2378 2606 2425 et
2637 2371 2943 2440 proximum
2967 2371 3244 2430 nobiscum
3286 2371 3588 2442 pervenire.
3639 2372 3720 2428 Et
3744 2375 3841 2429 hoc

2261 2468 2347 2519 est
2370 2462 2589 2532 diligere
2616 2461 2920 2531 proximum
2969 2470 3225 2531 tanquam
3258 2460 3499 2531 nosipsos
3532 2479 3547 2516 :
3577 2463 3839 2531 quoniam

2262 2562 2390 2611 tunc
2427 2552 2664 2622 diligitur
2698 2551 2843 2607 Deus
2865 2553 2920 2615 si,
2939 2567 3005 2606 ex
3034 2551 3322 2611 dilectione
3349 2551 3579 2621 proximi
3605 2552 3742 2621 ejus
3769 2554 3840 2609 di-

2261 2644 2421 2702 lectio
2454 2644 2763 2703 condiatur.
2789 2643 3013 2699 Frustra
3041 2644 3188 2704 enim
3218 2660 3277 2707 se
3302 2644 3468 2707 Deum
3494 2645 3734 2716 diligere
3755 2663 3836 2708 as7

2261 2735 2412 2800 serit,
2440 2734 2529 2804 qui
2552 2733 2851 2803 proximum
2879 2749 3035 2788 suum
3059 2748 3167 2793 non
3180 2732 3371 2804 diligit.
3392 2732 3524 2788 llinc
3545 2750 3644 2804 per
3669 2734 3834 2789 Joan-

2260 2838 2384 2880 nem
2414 2823 2713 2893 apostolum
2738 2822 2971 2893 legitur:
3006 2842 3025 2875 ι
3057 2824 3114 2879 Si
3164 2824 3284 2894 quis
3328 2824 3529 2880 dixerit
3576 2828 3833 2895 quoniam

2261 2914 2423 2984 diligo
2452 2915 2619 2969 Deum
2656 2923 2712 2968 et
2749 2912 2970 2969 fratrem
3021 2930 3176 2969 suum
3225 2915 3417 2981 oderit,
3473 2916 3711 2971 mendax
3759 2929 3833 2971 est

2262 3004 2315 3076 (Ι
2335 3003 2496 3058 Joau.
2527 3003 2623 3070 tv).
2663 3023 2682 3055 ι
2721 3003 2781 3057 Et
2802 3004 2996 3057 iterum
3026 3020 3040 3057 :
3080 3022 3099 3055 ι
3134 3003 3236 3071 Qui
3267 3019 3372 3061 non
3410 3003 3585 3084 djligit
3608 3004 3831 3066 fratrem

2260 3109 2414 3149 suum
2440 3110 2599 3164 quem
2630 3095 2777 3150 videt
2813 3113 2825 3149 :
2857 3095 3023 3151 Deum
3054 3110 3215 3164 quem
3237 3110 3342 3151 non
3371 3095 3528 3158 videt,
3564 3098 3829 3166 quomodo

587 3184 902 3254 magistrum
931 3184 1271 3255 appellasset.
1320 3187 1398 3242 Ex
1427 3202 1535 3258 qua
1564 3187 1992 3258 interrogatione
2014 3188 2154 3243 Pha-
2183 3183 2229 3246 C
2260 3193 2437 3256 potest
2469 3185 2728 3256 diligere?
2752 3185 2819 3239 Et
2852 3186 2956 3240 hoc
3003 3186 3311 3240 mandatum
3340 3185 3607 3254 habemus
3630 3187 3826 3253 anan,

586 3274 747 3341 risaai,
784 3274 1137 3349 intelligimus
1156 3293 1373 3349 gravem
1401 3279 1753 3350 qumstionem
1780 3279 1920 3333 inter
1945 3278 2158 3335 Judteos

586 3364 679 3420 illo
713 3373 954 3438 tempore
984 3368 1151 3424 fuisse
1177 3376 1467 3431 versatam,
1491 3369 1556 3424 de
1585 3378 1851 3440 praecepto
1871 3368 2005 3437 legis
2030 3384 2160 3424 cou-

587 3459 908 3529 tendentes,~
932 3470 989 3518 et
1039 3462 1159 3518 aliis
1213 3461 1336 3530 hoc,
1388 3462 1509 3518 aliis
1550 3462 1680 3518 illud
1726 3462 2154 3534 praeferentibus.

582 3548 687 3603 Alii
713 3551 856 3605 enim
905 3552 1373 3609 circumcisionem
1411 3552 1694 3609 meliorem
1723 3567 1846 3608 esse
1883 3552 2154 3620 dicebant,

581 3638 671 3692 alii
716 3640 927 3695 sabbati
974 3641 1412 3697 observationem
1462 3642 1655 3713 magis
1686 3640 1866 3697 valere
1907 3643 2156 3701 arbitrati

579 3740 724 3796 sunt,
752 3730 843 3785 alii
872 3731 1172 3787 hostiarum
1199 3741 1255 3789 et
1288 3735 1627 3789 victimarum
1657 3734 1983 3791 oblationem
2014 3752 2153 3806 prae,

584 3819 962 3885 ferebant,’alii
987 3822 1252 3880 Calendas
1291 3832 1347 3880 et
1369 3824 1690 3881 festivitates
1722 3840 2033 3896 pneponcre
2059 3843 2154 3883 vo-

580 3910 779 3966 lebant.
808 3910 1163 3985 Interrogavit
1188 3928 1316 3986 ergo
1340 3916 1648 3972 Phariszeus
1677 3915 1986 3985 Dominum,
2015 3919 2157 3989 quod

581 4001 654 4055 sit
685 4017 938 4069 magnum
962 4004 1277 4058 mandatum
1327 4004 1380 4058 in
1418 4004 1557 4075 lege,
1600 4013 1659 4061 ut
1690 4005 1815 4060 dum
1847 4023 2011 4061 unum
2038 4023 2153 4062 ma-

580 4106 743 4160 gnum
766 4080 990 4158 diceret,
1035 4101 1226 4148 extera
1268 4094 1520 4149 mandata
1555 4093 1820 4151 infamare
1861 4097 2150 4164 videretur,

578 4196 646 4236 ac
668 4196 763 4250 per
800 4183 902 4238 hoc
926 4183 1139 4239 illorum
1158 4184 1340 4240 odium
1363 4186 1687 4254 incurreret,
1712 4189 1802 4257 qui
1831 4188 1972 4243 aliud
1998 4206 2151 4248 num.-

581 4274 766 4331 datum
793 4275 926 4347 legis
956 4276 1174 4332 laudare
1201 4276 1471 4333 volebant.
1488 4277 1595 4334 Sed
1618 4278 1878 4337 Dominus
1901 4279 1973 4333 ita
2000 4296 2151 4336 suam

580 4365 982 4436 responsionem
1032 4369 1369 4437 temperavit,
1419 4377 1478 4423 ut
1521 4369 1660 4439 quod
1699 4379 1846 4425 esset
1897 4386 2151 4441 maguum

580 4455 888 4510 mandatum
911 4456 1244 4523 ostenderet,
1283 4467 1337 4513 et
1359 4459 1474 4528 ipse
1509 4458 2000 4529 irrepreheusibilis
2026 4476 2149 4529 per-

2260 3283 2322 3329 ut
2348 3275 2439 3345 qui
2467 3274 2639 3347 diligit
2670 3274 3122 3346 Deum,diligat,ct
3143 3274 3362 3333 fratrem
3388 3290 3542 3333 suum
3573 3275 3819 3346 (Ibidis

2260 3367 2414 3429 Sicut
2439 3367 2581 3421 enim
2603 3366 2727 3425 avis.
2749 3367 2815 3439 ad
2832 3366 2938 3422 alta
2971 3381 3029 3423 se
3057 3365 3343 3434 sustollere
3370 3381 3472 3421 non
3498 3377 3682 3438 potest
3722 3369 3823 3428 sine

2257 3455 2471 3510 duabus.
2491 3454 2612 3522 alis,
2637 3457 2715 3510 sic
2743 3470 2843 3517 nos
2871 3455 2939 3509 ad
2969 3455 3350 3526 perfectionem
3376 3469 3518 3510 vera:
3543 3456 3819 3512 charitatis

2254 3548 2440 3603 venire
2489 3562 2597 3603 non
2640 3564 2942 3618 possumus,
2987 3547 3092 3613 nisi
3145 3547 3413 3619 geminam
3465 3548 3819 3613 dilectionem,

2257 3638 2353 3694 Dei
2376 3638 2625 3694 videlicet
2648 3647 2698 3694 ct
2722 3638 2976 3708 proximi,
3002 3653 3297 3694 servemus.
3329 3637 3484 3707 Unde
3509 3639 3646 3707 etin
3671 3655 3823 3704 orna:-

2257 3737 2440 3785 mento
2463 3728 2730 3798 pontiﬁcis
2746 3744 2953 3803 .coccus
2974 3728 3056 3784 bis
3095 3728 3317 3795 tinctus,
3337 3728 3479 3799 poni.
3499 3730 3819 3800 pracipitur,

2258 3829 2317 3875 ut
2367 3819 2609 3875 videlicet
2657 3820 2711 3873 in
2762 3827 2948 3874 nostro
2983 3818 3137 3889 bono.
3174 3832 3336 3888 opere
3374 3817 3590 3874 dilectio
3636 3820 3732 3875 Dei
3773 3828 3824 3873 et

2254 3909 2485 3981 proximi
2511 3907 2891 3983 coniungatur,
2915 3908 3170 3980 quoniam
3194 3909 3299 3963 hoc
3327 3906 3617 3964 confirmat
3645 3909 3815 3975 Domi,-

2256 4018 2379 4065 nus,
2411 4017 2531 4056 cum
2561 3999 2834 4072 subiungit
2866 4017 2881 4054 :

2250 4142 2253 4143 ν
2332 4113 2355 4146 ι
2394 4094 2449 4149 ln
2472 4094 2556 4149 his
2584 4094 2794 4150 duobus
2839 4091 3105 4163 mandatis
3133 4092 3383 4153 universa
3414 4092 3499 4148 lex
3525 4093 3729 4163 pendet
3769 4102 3816 4143 et

2261 4208 2279 4241 ι
2314 4189 2604 4259 prophetae.
2648 4206 2667 4238 ι
2692 4186 2753 4245 δί
2784 4187 3004 4242 cuinon
3026 4193 3185 4243 vacat
3209 4200 3400 4247 omnes
3425 4185 3594 4259 libros
3630 4185 3815 4254 legch

2256 4288 2437 4335 teneat
2462 4278 2805 4333 dilectionem
2835 4278 2930 4333 Dei
2961 4286 3017 4332 et
3036 4278 3290 4348 proximi,
3328 4286 3382 4332 et
3424 4277 3684 4339 universa
3726 4276 3817 4341 iuro

2255 4369 2439 4438 plcvit,
2464 4376 2595 4427 teste
2618 4366 2895 4436 Apostolo,
2916 4367 3126 4436 quiuit:
3153 4385 3172 4418 ι
3197 4367 3295 4433 Qui
3317 4365 3815 4437 diligitproximum,

2253 4460 2422 4529 legem
2453 4458 2710 4529 implevit.
2759 4456 2918 4525 Nam,
2972 4473 3076 4511 non
3110 4456 3458 4520 adulterabis,
3482 4471 3586 4509 non
3625 4454 3815 4519 furtum

578 4552 839 4603 maneret.
868 4548 957 4603 Ait
985 4549 1129 4603 enim
1162 4565 1176 4603 :
1211 4567 1230 4600 ι
1260 4548 1457 4620 Diliges
1483 4528 1770 4605 Dominum
1788 4550 1967 4605 'Deum
2000 4528 2147 4605 tuum
2180 4528 2228 4588 ί)
2256 4528 2455 4615 facies,
2477 4528 2582 4603 non
2609 4546 2847 4610 occides,
2883 4562 2991 4603 non
3012 4545 3213 4610 falsum
3264 4543 3636 4599 testimonium
3661 4544 3815 4605 dices,

579 4656 597 4687 ‹
629 4652 694 4692 ex
725 4645 839 4692 toto
863 4638 1027 4693 corde
1057 4646 1169 4703 tuo,
1198 4645 1255 4693 et
1291 4638 1347 4694 in
1390 4646 1498 4694 tota
1538 4639 1717 4694 anima
1743 4648 1850 4706 tua,
1878 4649 1935 4694 et
1955 4641 2010 4694 in
2038 4649 2149 4695 tota

578 4744 596 4776 ι
634 4734 814 4780 mente
862 4733 975 4780 tua.
1026 4725 1141 4782 Hoc
1169 4734 1254 4782 est
1306 4727 1449 4782 enim
1497 4728 1791 4782 maximum
1832 4736 1889 4785 et
1915 4729 2147 4798 primum

579 4835 598 4867 ι
637 4817 967 4873 mandatum.
1012 4838 1030 4871 ι
1064 4818 1291 4875 Dilectlo
1331 4835 1460 4890 ergo
1495 4818 1589 4877 Dei
1622 4822 1820 4877 dicitur
1852 4823 2144 4879 maximum

506 4920 507 4923 ‘
573 4916 629 4961 et
648 4908 880 4977 primum
909 4924 1030 4965 esse
1056 4911 1390 4977 mandatum,
1437 4929 1542 4968 non
1575 4923 1779 4969 tantum
1826 4930 1924 4985 pro
1956 4916 2148 4972 ordine
2184 4924 2193 4933 ‘

572 5006 832 5064 quantum
888 5014 986 5068 pro
1040 5000 1317 5070 dignitate.
1357 5001 1498 5057 Usus
1530 4992 1691 5058 enim
1722 5004 2017 5076 Scriptura:
2066 5016 2151 5062 cst

574 5103 767 5144 vocare
793 5091 1027 5160 primum
1050 5094 1191 5161 quod
1211 5102 1294 5148 est
1323 5093 1536 5160 melius,
1567 5095 1707 5151 sicut
1730 5096 1959 5166 populus
1980 5098 2151 5154 Israe-

573 5177 753 5234 liticus
780 5179 1046 5249 primitias
1071 5182 1187 5235 auri
1216 5189 1271 5236 et
1300 5185 1506 5255 argenti
1537 5185 1721 5256 jussus
1749 5196 1832 5241 est
1851 5185 2066 5251 oﬂ'crrc,
2097 5186 2149 5242 id

572 5278 675 5334 est,
699 5270 843 5339 quod
868 5270 1154 5340 pretiosius
1183 5274 1378 5328 eratin
1412 5290 1544 5330 auro
1563 5285 1620 5331 et
1646 5284 1890 5346 argento.
1914 5264 1982 5331 Et
1998 5276 2150 5333 Jere—

573 5363 711 5418 iuius
759 5361 1021 5433 propheta
1079 5363 1144 5418 dc
1183 5367 1371 5420 eodem
1418 5365 1614 5436 populo
1644 5366 1776 5423 dicit
1808 5383 1822 5420 :
1861 5384 1881 5417 ι
1909 5365 2144 5423 Sanctus

570 5454 732 5511 Israel
785 5455 1032 5520 Domino,
1085 5456 1333 5524 primitiae
1383 5457 1594 5529 frugum
1643 5457 1761 5527 ejus
1818 5458 1954 5529 (ler.
1996 5458 2080 5529 ιι).
2119 5477 2138 5511 ι

571 5545 858 5600 Maximum
891 5546 1050 5616 igitur
1082 5555 1133 5601 et
1162 5547 1390 5617 prinuun
1431 5548 1738 5604 mandatum
1768 5550 2006 5605 charitas
2036 5557 2139 5615 est,

488 5704 493 5707 _
570 5637 692 5703 quia
724 5636 835 5704 ipsa
864 5646 920 5690 et
947 5635 999 5690 iu
1031 5635 1178 5691 Novo
1204 5646 1258 5693 et
1284 5638 1337 5692 in
1370 5636 1547 5693 Veteri
1573 5639 1921 5695 Testamento
1943 5640 2140 5711 prirnu-

574 5734 681 5779 tuiu
714 5726 937 5794 obtinet,
965 5727 1099 5785 sicut
1123 5728 1195 5784 ait
1222 5729 1492 5799 apostolus
1512 5728 1705 5782 Paulus
1745 5747 1755 5782 :
1795 5749 1810 5781 ι
1847 5729 2056 5785 Maneat
2085 5730 2137 5785 iu

2257 4658 2360 4707 non
2389 4640 2736 4709 concupisces
2764 4654 2984 4694 uxorem
3004 4637 3325 4710 proximi,ct
3346 4637 3393 4691 si
3413 4636 3553 4706 quod
3574 4645 3664 4692 est
3688 4634 3817 4693 aliud

2257 4733 2587 4798 mandatum,
2612 4731 2665 4786 in
2696 4731 2799 4785 hoc
2824 4730 2988 4786 verbo
3025 4730 3353 4784 instauratur
3377 4747 3391 4782 :
3417 4727 3621 4797 Diliges
3646 4726 3814 4797 proxi-

2252 4837 2404 4878 mum
2437 4829 2584 4875 tuum
2611 4820 2752 4876 sicut
2775 4820 3001 4889 teipsum
3032 4817 3206 4889 (Rom.
3234 4818 3375 4888 xui).
3410 4836 3429 4870 ι
3476 4817 3544 4871 Et
3575 4817 3808 4872 iterum:

2260 4929 2280 4962 ι
2317 4909 2597 4965 Plenitudo
2625 4909 2760 4981 legis
2788 4917 2872 4964 est
2915 4908 3132 4965 dilectio
3169 4907 3397 4981 (lbid.)..
3440 4926 3459 4959 ι
3515 4905 3815 4977 Mandatum

2253 4999 2533 5055 charitatis
2553 4999 2719 5089 latum
2743 5010 2798 5056 et
2819 4999 3000 5055 breve.
3032 4999 3226 5054 Latum
3258 4999 3590 5057 exhibitione
3622 4999 3815 5070 operis,

2252 5091 2393 5147 sicut
2414 5104 2512 5161 per
2537 5088 2877 5145 Psalmistam
2916 5089 3113 5146 dicitur
3156 5106 3170 5143 :
3217 5108 3237 5140 α
3275 5089 3466 5145 Latum
3512 5089 3816 5149 mandatum

2252 5191 2403 5237 tuum
2447 5183 2608 5238 nimis
2647 5182 2819 5254 (Paul.
2863 5181 3074 5251 cxvtu).
3111 5201 3130 5233 ι
3159 5182 3329 5247 Breve
3376 5183 3431 5237 in
3465 5182 3817 5253 descriptione

2251 5271 2536 5338 sermonis,
2584 5272 2722 5326 sicut
2764 5271 2816 5325 in
2863 5272 2965 5326 hoc
3009 5271 3171 5326 loco:
3211 5290 3230 5323 ι
3277 5270 3475 5340 Diliges
3516 5273 3811 5337 proximum

2251 5370 2399 5416 tuum
2422 5362 2563 5416 sicut
2589 5361 2841 5430 teipsum.
2871 5382 2888 5413 ι
2922 5361 3074 5416 Sicut
3102 5376 3200 5430 per
3221 5347 3543 5431 prophetam
3574 5361 3768 5415 dicitur
3797 5377 3809 5410 :

2250 5470 2269 5504 ι
2291 5451 2670 5507 Abbreviatum
2683 5466 2985 5506 sermonem
3002 5449 3164 5506 faciet
3176 5451 3433 5508 Dominus
3446 5467 3607 5521 super
3620 5462 3812 5506 terram

2247 5543 2380 5616 (lsa.
2407 5542 2483 5614 χ).
2537 5563 2555 5595 ι
2602 5542 2715 5598 Due
2735 5557 2864 5613 ergo
2885 5553 3011 5598 sunt
3050 5558 3179 5613 erga
3217 5543 3560 5598 dilectionem
3586 5540 3809 5613 proximi

2246 5633 2599 5715 observanda.
2631 5631 2832 5699 Primo,
2861 5648 2927 5687 ne
2948 5648 3218 5704 quemque
3242 5632 3404 5689 laedas
3432 5651 3445 5662 ·
3478 5633 3735 5695 secundo,
3761 5639 3811 5682 ut

2233 5725 2383 5779 'boua
2400 5740 2517 5795 quae
2547 5724 2690 5779 vales
2709 5723 3008 5793 impendas,
3032 5722 3159 5793 quia
3181 5724 3273 5794 qui
3298 5723 3431 5780 (li-xit
3465 5744 3476 5776 :
3509 5745 3525 5774 ι
3552 5722 3704 5790 Quod
3722 5720 3811 5775 tibi
