4002 6348
129 335 229 393 705

1342 342 1641 425 neruus:
1680 341 1767 398 ne
1805 341 2143 400 TEMPORE.

3261 340 3362 396 706

130 463 234 501 nou
262 447 344 502 vis
371 447 505 513 ﬁeri,
535 448 623 504 alii
647 448 905 507 ne‘fa‘cias
930 450 1079 523 (Tob.
1113 452 1209 526 tv),
1240 471 1257 505 ι
1293 455 1405 523 ipse
1425 454 1551 509 alibi
1571 454 1647 507 ait
1676 471 1688 506 :
1721 456 1767 514 Α
1796 454 2044 520 deamus,
2070 454 2211 509 hunc
2236 462 2290 509 ct
2314 454 2594 510 Dominum
2640 454 2841 518 David,
2870 461 2925 508 ct
2958 451 3124 507 ﬁlium
3166 451 3363 518 David,

138 558 156 589 ι
197 538 350 605 Quod
379 539 542 594 vultis
563 548 623 595 ut
648 541 844 597 faciant
874 544 1026 598 vobis
1063 545 1329 609 homines,
1377 554 1433 599 et
1478 559 1573 600 vos
1615 544 1696 597 fa-

130 630 371 686 citedllis
401 628 615 703 (Matth.
642 633 761 706 vn).
798 653 819 687 ι
845 635 941 705 ,υι
959 637 1102 691 enim
1135 637 1294 692 multi
1332 638 1541 693 arboris
1560 639 1696 692 rami

130 735 194 776 ex
229 721 336 775 ima
371 722 562 777 radice
588 725 874 792 prodeunt,
901 726 980 781 sic
1028 734 1083 781 et
1109 735 1317 782 caetera:
1361 728 1586 782 virtutes
1629 742 1696 781 ex

130 810 414 866 dilectione
442 811 533 865 Dei
561 823 614 867 et
638 814 866 883 proximi
887 824 1254 885 procreantur.
1287 816 1392 872 Sed
1404 816 1698 872 sinecausa

130 899 395 969 gloriatur
439 901 633 957 habere
665 918 844 958 ramos
866 905 989 960 boui
1012 906 1212 975 operis,
1243 907 1337 976 qui
1384 921 1494 963 non
1536 907 1699 963 habet

132 991 369 1046 radicem
414 991 714 1048 charitatis.
759 992 915 1061 Quod
960 996 1219 1051 Dominus
1256 996 1530 1062 ostendit,
1579 1012 1701 1053 cum

130 1080 244 1133 ait:
281 1097 300 1129 ι
328 1079 484 1134 Omni
505 1081 722 1136 habenti
740 1082 976 1148 dabitur,
1002 1090 1057 1138 et
1082 1084 1412 1140 abundabit:
1443 1085 1495 1139 ei
1523 1092 1700 1139 antem

130 1169 223 1238 qui
254 1184 360 1223 non
384 1170 565 1235 habet,
594 1179 651 1226 et
677 1172 818 1240 quod
848 1172 1057 1228 videtur
1084 1173 1314 1240 habere,
1340 1174 1612 1231 auferetur
1636 1175 1702 1230 ab

129 1272 198 1311 eo
224 1256 376 1328 (Luc.
407 1258 544 1330 xu);
577 1278 597 1310 ι
630 1261 753 1329 quia
780 1261 868 1330 qui
895 1263 1056 1317 habet
1078 1263 1424 1327 charitatem,
1451 1263 1678 1335 adjicien

131 1358 221 1403 tur
265 1350 314 1404 ei
358 1360 565 1406 caetera:
614 1352 877 1407 virtutes:
906 1354 996 1423 qui
1022 1363 1199 1410 autem
1240 1371 1359 1411 eam
1390 1371 1495 1411 non
1520 1354 1700 1422 habet,

130 1437 333 1493 frustra
362 1440 428 1494 de
462 1440 832 1512 eleemosyna,
864 1441 1185 1498 abstinentia
1219 1452 1267 1497 ct
1301 1444 1475 1514 vigilia
1506 1444 1672 1514 gloria

131 1540 242 1595 tur,
276 1541 409 1586 teste
446 1532 740 1603 Apostolo:
774 1553 793 1585 ι
825 1533 882 1588 Si
908 1534 1101 1606 linguis
1133 1536 1407 1590 hominum
1445 1535 1634 1605 loquar
1650 1544 1705 1591 et

1799 543 2080 599 Dominum
2105 544 2272 599 David
2301 545 2356 599 in
2381 545 2686 609 Diviuitatc,
2711 544 2875 599 tilium
2899 544 3066 598 David
3095 543 3147 598 in
3172 542 3357 597 huma-

1797 633 1998 699 nitate;
2033 633 2316 688 Dominum
2357 634 2557 698 David,
2599 650 2696 704 per
2725 636 2827 690 hoc
2851 634 2992 703 quod
3021 634 3073 687 in
3100 632 3363 702 principio

1797 731 1914 777 erat
1937 720 2192 787 Verbum,
2224 731 2278 778 et
2300 723 2535 779 Verbum
2579 733 2698 778 erat
2726 722 2865 794 apud
2910 721 3076 777 Deum
3099 761 3114 785 ,
3139 729 3195 776 et
3222 721 3385 777 Deus.

1798 821 1916 868 erat
1941 811 2173 866 Verbum
2203 811 2384 882 (luan.
2427 811 2501 881 1);
2531 810 2695 865 ﬁlium
2726 812 2913 866 David-
2938 826 3035 881 per
3075 810 3178 864 hoc
3221 811 3365 879 quod

1800 900 2035 957 Verbum
2054 917 2181 956 caro
2203 900 2399 955 factum
2422 909 2524 965 est,
2546 909 2601 956 et
2622 902 2885 956 habitavit
2903 901 2956 956 in
2980 901 3134 955 nobis
3153 900 3362 972 (lbid.).

1800 990 1911 1046 Nec
1939 992 2132 1047 mirum
2164 992 2208 1046 si
2234 1008 2371 1047 unus
2400 992 2648 1061 idemque
2675 991 2932 1049 Mediator
2957 994 3052 1048 Dei
3092 1002 3148 1049 et
3192 993 3385 1048 homi-.

1801 1095 1928 1135 num
1966 1081 2224 1137 Dominus
2261 1079 2419 1136 Jesus
2453 1081 2731 1146 Christus,
2775 1090 2829 1135 et
2870 1082 3126 1137 Dominus
3168 1082 3366 1137 dicitur

1802 1171 1988 1237 David,
2014 1182 2069 1227 et
2109 1173 2248 1228 ﬁlius
2287 1173 2477 1238 David,
2506 1189 2627 1228 cum
2670 1174 2828 1229 hodie
2860 1174 2912 1227 in
2949 1173 3194 1242 plurimis
3237 1188 3366 1230 con-

1805 1263 2008 1333 tingere
2046 1265 2247 1329 soleat,
2274 1273 2335 1319 ut
2371 1265 2562 1334 aliquis
2585 1265 2866 1335 episcopus
2892 1266 3172 1321 ordinatus
3196 1266 3371 1335 patris

1802 1355 1882 1415 sui
1909 1355 2118 1410 dicatur
2144 1365 2321 1426 pater,
2354 1373 2461 1411 non
2491 1357 2744 1412 nascendi
2766 1357 2977 1423 ordine,
3001 1358 3096 1412 sed
3139 1358 3361 1414 honore.

1804 1442 1910 1498 Sed
1937 1443 2067 1500 illud
2108 1460 2212 1500 non
2253 1454 2338 1501 est
2372 1445 2897 1514 praetermittendum
2934 1445 3075 1514 quod
3102 1443 3270 1501 Judazi
3298 1447 3391 1501 de.

1805 1528 2098 1605 Scripturis
2136 1534 2301 1588 multa
2327 1533 2674 1599 mentientes,
2702 1533 2845 1589 hunc
2868 1532 3137 1603 psalmum
3169 1534 3222 1587 in
3245 1548 3368 1602 per-

128 1621 441 1692 angelorum
460 1661 476 1687 ,
524 1623 844 1677 charitatem
876 1632 1056 1679 autem
1102 1641 1210 1680 non
1256 1626 1503 1691 habeam,
1532 1626 1707 1680 factus
1803 1637 1935 1678 sena
1962 1622 2192 1680 Abrahae
2213 1626 2431 1680 tradunt
2453 1626 2618 1679 fuisse
2641 1625 2980 1680 decamatum
3009 1638 3040 1677 a
3064 1637 3231 1693 puero
3250 1622 3391 1692 ejus-

126 1726 253 1765 sum
274 1711 415 1766 sicut
440 1728 514 1767 tes
535 1728 733 1768 sonans
751 1753 766 1777 ,
794 1722 886 1767 aut
919 1713 1222 1785 cymbalum
1260 1714 1511 1770 tinnicns.
1558 1715 1626 1770 Et
1655 1716 1701 1769 si

1805 1712 2067 1769 Dainasco
2106 1714 2331 1781 Eliczer,
2362 1723 2423 1768 ut
2460 1714 2530 1769 sit
2571 1729 2761 1770 sensus
2785 1730 2801 1772 :
2827 1714 2971 1770 Dixit
2994 1713 3283 1779 Dominus,
3314 1715 3392 1773 id.

126 1802 373 1858 habuero
391 1805 724 1874 prophetiam
751 1805 805 1877 (I
823 1806 944 1860 Cor.
966 1807 1108 1878 ιιιιι),
1139 1827 1159 1860 ι
1190 1817 1245 1863 et
1272 1808 1497 1877 reliqua.
1524 1806 1698 1875 Quam
1735 1786 1776 1845 Β
1800 1811 1884 1858 est
1910 1804 2052 1860 Deus
2092 1805 2453 1876 omnipotens,
2483 1804 2702 1862 domino
2736 1820 2874 1870 meo,
2904 1805 2958 1860 id
2993 1815 3076 1861 est
3115 1806 3364 1871 Abrahae,

126 1890 390 1948 Dominus
430 1893 483 1948 in
526 1893 815 1965 Evangelio
862 1895 1215 1965 collaudatis,
1258 1898 1338 1953 ait
1374 1898 1695 1969 discipulis:

130 1999 148 2030 ι
176 1980 238 2035 In
268 1981 369 2039 hoc
397 1993 727 2054 cognoscent
761 2000 950 2041 omnes
973 1986 1097 2056 quia
1137 1987 1244 2042 mei
1270 1987 1514 2058 discipuli
1549 1988 1698 2053 estis,

123 2070 171 2124 si
203 2071 548 2129 dilectionem
580 2075 878 2131 habueritis
915 2077 981 2131 ad
1029 2077 1260 2133 invicem
1298 2077 1482 2149 (Joan.
1504 2078 1645 2145 xm).
1675 2099 1694 2132 ι

120 2160 193 2214 Et
221 2159 453 2216 iterum:
488 2181 507 2214 ι
537 2160 842 2217 Mandatum
869 2179 1070 2240 novum
1109 2165 1177 2220 do
1210 2166 1391 2230 vobis,
1431 2178 1493 2221 ut
1518 2166 1703 2239 diliga-

121 2251 196 2305 tis
225 2252 454 2308 invicem
481 2240 691 2324 (Ibid.).
714 2272 733 2305 ι
755 2252 930 2309 Vultis
948 2255 1088 2310 scire
1106 2255 1233 2326 quid
1258 2245 1479 2311 Sithoc?
1508 2256 1703 2313 Audite

114 2341 391 2398 Joannem
433 2344 731 2415 apostoltun
764 2342 1062 2400 dicentem:
1102 2364 1121 2397 ι
1149 2346 1291 2402 Deus
1323 2345 1560 2402 Charitas
1598 2355 1700 2415 est,

115 2443 174 2487 et
221 2435 312 2502 qui
335 2442 517 2490 manet
541 2434 593 2489 iu
618 2434 904 2502 charitate,
937 2420 1124 2493 iubeo
1153 2446 1367 2503 manet,
1405 2445 1459 2492 et
1488 2437 1713 2513 Deus-in.

117 2539 187 2578 co
219 2522 269 2593 (Ι
293 2521 454 2578 Joan.
486 2524 585 2597 IV).
618 2543 637 2576 ι

199 2630 223 2662 ι
261 2612 613 2684 Congregatis
644 2623 825 2670 autem
860 2613 1175 2683 Pharisaeis,
1215 2615 1564 2690 interrogavit
1608 2633 1703 2675 eos

127 2722 143 2752 ι
176 2700 340 2757 Jesus
367 2702 582 2759 dicens:
631 2703 768 2771 Quid
797 2704 948 2761 vobis
984 2705 1195 2761 videtur
1228 2707 1295 2763 de
1331 2707 1583 2765 Christo?
1612 2724 1703 2765 cu-

129 2815 146 2846 (
174 2796 270 2864 jus
311 2795 349 2848 F
356 2794 477 2851 ilius
511 2795 629 2852 est?
660 2815 680 2849 ι
724 2796 794 2852 Ει
837 2797 1062 2868 reliqua.
1085 2796 1218 2853 Cum
1260 2798 1519 2855 Dominus
1574 2800 1702 2856 alibi

125 2887 201 2940 ait
231 2904 242 2939 :
282 2904 299 2936 ε
331 2883 505 2941 Nolite
543 2894 785 2941 sanctum
814 2885 943 2942 dare
982 2887 1227 2953 canibus,
1264 2902 1439 2957 neque
1473 2888 1702 2945 mittatis

127 2974 453 3045 margaritas
472 2982 681 3031 vestras
702 2984 826 3030 ante
848 2989 1040 3045 porcos
1062 2973 1276 3046 (Matth.
1292 2976 1444 3048 VH),I
1467 2976 1595 3047 quid
1617 2986 1702 3033 est

128 3064 273 3133 quod
313 3064 427 3134 ipse
461 3049 708 3130 Judmos,
740 3064 842 3134 'qui
878 3063 991 3120 suis
1027 3063 1538 3135 interrogationibus
1572 3081 1695 3122 eum

1802 1893 1931 1949 sede
1963 1910 1995 1948 a
2036 1895 2241 1951 dextris
2281 1896 2447 1960 meis,
2477 1897 2690 1967 quando
2728 1911 2850 1953 eum
2882 1912 2910 1951 a
2952 1898 3096 1953 caede
3133 1899 3369 1968 quinque

1802 1976 1982 2052 regu'm
2014 1993 2372 2040 revertentem
2406 1984 2682 2054 triumpho
2710 1984 2933 2040 victoria
2965 1984 3365 2055 gloriﬁcmerit,

1799 2074 2053 2144 quoniam
2072 2077 2242 2132 sessio
2260 2076 2449 2131 victori
2470 2084 2711 2146 paratur.
2728 2076 3122 2148 lnterrogemus
3135 2091 3263 2149 ergo
3272 2091 3370 2155 eos

1801 2167 2067 2234 quomodo
2094 2167 2323 2222 Abrahae
2349 2168 2651 2235 conveniat,
2678 2168 2821 2239 quod
2856 2169 2911 2224 in
2949 2170 3136 2225 eodem
3160 2169 3368 2239 psalmo

1803 2252 1983 2326 (Paul.
2020 2253 2138 2326 cur)
2184 2255 2429 2326 sequitur
2463 2272 2479 2314 :
2515 2274 2534 2309 ι
2577 2258 2656 2312 Ex
2700 2265 2853 2313 utero
2895 2266 3023 2313 ante
3062 2256 3369 2313 Luciferum

1802 2342 1960 2414 genui
1986 2351 2057 2398 te.
2090 2362 2109 2395 ι
2129 2343 2201 2399 Et
2230 2344 2426 2399 iterum
2458 2362 2473 2401 :
2504 2365 2523 2397 ι
2552 2344 2631 2400 Tu
2661 2361 2729 2402 es
2756 2347 3007 2403 sacerdos
3033 2347 3089 2402 in
3108 2356 3369 2405 teternum

1802 2432 2094 2488 sccundmn
2148 2434 2391 2489 ordinem
2426 2434 2845 2493 Melchisedech.
2899 2456 2919 2490 ι
2968 2437 3161 2493 Dicant
3207 2452 3367 2509 ergo,

1802 2523 2067 2592 quomodo
2095 2524 2367 2580 Abraham
2394 2540 2462 2581 ex
2498 2534 2654 2581 utero
2677 2526 2772 2582 Dei
2802 2535 2929 2582 ante
2967 2527 3273 2585 Luciferum
3300 2529 3372 2585 sit

1802 2615 2031 2685 genitus,
2055 2630 2177 2670 cum
2200 2614 2316 2683 ejus
2339 2624 2517 2671 ortum
2552 2626 2608 2671 et
2634 2608 2974 2674 nativitatem
3000 2618 3243 2690 legamus
3272 2633 3287 2674 :
3315 2628 3372 2675 et

1802 2705 2069 2773 quomodo
2110 2698 2210 2759 fuit
2237 2705 2493 2763 sacerdos
2534 2708 2825 2763 secundum
2868 2709 3113 2764 ordinem
3152 2708 3370 2766 Melchi—

1802 2792 2015 2868 sedech.
2037 2809 2157 2848 cum
2195 2795 2307 2863 ipse
2328 2796 2505 2864 potius
2525 2797 2756 2866 praedam
2783 2798 2957 2854 eidem
2979 2797 3369 2856 Melchisedech

1800 2881 2078 2948 obtulerit,
2114 2891 2168 2937 et
2198 2883 2266 2939 ab
2297 2897 2361 2939 eo
2392 2883 2817 2941 benedictionem
2844 2886 3194 2957 postulaverit
3213 2886 3366 2959 (Gen.

1800 2969 1935 3041 xw).
1958 2970 2025 3026 Et
2053 2986 2176 3027 cum
2206 2973 2531 3043 respondere
2553 2990 2658 3030 non
2694 2976 2988 3046 potuerint,
3010 2991 3113 3034 nos
3140 2977 3371 3035 ﬁrmiter

1799 3059 2117 3127 credamus,
2165 3062 2308 3118 hunc
2345 3050 2612 3133 psalmum
2658 3065 2712 3118 in
2757 3080 2986 3136 persona
3014 3066 3217 3123 Christi
3249 3083 3399 3143 esse

132 3154 480 3222 dilauiabant,
513 3147 602 3210 illa
627 3168 745 3227 qua:
766 3147 911 3224 jugta
935 3164 989 3211 et
1011 3164 1198 3211 sancta
1222 3164 1348 3212 sunt
1365 3196 1380 3223 ,
1403 3157 1595 3213 docet?
1613 3158 1693 3214 Ad
1798 3150 2163 3207 decantatum.
2187 3153 2256 3207 ΕΙ.
2279 3163 2362 3209 est
2387 3169 2577 3210 sensus
2600 3172 2615 3213 ζ
2638 3174 2657 3207 ι
2690 3157 2833 3211 Dixit
2853 3148 3131 3221 Dominus,
3161 3177 3181 3211 ι
3210 3160 3261 3215 id
3289 3169 3372 3215 est

134 3243 276 3313 quod
313 3241 597 3301 dicendum
619 3285 636 3310 ,
685 3245 811 3316 quia
858 3260 966 3301 non
994 3246 1140 3302 dedit
1177 3256 1423 3302 sanctum
1448 3249 1694 3316 canibus,

137 3347 311 3406 neque
349 3336 496 3393 misit
518 3336 839 3406 margaritas
879 3351 1006 3392 suas
1053 3345 1178 3392 ante
1202 3348 1419 3409 porcos,
1458 3341 1551 3395 sed
1575 3339 1697 3396 ideo

138 3428 560 3497 praedicationem
608 3442 757 3482 suam
803 3427 1049 3483 omnibus
1086 3427 1382 3498 patefecit,
1410 3429 1534 3498 quia
1565 3429 1696 3487 tales

134 3527 286 3574 erant
310 3519 361 3573 in
390 3520 565 3583 turba,
587 3518 677 3588 qui
700 3534 796 3589 per
816 3518 933 3590 ejus
952 3518 1380 3589 praedicationem
1402 3521 1692 3576 credituri:

133 3621 186 3663 ct
222 3617 282 3663 ut
307 3594 405 3676 illi,
434 3609 526 3680 qui
551 3608 809 3664 credituri
833 3616 1019 3675 erant,
1048 3610 1311 3665 haberent
1347 3614 1489 3681 quod
1515 3596 1697 3667 crede-

134 3709 247 3753 rent
272 3717 288 3756 :
314 3700 404 3770 qui
427 3714 558 3756 vero
583 3701 802 3756 credere
827 3700 1047 3767 nollent,
1069 3700 1462 3758 inexcusabiles
1485 3713 1695 3770 essent;

132 3793 222 3846 sed
250 3782 540 3847 Pharisaeis
572 3806 666 3862 per
693 3778 866 3869 varias
900 3791 1349 3864 interrogationes
1372 3795 1695 3862 errantibus,

134 3876 393 3934 Dominus
431 3875 575 3950 quod
603 3879 671 3936 ad
698 3879 1069 3936 credulitatem
1110 3891 1165 3936 et
1191 3881 1415 3938 salutem
1442 3884 1697 3953 pertinet,

134 3970 485 4041 interrogavit
529 3981 650 4033 eos,
694 3960 875 4025 dicens
915 3987 929 4024 :
963 3988 981 4020 ‹
1020 3969 1159 4037 Quid
1188 3970 1348 4026 vobis
1380 3972 1589 4027 videtur
1634 3974 1699 4028 de

133 4058 382 4118 Christo?
406 4061 556 4133 cujus
579 4060 748 4116 Filius
774 4048 891 4116 est?
923 4080 941 4113 ι
965 4060 1035 4115 At
1064 4060 1137 4115 illi
1165 4062 1307 4132 quod
1335 4063 1574 4134 legerant
1601 4079 1700 4120 nec

135 4168 333 4225 negare
360 4161 626 4223 poterant,
659 4151 1069 4222 responderunt,
1092 4152 1331 4210 dicentes
1358 4171 1372 4208 :
1404 4172 1423 4205 ι
1460 4140 1641 4209 David.
1674 4174 1693 4207 ι

137 4244 225 4300 Sic
248 4244 395 4299 cnim
424 4245 492 4298 ad
530 4244 776 4298 eumdem
807 4241 973 4297 David
1016 4238 1216 4299 dietum
1247 4256 1509 4301 noverant
1536 4262 1551 4302 :
1583 4264 1600 4295 ι
1635 4245 1701 4299 Et

137 4334 236 4390 erit
268 4344 555 4406 postquam
575 4333 858 4389 dormieris
879 4343 934 4388 tu
961 4350 1082 4388 cum
1111 4317 1357 4413 patribus
1379 4337 1503 4401 tuis,
1532 4337 1701 4391 susci-

1796 3239 1939 3296 Dcus
1961 3241 2159 3302 Pater:
2198 3261 2218 3295 ε
2252 3232 2477 3301 Domino
2499 3260 2640 3312 meo,
2672 3266 2692 3299 ι
2722 3247 2773 3303 id
2793 3257 2878 3302 est
2901 3248 3008 3303 Deo
3032 3248 3187 3304 Filio.
3218 3249 3397 3316 Quod,

1797 3321 1976 3411 autem
2010 3332 2087 3386 ait
2116 3350 2132 3389 :
2167 3352 2187 3382 σ
2223 3332 2368 3389 Dixit
2404 3335 2662 3391 Dominus
2702 3337 2930 3393 Domino
2958 3353 3112 3404 meo,
3150 3357 3171 3391 ι
3194 3339 3370 3415 ⁵εςειιῐιί-

1799 3423 1947 3477 natio
1990 3422 2149 3479 unius
2190 3424 2454 3490 nominis,
2501 3440 2607 3480 non
2636 3426 2955 3491 divisionem
2981 3428 3213 3482 ostendit
3242 3428 3370 3483 sub-

1798 3511 2044 3579 stantia,
2078 3513 2172 3568 scd
2212 3513 2597 3584 proprietatem
2626 3515 3045 3587 uniuscujusque
3061 3532 3322 3598 .personae
3351 3535 3366 3577 :

1799 3604 1925 3673 quia
1964 3603 2018 3659 in
2058 3613 2247 3660 natura
2286 3607 2378 3676 qui
2414 3615 2498 3662 est
2545 3606 2740 3675 Pater,
2782 3609 2883 3664 hoc
2915 3616 2998 3666 est
3033 3609 3236 3673 Filius,
3277 3611 3370 3666 sed

1801 3705 1980 3752 tamen
2019 3680 2121 3751 alia
2149 3704 2233 3752 est
2258 3712 2486 3768 persona
2507 3685 2708 3765 Patris,
2732 3699 2835 3754 alia
2856 3699 2999 3755 Filii.
3022 3687 3167 3757 Dixit
3190 3710 3368 3759 autem

1800 3787 1941 3856 quod
1987 3802 2089 3844 nec
2127 3777 2215 3844 ille
2256 3804 2352 3844 ore
2394 3791 2633 3861 protulit,
2677 3807 2778 3848 nec
2822 3792 2923 3849 iste
2966 3808 3097 3850 aure
3136 3794 3372 3850 intentus

1800 3878 1974 3944 audit,
2023 3881 2118 3936 sed
2145 3882 2286 3951 quod
2317 3881 2430 3936 vult
2473 3880 2653 3948 Pater,
2686 3885 2833 3940 novit
2878 3883 3090 3944 Filius:
3134 3897 3190 3941 et
3230 3887 3405 3957 quod.

1800 3970 1915 4025 vult
1948 3969 2135 4038 Filius,
2175 3972 2320 4027 novit
2364 3970 2546 4040 Pater,
2586 3989 2815 4043 quorum
2857 3975 3057 4042 dicere,
3089 3974 3228 4030 velle
3267 3984 3371 4031 est.

1800 4060 1953 4128 Quod
1991 4076 2120 4117 vero
2148 4063 2262 4117 ait:
2297 4082 2314 4115 ι
2347 4064 2475 4119 sede
2502 4079 2533 4117 a
2565 4064 2770 4119 dextris
2790 4065 2953 4131 meis,
2983 4085 3003 4119 ι
3031 4066 3218 4122 victori
3238 4065 3376 4120 Filio

1801 4152 2015 4219 dicitur,
2039 4153 2164 4233 quia
2187 4156 2358 4210 sessio
2379 4155 2567 4211 victori
2586 4156 2834 4211 ‘dcbetur.
2853 4157 2954 4224 Qui
2975 4166 3256 4229 postquam
3279 4174 3376 4229 per

1801 4256 1951 4297 suam
1983 4244 2287 4312 passionem
2310 4254 2364 4300 et
2386 4246 2834 4301 resurrectionem
2854 4247 3133 4317 antiquum
3165 4246 3372 4302 hostem

1802 4331 2106 4400 superavit,
2136 4333 2527 4388 humanitatem
2549 4372 2564 4397 ,
2599 4349 2761 4403 quam
2792 4350 2858 4389 ex
2885 4336 3042 4391 nobis
3067 4350 3372 4405 assumpse-

141 4425 263 4480 tabo
290 4437 484 4479 nomen
514 4428 664 4479 tuum
693 4432 813 4494 post
849 4432 918 4489 te,
947 4424 1090 4493 quod
1116 4426 1220 4480 erit
1248 4426 1314 4480 de
1343 4412 1466 4480 ﬁliis
1496 4425 1621 4492 tuis,
1648 4434 1703 4480 et
1804 4429 1907 4487 rat,
1939 4421 1995 4476 in
2023 4422 2297 4479 dexteram
2324 4412 2503 4479 Patris
2524 4425 2823 4491 collocavit,
2848 4424 3032 4481 Marco
3053 4426 3376 4495 evangelista

138 4517 407 4573 stabiliam
440 4532 660 4588 regnum
705 4516 820 4585 ejus
865 4514 925 4587 (I
960 4515 1086 4570 Par.
1115 4519 1283 4589 xvu).
1319 4537 1339 4571 ι
1362 4516 1432 4572 Ει
1466 4518 1660 4572 iterum
1685 4534 1700 4575 :
1730 4497 1782 4557 Ῑ)
1809 4513 1976 4578 teste,
2004 4512 2096 4583 qui
2126 4513 2240 4568 ait:
2278 4534 2295 4566 ι
2336 4508 2595 4569 Dominus
2633 4506 2848 4583 quidem
2873 4513 3051 4581 Iesus,
3090 4523 3373 4585 postquam

143 4626 159 4657 ι
199 4608 339 4662 Ecce
378 4607 494 4663 dies
537 4607 787 4672 veniunt,
832 4606 961 4661 dicit
1006 4607 1291 4673 Dominus,
1335 4617 1391 4663 et
1435 4608 1705 4665 suScitabo

140 4698 305 4753 David
349 4713 568 4770 germen
593 4697 797 4769 justum
818 4737 833 4762 ,
863 4707 916 4753 ct
948 4698 1190 4768 regnabit
1233 4713 1358 4764 rex,
1389 4708 1444 4754 et
1489 4699 1704 4770 sapiens

139 4790 238 4844 erit
287 4788 434 4857 (Jer.
481 4805 648 4855 xxxii,
693 4790 915 4859 χχχιιι).
956 4807 973 4840 ι
1005 4787 1356 4858 Interrogatio
1402 4782 1703 4843 ’Salvatoris

140 4880 363 4933 multum
396 4880 552 4934 nobis
578 4879 737 4934 hodie
762 4877 977 4951 proﬁcit
1004 4887 1191 4933 contra
1217 4870 1454 4944 Judaaos,
1481 4893 1573 4934 eos
1599 4880 1701 4933 sci-

141 4968 264 5025 licet
294 4969 386 5038 qui
415 4982 537 5023 eum
569 4976 773 5023 tantum
812 4967 1081 5022 hominem
1103 5007 1117 5034 ,
1161 4976 1217 5023 et
1248 4980 1354 5023 non
1383 4967 1549 5023 Deum
1579 4983 1701 5023 crc-

142 5057 293 5113 duut.
325 5057 434 5114 Nos
458 5066 638 5112 autem
660 5057 728 5111 ab
753 5056 843 5111 illo
869 5056 1036 5121 docti,
1070 5056 1459 5128 interrogans
1481 5071 1574 5113 eos
1604 5073 1618 5111 :
1645 5055 1701 5112 Si

141 5144 388 5201 Christus
417 5153 622 5201 tantum
654 5147 815 5211 homo
834 5155 937 5211 est,
961 5154 1015 5202 et
1040 5162 1142 5201 non
1176 5146 1333 5213 Deus,
1364 5164 1383 5198 ι
1428 5145 1703 5213 Quomodo

148 5255 165 5288 ι
210 5236 379 5290 David
429 5236 481 5290 in
526 5235 716 5306 spiritu
765 5244 923 5290 vocat
970 5251 1090 5290 eum
1126 5234 1437 5300 Dominum,
1474 5235 1701 5291 dicens:

149 5344 169 5378 ι
214 5327 361 5383 Dixit
389 5325 649 5382 Dominus
674 5327 899 5382 Domino
925 5342 1064 5391 meo,
1092 5330 1219 5383 sede
1253 5344 1283 5382 a
1312 5326 1515 5383 dextris
1549 5327 1703 5392 meis,

92 5406 103 5417 ’
147 5435 169 5470 ι
215 5418 386 5474 donec
410 5432 603 5488 ponam
632 5417 878 5473 inimicos
907 5426 1026 5473 tuos
1053 5419 1342 5474 scutellum
1368 5419 1560 5488 pedum
1591 5431 1706 5474 tuo-

151 5525 170 5559 ι
214 5522 333 5562 rum
363 5506 532 5577 (Psal.
558 5507 706 5579 ent)?
735 5506 790 5561 Si
835 5521 962 5577 ergo
990 5507 1155 5561 David
1185 5516 1340 5564 vocat
1363 5524 1484 5563 eum
1521 5507 1705 5563 Domi-

150 5615 169 5648 ι
214 5613 373 5661 num,
413 5597 678 5667 quomodo
714 5597 853 5651 ﬁlius
880 5595 998 5665 ejus
1019 5597 1140 5651 est?
1171 5616 1187 5647 ι
1227 5597 1293 5652 Et
1324 5613 1445 5652 cum
1474 5613 1578 5652 non
1613 5597 1708 5652 ha-

146 5689 361 5746 buerint
405 5691 546 5761 quod
588 5689 978 5761 respondeant,
1011 5703 1108 5744 nos
1145 5689 1460 5746 fiducialitcr
1484 5704 1706 5761 respon-

1806 4601 2014 4657 locutus
2034 4614 2117 4658 est
2139 4600 2220 4659 eis
2239 4644 2254 4670 ,
2283 4614 2592 4674 assumptus
2621 4613 2709 4659 est
2737 4604 2789 4660 in
2817 4604 3046 4670 etclam,
3088 4612 3143 4658 et
3166 4605 3317 4660 sedet
3345 4621 3374 4659 a

1805 4693 2008 4747 dextris
2031 4691 2126 4747 Dei
2152 4682 2344 4763 (Marc.
2368 4694 2535 4765 XVI),)
2570 4709 2677 4749 non
2698 4695 2840 4764 quod
2862 4694 3002 4751 Deus
3023 4694 3184 4750 Pater
3195 4694 3376 4750 dexte-

1803 4796 1919 4834 ram
1964 4779 2046 4835 vel
2094 4782 2369 4837 sinistram
2412 4783 2612 4838 haberc
2645 4785 2945 4841 credendus
2993 4786 3095 4851 sit,
3140 4785 3279 4841 sicut
3321 4795 3377 4841 et

1804 4886 1922 4937 nos,
1963 4872 2056 4928 sed
2102 4874 2244 4928 totus
2281 4884 2366 4930 est
2402 4875 2609 4942 dexter,
2649 4877 2774 4946 quia
2816 4885 2958 4932 totus
2997 4886 3081 4933 est
3123 4875 3373 4934 Sanctus.

1804 4964 1958 5032 Quod
1980 4977 2108 5022 vero
2146 4962 2458 5039 subiungit:
2490 4986 2509 5019 ι
2544 4968 2716 5024 donec
2748 4983 2943 5038 ponam
2979 4968 3227 5024 inimicos
3256 4977 3377 5024 tuos

1805 5052 2096 5109 scabellum
2132 5056 2326 5126 pedum
2372 5065 2584 5111 tuarum
2604 5095 2619 5122 ,
2650 5075 2668 5108 ι
2696 5056 3008 5112 adverbium
3033 5057 3240 5112 ﬁnitum
3277 5072 3376 5127 pro

1804 5144 2015 5200 inﬁnito
2034 5146 2212 5215 posuit
2234 5155 2492 5218 tempore.
2520 5144 2658 5202 Usus
2676 5148 2820 5203 enim
2847 5146 3139 5229 Scriptura:
3152 5157 3258 5217 est,
3275 5149 3377 5205 hoc

1806 5231 2120 5289 adverbium
2165 5235 2375 5290 ﬁnitum
2409 5230 2699 5305 aliquando
2739 5251 2837 5307 pro
2876 5236 3049 5302 ﬁnito,
3090 5238 3377 5307 aliquando

1805 5337 1905 5393 pro
1932 5324 2141 5379 inﬁnito
2170 5340 2390 5396 ponere.
2418 5322 2523 5380 Pro
2545 5324 2716 5391 ﬁnito,
2746 5326 2887 5382 sicut
2913 5342 3009 5398 per
3032 5327 3221 5382 Isaiam
3253 5343 3376 5396 pro—
3400 5398 3403 5403 Ι

1805 5410 2025 5487 phetam
2065 5418 2297 5473 dicitur:
2335 5436 2353 5469 ι
2384 5415 2583 5486 Popule
2623 5433 2806 5485 meus,
2851 5419 2991 5473 intra
3037 5418 3089 5472 in
3131 5416 3374 5473 cubicula

1810 5517 1921 5575 tua,
1978 5508 2303 5564 abscondere
2353 5508 2619 5564 modicum
2669 5510 2736 5565 ad
2790 5521 3154 5572 momentum,
3208 5507 3378 5560 donec

1808 5610 2147 5672 pertranseat
2196 5601 2490 5670 indignatio
2530 5600 2674 5673 (Isa.
2719 5601 2899 5671 xxvi).
2933 5620 2951 5652 ι
2990 5601 3093 5653 Pro
3145 5597 3373 5658 inﬁnito,

1811 5691 1947 5747 sicut
1970 5691 2040 5745 ait
2060 5689 2341 5746 Psalmista
2367 5708 2380 5744 :
2414 5710 2430 5741 ι
2453 5689 2602 5747 Oculi
2629 5690 2793 5745 nostri
2818 5690 2881 5744 ad
2904 5687 3186 5743 Dominum
3210 5686 3376 5741 Deum
