4002 6348
605 340 711 397 707

601 465 881 518 nostrum,
937 452 1107 506 donec
1149 450 1469 503 misereatur
1515 446 1681 501 nostri
1715 442 1901 515 (Psal.
1953 457 2060 496 cm
2083 441 2119 505 ).
2156 461 2172 492 ι
2205 439 2255 498 Α

600 546 669 601 Et
695 544 1001 613 Propheta:
1033 560 1052 590 ‹
1089 539 1268 594 Donec
1312 537 1609 592 senescatis
1645 550 1746 607 ego
1785 550 1925 590 sum.
1962 553 1980 584 ›
2035 531 2182 588 Nun-

600 636 729 708 quid
767 641 888 703 post
933 631 1144 686 illorum
1172 637 1451 683 senectam
1477 627 1620 681 Deus
1649 626 1862 680 futurus
1900 639 2006 679 non
2031 630 2178 689 erat,

599 737 692 781 aut
732 723 874 780 oculi
907 721 1076 776 nostri
1100 719 1390 775 cessabunt
1425 717 1697 787 respicere
1734 715 1804 770 ad
1827 729 1980 780 eum,
2029 721 2180 783 post-

598 829 760 884 quam
803 813 1058 868 misertus
1100 810 1266 864 fuerit
1311 808 1523 864 nostri?
1579 805 1734 870 Non;
1781 805 1909 869 sed,
1961 810 2027 858 ιιι.
2049 801 2184 858 dixi-

599 924 739 971 mus,
770 907 980 962 ﬁnitum
1011 921 1112 976 pro
1140 903 1349 959 inﬁnito
1386 901 1586 972 posuit.
1635 900 1725 955 Sic
1751 909 1806 954 et
1840 899 1894 954 in
1925 899 2029 953 hoc
2057 897 2178 952 loco

601 1005 726 1060 dum
759 1001 917 1064 dixit,
955 1019 972 1050 ι
1007 1000 1180 1054 donec
1204 1012 1399 1068 ponam
1429 993 1676 1049 inimicos
1705 1001 1844 1058 tuos,
1879 1010 1896 1044 ι
1923 1000 2050 1055 etc.,
2075 991 2180 1045 hoc

600 1092 911 1149 adverbium
936 1089 1201 1144 inﬁnitum
1231 1087 1587 1142 atternitatem
1613 1082 1814 1137 Christi
1840 1091 2020 1136 sonat.
2043 1078 2180 1135 Sca-

598 1184 802 1242 bellum
843 1181 987 1237 enim
1031 1195 1062 1234 a
1107 1177 1416 1234 scandendo
1465 1176 1710 1232 dicitur:
1770 1174 1933 1244 pedes
1995 1181 2176 1226 autem

597 1275 954 1332 aeternitatem
977 1271 1093 1341 ejus
1115 1279 1387 1342 perpetua:
1412 1267 1722 1325 stabilitatis
1743 1268 2042 1338 designant.
2066 1264 2176 1318 lni-

597 1365 724 1422 mici
749 1380 898 1429 vero,
923 1362 1016 1432 qui
1037 1364 1137 1417 sub
1155 1359 1389 1416 scabello
1402 1358 1594 1429 pedum
1612 1365 1906 1428 ponuntur,
1931 1371 2035 1410 non
2056 1369 2188 1423 pera

597 1463 912 1515 severautes
928 1454 1138 1510 inimici
1153 1451 1480 1522 intelligendi
1505 1459 1652 1516 sunt,
1669 1450 1762 1505 sed
1788 1449 1885 1514 illi,
1901 1450 1992 1518 qui
2011 1463 2182 1518 quon-

597 1551 722 1606 dam
752 1548 974 1611 inimici,
1003 1562 1102 1616 per
1120 1545 1524 1602 conversionem
1548 1542 1881 1598 reconciliati
1903 1540 2033 1596 facti
2053 1547 2178 1594 sunt

598 1642 780 1697 amici.
809 1639 960 1708 Quod
983 1639 1039 1694 in
1073 1654 1138 1694 eo
1169 1637 1324 1693 facile
1351 1636 1683 1708 intelligitur,
1711 1635 1836 1706 quia
1862 1633 2050 1698 Filius,
2075 1632 2176 1687 sub

597 1731 752 1802 cujus
777 1729 1008 1786 scabello
1034 1729 1230 1799 pedum
1259 1737 1553 1797 ponuntur,
1586 1725 1640 1779 in
1665 1725 1854 1778 dextra
1888 1722 2073 1778 sedere
2097 1721 2179 1776 di-

598 1790 760 1880 citur.
792 1823 902 1878 Soli
927 1790 1072 1878 enim
1101 1790 1342 1877 electi-in
1369 1790 1588 1874 dextera
1616 1814 1848 1887 ponendi
1874 1824 2031 1879 sunt,
2058 1813 2176 1882 ipso
2205 1790 2251 1850 Β

598 1916 826 1972 Domino
864 1915 1112 1970 dicente:
1148 1930 1166 1962 ι
1201 1910 1412 1965 Statuet
1455 1910 1671 1978 quidem
1709 1922 1840 1962 oves
1880 1921 1910 1960 a
1948 1903 2174 1970 dextris,

594 2007 779 2063 haedos
805 2014 984 2060 autem
1016 2020 1045 2058 a
1071 2003 1323 2068 sinistris.
1368 2001 1518 2056 Tunc
1542 2001 1682 2055 dicet
1711 1999 1815 2053 illis
1863 1997 1954 2067 qui
1983 2010 2014 2048 a
2046 1995 2172 2050 dex-

598 2103 698 2157 tris
737 2099 853 2168 ejus
893 2107 1055 2154 erunt
1099 2115 1111 2151 :
1145 2097 1357 2160 Venite,
1386 2094 1660 2150 benedicti
1690 2092 1866 2146 Patris
1893 2090 2020 2153 mei,
2049 2103 2175 2157 pos-

595 2192 765 2248 sidete
794 2198 1041 2261 paratum
1070 2189 1221 2244 vobis
1251 2203 1476 2256 regnum
1513 2199 1542 2238 a
1566 2182 1951 2239 constitutione
1993 2177 2178 2234 mundi

594 2281 809 2355 (Matth.
836 2280 985 2352 xxv).
1018 2299 1036 2332 ι

673 2360 691 2423 ι
726 2371 791 2425 Et
809 2385 967 2426 nemo
993 2376 1205 2439 poterat
1231 2368 1297 2422 ad
1327 2368 1443 2422 haec
1473 2366 1799 2436 respondere
1825 2365 1872 2420 ei
1911 2361 2134 2417 verbum
2159 2399 2176 2427 ,

596 2481 619 2518 ι
655 2478 827 2534 neque
849 2477 1010 2518 ausus
1032 2461 1132 2516 fuit
1156 2477 1222 2516 ex
1246 2459 1332 2514 illa
1355 2459 1442 2513 die
1464 2457 1692 2527 amplius
1707 2456 1990 2525 quisquam
2012 2453 2180 2507 inter-

598 2571 619 2606 ι
657 2568 868 2624 rogare.
901 2572 919 2605 ι
957 2549 1214 2606 Videntes
1239 2547 1500 2603 Pharisaei
1529 2547 1583 2601 in
1609 2545 1722 2600 suis
1745 2540 2178 2613 interrogationi-

592 2645 693 2700 bus
717 2643 927 2698 Domini
947 2641 1159 2697 laudem
1179 2654 1446 2704 crescere,
1461 2645 1516 2693 et
1532 2652 1684 2691 suam
1705 2632 2176 2705 vituperationem,

595 2754 702 2794 non
731 2737 846 2792 ausi
874 2744 1001 2792 sunt
1034 2749 1156 2789 eum
1183 2733 1412 2803 amplius
1440 2731 1809 2798 interrogare:
1849 2726 1975 2796 quia
2022 2722 2173 2802 quid.

595 2828 724 2899 quid
751 2827 1003 2891 dixerint,
1019 2833 1207 2880 contra
1234 2839 1291 2878 se
1317 2823 1516 2878 dictum
1539 2819 1859 2875 sentiebant.
1887 2816 1993 2872 Sed
2015 2829 2176 2885 quem

596 2918 931 2988 interrogare
955 2931 1065 2970 non
1090 2913 1385 2979 audebant,
1419 2909 1704 2967 manifeste
1726 2908 2176 2978 comprehensum

596 3007 854 3063 Romana:
883 3006 1219 3061 tradiderunt
1258 3003 1542 3074 potestati,
1580 3010 1640 3057 ut
1668 3000 2027 3069 intelligamus
2049 2996 2177 3066 quia

596 3097 734 3152 livor
758 3105 812 3150 et
832 3095 1032 3150 invidia
1059 3094 1303 3164 superari
1326 3100 1525 3162 potest,
1566 3091 1656 3146 sed
1678 3091 1958 3160 quiescere
1981 3089 2172 3145 nescit.

677 3205 696 3238 ι
733 3185 884 3240 Tunc
907 3185 1114 3240 locutus
1138 3193 1223 3240 est
1250 3182 1407 3238 Jesus
1433 3183 1500 3236 ad
1533 3183 1739 3248 turbas,
1770 3189 1824 3236 et
1850 3182 1917 3236 ad
1943 3181 2176 3250 discipu-

602 3298 620 3329 ι
661 3278 738 3332 los
760 3291 908 3332 suos.
935 3277 1118 3330 dicens
1149 3293 1162 3328 :
1189 3274 1363 3344 Super
1384 3274 1696 3329 cathedram
1726 3271 1892 3343 Moysi
1922 3273 2175 3326 sederunt

599 3386 617 3418 ι
656 3366 859 3422 Scribce
886 3373 941 3421 et
967 3365 1227 3420 Pharisazi
1254 3383 1265 3418 :
1293 3363 1484 3421 Omnia
1507 3379 1635 3434 ergo
1661 3377 1994 3433 quaecunque
2017 3363 2171 3419 dixe-

601 3477 619 3511 (
653 3459 762 3514 rint
791 3459 962 3521 vobis,
991 3457 1151 3512 facite
1180 3465 1236 3511 et
1263 3465 1498 3521 servate,
1529 3456 1826 3509 secundum
1856 3469 1984 3508 vero
2009 3468 2173 3524 Opera

597 3571 618 3606 ι
652 3567 840 3607 eorum
866 3550 1032 3606 nolite
1058 3565 1240 3621 agerc.
1280 3548 1474 3604 Dicunt
1501 3549 1642 3603 enim
1671 3557 1724 3602 ct
1748 3562 1853 3603 non
1882 3547 2106 3602 faciunt.
2146 3566 2164 3598 ι

593 3642 828 3699 Grandis
855 3643 908 3697 in
932 3644 1034 3698 hoc
1058 3642 1177 3697 loco
1207 3641 1416 3696 Domini
1444 3641 1749 3695 ostenditur
1768 3641 2052 3712 patientia,
2076 3639 2171 3694 sed

592 3749 700 3788 non
733 3734 910 3788 minor
935 3732 1051 3802 ejus
1073 3732 1382 3787 declaratur
1401 3730 1794 3786 benevolentia.
1825 3731 2028 3785 Scriba:
2043 3745 2172 3800 ergo

593 3834 650 3879 et
675 3823 931 3878 Phariszei
960 3823 1296 3894 gravissimis
1327 3824 1469 3877 hunc
1497 3822 1882 3892 quaestionibus
1904 3822 2172 3876 lacessere

594 3914 904 3982 cupiebant,
923 3914 1036 3982 ipse
1051 3923 1229 3968 autem
1244 3913 1308 3968 ad
1323 3929 1509 3968 eorum
1529 3913 1914 3982 subjectionem
1929 3921 1984 3966 et
2008 3927 2169 3966 vene-

595 4005 860 4058 rationem
887 4005 1068 4059 turbas
1097 4005 1437 4068 hortabatur,
1469 4004 1690 4058 dicens:
1737 4022 1754 4054 ‹
1793 4002 1967 4072 Super
1987 4003 2172 4057 cathe-

595 4093 751 4148 dram
781 4091 968 4162 Moysi.
1003 4111 1020 4144 ι
1048 4093 1116 4147 Ει
1142 4093 1366 4163 reliqua.
1395 4093 1661 4148 Cathedra
1692 4101 1869 4148 autem
1894 4093 2060 4147 sedile
2089 4103 2172 4147 est

592 4179 860 4249 ligneum,
894 4180 1273 4237 sustentationi
1307 4181 1547 4252 corporis
1585 4182 1822 4252 undique
1855 4191 2034 4252 aptum
2059 4224 2074 4248 ,
2117 4191 2171 4237 et

592 4272 714 4327 ideo
741 4271 1017 4340 magistris
1045 4280 1098 4328 et
1124 4272 1435 4329 doctoribus
1470 4289 1788 4345 congruum.
1842 4275 1945 4330 Per
1987 4276 2169 4331 cathe-

590 4362 742 4416 dram
767 4379 998 4433 namque
1027 4365 1314 4436 aliquando
1335 4365 1499 4432 bona,
1527 4367 1814 4437 aliquando
1843 4368 1980 4422 mala
2013 4369 2171 4439 signi-

591 4453 784 4509 ﬁcatur
812 4454 1054 4509 doctrina
1081 4473 1096 4509 :
1130 4455 1302 4521 mala,
1341 4457 1481 4511 sicut
1517 4457 1570 4511 in
1603 4459 1776 4527 primo
1804 4459 2009 4528 psalmo
2041 4459 2171 4529 legi-

591 4552 709 4600 tur:
733 4563 750 4595 ι
780 4544 835 4598 In
858 4547 1116 4602 cathedra
1147 4547 1463 4618 pestilentiae
1478 4563 1584 4603 non
1606 4549 1745 4604 sedit
1772 4568 1784 4603 :
1812 4570 1829 4601 ι
1850 4551 2014 4613 bona,
2031 4550 2172 4604 sicut

587 4632 878 4689 Psalmista
917 4635 1045 4691 alibi
1072 4638 1187 4692 ait:
1221 4656 1239 4688 ι
1276 4637 1531 4693 Exalteut
1566 4652 1689 4693 eum
1722 4639 1774 4692 in
1804 4639 2032 4694 ecclesia
2063 4639 2173 4708 plc-

589 4724 692 4790 bis,
716 4733 771 4780 et
799 4725 850 4779 in
871 4727 1127 4782 cathedra
1149 4729 1425 4783 seniorum
1448 4728 1666 4784 laudent
1691 4729 2116 4802 eum(Psal.x1).
2149 4751 2166 4782 ι

591 4815 683 4872 Sic
731 4825 786 4872 et
829 4817 882 4872 in
925 4820 1030 4874 hoc
1071 4819 1189 4875 loco
1234 4821 1290 4875 in
1319 4821 1462 4875 bono
1486 4823 1726 4890 ponitur,
1771 4839 1896 4878 cum
1930 4824 2168 4879 dicitur:

598 4925 615 4956 ι
651 4906 829 4977 Sopor
871 4911 1186 4964 cathedram
1242 4910 1430 4984 Moysi.
1463 4932 1482 4965 ι
1535 4911 1635 4968 Hic
1685 4914 1943 4968 cathedra
2005 4914 2173 4986 Moysi

590 5000 893 5053 doctrinam
926 5001 1058 5071 legis
1084 5003 1373 5072 signiﬁcat,
1403 5019 1523 5074 quae
1551 5019 1650 5073 pro
1672 5019 1737 5058 eo
1759 5004 1924 5076 Moysi
1952 5007 2166 5072 dicitur,

589 5090 714 5158 quia
760 5105 791 5143 a
828 5090 1054 5148 Domino
1097 5094 1221 5147 data
1255 5093 1562 5163 specialiter
1598 5095 1796 5164 populo
1825 5111 1921 5165 per
1954 5095 2169 5167 Moysen

587 5190 672 5235 est
701 5182 1097 5238 administrata.
1129 5186 1303 5254 Super
1328 5185 1639 5240 cathedram
1670 5203 1798 5257 ergo
1824 5187 1994 5260 Moysi
2022 5190 2170 5244 sede-

591 5283 716 5328 tunt
741 5275 945 5331 Scriba:
970 5287 1023 5332 et
1047 5277 1328 5342 Pharisaei,
1365 5277 1490 5347 quia
1511 5278 1563 5333 in
1589 5280 1832 5335 doctrina
1857 5281 1990 5348 legis
2019 5283 2170 5350 quic-

590 5377 801 5421 veruut.
853 5368 920 5422 Et
955 5368 1077 5422 ideo
1119 5369 1379 5423 Dominus
1408 5368 1476 5422 ad
1509 5384 1696 5424 eorum
1743 5371 2042 5426 doctrinam
2080 5389 2170 5427 au-

588 5458 836 5514 diendam
859 5461 1043 5516 turbas
1059 5460 1325 5523 hortatur,
1341 5461 1462 5530 quia
1480 5463 1724 5531 quamvis
1745 5463 1883 5517 male
1904 5464 2164 5530 viverent,

591 5561 770 5607 tamen
799 5556 937 5608 bona
977 5553 1246 5610 dicebant.
1292 5552 1425 5620 Quia
1465 5571 1626 5624 quam
1666 5555 1904 5626 vulgaris
1943 5554 2169 5627 populus

591 5643 892 5716 intelligere
922 5661 1026 5699 non
1056 5654 1297 5714 poterat,
1347 5647 1420 5702 illi
1447 5649 1752 5718 specialiter
1785 5665 1815 5703 a
1846 5649 2073 5704 Domino
2102 5650 2166 5703 a.l

594 5736 891 5790 docendum
929 5737 1181 5806 populum
1223 5748 1567 5808 acceperant.
1615 5739 1669 5793 lu
1710 5755 1776 5795 eo
1811 5733 1988 5806 enim,
2025 5741 2167 5809 quod
2203 5744 2206 5746 ’

2203 3140 2250 3205 C

1235 331 1588 390 "AYMONIS
1626 327 2106 389 llALBERSTAT.
2139 287 2360 380 IEPISC.
2406 321 2556 379 OPP.
2597 320 2776 376 PARS
2815 319 2878 375 ll.
2906 350 2975 360 —-
3004 316 3234 374 llOMlL.

3835 316 3945 373 708

2283 434 2421 489 bene
2447 433 2711 488 docebant
2734 431 2983 487 audiendi
3009 436 3165 486 erant
3191 445 3204 482 :
3228 429 3282 483 in
3301 441 3366 484 eo
3387 430 3530 498 quod
3555 429 3740 484 male
3781 430 3942 485 vive-

2283 527 2432 590 bant,
2463 539 2564 580 nec
2588 524 2859 588 audiendi,
2893 537 2992 578 nec
3017 521 3263 578 imitandi
3278 530 3454 576 erant.
3475 521 3651 578 Uade
3681 528 3762 578 et
3786 522 3938 577 bene

2284 617 2522 672 dicitur:
2563 634 2582 668 ι
2611 615 2804 672 Omnia
2843 630 2974 686 ergo
3011 627 3346 692 quaecunque
3391 613 3650 668 dixerint.
3713 613 3932 681 vobis,

2282 718 2491 766 servate
2517 718 2572 764 et
2599 709 2780 766 facite.
2819 727 2838 760 ι
2873 708 3179 775 Quia-enim
3208 722 3316 763 non
3346 723 3500 762 suam
3524 708 3930 773 doctrinam,

2285 800 2380 856 sed
2420 798 2517 854 Dei
2558 799 2994 869 praedicationem
3034 799 3301 854 docebant
3324 829 3346 865 ,-
3390 799 3516 855 ideo
3561 800 3642 854 ad
3708 815 3928 855 eorum

2283 889 2586 946 doctrinam
2636 891 2957 946 audiendam
3013 889 3098 946 vel
3153 891 3550 946 observandam
3610 890 3926 962 populum

2283 983 2585 1050 invitabat;
2621 992 2677 1039 et
2714 983 2859 1053 quod
2886 981 2957 1036 ad
2981 997 3168 1038 eorum
3194 983 3653 1052 praedicationem
3710 983 3923 1037 obser-

2281 1081 2513 1136 vandam
2537 1079 2794 1151 populum
2822 1086 3240 1150 provocaverat,
3265 1073 3409 1133 nunc
3430 1079 3498 1134 ab
3519 1093 3751 1134 eorum
3795 1078 3921 1132 imi.

2282 1179 2484 1234 talione
2504 1167 2837 1233 observanda
2862 1183 3102 1240 revocat,
3118 1189 3239 1229 cum
3267 1173 3584 1245 subjungit:
3614 1193 3635 1225 ι
3678 1173 3916 1229 Securi.

2281 1268 2408 1322 dum
2443 1283 2576 1322 vero
2605 1283 2768 1338 opera
2811 1282 2997 1322 eorum
3038 1265 3203 1321 nolite
3241 1264 3442 1321 facere.
3482 1285 3500 1318 ι
3542 1265 3914 1334 Quicunque

2279 1353 2422 1414 enim
2447 1358 2606 1413 hodie
2622 1359 2674 1412 in
2695 1357 2932 1414 Ecclesia
2956 1357 3092 1412 bene
3111 1357 3286 1420 docet,
3303 1365 3359 1410 et
3381 1356 3525 1410 male
3545 1357 3731 1422 vivit,
3759 1355 3912 1410 Scri-

2277 1449 2345 1504 ba
2369 1455 2452 1504 est
2480 1457 2534 1503 et
2560 1448 2883 1504 Pharismus.
2909 1446 3014 1503 Sed
3045 1445 3196 1516 cujus
3223 1447 3330 1501 vita
3351 1447 3691 1519 despicitur,
3727 1457 3907 1502 restat

2279 1551 2339 1596 ut
2366 1541 2482 1610 ejus
2508 1538 2822 1612 praedicatio
2848 1549 3243 1606 contemnatur,
3270 1549 3447 1596 tamen
3475 1551 3732 1612 propter
3756 1541 3900 1595 mala

2278 1647 2442 1703 opera
2463 1673 2476 1695 ,
2527 1634 2666 1688 bona
2703 1632 3014 1702 praedicatio
3049 1646 3155 1686 non
3185 1640 3270 1686 est
3297 1626 3690 1701 relinquenda.
3743 1631 3900 1687 [Inde

2277 1723 2476 1778 Paulus
2514 1723 2787 1792 apostolus
2812 1723 2975 1778 dicit:
3009 1740 3027 1773 ι
3065 1721 3193 1776 Sive
3221 1737 3287 1777 ex
3309 1722 3628 1786 occasione,
3674 1721 3810 1775 sive
3837 1736 3899 1774 ex

2279 1816 2510 1872 Veritate
2540 1814 2786 1871 Christus
2811 1815 3184 1882 annuntietur,
3218 1815 3271 1869 in
3301 1815 3404 1870 hoc
3430 1815 3675 1885 gaudeo,
3709 1816 3817 1870 sed
3847 1823 3897 1867 et

2281 1897 2525 1980 gaudebo
2555 1907 2776 1980 (Philip.
2809 1907 2868 1980 ι).
2899 1927 2918 1958 ι

2361 2019 2378 2052 ι
2413 1999 2651 2070 Alligant
2691 1999 2839 2055 enim
2868 2013 3034 2054 onera
3072 1999 3254 2071 gravia
3281 1987 3349 2055 et
3375 1999 3800 2070 importabilia,
3836 2009 3888 2053 et

2287 2111 2306 2144 ι
2347 2093 2630 2162 imponunt
2653 2092 2705 2146 in
2737 2092 2993 2147 humeros
3022 2091 3324 2157 hominum,
3360 2091 3530 2162 digito
3559 2101 3754 2146 autem
3783 2106 3890 2145 suo

2287 2203 2306 2236 ι
2343 2184 2532 2238 nolunt
2555 2199 2617 2239 ea
2647 2198 2884 2239 movere.
2915 2203 2933 2235 ι
2973 2182 3152 2240 Onera
3182 2184 3363 2255 gravia
3391 2193 3447 2238 et
3474 2183 3876 2253 importabih’a,

2280 2282 2547 2344 praecepta
2574 2274 2709 2344 legis
2733 2273 2980 2342 fuerunt,
3009 2289 3127 2344 qum
3154 2285 3377 2345 propter
3401 2273 3664 2329 duritiam
3691 2273 3881 2329 lsrae-

2281 2362 2411 2420 litici
2441 2364 2650 2434 populi,
2695 2365 2827 2420 dura
2854 2375 2907 2422 et
2933 2381 3123 2436 aspera
3153 2375 3275 2420 sunt
3303 2365 3459 2431 data,
3491 2365 3783 2419 intantum
3822 2376 3876 2418 ut

2281 2457 2458 2513 nullus
2471 2473 2533 2512 ea
2553 2455 2707 2528 juxta
2723 2458 2958 2513 litteram
2981 2458 3204 2529 implere
3218 2459 3501 2527 potuisset,
3519 2457 3671 2512 sicut
3683 2457 3875 2512 Petrus

2282 2548 2560 2618 apostolus
2607 2557 2875 2603 testatur:
2911 2567 2929 2598 ‹
2960 2549 3099 2616 Quid
3141 2550 3305 2605 vultis
3353 2550 3634 2620 imponere
3685 2548 3871 2620 jugum

2282 2653 2446 2708 super
2473 2639 2714 2694 cervices
2738 2639 3118 2710 discipulorum
3139 2680 3154 2705 ,
3192 2641 3335 2710 quod
3362 2655 3534 2710 neque
3561 2656 3672 2695 nos
3703 2655 3873 2708 neque

2280 2737 2465 2798 patres
2491 2730 2659 2784 nostri
2687 2739 2905 2800 portare
2932 2731 3240 2799 potuimus?
3259 2730 3480 2801 Sedper
3503 2731 3753 2801 gratiam
3779 2731 3872 2784 Do-

2281 2819 2412 2873 mini
2459 2820 2587 2876 Jesu
2630 2822 2902 2877 credimus
2936 2821 3166 2886 salvari,
3213 2823 3674 2892 quemadmodum
3716 2820 3868 2876 etilli

2285 2908 2423 2982 (Act.
2452 2911 2564 2983 xv).
2595 2931 2614 2965 ι
2649 2911 2754 2967 Sed
2783 2927 2946 2968 onera
2977 2912 3161 2983 gravia
3190 2922 3244 2967 et
3270 2912 3630 2983 importabilia
3663 2912 3868 2968 Scribt

2283 3009 2338 3059 et
2365 3001 2622 3058 Pharisaei
2650 3003 2896 3074 graviora
2924 3001 3194 3069 fecerant,
3235 3004 3493 3073 quasdam
3528 3003 3866 3057 observatio-

2283 3108 2382 3149 nes
2424 3103 2478 3149 et
2521 3094 2932 3163 superstitiones
2961 3095 3220 3149 addentes
3246 3096 3300 3149 in
3341 3095 3484 3166 lege,
3525 3103 3582 3148 ut
3623 3095 3864 3166 perhaec

2279 3184 2575 3254 simplicem
2593 3185 2800 3239 turbam
2825 3186 2893 3238 ad
2915 3200 3067 3239 suam
3093 3187 3495 3241 venerationem
3513 3186 3856 3242 inclinarent.

2279 3274 2422 3330 sicut
2447 3275 2526 3330 eis
2555 3275 2812 3330 Dominus
2851 3274 2976 3330 alibi
3013 3276 3322 3346 exprobrat,
3363 3276 3590 3331 dicens:
3624 3295 3645 3327 ι
3689 3277 3859 3346 Hypo~

2279 3365 2459 3428 critae,
2508 3379 2676 3434 quare
2708 3365 3145 3435 transgredimini
3174 3366 3483 3420 mandatum
3515 3366 3613 3422 Dei
3639 3375 3857 3436 propter

2277 3455 2596 3511 traditiones
2621 3456 2870 3511 vestras?
2897 3455 3032 3510 Nam
3053 3456 3194 3511 Deus
3209 3457 3376 3512 dixit:
3404 3456 3615 3512 Honora
3649 3467 3848 3528 patrem

2276 3555 2428 3602 tuum
2453 3555 2507 3600 et
2545 3554 2793 3602 matrem.
2832 3545 2939 3602 Vos
2979 3545 3158 3603 autem
3202 3547 3380 3603 dicitis
3414 3567 3426 3601 :
3465 3547 3656 3602 Munus
3698 3547 3848 3618 quod-

2277 3654 2490 3709 cunque
2513 3648 2595 3694 est
2619 3655 2685 3694 ex
2714 3656 2820 3707 me,
2855 3641 2948 3695 tibi
2979 3641 3238 3710 proderit,
3263 3649 3320 3696 et
3345 3658 3451 3697 non
3481 3641 3856 3698 honoriﬁcatis

2273 3738 2513 3799 patrem,
2545 3739 2600 3784 et
2638 3730 2850 3785 irritum
2899 3730 3102 3787 fecistis
3141 3733 3454 3787 mandatum
3495 3731 3583 3786 Dei
3626 3740 3858 3801 propter

2278 3819 2598 3874 traditiones
2627 3828 2834 3875 vestras
2863 3821 3077 3892 (Matth.
3103 3819 3217 3892 xv).
3248 3839 3266 3872 ›
3315 3820 3491 3892 Digito
3534 3829 3717 3874 autem
3763 3835 3858 3874 suo

2274 3908 2465 3964 nolunt
2488 3924 2550 3964 ea
2580 3925 2820 3976 movere,
2841 3911 2966 3981 quia
2993 3925 3099 3966 non
3127 3910 3299 3966 solum
3328 3913 3526 3984 majora
3551 3911 3689 3982 legis
3721 3927 3855 3982 pra:—

2273 4007 2425 4069 cepta
2466 4015 2572 4054 non
2613 4001 3009 4067 observabant,
3053 4017 3240 4057 verum
3266 4004 3425 4058 etiam
3457 4003 3667 4057 minora
3696 4004 3853 4074 digito

2273 4089 2604 4160 operationis
2649 4099 2870 4162 tangere
2899 4093 3176 4149 nolebant.
3229 4094 3306 4148 De
3346 4093 3538 4163 quibus
3581 4095 3715 4148 alibi
3744 4095 3850 4148 ait:

2278 4200 2296 4232 ι
2331 4179 2421 4236 Va:
2445 4182 2594 4236 vobis
2613 4222 2627 4248 ,
2657 4182 2861 4238 Scribze
2887 4193 2943 4238 et
2969 4183 3228 4240 Pharisaei
3256 4184 3570 4256 hypocrita,
3607 4186 3703 4254 qui
3734 4184 3852 4240 tuli-

2272 4273 2372 4329 stis
2408 4274 2612 4331 clavem
2659 4276 2898 4332 scientiae
2927 4275 3076 4348 (Luc.
3104 4277 3202 4348 χι).
3233 4297 3251 4329 ι
3297 4278 3402 4332 Sed
3436 4278 3562 4348 quia
3605 4278 3724 4333 haec
3753 4293 3852 4333 non

2273 4383 2458 4424 amore
2487 4369 2602 4435 Dei,
2632 4371 2725 4425 sed
2755 4371 3048 4441 cupiditate
3077 4371 3250 4427 laudis
3280 4374 3528 4428 humana:
3555 4372 3848 4436 faciebant,

2276 4469 2423 4516 recte
2445 4461 2785 4532 subjungilur
2807 4479 2820 4514 :

2352 4572 2371 4605 ι
2410 4553 2600 4610 Omnia
2628 4569 2758 4612 vero
2782 4571 2946 4624 opera
2979 4572 3075 4612 sua
3114 4556 3346 4624 faciunt,
3387 4566 3445 4612 ut
3473 4557 3768 4612 vidcantur
3789 4557 3848 4610 ab

2282 4666 2300 4698 ι
2338 4647 2664 4704 hominibus.
2688 4668 2707 4700 ι
2742 4649 2911 4704 Erant
2935 4650 3078 4704 enim
3104 4650 3256 4714 tales,
3282 4660 3340 4704 ut
3368 4651 3496 4706 illud
3521 4651 3715 4706 audire
3746 4665 3852 4703 me-

2278 4751 2543 4806 rerentur,
2591 4743 2733 4811 quod
2777 4742 3037 4798 Dominus
3082 4742 3209 4798 alibi
3253 4744 3364 4798 ait:
3403 4762 3422 4794 ‹
3461 4743 3566 4799 Vos
3607 4745 3742 4798 estis
3767 4742 3850 4811 qui

2272 4831 2580 4900 justiﬁcatis
2608 4849 2704 4889 vos
2731 4850 2914 4890 coram
2941 4835 3275 4900 hominibus,
3318 4835 3460 4890 Dens
3489 4842 3674 4889 autem
3713 4834 3852 4888 novit

2276 4925 2436 4979 corda
2468 4934 2647 4979 vestra
2703 4925 2865 4996 (Luc.
2903 4925 3010 4993 ιιι).
3046 4945 3063 4976 ι
3105 4926 3180 4979 De
3213 4926 3408 4995 quibus
3447 4925 3572 4979 alibi
3615 4925 3848 4980 dicitur:

2279 5034 2297 5067 ι
2330 5017 2499 5070 Anton
2551 5015 2684 5096 dig
2721 5017 2917 5081 vobis,
2974 5026 3291 5086 receperunt
3349 5015 3656 5071 mercedem
3707 5029 3852 5068 suam

2277 5107 2487 5175 (Matth.
2504 5105 2600 5178 vt).
2622 5126 2640 5158 ι
2669 5107 2821 5163 Unde
2843 5107 2969 5161 alibi
3000 5106 3213 5162 fortiter
3233 5122 3326 5162 eos
3350 5107 3613 5176 increpat,
3640 5105 3849 5159 dicens:

2280 5217 2297 5250 ι
2338 5197 2429 5254 Vae
2458 5195 2630 5263 vobis,
2663 5197 2865 5254 Scriba:
2891 5208 2946 5252 et
2970 5198 3224 5253 Pharisaei
3251 5198 3562 5268 hypocritae,
3587 5197 3682 5264 qui
3709 5195 3853 5250 simi-

2275 5287 2351 5342 les
2379 5288 2507 5342 estis
2544 5287 2806 5358 sepulcris
2853 5287 3114 5342 dealbatis
3140 5285 3357 5357 (Matth.
3381 5285 3558 5355 mn),
3593 5302 3616 5335 ›
3651 5292 3707 5340 et
3735 5283 3853 5337 reli-

2275 5393 2398 5448 qua.
2425 5378 2660 5444 Quorum
2689 5377 2817 5431 vitia
2848 5377 3106 5431 Dominus
3127 5375 3349 5445 detegit,
3375 5389 3495 5429 cum
3523 5373 3704 5428 adhuc
3731 5373 3855 5428 sub-

2271 5467 2462 5539 jungit,
2497 5468 2718 5521 dicens:
2756 5487 2773 5517 ι
2810 5465 3047 5520 Dilatant
3081 5466 3224 5521 enim
3251 5464 3581 5537 phylacleria
3627 5481 3759 5529 sua,
3803 5472 3856 5516 et

2280 5581 2297 5612 ι
2335 5559 2680 5629 magniﬁcam
2717 5558 2978 5614 ﬁmbrias.
3015 5579 3033 5610 ι
3065 5557 3198 5612 Cum
3233 5558 3471 5612 dedisset
3495 5555 3759 5611 Dominus
3783 5555 3855 5608 le-

2275 5668 2392 5721 gem
2441 5667 2537 5721 per
2587 5650 2826 5721 Moysen,
2877 5652 2944 5706 ad
2992 5661 3291 5706 extremum
3333 5649 3512 5704 intulit
3541 5667 3553 5702 :
3582 5667 3602 5699 ι
3636 5647 3856 5717 Ligabis

2274 5727 2392 5795 eain
2422 5742 2474 5795 in
2495 5742 2676 5808 digitis
2703 5742 2826 5804 tuis,
2852 5751 2908 5796 et
2926 5753 3084 5797 erunt
3113 5743 3332 5797 immota
3356 5749 3480 5795 ante
3501 5738 3691 5796 oculos
3710 5747 3835 5792 tuos
