  <div class='ocr_page' id='page_1' title='image "/cluster/home/n/w/nwhite01/storage/ocr_20150623/118/hvd.32044015466907/360.png"; bbox 0 0 4002 6348; ppageno 0'>
   <div class='ocr_carea' id='block_1_1' title="bbox 103 339 327 397">
    <p class='ocr_par' dir='ltr' id='par_1_1' title="bbox 103 339 327 397">
     <span class='ocr_line' id='line_1_1' title="bbox 103 339 327 397; baseline 0.004 -1"><span class='ocrx_word' id='word_1_1' title='bbox 103 339 327 397; x_wconf 45' lang='grc' dir='ltr'><strong>τοθκ</strong></span> 
     </span>
    </p>
   </div>
   <div class='ocr_carea' id='block_1_2' title="bbox 1354 336 2288 397">
    <p class='ocr_par' dir='ltr' id='par_1_2' title="bbox 1354 336 2288 397">
     <span class='ocr_line' id='line_1_2' title="bbox 1354 336 2288 397; baseline -0.002 -3"><span class='ocrx_word' id='word_1_2' title='bbox 1354 336 1672 396; x_wconf 73' lang='grc' dir='ltr'><strong>ΠΟΜΙΙΔΛΕ.</strong></span> <span class='ocrx_word' id='word_1_3' title='bbox 1717 337 1805 392; x_wconf 88' lang='lat' dir='ltr'><strong>DE</strong></span> <span class='ocrx_word' id='word_1_4' title='bbox 1846 337 2189 397; x_wconf 64' lang='lat' dir='ltr'><strong>TEMPOHE.</strong></span> <span class='ocrx_word' id='word_1_5' title='bbox 2281 355 2288 361; x_wconf 73' lang='grc'><em>’</em></span> 
     </span>
    </p>
   </div>
   <div class='ocr_carea' id='block_1_3' title="bbox 3300 345 3410 405">
    <p class='ocr_par' dir='ltr' id='par_1_3' title="bbox 3300 345 3410 405">
     <span class='ocr_line' id='line_1_3' title="bbox 3300 345 3410 405; baseline 0.064 -8"><span class='ocrx_word' id='word_1_6' title='bbox 3300 345 3410 405; x_wconf 71' lang='grc'><strong>710</strong></span> 
     </span>
    </p>
   </div>
   <div class='ocr_carea' id='block_1_4' title="bbox 100 447 3409 534">
    <p class='ocr_par' dir='ltr' id='par_1_4' title="bbox 100 447 3409 534">
     <span class='ocr_line' id='line_1_4' title="bbox 100 447 3409 534; baseline 0.001 -23"><span class='ocrx_word' id='word_1_7' title='bbox 100 462 173 511; x_wconf 81' lang='lat' dir='ltr'><strong>et</strong></span> <span class='ocrx_word' id='word_1_8' title='bbox 199 447 577 511; x_wconf 76' lang='lat' dir='ltr'><strong>meditaberis</strong></span> <span class='ocrx_word' id='word_1_9' title='bbox 610 451 663 507; x_wconf 85' lang='lat' dir='ltr'><strong>in</strong></span> <span class='ocrx_word' id='word_1_10' title='bbox 690 451 772 507; x_wconf 88' lang='lat' dir='ltr'><strong>eis</strong></span> <span class='ocrx_word' id='word_1_11' title='bbox 793 450 879 507; x_wconf 89' lang='lat' dir='ltr'><strong>die</strong></span> <span class='ocrx_word' id='word_1_12' title='bbox 906 464 971 506; x_wconf 91' lang='lat' dir='ltr'><strong>ac</strong></span> <span class='ocrx_word' id='word_1_13' title='bbox 1000 460 1155 509; x_wconf 86' lang='lat' dir='ltr'><strong>nocte</strong></span> <span class='ocrx_word' id='word_1_14' title='bbox 1176 449 1351 521; x_wconf 80' lang='lat' dir='ltr'><strong>(Dent.</strong></span> <span class='ocrx_word' id='word_1_15' title='bbox 1377 450 1472 519; x_wconf 82' lang='lat' dir='ltr'><strong>vi).</strong></span> <span class='ocrx_word' id='word_1_16' title='bbox 1502 470 1531 505; x_wconf 73' lang='grc' dir='ltr'><strong>ι,</strong></span> <span class='ocrx_word' id='word_1_17' title='bbox 1551 451 1619 507; x_wconf 88' lang='lat' dir='ltr'><strong>Et</strong></span> <span class='ocrx_word' id='word_1_18' title='bbox 1644 458 1728 506; x_wconf 87' lang='lat' dir='ltr'><strong>est</strong></span> <span class='ocrx_word' id='word_1_19' title='bbox 1757 455 1801 512; x_wconf 70' lang='grc' dir='ltr'>Α</span> <span class='ocrx_word' id='word_1_20' title='bbox 1830 452 2114 507; x_wconf 80' lang='lat' dir='ltr'><strong>credentes</strong></span> <span class='ocrx_word' id='word_1_21' title='bbox 2158 451 2352 507; x_wconf 87' lang='lat' dir='ltr'><strong>fratres</strong></span> <span class='ocrx_word' id='word_1_22' title='bbox 2398 454 2646 525; x_wconf 85' lang='lat' dir='ltr'><strong>appellat.</strong></span> <span class='ocrx_word' id='word_1_23' title='bbox 2702 455 2769 511; x_wconf 87' lang='lat' dir='ltr'><strong>Et</strong></span> <span class='ocrx_word' id='word_1_24' title='bbox 2811 455 3047 515; x_wconf 84' lang='lat' dir='ltr'><strong>Joannes</strong></span> <span class='ocrx_word' id='word_1_25' title='bbox 3081 474 3109 534; x_wconf 32' lang='grc' dir='ltr'><strong>ε,</strong></span> <span class='ocrx_word' id='word_1_26' title='bbox 3133 475 3151 508; x_wconf 77' lang='grc' dir='ltr'>ι</span> <span class='ocrx_word' id='word_1_27' title='bbox 3188 456 3409 517; x_wconf 83' lang='lat' dir='ltr'><strong>Charis-</strong></span> 
     </span>
    </p>
   </div>
   <div class='ocr_carea' id='block_1_5' title="bbox 100 541 1733 612">
    <p class='ocr_par' dir='ltr' id='par_1_5' title="bbox 100 541 1733 612">
     <span class='ocr_line' id='line_1_5' title="bbox 100 541 1733 612; baseline -0.005 -10"><span class='ocrx_word' id='word_1_28' title='bbox 100 558 381 605; x_wconf 79' lang='lat' dir='ltr'><strong>sensus:</strong></span> <span class='ocrx_word' id='word_1_29' title='bbox 418 542 638 612; x_wconf 88' lang='lat' dir='ltr'><strong>Ligabis</strong></span> <span class='ocrx_word' id='word_1_30' title='bbox 664 556 783 597; x_wconf 88' lang='lat' dir='ltr'><strong>eam</strong></span> <span class='ocrx_word' id='word_1_31' title='bbox 817 541 872 596; x_wconf 90' lang='lat' dir='ltr'><strong>in</strong></span> <span class='ocrx_word' id='word_1_32' title='bbox 900 541 1083 612; x_wconf 84' lang='lat' dir='ltr'><strong>digitis</strong></span> <span class='ocrx_word' id='word_1_33' title='bbox 1105 542 1233 608; x_wconf 86' lang='lat' dir='ltr'><strong>tuis,</strong></span> <span class='ocrx_word' id='word_1_34' title='bbox 1265 542 1320 597; x_wconf 88' lang='lat' dir='ltr'><strong>id</strong></span> <span class='ocrx_word' id='word_1_35' title='bbox 1344 549 1431 597; x_wconf 88' lang='lat' dir='ltr'><strong>est</strong></span> <span class='ocrx_word' id='word_1_36' title='bbox 1450 556 1616 612; x_wconf 81' lang='lat' dir='ltr'><strong>opere</strong></span> <span class='ocrx_word' id='word_1_37' title='bbox 1636 542 1733 596; x_wconf 68' lang='lat' dir='ltr'><strong>ario.</strong></span> 
     </span>
    </p>
   </div>
   <div class='ocr_carea' id='block_1_6' title="bbox 104 629 1735 704">
    <p class='ocr_par' dir='ltr' id='par_1_6' title="bbox 104 629 1735 704">
     <span class='ocr_line' id='line_1_6' title="bbox 104 629 1735 704; baseline -0.003 -14"><span class='ocrx_word' id='word_1_38' title='bbox 104 632 422 704; x_wconf 83' lang='lat' dir='ltr'><strong>implebis.</strong></span> <span class='ocrx_word' id='word_1_39' title='bbox 457 631 525 686; x_wconf 82' lang='lat' dir='ltr'><strong>Et</strong></span> <span class='ocrx_word' id='word_1_40' title='bbox 546 638 707 686; x_wconf 90' lang='lat' dir='ltr'><strong>erunt</strong></span> <span class='ocrx_word' id='word_1_41' title='bbox 733 631 967 686; x_wconf 81' lang='lat' dir='ltr'><strong>immota</strong></span> <span class='ocrx_word' id='word_1_42' title='bbox 982 640 1107 685; x_wconf 89' lang='lat' dir='ltr'><strong>ante</strong></span> <span class='ocrx_word' id='word_1_43' title='bbox 1131 629 1320 703; x_wconf 84' lang='lat' dir='ltr'><strong>oculos</strong></span> <span class='ocrx_word' id='word_1_44' title='bbox 1347 637 1490 694; x_wconf 91' lang='lat' dir='ltr'><strong>tuos,</strong></span> <span class='ocrx_word' id='word_1_45' title='bbox 1517 630 1622 684; x_wconf 90' lang='lat' dir='ltr'><strong>hoc</strong></span> <span class='ocrx_word' id='word_1_46' title='bbox 1647 638 1735 685; x_wconf 91' lang='lat' dir='ltr'><strong>est</strong></span> 
     </span>
    </p>
   </div>
   <div class='ocr_carea' id='block_1_7' title="bbox 94 719 1736 796">
    <p class='ocr_par' dir='ltr' id='par_1_7' title="bbox 94 719 1736 796">
     <span class='ocr_line' id='line_1_7' title="bbox 94 719 1736 796; baseline -0.003 -16"><span class='ocrx_word' id='word_1_47' title='bbox 94 725 344 796; x_wconf 77' lang='lat' dir='ltr'><strong>iugiter</strong></span> <span class='ocrx_word' id='word_1_48' title='bbox 378 721 732 783; x_wconf 84' lang='lat' dir='ltr'><strong>meditabet&#39;is</strong></span> <span class='ocrx_word' id='word_1_49' title='bbox 755 722 813 778; x_wconf 91' lang='lat' dir='ltr'><strong>in</strong></span> <span class='ocrx_word' id='word_1_50' title='bbox 837 722 936 778; x_wconf 90' lang='lat' dir='ltr'><strong>eis.</strong></span> <span class='ocrx_word' id='word_1_51' title='bbox 985 720 1190 777; x_wconf 70' lang='lat' dir='ltr'><strong>Scriba:</strong></span> <span class='ocrx_word' id='word_1_52' title='bbox 1222 735 1355 792; x_wconf 86' lang='lat' dir='ltr'><strong>ergo</strong></span> <span class='ocrx_word' id='word_1_53' title='bbox 1386 719 1736 780; x_wconf 79' lang='lat' dir='ltr'><strong>et.Pharisa:i</strong></span> 
     </span>
    </p>
   </div>
   <div class='ocr_carea' id='block_1_8' title="bbox 102 812 1735 888">
    <p class='ocr_par' dir='ltr' id='par_1_8' title="bbox 102 812 1735 888">
     <span class='ocr_line' id='line_1_8' title="bbox 102 812 1735 888; baseline -0.004 -15"><span class='ocrx_word' id='word_1_54' title='bbox 102 831 297 873; x_wconf 71' lang='lat' dir='ltr'><strong>vana:</strong></span> <span class='ocrx_word' id='word_1_55' title='bbox 321 814 506 888; x_wconf 77' lang='lat' dir='ltr'><strong>gloriae</strong></span> <span class='ocrx_word' id='word_1_56' title='bbox 529 824 821 879; x_wconf 74' lang='lat' dir='ltr'><strong>amatores,</strong></span> <span class='ocrx_word' id='word_1_57' title='bbox 843 814 1027 870; x_wconf 82' lang='lat' dir='ltr'><strong>decem</strong></span> <span class='ocrx_word' id='word_1_58' title='bbox 1048 815 1213 870; x_wconf 88' lang='lat' dir='ltr'><strong>verba</strong></span> <span class='ocrx_word' id='word_1_59' title='bbox 1237 814 1370 884; x_wconf 90' lang='lat' dir='ltr'><strong>legis</strong></span> <span class='ocrx_word' id='word_1_60' title='bbox 1391 813 1449 869; x_wconf 91' lang='lat' dir='ltr'><strong>in</strong></span> <span class='ocrx_word' id='word_1_61' title='bbox 1464 812 1735 868; x_wconf 89' lang='lat' dir='ltr'><strong>membra-</strong></span> 
     </span>
    </p>
   </div>
   <div class='ocr_carea' id='block_1_9' title="bbox 106 902 1731 975">
    <p class='ocr_par' dir='ltr' id='par_1_9' title="bbox 106 902 1731 975">
     <span class='ocr_line' id='line_1_9' title="bbox 106 902 1731 975; baseline -0.003 -13"><span class='ocrx_word' id='word_1_62' title='bbox 106 906 286 962; x_wconf 84' lang='lat' dir='ltr'><strong>nulis</strong></span> <span class='ocrx_word' id='word_1_63' title='bbox 315 905 646 969; x_wconf 84' lang='lat' dir='ltr'><strong>scribebant,</strong></span> <span class='ocrx_word' id='word_1_64' title='bbox 673 913 731 960; x_wconf 89' lang='lat' dir='ltr'><strong>et</strong></span> <span class='ocrx_word' id='word_1_65' title='bbox 749 919 813 961; x_wconf 88' lang='lat' dir='ltr'><strong>ea</strong></span> <span class='ocrx_word' id='word_1_66' title='bbox 837 903 1104 960; x_wconf 75' lang='lat' dir='ltr'><strong>frontibus</strong></span> <span class='ocrx_word' id='word_1_67' title='bbox 1132 905 1244 960; x_wconf 86' lang='lat' dir='ltr'><strong>suis</strong></span> <span class='ocrx_word' id='word_1_68' title='bbox 1264 902 1731 975; x_wconf 89' lang='lat' dir='ltr'><strong>circumligabant,</strong></span> 
     </span>
    </p>
   </div>
   <div class='ocr_carea' id='block_1_10' title="bbox 102 994 1734 1064">
    <p class='ocr_par' dir='ltr' id='par_1_10' title="bbox 102 994 1734 1064">
     <span class='ocr_line' id='line_1_10' title="bbox 102 994 1734 1064; baseline -0.004 -11"><span class='ocrx_word' id='word_1_69' title='bbox 102 1005 184 1053; x_wconf 78' lang='lat' dir='ltr'><strong>ut</strong></span> <span class='ocrx_word' id='word_1_70' title='bbox 218 995 470 1053; x_wconf 81' lang='lat' dir='ltr'><strong>invicem</strong></span> <span class='ocrx_word' id='word_1_71' title='bbox 500 1009 560 1050; x_wconf 87' lang='lat' dir='ltr'><strong>se</strong></span> <span class='ocrx_word' id='word_1_72' title='bbox 587 994 884 1051; x_wconf 79' lang='lat' dir='ltr'><strong>salutantes</strong></span> <span class='ocrx_word' id='word_1_73' title='bbox 906 1002 1070 1063; x_wconf 88' lang='lat' dir='ltr'><strong>atque</strong></span> <span class='ocrx_word' id='word_1_74' title='bbox 1109 994 1734 1064; x_wconf 63' lang='lat' dir='ltr'><strong>obviantes,-prascepto-</strong></span> 
     </span>
    </p>
   </div>
   <div class='ocr_carea' id='block_1_11' title="bbox 107 1083 1731 1156">
    <p class='ocr_par' dir='ltr' id='par_1_11' title="bbox 107 1083 1731 1156">
     <span class='ocr_line' id='line_1_11' title="bbox 107 1083 1731 1156; baseline 0.001 -18"><span class='ocrx_word' id='word_1_75' title='bbox 107 1092 256 1147; x_wconf 74' lang='lat' dir='ltr'><strong>run</strong></span> <span class='ocrx_word' id='word_1_76' title='bbox 292 1084 429 1156; x_wconf 84' lang='lat' dir='ltr'><strong>legis</strong></span> <span class='ocrx_word' id='word_1_77' title='bbox 454 1085 894 1151; x_wconf 85' lang='lat' dir='ltr'><strong>recordarentur,</strong></span> <span class='ocrx_word' id='word_1_78' title='bbox 913 1092 969 1140; x_wconf 90' lang='lat' dir='ltr'><strong>et</strong></span> <span class='ocrx_word' id='word_1_79' title='bbox 993 1084 1109 1155; x_wconf 89' lang='lat' dir='ltr'><strong>ipsa</strong></span> <span class='ocrx_word' id='word_1_80' title='bbox 1131 1084 1406 1154; x_wconf 91' lang='lat' dir='ltr'><strong>pictatiola</strong></span> <span class='ocrx_word' id='word_1_81' title='bbox 1447 1083 1731 1155; x_wconf 84' lang='lat' dir='ltr'><strong>phylacte-</strong></span> 
     </span>
    </p>
   </div>
   <div class='ocr_carea' id='block_1_12' title="bbox 110 1173 1724 1246">
    <p class='ocr_par' dir='ltr' id='par_1_12' title="bbox 110 1173 1724 1246">
     <span class='ocr_line' id='line_1_12' title="bbox 110 1173 1724 1246; baseline -0.002 -13"><span class='ocrx_word' id='word_1_82' title='bbox 110 1178 535 1234; x_wconf 74' lang='lat' dir='ltr'><strong>ria‘vocabant.</strong></span> <span class='ocrx_word' id='word_1_83' title='bbox 549 1175 788 1232; x_wconf 85' lang='lat' dir='ltr'><strong>Jusserat</strong></span> <span class='ocrx_word' id='word_1_84' title='bbox 814 1190 1029 1246; x_wconf 88' lang='lat' dir='ltr'><strong>quoque</strong></span> <span class='ocrx_word' id='word_1_85' title='bbox 1042 1176 1305 1231; x_wconf 80' lang='lat' dir='ltr'><strong>Dominus</strong></span> <span class='ocrx_word' id='word_1_86' title='bbox 1324 1176 1377 1230; x_wconf 90' lang='lat' dir='ltr'><strong>in</strong></span> <span class='ocrx_word' id='word_1_87' title='bbox 1400 1174 1517 1245; x_wconf 91' lang='lat' dir='ltr'><strong>lege</strong></span> <span class='ocrx_word' id='word_1_88' title='bbox 1534 1173 1724 1245; x_wconf 88' lang='lat' dir='ltr'><strong>(Num.</strong></span> 
     </span>
    </p>
   </div>
   <div class='ocr_carea' id='block_1_13' title="bbox 112 1264 1729 1340">
    <p class='ocr_par' dir='ltr' id='par_1_13' title="bbox 112 1264 1729 1340">
     <span class='ocr_line' id='line_1_13' title="bbox 112 1264 1729 1340; baseline -0.004 -17"><span class='ocrx_word' id='word_1_89' title='bbox 112 1267 252 1340; x_wconf 75' lang='lat' dir='ltr'><strong>xv),</strong></span> <span class='ocrx_word' id='word_1_90' title='bbox 287 1275 352 1323; x_wconf 73' lang='lat' dir='ltr'><strong>ut</strong></span> <span class='ocrx_word' id='word_1_91' title='bbox 391 1267 448 1322; x_wconf 91' lang='lat' dir='ltr'><strong>in</strong></span> <span class='ocrx_word' id='word_1_92' title='bbox 489 1276 723 1338; x_wconf 77' lang='lat' dir='ltr'><strong>quatuor</strong></span> <span class='ocrx_word' id='word_1_93' title='bbox 763 1266 989 1336; x_wconf 82' lang='lat' dir='ltr'><strong>angulos</strong></span> <span class='ocrx_word' id='word_1_94' title='bbox 1020 1265 1304 1336; x_wconf 87' lang='lat' dir='ltr'><strong>palliorum</strong></span> <span class='ocrx_word' id='word_1_95' title='bbox 1353 1264 1729 1335; x_wconf 84' lang='lat' dir='ltr'><strong>hyaeinthinas</strong></span> 
     </span>
    </p>
   </div>
   <div class='ocr_carea' id='block_1_14' title="bbox 114 1348 1726 1441">
    <p class='ocr_par' dir='ltr' id='par_1_14' title="bbox 114 1348 1726 1441">
     <span class='ocr_line' id='line_1_14' title="bbox 114 1348 1726 1441; baseline -0.004 -26"><span class='ocrx_word' id='word_1_96' title='bbox 114 1348 706 1441; x_wconf 55' lang='lat' dir='ltr'><strong>ﬂuibriasponerent,</strong></span> <span class='ocrx_word' id='word_1_97' title='bbox 749 1358 816 1411; x_wconf 88' lang='lat' dir='ltr'><strong>ad</strong></span> <span class='ocrx_word' id='word_1_98' title='bbox 856 1357 1206 1414; x_wconf 80' lang='lat' dir='ltr'><strong>lsraeliticum</strong></span> <span class='ocrx_word' id='word_1_99' title='bbox 1242 1356 1497 1428; x_wconf 81' lang='lat' dir='ltr'><strong>populum</strong></span> <span class='ocrx_word' id='word_1_100' title='bbox 1533 1356 1726 1427; x_wconf 89' lang='lat' dir='ltr'><strong>digno-</strong></span> 
     </span>
    </p>
   </div>
   <div class='ocr_carea' id='block_1_15' title="bbox 114 1447 1725 1529">
    <p class='ocr_par' dir='ltr' id='par_1_15' title="bbox 114 1447 1725 1529">
     <span class='ocr_line' id='line_1_15' title="bbox 114 1447 1725 1529; baseline -0.002 -24"><span class='ocrx_word' id='word_1_101' title='bbox 114 1448 423 1505; x_wconf 84' lang='lat' dir='ltr'><strong>scendum.</strong></span> <span class='ocrx_word' id='word_1_102' title='bbox 449 1448 674 1529; x_wconf 56' lang='grc' dir='ltr'><strong>’ξω-ὼε</strong></span> <span class='ocrx_word' id='word_1_103' title='bbox 717 1463 846 1518; x_wconf 88' lang='lat' dir='ltr'><strong>ergo</strong></span> <span class='ocrx_word' id='word_1_104' title='bbox 867 1457 923 1503; x_wconf 88' lang='lat' dir='ltr'><strong>et</strong></span> <span class='ocrx_word' id='word_1_105' title='bbox 949 1447 1242 1514; x_wconf 65' lang='lat' dir='ltr'><strong>Pharisaei,</strong></span> <span class='ocrx_word' id='word_1_106' title='bbox 1275 1447 1518 1504; x_wconf 71' lang='lat' dir='ltr'><strong>avaritia:</strong></span> <span class='ocrx_word' id='word_1_107' title='bbox 1543 1454 1725 1502; x_wconf 89' lang='lat' dir='ltr'><strong>secta-</strong></span> 
     </span>
    </p>
   </div>
   <div class='ocr_carea' id='block_1_16' title="bbox 116 1531 1728 1615">
    <p class='ocr_par' dir='ltr' id='par_1_16' title="bbox 116 1531 1728 1615">
     <span class='ocr_line' id='line_1_16' title="bbox 116 1531 1728 1615; baseline -0.001 -20"><span class='ocrx_word' id='word_1_108' title='bbox 116 1548 320 1605; x_wconf 82' lang='lat' dir='ltr'><strong>tores,</strong></span> <span class='ocrx_word' id='word_1_109' title='bbox 364 1531 663 1615; x_wconf 70' lang='lat' dir='ltr'><strong>lncrunide</strong></span> <span class='ocrx_word' id='word_1_110' title='bbox 688 1538 1018 1595; x_wconf 87' lang='lat' dir='ltr'><strong>mulierculis</strong></span> <span class='ocrx_word' id='word_1_111' title='bbox 1043 1548 1323 1610; x_wconf 85' lang='lat' dir='ltr'><strong>captantes</strong></span> <span class='ocrx_word' id='word_1_112' title='bbox 1339 1579 1355 1604; x_wconf 91' lang='lat'><strong>,</strong></span> <span class='ocrx_word' id='word_1_113' title='bbox 1382 1539 1728 1609; x_wconf 90' lang='lat' dir='ltr'><strong>longissimas</strong></span> 
     </span>
    </p>
   </div>
   <div class='ocr_carea' id='block_1_17' title="bbox 116 1630 1725 1702">
    <p class='ocr_par' dir='ltr' id='par_1_17' title="bbox 116 1630 1725 1702">
     <span class='ocr_line' id='line_1_17' title="bbox 116 1630 1725 1702; baseline 0.002 -17"><span class='ocrx_word' id='word_1_114' title='bbox 116 1631 387 1687; x_wconf 76' lang='lat' dir='ltr'><strong>fimbrias</strong></span> <span class='ocrx_word' id='word_1_115' title='bbox 415 1630 715 1698; x_wconf 73' lang='lat' dir='ltr'><strong>faciebant,</strong></span> <span class='ocrx_word' id='word_1_116' title='bbox 745 1632 802 1686; x_wconf 86' lang='lat' dir='ltr'><strong>in</strong></span> <span class='ocrx_word' id='word_1_117' title='bbox 837 1646 1066 1702; x_wconf 87' lang='lat' dir='ltr'><strong>quarum</strong></span> <span class='ocrx_word' id='word_1_118' title='bbox 1101 1631 1499 1688; x_wconf 82' lang='lat' dir='ltr'><strong>summitatibus</strong></span> <span class='ocrx_word' id='word_1_119' title='bbox 1523 1631 1725 1688; x_wconf 77' lang='lat' dir='ltr'><strong>acutis-</strong></span> 
     </span>
    </p>
   </div>
   <div class='ocr_carea' id='block_1_18' title="bbox 1832 541 3408 618">
    <p class='ocr_par' dir='ltr' id='par_1_18' title="bbox 1832 541 3408 618">
     <span class='ocr_line' id='line_1_18' title="bbox 1832 541 3408 618; baseline 0.003 -21"><span class='ocrx_word' id='word_1_120' title='bbox 1832 541 1978 603; x_wconf 83' lang='lat' dir='ltr'><strong>simi.</strong></span> <span class='ocrx_word' id='word_1_121' title='bbox 2005 541 2102 599; x_wconf 85' lang='lat' dir='ltr'><strong>filii</strong></span> <span class='ocrx_word' id='word_1_122' title='bbox 2124 541 2220 598; x_wconf 87' lang='lat' dir='ltr'><strong>Dei</strong></span> <span class='ocrx_word' id='word_1_123' title='bbox 2252 558 2440 599; x_wconf 89' lang='lat' dir='ltr'><strong>sumus</strong></span> <span class='ocrx_word' id='word_1_124' title='bbox 2469 544 2521 615; x_wconf 89' lang='grc' dir='ltr'><strong>(Ι</strong></span> <span class='ocrx_word' id='word_1_125' title='bbox 2542 544 2703 600; x_wconf 83' lang='lat' dir='ltr'><strong>Joan.</strong></span> <span class='ocrx_word' id='word_1_126' title='bbox 2731 546 2836 618; x_wconf 82' lang='grc' dir='ltr'><strong>ιη).</strong></span> <span class='ocrx_word' id='word_1_127' title='bbox 2874 565 2893 598; x_wconf 72' lang='grc' dir='ltr'><strong>ι</strong></span> <span class='ocrx_word' id='word_1_128' title='bbox 2924 545 3215 613; x_wconf 66' lang='lat' dir='ltr'><strong>Quaeritur,</strong></span> <span class='ocrx_word' id='word_1_129' title='bbox 3239 558 3408 618; x_wconf 89' lang='lat' dir='ltr'><strong>quare</strong></span> 
     </span>
    </p>
   </div>
   <div class='ocr_carea' id='block_1_19' title="bbox 1833 630 3406 707">
    <p class='ocr_par' dir='ltr' id='par_1_19' title="bbox 1833 630 3406 707">
     <span class='ocr_line' id='line_1_19' title="bbox 1833 630 3406 707; baseline 0.004 -22"><span class='ocrx_word' id='word_1_130' title='bbox 1833 630 1997 701; x_wconf 86' lang='lat' dir='ltr'><strong>aliqui</strong></span> <span class='ocrx_word' id='word_1_131' title='bbox 2028 646 2123 689; x_wconf 85' lang='lat' dir='ltr'><strong>eos</strong></span> <span class='ocrx_word' id='word_1_132' title='bbox 2143 632 2239 702; x_wconf 85' lang='lat' dir='ltr'><strong>qui</strong></span> <span class='ocrx_word' id='word_1_133' title='bbox 2266 631 2370 689; x_wconf 86' lang='lat' dir='ltr'><strong>sibi</strong></span> <span class='ocrx_word' id='word_1_134' title='bbox 2398 642 2640 703; x_wconf 83' lang='lat' dir='ltr'><strong>praesunt</strong></span> <span class='ocrx_word' id='word_1_135' title='bbox 2661 635 2714 689; x_wconf 90' lang='lat' dir='ltr'><strong>in</strong></span> <span class='ocrx_word' id='word_1_136' title='bbox 2744 635 2990 691; x_wconf 87' lang='lat' dir='ltr'><strong>doctrina</strong></span> <span class='ocrx_word' id='word_1_137' title='bbox 3011 634 3097 690; x_wconf 92' lang='lat' dir='ltr'><strong>vel</strong></span> <span class='ocrx_word' id='word_1_138' title='bbox 3121 636 3406 707; x_wconf 84' lang='lat' dir='ltr'><strong>regimine,</strong></span> 
     </span>
    </p>
   </div>
   <div class='ocr_carea' id='block_1_20' title="bbox 1831 714 3469 799">
    <p class='ocr_par' dir='ltr' id='par_1_20' title="bbox 1831 714 3469 799">
     <span class='ocr_line' id='line_1_20' title="bbox 1831 714 3469 799; baseline 0.006 -21"><span class='ocrx_word' id='word_1_139' title='bbox 1831 731 2014 792; x_wconf 81' lang='lat' dir='ltr'><strong>patres</strong></span> <span class='ocrx_word' id='word_1_140' title='bbox 2044 724 2129 780; x_wconf 88' lang='lat' dir='ltr'><strong>vel</strong></span> <span class='ocrx_word' id='word_1_141' title='bbox 2166 724 2454 795; x_wconf 88' lang='lat' dir='ltr'><strong>magistros</strong></span> <span class='ocrx_word' id='word_1_142' title='bbox 2482 725 2715 781; x_wconf 85' lang='lat' dir='ltr'><strong>audeant</strong></span> <span class='ocrx_word' id='word_1_143' title='bbox 2745 728 3069 797; x_wconf 82' lang='lat' dir='ltr'><strong>appellare,.</strong></span> <span class='ocrx_word' id='word_1_144' title='bbox 3087 736 3157 787; x_wconf 90' lang='lat' dir='ltr'><strong>et.</strong></span> <span class='ocrx_word' id='word_1_145' title='bbox 3172 730 3409 799; x_wconf 77' lang='lat' dir='ltr'><strong>maxime</strong></span> <span class='ocrx_word' id='word_1_146' title='bbox 3464 714 3469 718; x_wconf 49' lang='grc'><em>’</em></span> 
     </span>
    </p>
   </div>
   <div class='ocr_carea' id='block_1_21' title="bbox 1832 816 3409 885">
    <p class='ocr_par' dir='ltr' id='par_1_21' title="bbox 1832 816 3409 885">
     <span class='ocr_line' id='line_1_21' title="bbox 1832 816 3409 885; baseline 0.003 -13"><span class='ocrx_word' id='word_1_147' title='bbox 1832 816 1888 872; x_wconf 88' lang='lat' dir='ltr'><strong>in</strong></span> <span class='ocrx_word' id='word_1_148' title='bbox 1916 817 2295 885; x_wconf 87' lang='lat' dir='ltr'><strong>monasteriis,</strong></span> <span class='ocrx_word' id='word_1_149' title='bbox 2320 832 2443 873; x_wconf 90' lang='lat' dir='ltr'><strong>cum</strong></span> <span class='ocrx_word' id='word_1_150' title='bbox 2496 817 2755 873; x_wconf 89' lang='lat' dir='ltr'><strong>Dominus</strong></span> <span class='ocrx_word' id='word_1_151' title='bbox 2792 821 2976 876; x_wconf 88' lang='lat' dir='ltr'><strong>dicat:</strong></span> <span class='ocrx_word' id='word_1_152' title='bbox 3012 821 3183 878; x_wconf 70' lang='lat' dir='ltr'><strong>¢~Vos</strong></span> <span class='ocrx_word' id='word_1_153' title='bbox 3227 830 3409 877; x_wconf 83' lang='lat' dir='ltr'><strong>autem</strong></span> 
     </span>
    </p>
   </div>
   <div class='ocr_carea' id='block_1_22' title="bbox 1831 906 3410 978">
    <p class='ocr_par' dir='ltr' id='par_1_22' title="bbox 1831 906 3410 978">
     <span class='ocr_line' id='line_1_22' title="bbox 1831 906 3410 978; baseline 0.004 -16"><span class='ocrx_word' id='word_1_154' title='bbox 1831 906 1999 964; x_wconf 81' lang='lat' dir='ltr'><strong>nolite</strong></span> <span class='ocrx_word' id='word_1_155' title='bbox 2020 908 2202 964; x_wconf 87' lang='lat' dir='ltr'><strong>vocari</strong></span> <span class='ocrx_word' id='word_1_156' title='bbox 2224 908 2416 973; x_wconf 80' lang='lat' dir='ltr'><strong>Rabbi,</strong></span> <span class='ocrx_word' id='word_1_157' title='bbox 2436 916 2491 962; x_wconf 91' lang='lat' dir='ltr'><strong>et</strong></span> <span class='ocrx_word' id='word_1_158' title='bbox 2512 918 2722 978; x_wconf 88' lang='lat' dir='ltr'><strong>patrem</strong></span> <span class='ocrx_word' id='word_1_159' title='bbox 2748 910 2912 965; x_wconf 86' lang='lat' dir='ltr'><strong>nolite</strong></span> <span class='ocrx_word' id='word_1_160' title='bbox 2932 926 3126 967; x_wconf 90' lang='lat' dir='ltr'><strong>vocare</strong></span> <span class='ocrx_word' id='word_1_161' title='bbox 3145 912 3298 968; x_wconf 84' lang='lat' dir='ltr'><strong>vobis</strong></span> <span class='ocrx_word' id='word_1_162' title='bbox 3318 927 3410 968; x_wconf 85' lang='lat' dir='ltr'><strong>su-</strong></span> 
     </span>
    </p>
   </div>
   <div class='ocr_carea' id='block_1_23' title="bbox 1829 999 3409 1075">
    <p class='ocr_par' dir='ltr' id='par_1_23' title="bbox 1829 999 3409 1075">
     <span class='ocr_line' id='line_1_23' title="bbox 1829 999 3409 1075; baseline 0.002 -21"><span class='ocrx_word' id='word_1_163' title='bbox 1829 1013 1927 1069; x_wconf 84' lang='lat' dir='ltr'><strong>per</strong></span> <span class='ocrx_word' id='word_1_164' title='bbox 1953 1008 2191 1065; x_wconf 85' lang='lat' dir='ltr'><strong>terram;</strong></span> <span class='ocrx_word' id='word_1_165' title='bbox 2225 1019 2246 1052; x_wconf 85' lang='grc'><strong>›</strong></span> <span class='ocrx_word' id='word_1_166' title='bbox 2275 1009 2331 1055; x_wconf 92' lang='lat' dir='ltr'><strong>et</strong></span> <span class='ocrx_word' id='word_1_167' title='bbox 2360 999 2559 1056; x_wconf 91' lang='lat' dir='ltr'><strong>Paulus</strong></span> <span class='ocrx_word' id='word_1_168' title='bbox 2595 1001 2869 1071; x_wconf 88' lang='lat' dir='ltr'><strong>apostolus</strong></span> <span class='ocrx_word' id='word_1_169' title='bbox 2917 1003 3235 1075; x_wconf 87' lang='lat' dir='ltr'><strong>magistrum</strong></span> <span class='ocrx_word' id='word_1_170' title='bbox 3279 1018 3409 1075; x_wconf 48' lang='lat' dir='ltr'><strong>gens</strong></span> 
     </span>
    </p>
   </div>
   <div class='ocr_carea' id='block_1_24' title="bbox 1830 1088 3411 1164">
    <p class='ocr_par' dir='ltr' id='par_1_24' title="bbox 1830 1088 3411 1164">
     <span class='ocr_line' id='line_1_24' title="bbox 1830 1088 3411 1164; baseline 0.003 -20"><span class='ocrx_word' id='word_1_171' title='bbox 1830 1089 1965 1144; x_wconf 88' lang='lat' dir='ltr'><strong>tium</strong></span> <span class='ocrx_word' id='word_1_172' title='bbox 1990 1103 2051 1144; x_wconf 89' lang='lat' dir='ltr'><strong>se</strong></span> <span class='ocrx_word' id='word_1_173' title='bbox 2078 1097 2369 1164; x_wconf 76' lang='lat' dir='ltr'><strong>nuncupet,</strong></span> <span class='ocrx_word' id='word_1_174' title='bbox 2401 1088 2624 1145; x_wconf 89' lang='lat' dir='ltr'><strong>dicens:</strong></span> <span class='ocrx_word' id='word_1_175' title='bbox 2658 1106 2677 1141; x_wconf 72' lang='grc' dir='ltr'>ι</span> <span class='ocrx_word' id='word_1_176' title='bbox 2713 1088 2959 1155; x_wconf 86' lang='lat' dir='ltr'><strong>Quandiu</strong></span> <span class='ocrx_word' id='word_1_177' title='bbox 2997 1106 3117 1146; x_wconf 90' lang='lat' dir='ltr'><strong>sum</strong></span> <span class='ocrx_word' id='word_1_178' title='bbox 3153 1092 3411 1164; x_wconf 73' lang='lat' dir='ltr'><strong>magister</strong></span> 
     </span>
    </p>
   </div>
   <div class='ocr_carea' id='block_1_25' title="bbox 1829 1178 3406 1255">
    <p class='ocr_par' dir='ltr' id='par_1_25' title="bbox 1829 1178 3406 1255">
     <span class='ocr_line' id='line_1_25' title="bbox 1829 1178 3406 1255; baseline 0.002 -21"><span class='ocrx_word' id='word_1_179' title='bbox 1829 1178 2102 1249; x_wconf 80' lang='lat' dir='ltr'><strong>gentium,</strong></span> <span class='ocrx_word' id='word_1_180' title='bbox 2154 1178 2509 1234; x_wconf 82' lang='lat' dir='ltr'><strong>ministerium</strong></span> <span class='ocrx_word' id='word_1_181' title='bbox 2563 1192 2744 1233; x_wconf 82' lang='lat' dir='ltr'><strong>meum</strong></span> <span class='ocrx_word' id='word_1_182' title='bbox 2803 1179 3173 1255; x_wconf 85' lang='lat' dir='ltr'><strong>honorificabo</strong></span> <span class='ocrx_word' id='word_1_183' title='bbox 3223 1180 3406 1253; x_wconf 84' lang='lat' dir='ltr'><strong>(Rom.</strong></span> 
     </span>
    </p>
   </div>
   <div class='ocr_carea' id='block_1_26' title="bbox 1827 1268 3410 1342">
    <p class='ocr_par' dir='ltr' id='par_1_26' title="bbox 1827 1268 3410 1342">
     <span class='ocr_line' id='line_1_26' title="bbox 1827 1268 3410 1342; baseline 0.004 -18"><span class='ocrx_word' id='word_1_184' title='bbox 1827 1268 1928 1342; x_wconf 70' lang='grc' dir='ltr'><strong>χι).</strong></span> <span class='ocrx_word' id='word_1_185' title='bbox 1963 1288 1983 1323; x_wconf 72' lang='grc' dir='ltr'><strong><em>ι</em></strong></span> <span class='ocrx_word' id='word_1_186' title='bbox 2009 1269 2093 1325; x_wconf 82' lang='lat' dir='ltr'><strong>Ad</strong></span> <span class='ocrx_word' id='word_1_187' title='bbox 2114 1270 2258 1341; x_wconf 86' lang='lat' dir='ltr'><strong>quod</strong></span> <span class='ocrx_word' id='word_1_188' title='bbox 2282 1269 2566 1325; x_wconf 89' lang='lat' dir='ltr'><strong>dicendum</strong></span> <span class='ocrx_word' id='word_1_189' title='bbox 2586 1309 2601 1336; x_wconf 94' lang='lat'><strong>,</strong></span> <span class='ocrx_word' id='word_1_190' title='bbox 2623 1270 2747 1340; x_wconf 85' lang='lat' dir='ltr'><strong>quia</strong></span> <span class='ocrx_word' id='word_1_191' title='bbox 2771 1269 2916 1325; x_wconf 85' lang='lat' dir='ltr'><strong>aliud</strong></span> <span class='ocrx_word' id='word_1_192' title='bbox 2942 1280 3025 1327; x_wconf 90' lang='lat' dir='ltr'><strong>cst</strong></span> <span class='ocrx_word' id='word_1_193' title='bbox 3048 1273 3410 1330; x_wconf 83' lang='lat' dir='ltr'><strong>essentialiter</strong></span> 
     </span>
    </p>
   </div>
   <div class='ocr_carea' id='block_1_27' title="bbox 1825 1361 3408 1435">
    <p class='ocr_par' dir='ltr' id='par_1_27' title="bbox 1825 1361 3408 1435">
     <span class='ocr_line' id='line_1_27' title="bbox 1825 1361 3408 1435; baseline 0.005 -21"><span class='ocrx_word' id='word_1_194' title='bbox 1825 1373 1946 1415; x_wconf 86' lang='lat' dir='ltr'><strong>esse</strong></span> <span class='ocrx_word' id='word_1_195' title='bbox 1971 1367 2181 1430; x_wconf 88' lang='lat' dir='ltr'><strong>patrem</strong></span> <span class='ocrx_word' id='word_1_196' title='bbox 2210 1368 2265 1416; x_wconf 91' lang='lat' dir='ltr'><strong>et</strong></span> <span class='ocrx_word' id='word_1_197' title='bbox 2290 1361 2629 1432; x_wconf 89' lang='lat' dir='ltr'><strong>magistrum,</strong></span> <span class='ocrx_word' id='word_1_198' title='bbox 2658 1371 2713 1418; x_wconf 90' lang='lat' dir='ltr'><strong>et</strong></span> <span class='ocrx_word' id='word_1_199' title='bbox 2733 1361 2879 1418; x_wconf 90' lang='lat' dir='ltr'><strong>aliud</strong></span> <span class='ocrx_word' id='word_1_200' title='bbox 2902 1365 3279 1435; x_wconf 88' lang='lat' dir='ltr'><strong>nuncupative.</strong></span> <span class='ocrx_word' id='word_1_201' title='bbox 3304 1365 3408 1435; x_wconf 79' lang='lat' dir='ltr'><strong>Ve-</strong></span> 
     </span>
    </p>
   </div>
   <div class='ocr_carea' id='block_1_28' title="bbox 1825 1451 3411 1525">
    <p class='ocr_par' dir='ltr' id='par_1_28' title="bbox 1825 1451 3411 1525">
     <span class='ocr_line' id='line_1_28' title="bbox 1825 1451 3411 1525; baseline 0.005 -19"><span class='ocrx_word' id='word_1_202' title='bbox 1825 1463 1921 1506; x_wconf 78' lang='lat' dir='ltr'><strong>rus</strong></span> <span class='ocrx_word' id='word_1_203' title='bbox 1946 1466 2182 1521; x_wconf 88' lang='lat' dir='ltr'><strong>namque</strong></span> <span class='ocrx_word' id='word_1_204' title='bbox 2205 1451 2296 1507; x_wconf 90' lang='lat' dir='ltr'><strong>ille</strong></span> <span class='ocrx_word' id='word_1_205' title='bbox 2321 1453 2578 1523; x_wconf 76' lang='lat' dir='ltr'><strong>magister</strong></span> <span class='ocrx_word' id='word_1_206' title='bbox 2596 1463 2652 1509; x_wconf 91' lang='lat' dir='ltr'><strong>et</strong></span> <span class='ocrx_word' id='word_1_207' title='bbox 2671 1453 2832 1508; x_wconf 88' lang='lat' dir='ltr'><strong>Pater</strong></span> <span class='ocrx_word' id='word_1_208' title='bbox 2856 1456 3067 1525; x_wconf 87' lang='lat' dir='ltr'><strong>est,qui</strong></span> <span class='ocrx_word' id='word_1_209' title='bbox 3100 1457 3281 1512; x_wconf 82' lang='lat' dir='ltr'><strong>omnia</strong></span> <span class='ocrx_word' id='word_1_210' title='bbox 3306 1459 3411 1514; x_wconf 88' lang='lat' dir='ltr'><strong>scit</strong></span> 
     </span>
    </p>
   </div>
   <div class='ocr_carea' id='block_1_29' title="bbox 1825 1541 3413 1620">
    <p class='ocr_par' dir='ltr' id='par_1_29' title="bbox 1825 1541 3413 1620">
     <span class='ocr_line' id='line_1_29' title="bbox 1825 1541 3413 1620; baseline 0.006 -25"><span class='ocrx_word' id='word_1_211' title='bbox 1825 1549 2113 1611; x_wconf 85' lang='lat' dir='ltr'><strong>antequam</strong></span> <span class='ocrx_word' id='word_1_212' title='bbox 2149 1544 2317 1608; x_wconf 84' lang='lat' dir='ltr'><strong>ﬁant,</strong></span> <span class='ocrx_word' id='word_1_213' title='bbox 2362 1546 2419 1598; x_wconf 87' lang='lat' dir='ltr'><strong>et</strong></span> <span class='ocrx_word' id='word_1_214' title='bbox 2462 1541 2614 1611; x_wconf 90' lang='lat' dir='ltr'><strong>cujus</strong></span> <span class='ocrx_word' id='word_1_215' title='bbox 2661 1545 2923 1615; x_wconf 87' lang='lat' dir='ltr'><strong>sapientia</strong></span> <span class='ocrx_word' id='word_1_216' title='bbox 2958 1558 3150 1602; x_wconf 91' lang='lat' dir='ltr'><strong>cuncta</strong></span> <span class='ocrx_word' id='word_1_217' title='bbox 3193 1549 3331 1620; x_wconf 87' lang='lat' dir='ltr'><strong>regit</strong></span> <span class='ocrx_word' id='word_1_218' title='bbox 3354 1558 3413 1606; x_wconf 88' lang='lat' dir='ltr'><strong>et</strong></span> 
     </span>
    </p>
   </div>
   <div class='ocr_carea' id='block_1_30' title="bbox 1823 1629 3409 1707">
    <p class='ocr_par' dir='ltr' id='par_1_30' title="bbox 1823 1629 3409 1707">
     <span class='ocr_line' id='line_1_30' title="bbox 1823 1629 3409 1707; baseline 0.006 -22"><span class='ocrx_word' id='word_1_219' title='bbox 1823 1629 2055 1685; x_wconf 85' lang='lat' dir='ltr'><strong>ordinat.</strong></span> <span class='ocrx_word' id='word_1_220' title='bbox 2082 1629 2351 1687; x_wconf 72' lang='lat' dir='ltr'><strong>Czeterum</strong></span> <span class='ocrx_word' id='word_1_221' title='bbox 2376 1631 2495 1686; x_wconf 89' lang='lat' dir='ltr'><strong>sine</strong></span> <span class='ocrx_word' id='word_1_222' title='bbox 2521 1633 2675 1703; x_wconf 83' lang='lat' dir='ltr'><strong>culpa</strong></span> <span class='ocrx_word' id='word_1_223' title='bbox 2704 1649 2818 1700; x_wconf 88' lang='lat' dir='ltr'><strong>eos,</strong></span> <span class='ocrx_word' id='word_1_224' title='bbox 2846 1635 2937 1705; x_wconf 85' lang='lat' dir='ltr'><strong>qui</strong></span> <span class='ocrx_word' id='word_1_225' title='bbox 2970 1636 3128 1693; x_wconf 89' lang='lat' dir='ltr'><strong>nobis</strong></span> <span class='ocrx_word' id='word_1_226' title='bbox 3153 1646 3409 1707; x_wconf 85' lang='lat' dir='ltr'><strong>praesunt,</strong></span> 
     </span>
    </p>
   </div>
   <div class='ocr_carea' id='block_1_31' title="bbox 115 1720 3410 1800">
    <p class='ocr_par' dir='ltr' id='par_1_31' title="bbox 115 1720 3410 1800">
     <span class='ocr_line' id='line_1_31' title="bbox 115 1720 3410 1800; baseline 0.002 -23"><span class='ocrx_word' id='word_1_227' title='bbox 115 1722 308 1778; x_wconf 85' lang='lat' dir='ltr'><strong>simas</strong></span> <span class='ocrx_word' id='word_1_228' title='bbox 336 1722 523 1795; x_wconf 82' lang='lat' dir='ltr'><strong>&#39;spina‘s</strong></span> <span class='ocrx_word' id='word_1_229' title='bbox 549 1722 808 1797; x_wconf 72' lang='lat' dir='ltr'><strong>ligahapt,</strong></span> <span class='ocrx_word' id='word_1_230' title='bbox 839 1732 897 1778; x_wconf 93' lang='lat' dir='ltr'><strong>ut</strong></span> <span class='ocrx_word' id='word_1_231' title='bbox 928 1727 981 1779; x_wconf 91' lang='lat' dir='ltr'><strong>in</strong></span> <span class='ocrx_word' id='word_1_232' title='bbox 1012 1725 1275 1781; x_wconf 81' lang='lat' dir='ltr'><strong>conviviis</strong></span> <span class='ocrx_word' id='word_1_233' title='bbox 1299 1725 1384 1780; x_wconf 88' lang='lat' dir='ltr'><strong>vel</strong></span> <span class='ocrx_word' id='word_1_234' title='bbox 1414 1725 1466 1780; x_wconf 92' lang='lat' dir='ltr'><strong>in</strong></span> <span class='ocrx_word' id='word_1_235' title='bbox 1494 1740 1725 1797; x_wconf 79' lang='lat' dir='ltr'><strong>synago-</strong></span> <span class='ocrx_word' id='word_1_236' title='bbox 1756 1799 1779 1800; x_wconf 20' lang='grc' dir='ltr'>ί</span> <span class='ocrx_word' id='word_1_237' title='bbox 1827 1720 2114 1791; x_wconf 80' lang='lat' dir='ltr'><strong>magistros</strong></span> <span class='ocrx_word' id='word_1_238' title='bbox 2147 1721 2231 1777; x_wconf 85' lang='lat' dir='ltr'><strong>vel</strong></span> <span class='ocrx_word' id='word_1_239' title='bbox 2256 1732 2439 1793; x_wconf 88' lang='lat' dir='ltr'><strong>patres</strong></span> <span class='ocrx_word' id='word_1_240' title='bbox 2463 1724 2812 1795; x_wconf 86' lang='lat' dir='ltr'><strong>appellamus,</strong></span> <span class='ocrx_word' id='word_1_241' title='bbox 2845 1727 2971 1797; x_wconf 90' lang='lat' dir='ltr'><strong>quia</strong></span> <span class='ocrx_word' id='word_1_242' title='bbox 3002 1727 3057 1782; x_wconf 91' lang='lat' dir='ltr'><strong>in</strong></span> <span class='ocrx_word' id='word_1_243' title='bbox 3096 1729 3199 1784; x_wconf 89' lang='lat' dir='ltr'><strong>hac</strong></span> <span class='ocrx_word' id='word_1_244' title='bbox 3225 1729 3410 1800; x_wconf 80' lang='lat' dir='ltr'><strong>appel-</strong></span> 
     </span>
    </p>
   </div>
   <div class='ocr_carea' id='block_1_32' title="bbox 115 1799 1801 1887">
    <p class='ocr_par' dir='ltr' id='par_1_32' title="bbox 115 1799 1801 1887">
     <span class='ocr_line' id='line_1_32' title="bbox 115 1799 1801 1887; baseline 0.002 -20"><span class='ocrx_word' id='word_1_245' title='bbox 115 1813 213 1883; x_wconf 85' lang='lat' dir='ltr'><strong>gis</strong></span> <span class='ocrx_word' id='word_1_246' title='bbox 244 1814 503 1869; x_wconf 83' lang='lat' dir='ltr'><strong>sedentes</strong></span> <span class='ocrx_word' id='word_1_247' title='bbox 544 1813 863 1875; x_wconf 81' lang='lat' dir='ltr'><strong>invicemse</strong></span> <span class='ocrx_word' id='word_1_248' title='bbox 888 1824 1220 1886; x_wconf 88' lang='lat' dir='ltr'><strong>pungerent,</strong></span> <span class='ocrx_word' id='word_1_249' title='bbox 1258 1823 1314 1870; x_wconf 91' lang='lat' dir='ltr'><strong>et</strong></span> <span class='ocrx_word' id='word_1_250' title='bbox 1342 1831 1438 1886; x_wconf 91' lang='lat' dir='ltr'><strong>per</strong></span> <span class='ocrx_word' id='word_1_251' title='bbox 1460 1815 1566 1871; x_wconf 89' lang='lat' dir='ltr'><strong>hoc</strong></span> <span class='ocrx_word' id='word_1_252' title='bbox 1592 1814 1727 1887; x_wconf 80' lang='lat' dir='ltr'><strong>legis</strong></span> <span class='ocrx_word' id='word_1_253' title='bbox 1752 1799 1801 1860; x_wconf 77' lang='grc' dir='ltr'><strong>Β</strong></span> 
     </span>
    </p>
   </div>
   <div class='ocr_carea' id='block_1_33' title="bbox 1828 1807 3414 1889">
    <p class='ocr_par' dir='ltr' id='par_1_33' title="bbox 1828 1807 3414 1889">
     <span class='ocr_line' id='line_1_33' title="bbox 1828 1807 3414 1889; baseline 0.008 -25"><span class='ocrx_word' id='word_1_254' title='bbox 1828 1807 2029 1865; x_wconf 89' lang='lat' dir='ltr'><strong>latione</strong></span> <span class='ocrx_word' id='word_1_255' title='bbox 2054 1812 2411 1867; x_wconf 86' lang='lat' dir='ltr'><strong>reverentiam</strong></span> <span class='ocrx_word' id='word_1_256' title='bbox 2437 1827 2625 1869; x_wconf 92' lang='lat' dir='ltr'><strong>eorum</strong></span> <span class='ocrx_word' id='word_1_257' title='bbox 2655 1816 2928 1871; x_wconf 86' lang='lat' dir='ltr'><strong>sanctitati</strong></span> <span class='ocrx_word' id='word_1_258' title='bbox 2965 1825 3022 1873; x_wconf 90' lang='lat' dir='ltr'><strong>et</strong></span> <span class='ocrx_word' id='word_1_259' title='bbox 3061 1818 3206 1873; x_wconf 63' lang='lat' dir='ltr'><strong>aetati</strong></span> <span class='ocrx_word' id='word_1_260' title='bbox 3249 1827 3414 1889; x_wconf 86' lang='lat' dir='ltr'><strong>atque</strong></span> 
     </span>
    </p>
   </div>
   <div class='ocr_carea' id='block_1_34' title="bbox 121 1896 3414 1979">
    <p class='ocr_par' dir='ltr' id='par_1_34' title="bbox 121 1896 3414 1979">
     <span class='ocr_line' id='line_1_34' title="bbox 121 1896 3414 1979; baseline 0.002 -22"><span class='ocrx_word' id='word_1_261' title='bbox 121 1903 581 1971; x_wconf 85' lang='lat' dir='ltr'><strong>recordarentur,</strong></span> <span class='ocrx_word' id='word_1_262' title='bbox 607 1913 660 1959; x_wconf 90' lang='lat' dir='ltr'><strong>et</strong></span> <span class='ocrx_word' id='word_1_263' title='bbox 687 1896 913 1975; x_wconf 55' lang='lat' dir='ltr'><strong>qui‘hoc</strong></span> <span class='ocrx_word' id='word_1_264' title='bbox 943 1905 1196 1971; x_wconf 85' lang='lat' dir='ltr'><strong>haberet,</strong></span> <span class='ocrx_word' id='word_1_265' title='bbox 1230 1906 1537 1979; x_wconf 88' lang='lat' dir='ltr'><strong>religiosior</strong></span> <span class='ocrx_word' id='word_1_266' title='bbox 1558 1916 1723 1978; x_wconf 90' lang='lat' dir='ltr'><strong>puta-</strong></span> <span class='ocrx_word' id='word_1_267' title='bbox 1826 1902 2105 1974; x_wconf 74' lang='lat' dir='ltr'><strong>sapientia:</strong></span> <span class='ocrx_word' id='word_1_268' title='bbox 2121 1902 2432 1971; x_wconf 80' lang='lat' dir='ltr'><strong>deferimus,</strong></span> <span class='ocrx_word' id='word_1_269' title='bbox 2458 1921 2565 1961; x_wconf 91' lang='lat' dir='ltr'><strong>non</strong></span> <span class='ocrx_word' id='word_1_270' title='bbox 2590 1914 2770 1963; x_wconf 89' lang='lat' dir='ltr'><strong>tamen</strong></span> <span class='ocrx_word' id='word_1_271' title='bbox 2793 1917 3042 1964; x_wconf 87' lang='lat' dir='ltr'><strong>auctores</strong></span> <span class='ocrx_word' id='word_1_272' title='bbox 3062 1917 3261 1965; x_wconf 69' lang='lat' dir='ltr'><strong>nostrae</strong></span> <span class='ocrx_word' id='word_1_273' title='bbox 3284 1925 3414 1966; x_wconf 87' lang='lat' dir='ltr'><strong>con-</strong></span> 
     </span>
    </p>
   </div>
   <div class='ocr_carea' id='block_1_35' title="bbox 120 1992 3414 2056">
    <p class='ocr_par' dir='ltr' id='par_1_35' title="bbox 120 1992 3414 2056">
     <span class='ocr_line' id='line_1_35' title="bbox 120 1992 3414 2056; baseline 0.002 -8"><span class='ocrx_word' id='word_1_274' title='bbox 120 2002 309 2048; x_wconf 82' lang='lat' dir='ltr'><strong>retur.</strong></span> <span class='ocrx_word' id='word_1_275' title='bbox 339 1992 505 2049; x_wconf 76' lang='lat' dir='ltr'><strong>Juxta</strong></span> <span class='ocrx_word' id='word_1_276' title='bbox 536 1995 679 2050; x_wconf 90' lang='lat' dir='ltr'><strong>hanc</strong></span> <span class='ocrx_word' id='word_1_277' title='bbox 700 1994 1106 2050; x_wconf 85' lang='lat' dir='ltr'><strong>similitudinem</strong></span> <span class='ocrx_word' id='word_1_278' title='bbox 1138 1994 1240 2052; x_wconf 88' lang='lat' dir='ltr'><strong>fuit</strong></span> <span class='ocrx_word' id='word_1_279' title='bbox 1268 1996 1358 2051; x_wconf 92' lang='lat' dir='ltr'><strong>illa</strong></span> <span class='ocrx_word' id='word_1_280' title='bbox 1391 1996 1606 2052; x_wconf 88' lang='lat' dir='ltr'><strong>fimbria</strong></span> <span class='ocrx_word' id='word_1_281' title='bbox 1627 1996 1728 2052; x_wconf 84' lang='lat' dir='ltr'><strong>Do-</strong></span> <span class='ocrx_word' id='word_1_282' title='bbox 1826 1993 2042 2051; x_wconf 83' lang='lat' dir='ltr'><strong>titemur</strong></span> <span class='ocrx_word' id='word_1_283' title='bbox 2064 2003 2291 2050; x_wconf 68' lang='lat' dir='ltr'><strong>naturae.</strong></span> <span class='ocrx_word' id='word_1_284' title='bbox 2320 1995 2474 2052; x_wconf 90' lang='lat' dir='ltr'><strong>Sicut</strong></span> <span class='ocrx_word' id='word_1_285' title='bbox 2507 1997 2652 2051; x_wconf 89' lang='lat' dir='ltr'><strong>enim</strong></span> <span class='ocrx_word' id='word_1_286' title='bbox 2686 2014 2706 2048; x_wconf 74' lang='grc' dir='ltr'><strong>ε</strong></span> <span class='ocrx_word' id='word_1_287' title='bbox 2738 2012 2898 2053; x_wconf 92' lang='lat' dir='ltr'><strong>nemo</strong></span> <span class='ocrx_word' id='word_1_288' title='bbox 2922 1999 3096 2054; x_wconf 90' lang='lat' dir='ltr'><strong>bonus</strong></span> <span class='ocrx_word' id='word_1_289' title='bbox 3129 2000 3234 2055; x_wconf 92' lang='lat' dir='ltr'><strong>nisi</strong></span> <span class='ocrx_word' id='word_1_290' title='bbox 3263 2000 3414 2056; x_wconf 74' lang='lat' dir='ltr'><strong>solus</strong></span> 
     </span>
    </p>
   </div>
   <div class='ocr_carea' id='block_1_36' title="bbox 118 2082 1725 2158">
    <p class='ocr_par' dir='ltr' id='par_1_36' title="bbox 118 2082 1725 2158">
     <span class='ocr_line' id='line_1_36' title="bbox 118 2082 1725 2158; baseline 0.004 -20"><span class='ocrx_word' id='word_1_291' title='bbox 118 2082 293 2150; x_wconf 80' lang='lat' dir='ltr'><strong>mini,</strong></span> <span class='ocrx_word' id='word_1_292' title='bbox 321 2100 428 2141; x_wconf 91' lang='lat' dir='ltr'><strong>non</strong></span> <span class='ocrx_word' id='word_1_293' title='bbox 454 2084 837 2156; x_wconf 76' lang='lat' dir='ltr'><strong>superstitione</strong></span> <span class='ocrx_word' id='word_1_294' title='bbox 855 2082 1163 2157; x_wconf 58' lang='lat' dir='ltr'><strong>pinacisaica</strong></span> <span class='ocrx_word' id='word_1_295' title='bbox 1181 2086 1473 2158; x_wconf 81' lang='lat' dir='ltr'><strong>superflua,</strong></span> <span class='ocrx_word' id='word_1_296' title='bbox 1490 2089 1584 2144; x_wconf 89' lang='lat' dir='ltr'><strong>sed</strong></span> <span class='ocrx_word' id='word_1_297' title='bbox 1610 2103 1725 2144; x_wconf 87' lang='lat' dir='ltr'><strong>mo-</strong></span> 
     </span>
    </p>
   </div>
   <div class='ocr_carea' id='block_1_37' title="bbox 118 2173 1723 2247">
    <p class='ocr_par' dir='ltr' id='par_1_37' title="bbox 118 2173 1723 2247">
     <span class='ocr_line' id='line_1_37' title="bbox 118 2173 1723 2247; baseline 0.002 -19"><span class='ocrx_word' id='word_1_298' title='bbox 118 2173 254 2229; x_wconf 87' lang='lat' dir='ltr'><strong>dica</strong></span> <span class='ocrx_word' id='word_1_299' title='bbox 295 2181 354 2229; x_wconf 92' lang='lat' dir='ltr'><strong>et</strong></span> <span class='ocrx_word' id='word_1_300' title='bbox 400 2190 567 2246; x_wconf 90' lang='lat' dir='ltr'><strong>parva</strong></span> <span class='ocrx_word' id='word_1_301' title='bbox 613 2175 914 2229; x_wconf 88' lang='lat' dir='ltr'><strong>secundum</strong></span> <span class='ocrx_word' id='word_1_302' title='bbox 964 2184 1232 2246; x_wconf 77' lang='lat' dir='ltr'><strong>pnecepta</strong></span> <span class='ocrx_word' id='word_1_303' title='bbox 1282 2176 1511 2247; x_wconf 79' lang='lat' dir='ltr'><strong>legalis,</strong></span> <span class='ocrx_word' id='word_1_304' title='bbox 1562 2192 1723 2247; x_wconf 91' lang='lat' dir='ltr'><strong>quam</strong></span> 
     </span>
    </p>
   </div>
   <div class='ocr_carea' id='block_1_38' title="bbox 120 2263 1723 2336">
    <p class='ocr_par' dir='ltr' id='par_1_38' title="bbox 120 2263 1723 2336">
     <span class='ocr_line' id='line_1_38' title="bbox 120 2263 1723 2336; baseline 0.002 -18"><span class='ocrx_word' id='word_1_305' title='bbox 120 2263 357 2330; x_wconf 90' lang='lat' dir='ltr'><strong>mulier,</strong></span> <span class='ocrx_word' id='word_1_306' title='bbox 382 2272 502 2334; x_wconf 72' lang='lat' dir='ltr'><strong>qusi</strong></span> <span class='ocrx_word' id='word_1_307' title='bbox 527 2263 994 2320; x_wconf 74' lang='lat' dir='ltr'><strong>duodecim‘annis</strong></span> <span class='ocrx_word' id='word_1_308' title='bbox 1021 2263 1222 2320; x_wconf 74' lang='lat' dir='ltr'><strong>fluxum</strong></span> <span class='ocrx_word' id='word_1_309' title='bbox 1259 2267 1536 2336; x_wconf 87' lang='lat' dir='ltr'><strong>sanguinis</strong></span> <span class='ocrx_word' id='word_1_310' title='bbox 1566 2282 1723 2336; x_wconf 87' lang='lat' dir='ltr'><strong>passa</strong></span> 
     </span>
    </p>
   </div>
   <div class='ocr_carea' id='block_1_39' title="bbox 117 2342 1727 2425">
    <p class='ocr_par' dir='ltr' id='par_1_39' title="bbox 117 2342 1727 2425">
     <span class='ocr_line' id='line_1_39' title="bbox 117 2342 1727 2425; baseline 0.001 -16"><span class='ocrx_word' id='word_1_311' title='bbox 117 2342 309 2417; x_wconf 54' lang='lat' dir='ltr'><strong>erat,</strong></span> <span class='ocrx_word' id='word_1_312' title='bbox 341 2352 605 2408; x_wconf 75' lang='lat' dir='ltr'><strong>accedens</strong></span> <span class='ocrx_word' id='word_1_313' title='bbox 649 2361 796 2409; x_wconf 89' lang='lat' dir='ltr'><strong>retro</strong></span> <span class='ocrx_word' id='word_1_314' title='bbox 832 2353 1001 2424; x_wconf 87' lang='lat' dir='ltr'><strong>tetigit</strong></span> <span class='ocrx_word' id='word_1_315' title='bbox 1034 2352 1187 2425; x_wconf 85' lang='lat' dir='ltr'><strong>(Luc.</strong></span> <span class='ocrx_word' id='word_1_316' title='bbox 1217 2356 1357 2425; x_wconf 81' lang='lat' dir='ltr'><strong>vui),</strong></span> <span class='ocrx_word' id='word_1_317' title='bbox 1399 2365 1451 2411; x_wconf 91' lang='lat' dir='ltr'><strong>et</strong></span> <span class='ocrx_word' id='word_1_318' title='bbox 1493 2371 1601 2412; x_wconf 91' lang='lat' dir='ltr'><strong>non</strong></span> <span class='ocrx_word' id='word_1_319' title='bbox 1643 2364 1727 2413; x_wconf 90' lang='lat' dir='ltr'><strong>est</strong></span> 
     </span>
    </p>
   </div>
   <div class='ocr_carea' id='block_1_40' title="bbox 119 2444 1721 2517">
    <p class='ocr_par' dir='ltr' id='par_1_40' title="bbox 119 2444 1721 2517">
     <span class='ocr_line' id='line_1_40' title="bbox 119 2444 1721 2517; baseline 0.003 -18"><span class='ocrx_word' id='word_1_320' title='bbox 119 2444 436 2499; x_wconf 85' lang='lat' dir='ltr'><strong>secundum</strong></span> <span class='ocrx_word' id='word_1_321' title='bbox 467 2444 903 2514; x_wconf 83' lang='lat' dir='ltr'><strong>superstitionem</strong></span> <span class='ocrx_word' id='word_1_322' title='bbox 931 2444 1329 2502; x_wconf 70' lang='lat' dir='ltr'><strong>Pharisaiorum</strong></span> <span class='ocrx_word' id='word_1_323' title='bbox 1367 2456 1721 2517; x_wconf 86' lang='lat' dir='ltr'><strong>compuncta,</strong></span> 
     </span>
    </p>
   </div>
   <div class='ocr_carea' id='block_1_41' title="bbox 84 2537 1725 2608">
    <p class='ocr_par' dir='ltr' id='par_1_41' title="bbox 84 2537 1725 2608">
     <span class='ocr_line' id='line_1_41' title="bbox 84 2537 1725 2608; baseline 0.004 -19"><span class='ocrx_word' id='word_1_324' title='bbox 84 2581 95 2589; x_wconf 93' lang='lat'><strong>.</strong></span> <span class='ocrx_word' id='word_1_325' title='bbox 122 2538 229 2593; x_wconf 85' lang='lat' dir='ltr'><strong>sed</strong></span> <span class='ocrx_word' id='word_1_326' title='bbox 254 2537 473 2594; x_wconf 88' lang='lat' dir='ltr'><strong>Domini</strong></span> <span class='ocrx_word' id='word_1_327' title='bbox 494 2538 865 2594; x_wconf 88' lang='lat' dir='ltr'><strong>misericordia</strong></span> <span class='ocrx_word' id='word_1_328' title='bbox 893 2548 1104 2594; x_wconf 90' lang='lat' dir='ltr'><strong>sanata.</strong></span> <span class='ocrx_word' id='word_1_329' title='bbox 1141 2538 1223 2594; x_wconf 83' lang='lat' dir='ltr'><strong>Ad</strong></span> <span class='ocrx_word' id='word_1_330' title='bbox 1254 2538 1386 2608; x_wconf 89' lang='lat' dir='ltr'><strong>quid</strong></span> <span class='ocrx_word' id='word_1_331' title='bbox 1415 2546 1595 2595; x_wconf 88' lang='lat' dir='ltr'><strong>autem</strong></span> <span class='ocrx_word' id='word_1_332' title='bbox 1623 2539 1725 2595; x_wconf 89' lang='lat' dir='ltr'><strong>has</strong></span> 
     </span>
    </p>
   </div>
   <div class='ocr_carea' id='block_1_42' title="bbox 128 2628 1726 2699">
    <p class='ocr_par' dir='ltr' id='par_1_42' title="bbox 128 2628 1726 2699">
     <span class='ocr_line' id='line_1_42' title="bbox 128 2628 1726 2699; baseline 0.001 -16"><span class='ocrx_word' id='word_1_333' title='bbox 128 2636 187 2683; x_wconf 89' lang='lat' dir='ltr'><strong>et</strong></span> <span class='ocrx_word' id='word_1_334' title='bbox 217 2628 525 2699; x_wconf 86' lang='lat' dir='ltr'><strong>hujusmodi</strong></span> <span class='ocrx_word' id='word_1_335' title='bbox 556 2629 970 2699; x_wconf 87' lang='lat' dir='ltr'><strong>superstitiones</strong></span> <span class='ocrx_word' id='word_1_336' title='bbox 997 2630 1311 2696; x_wconf 87' lang='lat' dir='ltr'><strong>invenisset,</strong></span> <span class='ocrx_word' id='word_1_337' title='bbox 1346 2628 1726 2686; x_wconf 83' lang='lat' dir='ltr'><strong>manifestatur</strong></span> 
     </span>
    </p>
   </div>
   <div class='ocr_carea' id='block_1_43' title="bbox 132 2716 578 2773">
    <p class='ocr_par' dir='ltr' id='par_1_43' title="bbox 132 2716 578 2773">
     <span class='ocr_line' id='line_1_43' title="bbox 132 2716 578 2773; baseline -0.002 -2"><span class='ocrx_word' id='word_1_338' title='bbox 132 2730 261 2772; x_wconf 89' lang='lat' dir='ltr'><strong>cum</strong></span> <span class='ocrx_word' id='word_1_339' title='bbox 289 2716 578 2773; x_wconf 88' lang='lat' dir='ltr'><strong>subditur:</strong></span> 
     </span>
    </p>
   </div>
   <div class='ocr_carea' id='block_1_44' title="bbox 209 2807 1723 2879">
    <p class='ocr_par' dir='ltr' id='par_1_44' title="bbox 209 2807 1723 2879">
     <span class='ocr_line' id='line_1_44' title="bbox 209 2807 1723 2879; baseline 0.002 -17"><span class='ocrx_word' id='word_1_340' title='bbox 209 2827 231 2861; x_wconf 71' lang='grc' dir='ltr'>ι</span> <span class='ocrx_word' id='word_1_341' title='bbox 258 2807 462 2863; x_wconf 82' lang='lat' dir='ltr'><strong>Amant</strong></span> <span class='ocrx_word' id='word_1_342' title='bbox 481 2816 661 2865; x_wconf 89' lang='lat' dir='ltr'><strong>autem</strong></span> <span class='ocrx_word' id='word_1_343' title='bbox 689 2809 893 2879; x_wconf 90' lang='lat' dir='ltr'><strong>primos</strong></span> <span class='ocrx_word' id='word_1_344' title='bbox 922 2810 1200 2865; x_wconf 88' lang='lat' dir='ltr'><strong>recubitus</strong></span> <span class='ocrx_word' id='word_1_345' title='bbox 1220 2810 1272 2864; x_wconf 93' lang='lat' dir='ltr'><strong>in</strong></span> <span class='ocrx_word' id='word_1_346' title='bbox 1295 2810 1485 2865; x_wconf 80' lang='lat' dir='ltr'><strong>caenis.</strong></span> <span class='ocrx_word' id='word_1_347' title='bbox 1518 2828 1538 2864; x_wconf 72' lang='grc' dir='ltr'>ι</span> <span class='ocrx_word' id='word_1_348' title='bbox 1567 2809 1723 2877; x_wconf 85' lang='lat' dir='ltr'><strong>Quod</strong></span> 
     </span>
    </p>
   </div>
   <div class='ocr_carea' id='block_1_45' title="bbox 131 2898 1720 2970">
    <p class='ocr_par' dir='ltr' id='par_1_45' title="bbox 131 2898 1720 2970">
     <span class='ocr_line' id='line_1_45' title="bbox 131 2898 1720 2970; baseline 0.004 -18"><span class='ocrx_word' id='word_1_349' title='bbox 131 2898 371 2969; x_wconf 86' lang='lat' dir='ltr'><strong>pertinet</strong></span> <span class='ocrx_word' id='word_1_350' title='bbox 398 2898 468 2953; x_wconf 90' lang='lat' dir='ltr'><strong>ad</strong></span> <span class='ocrx_word' id='word_1_351' title='bbox 495 2899 697 2955; x_wconf 90' lang='lat' dir='ltr'><strong>ventris</strong></span> <span class='ocrx_word' id='word_1_352' title='bbox 717 2899 1042 2968; x_wconf 87' lang='lat' dir='ltr'><strong>ingluviem;</strong></span> <span class='ocrx_word' id='word_1_353' title='bbox 1076 2918 1095 2950; x_wconf 76' lang='grc' dir='ltr'>ι</span> <span class='ocrx_word' id='word_1_354' title='bbox 1131 2910 1187 2955; x_wconf 92' lang='lat' dir='ltr'><strong>et</strong></span> <span class='ocrx_word' id='word_1_355' title='bbox 1210 2900 1414 2970; x_wconf 86' lang='lat' dir='ltr'><strong>primas</strong></span> <span class='ocrx_word' id='word_1_356' title='bbox 1434 2901 1720 2958; x_wconf 84' lang='lat' dir='ltr'><strong>cathedras</strong></span> 
     </span>
    </p>
   </div>
   <div class='ocr_carea' id='block_1_46' title="bbox 135 2988 1716 3063">
    <p class='ocr_par' dir='ltr' id='par_1_46' title="bbox 135 2988 1716 3063">
     <span class='ocr_line' id='line_1_46' title="bbox 135 2988 1716 3063; baseline 0.003 -20"><span class='ocrx_word' id='word_1_357' title='bbox 135 2989 193 3044; x_wconf 91' lang='lat' dir='ltr'><strong>in</strong></span> <span class='ocrx_word' id='word_1_358' title='bbox 219 2988 544 3060; x_wconf 83' lang='lat' dir='ltr'><strong>synagogis:</strong></span> <span class='ocrx_word' id='word_1_359' title='bbox 580 3006 599 3040; x_wconf 76' lang='grc' dir='ltr'><strong><em>ι</em></strong></span> <span class='ocrx_word' id='word_1_360' title='bbox 641 2989 785 3060; x_wconf 89' lang='lat' dir='ltr'><strong>quod</strong></span> <span class='ocrx_word' id='word_1_361' title='bbox 811 2989 1043 3059; x_wconf 88' lang='lat' dir='ltr'><strong>pertinet</strong></span> <span class='ocrx_word' id='word_1_362' title='bbox 1080 2990 1149 3045; x_wconf 90' lang='lat' dir='ltr'><strong>ad</strong></span> <span class='ocrx_word' id='word_1_363' title='bbox 1193 2992 1407 3047; x_wconf 91' lang='lat' dir='ltr'><strong>inanem</strong></span> <span class='ocrx_word' id='word_1_364' title='bbox 1449 2992 1716 3063; x_wconf 87' lang='lat' dir='ltr'><strong>gloriam;</strong></span> 
     </span>
    </p>
   </div>
   <div class='ocr_carea' id='block_1_47' title="bbox 143 3079 1719 3145">
    <p class='ocr_par' dir='ltr' id='par_1_47' title="bbox 143 3079 1719 3145">
     <span class='ocr_line' id='line_1_47' title="bbox 143 3079 1719 3145; baseline 0.004 -13"><span class='ocrx_word' id='word_1_365' title='bbox 143 3097 165 3132; x_wconf 72' lang='grc' dir='ltr'>ι</span> <span class='ocrx_word' id='word_1_366' title='bbox 200 3088 258 3136; x_wconf 89' lang='lat' dir='ltr'><strong>et</strong></span> <span class='ocrx_word' id='word_1_367' title='bbox 306 3079 660 3137; x_wconf 87' lang='lat' dir='ltr'><strong>salutationes</strong></span> <span class='ocrx_word' id='word_1_368' title='bbox 704 3079 759 3134; x_wconf 93' lang='lat' dir='ltr'><strong>in</strong></span> <span class='ocrx_word' id='word_1_369' title='bbox 805 3079 955 3145; x_wconf 82' lang='lat' dir='ltr'><strong>foro,</strong></span> <span class='ocrx_word' id='word_1_370' title='bbox 1003 3089 1061 3136; x_wconf 88' lang='lat' dir='ltr'><strong>et</strong></span> <span class='ocrx_word' id='word_1_371' title='bbox 1101 3083 1286 3138; x_wconf 89' lang='lat' dir='ltr'><strong>vocari</strong></span> <span class='ocrx_word' id='word_1_372' title='bbox 1313 3082 1383 3137; x_wconf 90' lang='lat' dir='ltr'><strong>ab</strong></span> <span class='ocrx_word' id='word_1_373' title='bbox 1412 3083 1719 3139; x_wconf 89' lang='lat' dir='ltr'><strong>hominibus</strong></span> 
     </span>
    </p>
   </div>
   <div class='ocr_carea' id='block_1_48' title="bbox 1824 2087 3407 2168">
    <p class='ocr_par' dir='ltr' id='par_1_48' title="bbox 1824 2087 3407 2168">
     <span class='ocr_line' id='line_1_48' title="bbox 1824 2087 3407 2168; baseline 0.004 -26"><span class='ocrx_word' id='word_1_374' title='bbox 1824 2088 1966 2144; x_wconf 90' lang='lat' dir='ltr'><strong>Deus</strong></span> <span class='ocrx_word' id='word_1_375' title='bbox 1998 2088 2227 2160; x_wconf 75' lang='lat' dir='ltr'><strong>(Matth.</strong></span> <span class='ocrx_word' id='word_1_376' title='bbox 2258 2087 2347 2160; x_wconf 72' lang='grc' dir='ltr'><strong>ι),</strong></span> <span class='ocrx_word' id='word_1_377' title='bbox 2380 2108 2400 2142; x_wconf 74' lang='grc' dir='ltr'><strong><em>ι</em></strong></span> <span class='ocrx_word' id='word_1_378' title='bbox 2431 2098 2486 2145; x_wconf 90' lang='lat' dir='ltr'><strong>et</strong></span> <span class='ocrx_word' id='word_1_379' title='bbox 2529 2098 2706 2144; x_wconf 89' lang='lat' dir='ltr'><strong>tamen</strong></span> <span class='ocrx_word' id='word_1_380' title='bbox 2737 2091 2807 2146; x_wconf 92' lang='lat' dir='ltr'><strong>ab</strong></span> <span class='ocrx_word' id='word_1_381' title='bbox 2837 2090 2955 2160; x_wconf 87' lang='lat' dir='ltr'><strong>ejus</strong></span> <span class='ocrx_word' id='word_1_382' title='bbox 2982 2091 3221 2148; x_wconf 88' lang='lat' dir='ltr'><strong>bonitate</strong></span> <span class='ocrx_word' id='word_1_383' title='bbox 3238 2092 3407 2168; x_wconf 78' lang='lat' dir='ltr'><strong>multi</strong></span> 
     </span>
    </p>
   </div>
   <div class='ocr_carea' id='block_1_49' title="bbox 1823 2177 3404 2251">
    <p class='ocr_par' dir='ltr' id='par_1_49' title="bbox 1823 2177 3404 2251">
     <span class='ocr_line' id='line_1_49' title="bbox 1823 2177 3404 2251; baseline 0.003 -19"><span class='ocrx_word' id='word_1_384' title='bbox 1823 2177 1948 2232; x_wconf 93' lang='lat' dir='ltr'><strong>boni</strong></span> <span class='ocrx_word' id='word_1_385' title='bbox 1979 2186 2283 2233; x_wconf 83' lang='lat' dir='ltr'><strong>vocantur:</strong></span> <span class='ocrx_word' id='word_1_386' title='bbox 2312 2178 2387 2233; x_wconf 89' lang='lat' dir='ltr'><strong>ita</strong></span> <span class='ocrx_word' id='word_1_387' title='bbox 2411 2193 2550 2234; x_wconf 90' lang='lat' dir='ltr'><strong>unus</strong></span> <span class='ocrx_word' id='word_1_388' title='bbox 2569 2188 2653 2234; x_wconf 90' lang='lat' dir='ltr'><strong>est</strong></span> <span class='ocrx_word' id='word_1_389' title='bbox 2675 2180 2839 2236; x_wconf 91' lang='lat' dir='ltr'><strong>Pater</strong></span> <span class='ocrx_word' id='word_1_390' title='bbox 2857 2182 2949 2251; x_wconf 92' lang='lat' dir='ltr'><strong>qui</strong></span> <span class='ocrx_word' id='word_1_391' title='bbox 2972 2182 3152 2241; x_wconf 87' lang='lat' dir='ltr'><strong>omnia</strong></span> <span class='ocrx_word' id='word_1_392' title='bbox 3177 2184 3404 2250; x_wconf 89' lang='lat' dir='ltr'><strong>creavit,</strong></span> 
     </span>
    </p>
   </div>
   <div class='ocr_carea' id='block_1_50' title="bbox 1824 2267 3411 2346">
    <p class='ocr_par' dir='ltr' id='par_1_50' title="bbox 1824 2267 3411 2346">
     <span class='ocr_line' id='line_1_50' title="bbox 1824 2267 3411 2346; baseline 0.005 -24"><span class='ocrx_word' id='word_1_393' title='bbox 1824 2275 1880 2322; x_wconf 89' lang='lat' dir='ltr'><strong>et</strong></span> <span class='ocrx_word' id='word_1_394' title='bbox 1923 2284 2064 2323; x_wconf 89' lang='lat' dir='ltr'><strong>unus</strong></span> <span class='ocrx_word' id='word_1_395' title='bbox 2104 2267 2362 2338; x_wconf 84' lang='lat' dir='ltr'><strong>Magister</strong></span> <span class='ocrx_word' id='word_1_396' title='bbox 2402 2270 2491 2340; x_wconf 90' lang='lat' dir='ltr'><strong>qui</strong></span> <span class='ocrx_word' id='word_1_397' title='bbox 2525 2272 2703 2326; x_wconf 89' lang='lat' dir='ltr'><strong>omnia</strong></span> <span class='ocrx_word' id='word_1_398' title='bbox 2745 2273 2961 2337; x_wconf 91' lang='lat' dir='ltr'><strong>docuit,</strong></span> <span class='ocrx_word' id='word_1_399' title='bbox 2994 2282 3173 2330; x_wconf 91' lang='lat' dir='ltr'><strong>tamen</strong></span> <span class='ocrx_word' id='word_1_400' title='bbox 3201 2274 3271 2330; x_wconf 90' lang='lat' dir='ltr'><strong>ab</strong></span> <span class='ocrx_word' id='word_1_401' title='bbox 3293 2276 3411 2346; x_wconf 87' lang='lat' dir='ltr'><strong>ejus</strong></span> 
     </span>
    </p>
   </div>
   <div class='ocr_carea' id='block_1_51' title="bbox 1824 2358 3410 2435">
    <p class='ocr_par' dir='ltr' id='par_1_51' title="bbox 1824 2358 3410 2435">
     <span class='ocr_line' id='line_1_51' title="bbox 1824 2358 3410 2435; baseline 0.005 -24"><span class='ocrx_word' id='word_1_402' title='bbox 1824 2358 2136 2427; x_wconf 88' lang='lat' dir='ltr'><strong>magisterio</strong></span> <span class='ocrx_word' id='word_1_403' title='bbox 2173 2359 2257 2413; x_wconf 91' lang='lat' dir='ltr'><strong>vel</strong></span> <span class='ocrx_word' id='word_1_404' title='bbox 2302 2360 2603 2416; x_wconf 88' lang='lat' dir='ltr'><strong>imitatione</strong></span> <span class='ocrx_word' id='word_1_405' title='bbox 2651 2361 2805 2417; x_wconf 89' lang='lat' dir='ltr'><strong>multi</strong></span> <span class='ocrx_word' id='word_1_406' title='bbox 2850 2363 3093 2435; x_wconf 89' lang='lat' dir='ltr'><strong>magistri</strong></span> <span class='ocrx_word' id='word_1_407' title='bbox 3139 2371 3193 2418; x_wconf 91' lang='lat' dir='ltr'><strong>et</strong></span> <span class='ocrx_word' id='word_1_408' title='bbox 3227 2374 3410 2434; x_wconf 87' lang='lat' dir='ltr'><strong>patres</strong></span> 
     </span>
    </p>
   </div>
   <div class='ocr_carea' id='block_1_52' title="bbox 1825 2449 3409 2520">
    <p class='ocr_par' dir='ltr' id='par_1_52' title="bbox 1825 2449 3409 2520">
     <span class='ocr_line' id='line_1_52' title="bbox 1825 2449 3409 2520; baseline 0.004 -17"><span class='ocrx_word' id='word_1_409' title='bbox 1825 2449 2180 2520; x_wconf 91' lang='lat' dir='ltr'><strong>appellantur.</strong></span> <span class='ocrx_word' id='word_1_410' title='bbox 2211 2450 2317 2506; x_wconf 89' lang='lat' dir='ltr'><strong>Sed</strong></span> <span class='ocrx_word' id='word_1_411' title='bbox 2362 2451 2490 2516; x_wconf 89' lang='lat' dir='ltr'><strong>iste,</strong></span> <span class='ocrx_word' id='word_1_412' title='bbox 2545 2461 2604 2507; x_wconf 91' lang='lat' dir='ltr'><strong>ut</strong></span> <span class='ocrx_word' id='word_1_413' title='bbox 2637 2453 2893 2520; x_wconf 78' lang='lat' dir='ltr'><strong>diximus,</strong></span> <span class='ocrx_word' id='word_1_414' title='bbox 2921 2455 3303 2519; x_wconf 89' lang='lat' dir='ltr'><strong>essentialiter,</strong></span> <span class='ocrx_word' id='word_1_415' title='bbox 3335 2455 3409 2510; x_wconf 87' lang='lat' dir='ltr'><strong>illi</strong></span> 
     </span>
    </p>
   </div>
   <div class='ocr_carea' id='block_1_53' title="bbox 1824 2542 3407 2618">
    <p class='ocr_par' dir='ltr' id='par_1_53' title="bbox 1824 2542 3407 2618">
     <span class='ocr_line' id='line_1_53' title="bbox 1824 2542 3407 2618; baseline 0.005 -23"><span class='ocrx_word' id='word_1_416' title='bbox 1824 2556 1954 2598; x_wconf 89' lang='lat' dir='ltr'><strong>vero</strong></span> <span class='ocrx_word' id='word_1_417' title='bbox 1990 2542 2230 2598; x_wconf 84' lang='lat' dir='ltr'><strong>abusive.</strong></span> <span class='ocrx_word' id='word_1_418' title='bbox 2263 2542 2372 2599; x_wconf 89' lang='lat' dir='ltr'><strong>Sed</strong></span> <span class='ocrx_word' id='word_1_419' title='bbox 2404 2544 2530 2614; x_wconf 88' lang='lat' dir='ltr'><strong>quia</strong></span> <span class='ocrx_word' id='word_1_420' title='bbox 2558 2544 2624 2599; x_wconf 92' lang='lat' dir='ltr'><strong>ad</strong></span> <span class='ocrx_word' id='word_1_421' title='bbox 2654 2546 2795 2601; x_wconf 89' lang='lat' dir='ltr'><strong>hanc</strong></span> <span class='ocrx_word' id='word_1_422' title='bbox 2836 2545 3170 2618; x_wconf 87' lang='lat' dir='ltr'><strong>dignitatem,</strong></span> <span class='ocrx_word' id='word_1_423' title='bbox 3200 2557 3262 2603; x_wconf 92' lang='lat' dir='ltr'><strong>ut</strong></span> <span class='ocrx_word' id='word_1_424' title='bbox 3289 2564 3407 2603; x_wconf 88' lang='lat' dir='ltr'><strong>ma-</strong></span> 
     </span>
    </p>
   </div>
   <div class='ocr_carea' id='block_1_54' title="bbox 1822 2631 3407 2710">
    <p class='ocr_par' dir='ltr' id='par_1_54' title="bbox 1822 2631 3407 2710">
     <span class='ocr_line' id='line_1_54' title="bbox 1822 2631 3407 2710; baseline 0.006 -24"><span class='ocrx_word' id='word_1_425' title='bbox 1822 2631 1979 2702; x_wconf 87' lang='lat' dir='ltr'><strong>gistri</strong></span> <span class='ocrx_word' id='word_1_426' title='bbox 2017 2632 2102 2687; x_wconf 87' lang='lat' dir='ltr'><strong>vel</strong></span> <span class='ocrx_word' id='word_1_427' title='bbox 2147 2643 2331 2703; x_wconf 89' lang='lat' dir='ltr'><strong>patres</strong></span> <span class='ocrx_word' id='word_1_428' title='bbox 2367 2642 2646 2701; x_wconf 88' lang='lat' dir='ltr'><strong>vocentur,</strong></span> <span class='ocrx_word' id='word_1_429' title='bbox 2677 2651 2785 2692; x_wconf 91' lang='lat' dir='ltr'><strong>non</strong></span> <span class='ocrx_word' id='word_1_430' title='bbox 2816 2652 2914 2708; x_wconf 90' lang='lat' dir='ltr'><strong>per</strong></span> <span class='ocrx_word' id='word_1_431' title='bbox 2937 2639 3270 2710; x_wconf 90' lang='lat' dir='ltr'><strong>superbiam.</strong></span> <span class='ocrx_word' id='word_1_432' title='bbox 3312 2641 3407 2696; x_wconf 92' lang='lat' dir='ltr'><strong>sed</strong></span> 
     </span>
    </p>
   </div>
   <div class='ocr_carea' id='block_1_55' title="bbox 1822 2722 3136 2794">
    <p class='ocr_par' dir='ltr' id='par_1_55' title="bbox 1822 2722 3136 2794">
     <span class='ocr_line' id='line_1_55' title="bbox 1822 2722 3136 2794; baseline 0.008 -19"><span class='ocrx_word' id='word_1_433' title='bbox 1822 2736 1918 2793; x_wconf 92' lang='lat' dir='ltr'><strong>per</strong></span> <span class='ocrx_word' id='word_1_434' title='bbox 1942 2722 2302 2789; x_wconf 84' lang='lat' dir='ltr'><strong>humilitatem</strong></span> <span class='ocrx_word' id='word_1_435' title='bbox 2329 2726 2661 2794; x_wconf 90' lang='lat' dir='ltr'><strong>ascenditur,</strong></span> <span class='ocrx_word' id='word_1_436' title='bbox 2698 2737 2848 2785; x_wconf 90' lang='lat' dir='ltr'><strong>recte</strong></span> <span class='ocrx_word' id='word_1_437' title='bbox 2869 2729 3136 2786; x_wconf 85' lang='lat' dir='ltr'><strong>subditur.</strong></span> 
     </span>
    </p>
   </div>
   <div class='ocr_carea' id='block_1_56' title="bbox 1899 2813 3408 2884">
    <p class='ocr_par' dir='ltr' id='par_1_56' title="bbox 1899 2813 3408 2884">
     <span class='ocr_line' id='line_1_56' title="bbox 1899 2813 3408 2884; baseline 0.01 -19"><span class='ocrx_word' id='word_1_438' title='bbox 1899 2832 1918 2865; x_wconf 75' lang='grc' dir='ltr'>ι</span> <span class='ocrx_word' id='word_1_439' title='bbox 1951 2813 2053 2881; x_wconf 91' lang='lat' dir='ltr'><strong>Qui</strong></span> <span class='ocrx_word' id='word_1_440' title='bbox 2080 2815 2255 2884; x_wconf 87' lang='lat' dir='ltr'><strong>major</strong></span> <span class='ocrx_word' id='word_1_441' title='bbox 2277 2824 2363 2872; x_wconf 89' lang='lat' dir='ltr'><strong>est</strong></span> <span class='ocrx_word' id='word_1_442' title='bbox 2384 2826 2643 2883; x_wconf 88' lang='lat' dir='ltr'><strong>vestrum,</strong></span> <span class='ocrx_word' id='word_1_443' title='bbox 2667 2820 2774 2875; x_wconf 92' lang='lat' dir='ltr'><strong>erit</strong></span> <span class='ocrx_word' id='word_1_444' title='bbox 2790 2821 3037 2877; x_wconf 89' lang='lat' dir='ltr'><strong>minister</strong></span> <span class='ocrx_word' id='word_1_445' title='bbox 3064 2834 3264 2879; x_wconf 86' lang='lat' dir='ltr'><strong>vester.</strong></span> <span class='ocrx_word' id='word_1_446' title='bbox 3302 2843 3321 2877; x_wconf 75' lang='grc' dir='ltr'><strong>ι</strong></span> <span class='ocrx_word' id='word_1_447' title='bbox 3350 2824 3408 2880; x_wconf 84' lang='grc' dir='ltr'><strong>1η</strong></span> 
     </span>
    </p>
   </div>
   <div class='ocr_carea' id='block_1_57' title="bbox 1822 2906 3407 2989">
    <p class='ocr_par' dir='ltr' id='par_1_57' title="bbox 1822 2906 3407 2989">
     <span class='ocr_line' id='line_1_57' title="bbox 1822 2906 3407 2989; baseline 0.008 -28"><span class='ocrx_word' id='word_1_448' title='bbox 1822 2906 2018 2977; x_wconf 91' lang='lat' dir='ltr'><strong>quibus</strong></span> <span class='ocrx_word' id='word_1_449' title='bbox 2065 2909 2247 2966; x_wconf 79' lang='lat' dir='ltr'><strong>verbis</strong></span> <span class='ocrx_word' id='word_1_450' title='bbox 2287 2909 2500 2965; x_wconf 89' lang='lat' dir='ltr'><strong>illorum</strong></span> <span class='ocrx_word' id='word_1_451' title='bbox 2532 2913 2785 2982; x_wconf 86' lang='lat' dir='ltr'><strong>superbia</strong></span> <span class='ocrx_word' id='word_1_452' title='bbox 2828 2917 3156 2985; x_wconf 90' lang='lat' dir='ltr'><strong>retunditur,</strong></span> <span class='ocrx_word' id='word_1_453' title='bbox 3179 2918 3271 2989; x_wconf 90' lang='lat' dir='ltr'><strong>qui</strong></span> <span class='ocrx_word' id='word_1_454' title='bbox 3300 2935 3407 2975; x_wconf 90' lang='lat' dir='ltr'><strong>non</strong></span> 
     </span>
    </p>
   </div>
   <div class='ocr_carea' id='block_1_58' title="bbox 1820 2997 3407 3076">
    <p class='ocr_par' dir='ltr' id='par_1_58' title="bbox 1820 2997 3407 3076">
     <span class='ocr_line' id='line_1_58' title="bbox 1820 2997 3407 3076; baseline 0.011 -25"><span class='ocrx_word' id='word_1_455' title='bbox 1820 3010 1917 3065; x_wconf 90' lang='lat' dir='ltr'><strong>per</strong></span> <span class='ocrx_word' id='word_1_456' title='bbox 1944 2997 2069 3053; x_wconf 69' lang='lat' dir='ltr'><strong>vitae</strong></span> <span class='ocrx_word' id='word_1_457' title='bbox 2088 2998 2362 3067; x_wconf 88' lang='lat' dir='ltr'><strong>meritum,</strong></span> <span class='ocrx_word' id='word_1_458' title='bbox 2392 3001 2488 3057; x_wconf 90' lang='lat' dir='ltr'><strong>sed</strong></span> <span class='ocrx_word' id='word_1_459' title='bbox 2515 3011 2741 3074; x_wconf 87' lang='lat' dir='ltr'><strong>propter</strong></span> <span class='ocrx_word' id='word_1_460' title='bbox 2764 3007 3120 3076; x_wconf 88' lang='lat' dir='ltr'><strong>temporalem</strong></span> <span class='ocrx_word' id='word_1_461' title='bbox 3144 3010 3407 3068; x_wconf 87' lang='lat' dir='ltr'><strong>honorem</strong></span> 
     </span>
    </p>
   </div>
   <div class='ocr_carea' id='block_1_59' title="bbox 1822 3087 3407 3172">
    <p class='ocr_par' dir='ltr' id='par_1_59' title="bbox 1822 3087 3407 3172">
     <span class='ocr_line' id='line_1_59' title="bbox 1822 3087 3407 3172; baseline 0.009 -28"><span class='ocrx_word' id='word_1_462' title='bbox 1822 3087 2068 3145; x_wconf 88' lang='lat' dir='ltr'><strong>altiorem</strong></span> <span class='ocrx_word' id='word_1_463' title='bbox 2102 3091 2328 3159; x_wconf 89' lang='lat' dir='ltr'><strong>gradum</strong></span> <span class='ocrx_word' id='word_1_464' title='bbox 2354 3094 2652 3150; x_wconf 88' lang='lat' dir='ltr'><strong>ascendere</strong></span> <span class='ocrx_word' id='word_1_465' title='bbox 2681 3097 2925 3167; x_wconf 91' lang='lat' dir='ltr'><strong>cupiunt.</strong></span> <span class='ocrx_word' id='word_1_466' title='bbox 2956 3099 3070 3156; x_wconf 84' lang='lat' dir='ltr'><strong>[loc</strong></span> <span class='ocrx_word' id='word_1_467' title='bbox 3100 3101 3297 3172; x_wconf 88' lang='lat' dir='ltr'><strong>quippe</strong></span> <span class='ocrx_word' id='word_1_468' title='bbox 3325 3103 3407 3159; x_wconf 82' lang='lat' dir='ltr'><strong>in-</strong></span> 
     </span>
    </p>
   </div>
   <div class='ocr_carea' id='block_1_60' title="bbox 136 3154 3407 3252">
    <p class='ocr_par' dir='ltr' id='par_1_60' title="bbox 136 3154 3407 3252">
     <span class='ocr_line' id='line_1_60' title="bbox 136 3154 3407 3252; baseline 0.002 -26"><span class='ocrx_word' id='word_1_469' title='bbox 136 3169 352 3227; x_wconf 83' lang='lat' dir='ltr'><strong>Rabbi:</strong></span> <span class='ocrx_word' id='word_1_470' title='bbox 387 3188 409 3223; x_wconf 72' lang='grc' dir='ltr'><strong><em>ι</em></strong></span> <span class='ocrx_word' id='word_1_471' title='bbox 441 3168 584 3240; x_wconf 91' lang='lat' dir='ltr'><strong>quod</strong></span> <span class='ocrx_word' id='word_1_472' title='bbox 619 3170 854 3240; x_wconf 87' lang='lat' dir='ltr'><strong>pertinet</strong></span> <span class='ocrx_word' id='word_1_473' title='bbox 899 3171 966 3225; x_wconf 89' lang='lat' dir='ltr'><strong>ad</strong></span> <span class='ocrx_word' id='word_1_474' title='bbox 1007 3171 1299 3227; x_wconf 88' lang='lat' dir='ltr'><strong>indebitam</strong></span> <span class='ocrx_word' id='word_1_475' title='bbox 1340 3174 1717 3229; x_wconf 87' lang='lat' dir='ltr'><strong>reverentiam.</strong></span> <span class='ocrx_word' id='word_1_476' title='bbox 1748 3154 1795 3220; x_wconf 68' lang='grc' dir='ltr'><strong>(εἶ</strong></span> <span class='ocrx_word' id='word_1_477' title='bbox 1826 3188 1910 3235; x_wconf 83' lang='lat' dir='ltr'><strong>ter</strong></span> <span class='ocrx_word' id='word_1_478' title='bbox 1957 3154 2274 3237; x_wconf 55' lang='lat' dir='ltr'><strong>saecularem</strong></span> <span class='ocrx_word' id='word_1_479' title='bbox 2322 3184 2616 3252; x_wconf 76' lang='lat' dir='ltr'><strong>potentiam</strong></span> <span class='ocrx_word' id='word_1_480' title='bbox 2654 3194 2711 3241; x_wconf 74' lang='grc' dir='ltr'>ει</span> <span class='ocrx_word' id='word_1_481' title='bbox 2751 3154 3021 3245; x_wconf 12' lang='grc' dir='ltr'><strong>Εοειεείτθν</strong></span> <span class='ocrx_word' id='word_1_482' title='bbox 3048 3154 3407 3248; x_wconf 49' lang='grc' dir='ltr'><strong>ίιυξηίῖίὶειεηι</strong></span> 
     </span>
    </p>
   </div>
   <div class='ocr_carea' id='block_1_61' title="bbox 140 3260 3411 3355">
    <p class='ocr_par' dir='ltr' id='par_1_61' title="bbox 140 3260 3411 3355">
     <span class='ocr_line' id='line_1_61' title="bbox 140 3260 3411 3355; baseline 0.006 -38"><span class='ocrx_word' id='word_1_483' title='bbox 140 3260 251 3318; x_wconf 85' lang='lat' dir='ltr'><strong>Sed</strong></span> <span class='ocrx_word' id='word_1_484' title='bbox 272 3275 456 3316; x_wconf 87' lang='lat' dir='ltr'><strong>eorum</strong></span> <span class='ocrx_word' id='word_1_485' title='bbox 479 3260 627 3316; x_wconf 92' lang='lat' dir='ltr'><strong>vitiis</strong></span> <span class='ocrx_word' id='word_1_486' title='bbox 651 3260 956 3331; x_wconf 88' lang='lat' dir='ltr'><strong>patefactis,</strong></span> <span class='ocrx_word' id='word_1_487' title='bbox 987 3261 1250 3318; x_wconf 87' lang='lat' dir='ltr'><strong>Dominus</strong></span> <span class='ocrx_word' id='word_1_488' title='bbox 1277 3262 1346 3318; x_wconf 88' lang='lat' dir='ltr'><strong>ab</strong></span> <span class='ocrx_word' id='word_1_489' title='bbox 1371 3277 1560 3319; x_wconf 89' lang='lat' dir='ltr'><strong>eorum</strong></span> <span class='ocrx_word' id='word_1_490' title='bbox 1593 3262 1717 3318; x_wconf 82' lang='lat' dir='ltr'><strong>imi-</strong></span> <span class='ocrx_word' id='word_1_491' title='bbox 1822 3269 2006 3335; x_wconf 89' lang='lat' dir='ltr'><strong>distat,</strong></span> <span class='ocrx_word' id='word_1_492' title='bbox 2040 3271 2168 3341; x_wconf 91' lang='lat' dir='ltr'><strong>quia</strong></span> <span class='ocrx_word' id='word_1_493' title='bbox 2204 3271 2257 3326; x_wconf 93' lang='lat' dir='ltr'><strong>in</strong></span> <span class='ocrx_word' id='word_1_494' title='bbox 2288 3272 2392 3328; x_wconf 89' lang='lat' dir='ltr'><strong>illis</strong></span> <span class='ocrx_word' id='word_1_495' title='bbox 2430 3275 2694 3343; x_wconf 89' lang='lat' dir='ltr'><strong>potentia,</strong></span> <span class='ocrx_word' id='word_1_496' title='bbox 2726 3277 2780 3331; x_wconf 91' lang='lat' dir='ltr'><strong>in</strong></span> <span class='ocrx_word' id='word_1_497' title='bbox 2810 3277 2928 3334; x_wconf 92' lang='lat' dir='ltr'><strong>istis</strong></span> <span class='ocrx_word' id='word_1_498' title='bbox 2955 3280 3232 3338; x_wconf 87' lang='lat' dir='ltr'><strong>humilitas</strong></span> <span class='ocrx_word' id='word_1_499' title='bbox 3255 3282 3411 3355; x_wconf 87' lang='lat' dir='ltr'><strong>eligi-</strong></span> 
     </span>
    </p>
   </div>
   <div class='ocr_carea' id='block_1_62' title="bbox 144 3353 1128 3424">
    <p class='ocr_par' dir='ltr' id='par_1_62' title="bbox 144 3353 1128 3424">
     <span class='ocr_line' id='line_1_62' title="bbox 144 3353 1128 3424; baseline 0 -15"><span class='ocrx_word' id='word_1_500' title='bbox 144 3353 343 3409; x_wconf 74' lang='lat' dir='ltr'><strong>latione</strong></span> <span class='ocrx_word' id='word_1_501' title='bbox 368 3367 495 3410; x_wconf 89' lang='lat' dir='ltr'><strong>suos</strong></span> <span class='ocrx_word' id='word_1_502' title='bbox 522 3354 875 3424; x_wconf 88' lang='lat' dir='ltr'><strong>compescuit,</strong></span> <span class='ocrx_word' id='word_1_503' title='bbox 907 3355 1128 3410; x_wconf 90' lang='lat' dir='ltr'><strong>dicens:</strong></span> 
     </span>
    </p>
   </div>
   <div class='ocr_carea' id='block_1_63' title="bbox 214 3443 1718 3507">
    <p class='ocr_par' dir='ltr' id='par_1_63' title="bbox 214 3443 1718 3507">
     <span class='ocr_line' id='line_1_63' title="bbox 214 3443 1718 3507; baseline 0.003 -9"><span class='ocrx_word' id='word_1_504' title='bbox 214 3463 237 3498; x_wconf 74' lang='grc' dir='ltr'>σ</span> <span class='ocrx_word' id='word_1_505' title='bbox 268 3443 376 3501; x_wconf 77' lang='lat' dir='ltr'><strong>Vos</strong></span> <span class='ocrx_word' id='word_1_506' title='bbox 414 3452 601 3500; x_wconf 88' lang='lat' dir='ltr'><strong>autem</strong></span> <span class='ocrx_word' id='word_1_507' title='bbox 634 3444 801 3501; x_wconf 89' lang='lat' dir='ltr'><strong>nolite</strong></span> <span class='ocrx_word' id='word_1_508' title='bbox 828 3446 1015 3501; x_wconf 89' lang='lat' dir='ltr'><strong>vocari</strong></span> <span class='ocrx_word' id='word_1_509' title='bbox 1043 3446 1239 3503; x_wconf 82' lang='lat' dir='ltr'><strong>Rabhi.</strong></span> <span class='ocrx_word' id='word_1_510' title='bbox 1274 3446 1426 3507; x_wconf 85' lang='lat' dir='ltr'><strong>Unus</strong></span> <span class='ocrx_word' id='word_1_511' title='bbox 1453 3457 1537 3504; x_wconf 86' lang='lat' dir='ltr'><strong>est</strong></span> <span class='ocrx_word' id='word_1_512' title='bbox 1571 3450 1718 3504; x_wconf 90' lang='lat' dir='ltr'><strong>enim</strong></span> 
     </span>
    </p>
   </div>
   <div class='ocr_carea' id='block_1_64' title="bbox 143 3536 1720 3609">
    <p class='ocr_par' dir='ltr' id='par_1_64' title="bbox 143 3536 1720 3609">
     <span class='ocr_line' id='line_1_64' title="bbox 143 3536 1720 3609; baseline 0.004 -20"><span class='ocrx_word' id='word_1_513' title='bbox 143 3556 163 3589; x_wconf 77' lang='grc' dir='ltr'>ι</span> <span class='ocrx_word' id='word_1_514' title='bbox 201 3536 454 3609; x_wconf 87' lang='lat' dir='ltr'><strong>magister</strong></span> <span class='ocrx_word' id='word_1_515' title='bbox 486 3545 685 3593; x_wconf 86' lang='lat' dir='ltr'><strong>vester.</strong></span> <span class='ocrx_word' id='word_1_516' title='bbox 725 3556 744 3590; x_wconf 74' lang='grc' dir='ltr'><strong><em>ι</em></strong></span> <span class='ocrx_word' id='word_1_517' title='bbox 777 3537 855 3593; x_wconf 85' lang='lat' dir='ltr'><strong>Ac</strong></span> <span class='ocrx_word' id='word_1_518' title='bbox 876 3538 922 3593; x_wconf 91' lang='lat' dir='ltr'><strong>si</strong></span> <span class='ocrx_word' id='word_1_519' title='bbox 961 3539 1169 3595; x_wconf 88' lang='lat' dir='ltr'><strong>diceret</strong></span> <span class='ocrx_word' id='word_1_520' title='bbox 1202 3557 1215 3594; x_wconf 94' lang='lat'><strong>:</strong></span> <span class='ocrx_word' id='word_1_521' title='bbox 1259 3540 1365 3596; x_wconf 86' lang='lat' dir='ltr'><strong>Vos</strong></span> <span class='ocrx_word' id='word_1_522' title='bbox 1409 3541 1553 3599; x_wconf 88' lang='lat' dir='ltr'><strong>enim</strong></span> <span class='ocrx_word' id='word_1_523' title='bbox 1589 3541 1720 3597; x_wconf 91' lang='lat' dir='ltr'><strong>estis</strong></span> 
     </span>
    </p>
   </div>
   <div class='ocr_carea' id='block_1_65' title="bbox 137 3626 1718 3702">
    <p class='ocr_par' dir='ltr' id='par_1_65' title="bbox 137 3626 1718 3702">
     <span class='ocr_line' id='line_1_65' title="bbox 137 3626 1718 3702; baseline 0.001 -19"><span class='ocrx_word' id='word_1_524' title='bbox 137 3626 317 3694; x_wconf 84' lang='lat' dir='ltr'><strong>electi,</strong></span> <span class='ocrx_word' id='word_1_525' title='bbox 341 3626 431 3697; x_wconf 88' lang='lat' dir='ltr'><strong>qui</strong></span> <span class='ocrx_word' id='word_1_526' title='bbox 458 3642 625 3682; x_wconf 91' lang='lat' dir='ltr'><strong>unum</strong></span> <span class='ocrx_word' id='word_1_527' title='bbox 646 3634 702 3682; x_wconf 91' lang='lat' dir='ltr'><strong>et</strong></span> <span class='ocrx_word' id='word_1_528' title='bbox 720 3643 910 3683; x_wconf 89' lang='lat' dir='ltr'><strong>verum</strong></span> <span class='ocrx_word' id='word_1_529' title='bbox 935 3628 1149 3685; x_wconf 86' lang='lat' dir='ltr'><strong>habetis</strong></span> <span class='ocrx_word' id='word_1_530' title='bbox 1175 3630 1496 3702; x_wconf 87' lang='lat' dir='ltr'><strong>magistrum</strong></span> <span class='ocrx_word' id='word_1_531' title='bbox 1515 3670 1530 3697; x_wconf 93' lang='lat'><strong>,</strong></span> <span class='ocrx_word' id='word_1_532' title='bbox 1568 3630 1718 3686; x_wconf 88' lang='lat' dir='ltr'><strong>illum</strong></span> 
     </span>
    </p>
   </div>
   <div class='ocr_carea' id='block_1_66' title="bbox 139 3719 1719 3799">
    <p class='ocr_par' dir='ltr' id='par_1_66' title="bbox 139 3719 1719 3799">
     <span class='ocr_line' id='line_1_66' title="bbox 139 3719 1719 3799; baseline 0.001 -21"><span class='ocrx_word' id='word_1_533' title='bbox 139 3719 364 3799; x_wconf 81' lang='lat' dir='ltr'><strong>scilicet,</strong></span> <span class='ocrx_word' id='word_1_534' title='bbox 392 3735 424 3775; x_wconf 91' lang='lat' dir='ltr'><strong>a</strong></span> <span class='ocrx_word' id='word_1_535' title='bbox 448 3734 558 3790; x_wconf 92' lang='lat' dir='ltr'><strong>quo</strong></span> <span class='ocrx_word' id='word_1_536' title='bbox 586 3721 834 3791; x_wconf 88' lang='lat' dir='ltr'><strong>procedit</strong></span> <span class='ocrx_word' id='word_1_537' title='bbox 857 3722 1036 3777; x_wconf 87' lang='lat' dir='ltr'><strong>omnis</strong></span> <span class='ocrx_word' id='word_1_538' title='bbox 1064 3722 1348 3792; x_wconf 86' lang='lat' dir='ltr'><strong>sapientia,</strong></span> <span class='ocrx_word' id='word_1_539' title='bbox 1382 3732 1438 3779; x_wconf 89' lang='lat' dir='ltr'><strong>et</strong></span> <span class='ocrx_word' id='word_1_540' title='bbox 1463 3739 1584 3779; x_wconf 89' lang='lat' dir='ltr'><strong>cum</strong></span> <span class='ocrx_word' id='word_1_541' title='bbox 1610 3739 1719 3796; x_wconf 87' lang='lat' dir='ltr'><strong>quo</strong></span> 
     </span>
    </p>
   </div>
   <div class='ocr_carea' id='block_1_67' title="bbox 138 3810 1719 3882">
    <p class='ocr_par' dir='ltr' id='par_1_67' title="bbox 138 3810 1719 3882">
     <span class='ocr_line' id='line_1_67' title="bbox 138 3810 1719 3882; baseline 0.001 -15"><span class='ocrx_word' id='word_1_542' title='bbox 138 3810 240 3867; x_wconf 85' lang='lat' dir='ltr'><strong>fuit</strong></span> <span class='ocrx_word' id='word_1_543' title='bbox 264 3826 495 3882; x_wconf 88' lang='lat' dir='ltr'><strong>semper,</strong></span> <span class='ocrx_word' id='word_1_544' title='bbox 521 3818 577 3865; x_wconf 88' lang='lat' dir='ltr'><strong>et</strong></span> <span class='ocrx_word' id='word_1_545' title='bbox 600 3818 685 3866; x_wconf 89' lang='lat' dir='ltr'><strong>est</strong></span> <span class='ocrx_word' id='word_1_546' title='bbox 706 3818 833 3867; x_wconf 90' lang='lat' dir='ltr'><strong>ante</strong></span> <span class='ocrx_word' id='word_1_547' title='bbox 861 3826 1052 3876; x_wconf 79' lang='lat' dir='ltr'><strong>:evum,</strong></span> <span class='ocrx_word' id='word_1_548' title='bbox 1091 3826 1322 3882; x_wconf 88' lang='lat' dir='ltr'><strong>quorum</strong></span> <span class='ocrx_word' id='word_1_549' title='bbox 1352 3812 1548 3868; x_wconf 87' lang='lat' dir='ltr'><strong>fiducia</strong></span> <span class='ocrx_word' id='word_1_550' title='bbox 1574 3812 1719 3869; x_wconf 89' lang='lat' dir='ltr'><strong>Deus</strong></span> 
     </span>
    </p>
   </div>
   <div class='ocr_carea' id='block_1_68' title="bbox 139 3900 1718 3975">
    <p class='ocr_par' dir='ltr' id='par_1_68' title="bbox 139 3900 1718 3975">
     <span class='ocr_line' id='line_1_68' title="bbox 139 3900 1718 3975; baseline 0.001 -16"><span class='ocrx_word' id='word_1_551' title='bbox 139 3913 256 3969; x_wconf 81' lang='lat' dir='ltr'><strong>est,</strong></span> <span class='ocrx_word' id='word_1_552' title='bbox 283 3910 341 3957; x_wconf 92' lang='lat' dir='ltr'><strong>et</strong></span> <span class='ocrx_word' id='word_1_553' title='bbox 359 3902 450 3973; x_wconf 88' lang='lat' dir='ltr'><strong>qui</strong></span> <span class='ocrx_word' id='word_1_554' title='bbox 481 3910 694 3957; x_wconf 88' lang='lat' dir='ltr'><strong>terrena</strong></span> <span class='ocrx_word' id='word_1_555' title='bbox 719 3900 873 3957; x_wconf 89' lang='lat' dir='ltr'><strong>vobis</strong></span> <span class='ocrx_word' id='word_1_556' title='bbox 900 3902 1087 3957; x_wconf 85' lang='lat' dir='ltr'><strong>tribuit</strong></span> <span class='ocrx_word' id='word_1_557' title='bbox 1104 3942 1121 3968; x_wconf 94' lang='lat'><strong>,</strong></span> <span class='ocrx_word' id='word_1_558' title='bbox 1148 3912 1208 3958; x_wconf 91' lang='lat' dir='ltr'><strong>ut</strong></span> <span class='ocrx_word' id='word_1_559' title='bbox 1227 3903 1469 3959; x_wconf 66' lang='lat' dir='ltr'><strong>caelestia</strong></span> <span class='ocrx_word' id='word_1_560' title='bbox 1495 3904 1718 3975; x_wconf 83' lang='lat' dir='ltr'><strong>adipisci</strong></span> 
     </span>
    </p>
   </div>
   <div class='ocr_carea' id='block_1_69' title="bbox 137 3991 1717 4066">
    <p class='ocr_par' dir='ltr' id='par_1_69' title="bbox 137 3991 1717 4066">
     <span class='ocr_line' id='line_1_69' title="bbox 137 3991 1717 4066; baseline 0.003 -18"><span class='ocrx_word' id='word_1_561' title='bbox 137 3992 377 4065; x_wconf 87' lang='lat' dir='ltr'><strong>possitis.</strong></span> <span class='ocrx_word' id='word_1_562' title='bbox 407 3991 584 4049; x_wconf 87' lang='lat' dir='ltr'><strong>Nolite</strong></span> <span class='ocrx_word' id='word_1_563' title='bbox 608 3994 790 4047; x_wconf 89' lang='lat' dir='ltr'><strong>vocari</strong></span> <span class='ocrx_word' id='word_1_564' title='bbox 823 3992 1016 4058; x_wconf 80' lang='lat' dir='ltr'><strong>Rabbi,</strong></span> <span class='ocrx_word' id='word_1_565' title='bbox 1042 3993 1095 4048; x_wconf 92' lang='lat' dir='ltr'><strong>id</strong></span> <span class='ocrx_word' id='word_1_566' title='bbox 1125 4003 1210 4050; x_wconf 90' lang='lat' dir='ltr'><strong>est</strong></span> <span class='ocrx_word' id='word_1_567' title='bbox 1232 3995 1497 4066; x_wconf 87' lang='lat' dir='ltr'><strong>magistri,</strong></span> <span class='ocrx_word' id='word_1_568' title='bbox 1531 4004 1591 4049; x_wconf 90' lang='lat' dir='ltr'><strong>ut</strong></span> <span class='ocrx_word' id='word_1_569' title='bbox 1614 3997 1717 4052; x_wconf 92' lang='lat' dir='ltr'><strong>ho-</strong></span> 
     </span>
    </p>
   </div>
   <div class='ocr_carea' id='block_1_70' title="bbox 141 4082 1713 4156">
    <p class='ocr_par' dir='ltr' id='par_1_70' title="bbox 141 4082 1713 4156">
     <span class='ocr_line' id='line_1_70' title="bbox 141 4082 1713 4156; baseline 0.001 -15"><span class='ocrx_word' id='word_1_570' title='bbox 141 4099 324 4142; x_wconf 85' lang='lat' dir='ltr'><strong>norem</strong></span> <span class='ocrx_word' id='word_1_571' title='bbox 371 4083 419 4140; x_wconf 90' lang='lat' dir='ltr'><strong>ei</strong></span> <span class='ocrx_word' id='word_1_572' title='bbox 465 4082 706 4140; x_wconf 90' lang='lat' dir='ltr'><strong>debitum</strong></span> <span class='ocrx_word' id='word_1_573' title='bbox 752 4082 821 4138; x_wconf 88' lang='lat' dir='ltr'><strong>ad</strong></span> <span class='ocrx_word' id='word_1_574' title='bbox 865 4092 1098 4139; x_wconf 89' lang='lat' dir='ltr'><strong>vestram</strong></span> <span class='ocrx_word' id='word_1_575' title='bbox 1136 4084 1361 4156; x_wconf 88' lang='lat' dir='ltr'><strong>gloriam</strong></span> <span class='ocrx_word' id='word_1_576' title='bbox 1407 4086 1713 4143; x_wconf 88' lang='lat' dir='ltr'><strong>inflectatis.</strong></span> 
     </span>
    </p>
   </div>
   <div class='ocr_carea' id='block_1_71' title="bbox 146 4172 1717 4246">
    <p class='ocr_par' dir='ltr' id='par_1_71' title="bbox 146 4172 1717 4246">
     <span class='ocr_line' id='line_1_71' title="bbox 146 4172 1717 4246; baseline 0.004 -18"><span class='ocrx_word' id='word_1_577' title='bbox 146 4195 166 4228; x_wconf 77' lang='grc' dir='ltr'>ι</span> <span class='ocrx_word' id='word_1_578' title='bbox 196 4174 394 4234; x_wconf 82' lang='lat' dir='ltr'><strong>Omnes</strong></span> <span class='ocrx_word' id='word_1_579' title='bbox 416 4183 594 4231; x_wconf 90' lang='lat' dir='ltr'><strong>autem</strong></span> <span class='ocrx_word' id='word_1_580' title='bbox 622 4189 721 4229; x_wconf 92' lang='lat' dir='ltr'><strong>vos</strong></span> <span class='ocrx_word' id='word_1_581' title='bbox 745 4172 941 4230; x_wconf 89' lang='lat' dir='ltr'><strong>fratres</strong></span> <span class='ocrx_word' id='word_1_582' title='bbox 963 4175 1117 4231; x_wconf 90' lang='lat' dir='ltr'><strong>estis.</strong></span> <span class='ocrx_word' id='word_1_583' title='bbox 1154 4195 1173 4228; x_wconf 81' lang='grc' dir='ltr'><strong><em>ι</em></strong></span> <span class='ocrx_word' id='word_1_584' title='bbox 1224 4176 1282 4231; x_wconf 92' lang='lat' dir='ltr'><strong>In</strong></span> <span class='ocrx_word' id='word_1_585' title='bbox 1320 4177 1517 4246; x_wconf 88' lang='lat' dir='ltr'><strong>quibus</strong></span> <span class='ocrx_word' id='word_1_586' title='bbox 1537 4179 1717 4234; x_wconf 89' lang='lat' dir='ltr'><strong>verbis</strong></span> 
     </span>
    </p>
   </div>
   <div class='ocr_carea' id='block_1_72' title="bbox 144 4265 1715 4337">
    <p class='ocr_par' dir='ltr' id='par_1_72' title="bbox 144 4265 1715 4337">
     <span class='ocr_line' id='line_1_72' title="bbox 144 4265 1715 4337; baseline 0.001 -15"><span class='ocrx_word' id='word_1_587' title='bbox 144 4265 460 4331; x_wconf 78' lang='lat' dir='ltr'><strong>ostenditur,</strong></span> <span class='ocrx_word' id='word_1_588' title='bbox 490 4278 597 4319; x_wconf 89' lang='lat' dir='ltr'><strong>non</strong></span> <span class='ocrx_word' id='word_1_589' title='bbox 626 4270 835 4319; x_wconf 90' lang='lat' dir='ltr'><strong>tantum</strong></span> <span class='ocrx_word' id='word_1_590' title='bbox 864 4266 1175 4331; x_wconf 88' lang='lat' dir='ltr'><strong>carnalem,</strong></span> <span class='ocrx_word' id='word_1_591' title='bbox 1206 4275 1466 4336; x_wconf 91' lang='lat' dir='ltr'><strong>quantum</strong></span> <span class='ocrx_word' id='word_1_592' title='bbox 1496 4269 1715 4337; x_wconf 75' lang='lat' dir='ltr'><strong>Spirita-</strong></span> 
     </span>
    </p>
   </div>
   <div class='ocr_carea' id='block_1_73' title="bbox 146 4357 1716 4416">
    <p class='ocr_par' dir='ltr' id='par_1_73' title="bbox 146 4357 1716 4416">
     <span class='ocr_line' id='line_1_73' title="bbox 146 4357 1716 4416; baseline 0.001 -3"><span class='ocrx_word' id='word_1_593' title='bbox 146 4357 249 4415; x_wconf 88' lang='lat' dir='ltr'><strong>lem</strong></span> <span class='ocrx_word' id='word_1_594' title='bbox 272 4358 605 4413; x_wconf 75' lang='lat' dir='ltr'><strong>nativitatem</strong></span> <span class='ocrx_word' id='word_1_595' title='bbox 646 4371 767 4413; x_wconf 85' lang='lat' dir='ltr'><strong>esse</strong></span> <span class='ocrx_word' id='word_1_596' title='bbox 796 4357 1121 4413; x_wconf 89' lang='lat' dir='ltr'><strong>laudandam</strong></span> <span class='ocrx_word' id='word_1_597' title='bbox 1164 4374 1286 4414; x_wconf 91' lang='lat' dir='ltr'><strong>cum</strong></span> <span class='ocrx_word' id='word_1_598' title='bbox 1314 4361 1426 4415; x_wconf 89' lang='lat' dir='ltr'><strong>ait:</strong></span> <span class='ocrx_word' id='word_1_599' title='bbox 1465 4380 1483 4413; x_wconf 70' lang='grc' dir='ltr'>ε</span> <span class='ocrx_word' id='word_1_600' title='bbox 1516 4361 1716 4416; x_wconf 74' lang='lat' dir='ltr'><strong>Omnes</strong></span> 
     </span>
    </p>
   </div>
   <div class='ocr_carea' id='block_1_74' title="bbox 146 4450 857 4509">
    <p class='ocr_par' dir='ltr' id='par_1_74' title="bbox 146 4450 857 4509">
     <span class='ocr_line' id='line_1_74' title="bbox 146 4450 857 4509; baseline -0.007 0"><span class='ocrx_word' id='word_1_601' title='bbox 146 4453 283 4509; x_wconf 89' lang='lat' dir='ltr'><strong>enim</strong></span> <span class='ocrx_word' id='word_1_602' title='bbox 309 4467 406 4508; x_wconf 84' lang='lat' dir='ltr'><strong>vos</strong></span> <span class='ocrx_word' id='word_1_603' title='bbox 434 4450 633 4506; x_wconf 89' lang='lat' dir='ltr'><strong>fratres</strong></span> <span class='ocrx_word' id='word_1_604' title='bbox 656 4450 807 4506; x_wconf 90' lang='lat' dir='ltr'><strong>estis.</strong></span> <span class='ocrx_word' id='word_1_605' title='bbox 838 4470 857 4503; x_wconf 73' lang='grc' dir='ltr'><strong><em>ι</em></strong></span> 
     </span>
    </p>
   </div>
   <div class='ocr_carea' id='block_1_75' title="bbox 218 4543 1709 4614">
    <p class='ocr_par' dir='ltr' id='par_1_75' title="bbox 218 4543 1709 4614">
     <span class='ocr_line' id='line_1_75' title="bbox 218 4543 1709 4614; baseline 0.002 -18"><span class='ocrx_word' id='word_1_606' title='bbox 218 4562 239 4596; x_wconf 71' lang='grc' dir='ltr'><strong><em>ι</em></strong></span> <span class='ocrx_word' id='word_1_607' title='bbox 271 4544 336 4601; x_wconf 82' lang='lat' dir='ltr'><strong>Et</strong></span> <span class='ocrx_word' id='word_1_608' title='bbox 376 4543 592 4599; x_wconf 87' lang='lat' dir='ltr'><strong>Patrem</strong></span> <span class='ocrx_word' id='word_1_609' title='bbox 633 4543 798 4599; x_wconf 90' lang='lat' dir='ltr'><strong>nolite</strong></span> <span class='ocrx_word' id='word_1_610' title='bbox 836 4556 1034 4598; x_wconf 91' lang='lat' dir='ltr'><strong>vocare</strong></span> <span class='ocrx_word' id='word_1_611' title='bbox 1076 4545 1230 4599; x_wconf 88' lang='lat' dir='ltr'><strong>vobis</strong></span> <span class='ocrx_word' id='word_1_612' title='bbox 1277 4559 1440 4614; x_wconf 88' lang='lat' dir='ltr'><strong>super</strong></span> <span class='ocrx_word' id='word_1_613' title='bbox 1488 4554 1709 4600; x_wconf 89' lang='lat' dir='ltr'><strong>terram.</strong></span> 
     </span>
    </p>
   </div>
   <div class='ocr_carea' id='block_1_76' title="bbox 154 4633 1713 4704">
    <p class='ocr_par' dir='ltr' id='par_1_76' title="bbox 154 4633 1713 4704">
     <span class='ocr_line' id='line_1_76' title="bbox 154 4633 1713 4704; baseline 0.001 -13"><span class='ocrx_word' id='word_1_614' title='bbox 154 4656 177 4691; x_wconf 78' lang='grc' dir='ltr'>ι</span> <span class='ocrx_word' id='word_1_615' title='bbox 208 4636 350 4694; x_wconf 85' lang='lat' dir='ltr'><strong>Unus</strong></span> <span class='ocrx_word' id='word_1_616' title='bbox 371 4644 457 4691; x_wconf 90' lang='lat' dir='ltr'><strong>est</strong></span> <span class='ocrx_word' id='word_1_617' title='bbox 474 4635 620 4690; x_wconf 88' lang='lat' dir='ltr'><strong>enim</strong></span> <span class='ocrx_word' id='word_1_618' title='bbox 647 4633 809 4697; x_wconf 83' lang='lat' dir='ltr'><strong>Pater</strong></span> <span class='ocrx_word' id='word_1_619' title='bbox 826 4642 1029 4699; x_wconf 88' lang='lat' dir='ltr'><strong>vester,</strong></span> <span class='ocrx_word' id='word_1_620' title='bbox 1061 4635 1152 4704; x_wconf 89' lang='lat' dir='ltr'><strong>qui</strong></span> <span class='ocrx_word' id='word_1_621' title='bbox 1190 4635 1242 4689; x_wconf 90' lang='lat' dir='ltr'><strong>in</strong></span> <span class='ocrx_word' id='word_1_622' title='bbox 1277 4634 1430 4690; x_wconf 82' lang='lat' dir='ltr'><strong>caelis</strong></span> <span class='ocrx_word' id='word_1_623' title='bbox 1457 4643 1559 4691; x_wconf 90' lang='lat' dir='ltr'><strong>est.</strong></span> <span class='ocrx_word' id='word_1_624' title='bbox 1587 4633 1713 4692; x_wconf 82' lang='lat' dir='ltr'><strong>~Nec</strong></span> 
     </span>
    </p>
   </div>
   <div class='ocr_carea' id='block_1_77' title="bbox 154 4727 1713 4798">
    <p class='ocr_par' dir='ltr' id='par_1_77' title="bbox 154 4727 1713 4798">
     <span class='ocr_line' id='line_1_77' title="bbox 154 4727 1713 4798; baseline 0.001 -15"><span class='ocrx_word' id='word_1_625' title='bbox 154 4750 172 4783; x_wconf 73' lang='grc' dir='ltr'><strong><em>ι</em></strong></span> <span class='ocrx_word' id='word_1_626' title='bbox 207 4728 463 4785; x_wconf 89' lang='lat' dir='ltr'><strong>vocemini</strong></span> <span class='ocrx_word' id='word_1_627' title='bbox 497 4728 776 4798; x_wconf 90' lang='lat' dir='ltr'><strong>magistri,</strong></span> <span class='ocrx_word' id='word_1_628' title='bbox 820 4728 946 4797; x_wconf 90' lang='lat' dir='ltr'><strong>quia</strong></span> <span class='ocrx_word' id='word_1_629' title='bbox 986 4727 1241 4798; x_wconf 87' lang='lat' dir='ltr'><strong>magister</strong></span> <span class='ocrx_word' id='word_1_630' title='bbox 1263 4736 1443 4784; x_wconf 89' lang='lat' dir='ltr'><strong>vester</strong></span> <span class='ocrx_word' id='word_1_631' title='bbox 1466 4745 1605 4785; x_wconf 92' lang='lat' dir='ltr'><strong>unus</strong></span> <span class='ocrx_word' id='word_1_632' title='bbox 1629 4739 1713 4785; x_wconf 90' lang='lat' dir='ltr'><strong>est</strong></span> 
     </span>
    </p>
   </div>
   <div class='ocr_carea' id='block_1_78' title="bbox 156 4816 1715 4884">
    <p class='ocr_par' dir='ltr' id='par_1_78' title="bbox 156 4816 1715 4884">
     <span class='ocr_line' id='line_1_78' title="bbox 156 4816 1715 4884; baseline 0 -11"><span class='ocrx_word' id='word_1_633' title='bbox 156 4839 173 4873; x_wconf 76' lang='grc' dir='ltr'>ι</span> <span class='ocrx_word' id='word_1_634' title='bbox 209 4818 468 4875; x_wconf 88' lang='lat' dir='ltr'><strong>Christus.</strong></span> <span class='ocrx_word' id='word_1_635' title='bbox 504 4837 524 4870; x_wconf 76' lang='grc' dir='ltr'><strong><em>ι</em></strong></span> <span class='ocrx_word' id='word_1_636' title='bbox 574 4816 781 4884; x_wconf 85' lang='lat' dir='ltr'><strong>Quibus</strong></span> <span class='ocrx_word' id='word_1_637' title='bbox 811 4825 896 4873; x_wconf 89' lang='lat' dir='ltr'><strong>est</strong></span> <span class='ocrx_word' id='word_1_638' title='bbox 918 4818 1063 4871; x_wconf 91' lang='lat' dir='ltr'><strong>enim</strong></span> <span class='ocrx_word' id='word_1_639' title='bbox 1095 4832 1235 4872; x_wconf 91' lang='lat' dir='ltr'><strong>unus</strong></span> <span class='ocrx_word' id='word_1_640' title='bbox 1260 4816 1422 4872; x_wconf 87' lang='lat' dir='ltr'><strong>Pater</strong></span> <span class='ocrx_word' id='word_1_641' title='bbox 1448 4816 1622 4884; x_wconf 89' lang='lat' dir='ltr'><strong>Deus,</strong></span> <span class='ocrx_word' id='word_1_642' title='bbox 1658 4828 1715 4873; x_wconf 85' lang='lat' dir='ltr'><strong>et</strong></span> 
     </span>
    </p>
   </div>
   <div class='ocr_carea' id='block_1_79' title="bbox 151 4905 1709 4974">
    <p class='ocr_par' dir='ltr' id='par_1_79' title="bbox 151 4905 1709 4974">
     <span class='ocr_line' id='line_1_79' title="bbox 151 4905 1709 4974; baseline 0 -10"><span class='ocrx_word' id='word_1_643' title='bbox 151 4923 252 4964; x_wconf 86' lang='lat' dir='ltr'><strong>una</strong></span> <span class='ocrx_word' id='word_1_644' title='bbox 275 4905 441 4963; x_wconf 74' lang='lat' dir='ltr'><strong>Mater</strong></span> <span class='ocrx_word' id='word_1_645' title='bbox 471 4906 711 4963; x_wconf 86' lang='lat' dir='ltr'><strong>Ecclesia</strong></span> <span class='ocrx_word' id='word_1_646' title='bbox 738 4947 753 4971; x_wconf 91' lang='lat'><strong>,</strong></span> <span class='ocrx_word' id='word_1_647' title='bbox 784 4914 839 4961; x_wconf 90' lang='lat' dir='ltr'><strong>et</strong></span> <span class='ocrx_word' id='word_1_648' title='bbox 873 4920 981 4960; x_wconf 91' lang='lat' dir='ltr'><strong>una</strong></span> <span class='ocrx_word' id='word_1_649' title='bbox 1010 4915 1093 4962; x_wconf 91' lang='lat' dir='ltr'><strong>est</strong></span> <span class='ocrx_word' id='word_1_650' title='bbox 1123 4905 1254 4963; x_wconf 85' lang='lat' dir='ltr'><strong>fides</strong></span> <span class='ocrx_word' id='word_1_651' title='bbox 1281 4907 1670 4964; x_wconf 90' lang='lat' dir='ltr'><strong>catholicorum</strong></span> <span class='ocrx_word' id='word_1_652' title='bbox 1693 4950 1709 4974; x_wconf 94' lang='lat'><strong>,</strong></span> 
     </span>
    </p>
   </div>
   <div class='ocr_carea' id='block_1_80' title="bbox 151 4996 1717 5070">
    <p class='ocr_par' dir='ltr' id='par_1_80' title="bbox 151 4996 1717 5070">
     <span class='ocr_line' id='line_1_80' title="bbox 151 4996 1717 5070; baseline -0.002 -12"><span class='ocrx_word' id='word_1_653' title='bbox 151 5008 530 5070; x_wconf 84' lang='lat' dir='ltr'><strong>consequenter</strong></span> <span class='ocrx_word' id='word_1_654' title='bbox 568 4999 764 5055; x_wconf 87' lang='lat' dir='ltr'><strong>fratres</strong></span> <span class='ocrx_word' id='word_1_655' title='bbox 804 5013 927 5053; x_wconf 88' lang='lat' dir='ltr'><strong>esse</strong></span> <span class='ocrx_word' id='word_1_656' title='bbox 951 4996 1180 5064; x_wconf 88' lang='lat' dir='ltr'><strong>debent,</strong></span> <span class='ocrx_word' id='word_1_657' title='bbox 1228 5011 1337 5053; x_wconf 91' lang='lat' dir='ltr'><strong>non</strong></span> <span class='ocrx_word' id='word_1_658' title='bbox 1375 5013 1572 5065; x_wconf 90' lang='lat' dir='ltr'><strong>carne,</strong></span> <span class='ocrx_word' id='word_1_659' title='bbox 1623 5001 1717 5055; x_wconf 88' lang='lat' dir='ltr'><strong>sed</strong></span> 
     </span>
    </p>
   </div>
   <div class='ocr_carea' id='block_1_81' title="bbox 155 5088 1720 5165">
    <p class='ocr_par' dir='ltr' id='par_1_81' title="bbox 155 5088 1720 5165">
     <span class='ocr_line' id='line_1_81' title="bbox 155 5088 1720 5165; baseline -0.001 -17"><span class='ocrx_word' id='word_1_660' title='bbox 155 5091 364 5165; x_wconf 89' lang='lat' dir='ltr'><strong>Spiritu,</strong></span> <span class='ocrx_word' id='word_1_661' title='bbox 390 5100 453 5146; x_wconf 85' lang='lat' dir='ltr'><strong>ut</strong></span> <span class='ocrx_word' id='word_1_662' title='bbox 481 5105 647 5146; x_wconf 91' lang='lat' dir='ltr'><strong>unum</strong></span> <span class='ocrx_word' id='word_1_663' title='bbox 675 5090 921 5156; x_wconf 90' lang='lat' dir='ltr'><strong>credant,</strong></span> <span class='ocrx_word' id='word_1_664' title='bbox 944 5105 1111 5145; x_wconf 91' lang='lat' dir='ltr'><strong>unum</strong></span> <span class='ocrx_word' id='word_1_665' title='bbox 1134 5088 1364 5160; x_wconf 89' lang='lat' dir='ltr'><strong>sapiant,</strong></span> <span class='ocrx_word' id='word_1_666' title='bbox 1391 5106 1558 5146; x_wconf 91' lang='lat' dir='ltr'><strong>unum</strong></span> <span class='ocrx_word' id='word_1_667' title='bbox 1578 5091 1720 5147; x_wconf 63' lang='lat' dir='ltr'><strong>desi«</strong></span> 
     </span>
    </p>
   </div>
   <div class='ocr_carea' id='block_1_82' title="bbox 155 5181 1713 5253">
    <p class='ocr_par' dir='ltr' id='par_1_82' title="bbox 155 5181 1713 5253">
     <span class='ocr_line' id='line_1_82' title="bbox 155 5181 1713 5253; baseline -0.001 -13"><span class='ocrx_word' id='word_1_668' title='bbox 155 5184 358 5249; x_wconf 73' lang='lat' dir='ltr'><strong>darent,</strong></span> <span class='ocrx_word' id='word_1_669' title='bbox 400 5191 459 5239; x_wconf 90' lang='lat' dir='ltr'><strong>et</strong></span> <span class='ocrx_word' id='word_1_670' title='bbox 505 5182 790 5252; x_wconf 89' lang='lat' dir='ltr'><strong>impleatur</strong></span> <span class='ocrx_word' id='word_1_671' title='bbox 834 5183 885 5238; x_wconf 93' lang='lat' dir='ltr'><strong>in</strong></span> <span class='ocrx_word' id='word_1_672' title='bbox 932 5181 1038 5237; x_wconf 89' lang='lat' dir='ltr'><strong>illis</strong></span> <span class='ocrx_word' id='word_1_673' title='bbox 1077 5183 1221 5253; x_wconf 92' lang='lat' dir='ltr'><strong>quod</strong></span> <span class='ocrx_word' id='word_1_674' title='bbox 1264 5182 1526 5252; x_wconf 81' lang='lat' dir='ltr'><strong>scriptum</strong></span> <span class='ocrx_word' id='word_1_675' title='bbox 1571 5193 1656 5239; x_wconf 91' lang='lat' dir='ltr'><strong>est</strong></span> <span class='ocrx_word' id='word_1_676' title='bbox 1701 5202 1713 5239; x_wconf 96' lang='lat'><strong>:</strong></span> 
     </span>
    </p>
   </div>
   <div class='ocr_carea' id='block_1_83' title="bbox 162 5272 1719 5345">
    <p class='ocr_par' dir='ltr' id='par_1_83' title="bbox 162 5272 1719 5345">
     <span class='ocr_line' id='line_1_83' title="bbox 162 5272 1719 5345; baseline 0 -16"><span class='ocrx_word' id='word_1_677' title='bbox 162 5294 181 5329; x_wconf 74' lang='grc' dir='ltr'>ι</span> <span class='ocrx_word' id='word_1_678' title='bbox 214 5274 340 5330; x_wconf 81' lang='lat' dir='ltr'><strong>Ecce</strong></span> <span class='ocrx_word' id='word_1_679' title='bbox 373 5290 536 5345; x_wconf 85' lang='lat' dir='ltr'><strong>quam</strong></span> <span class='ocrx_word' id='word_1_680' title='bbox 578 5274 778 5330; x_wconf 89' lang='lat' dir='ltr'><strong>bonum</strong></span> <span class='ocrx_word' id='word_1_681' title='bbox 822 5281 877 5329; x_wconf 93' lang='lat' dir='ltr'><strong>et</strong></span> <span class='ocrx_word' id='word_1_682' title='bbox 911 5288 1074 5344; x_wconf 89' lang='lat' dir='ltr'><strong>quam</strong></span> <span class='ocrx_word' id='word_1_683' title='bbox 1109 5272 1438 5343; x_wconf 88' lang='lat' dir='ltr'><strong>jucundum,</strong></span> <span class='ocrx_word' id='word_1_684' title='bbox 1475 5274 1719 5330; x_wconf 89' lang='lat' dir='ltr'><strong>habitare</strong></span> 
     </span>
    </p>
   </div>
   <div class='ocr_carea' id='block_1_84' title="bbox 66 5360 1717 5435">
    <p class='ocr_par' dir='ltr' id='par_1_84' title="bbox 66 5360 1717 5435">
     <span class='ocr_line' id='line_1_84' title="bbox 66 5360 1717 5435; baseline -0.001 -12"><span class='ocrx_word' id='word_1_685' title='bbox 66 5360 71 5365; x_wconf 74' lang='grc'><strong>’</strong></span> <span class='ocrx_word' id='word_1_686' title='bbox 158 5366 340 5424; x_wconf 85' lang='lat' dir='ltr'><strong>fratres</strong></span> <span class='ocrx_word' id='word_1_687' title='bbox 377 5367 431 5422; x_wconf 92' lang='lat' dir='ltr'><strong>in</strong></span> <span class='ocrx_word' id='word_1_688' title='bbox 475 5380 640 5421; x_wconf 89' lang='lat' dir='ltr'><strong>unum</strong></span> <span class='ocrx_word' id='word_1_689' title='bbox 667 5363 839 5435; x_wconf 81' lang='lat' dir='ltr'><strong>(Psal.</strong></span> <span class='ocrx_word' id='word_1_690' title='bbox 871 5364 1098 5435; x_wconf 75' lang='lat' dir='ltr'><strong>cxxxn).</strong></span> <span class='ocrx_word' id='word_1_691' title='bbox 1132 5384 1151 5417; x_wconf 77' lang='grc' dir='ltr'><strong><em>ι</em></strong></span> <span class='ocrx_word' id='word_1_692' title='bbox 1186 5363 1385 5432; x_wconf 90' lang='lat' dir='ltr'><strong>Quales</strong></span> <span class='ocrx_word' id='word_1_693' title='bbox 1416 5375 1605 5433; x_wconf 88' lang='lat' dir='ltr'><strong>erant,</strong></span> <span class='ocrx_word' id='word_1_694' title='bbox 1649 5368 1717 5422; x_wconf 88' lang='lat' dir='ltr'><strong>de</strong></span> 
     </span>
    </p>
   </div>
   <div class='ocr_carea' id='block_1_85' title="bbox 158 5456 1716 5532">
    <p class='ocr_par' dir='ltr' id='par_1_85' title="bbox 158 5456 1716 5532">
     <span class='ocr_line' id='line_1_85' title="bbox 158 5456 1716 5532; baseline -0.001 -16"><span class='ocrx_word' id='word_1_695' title='bbox 158 5460 336 5532; x_wconf 87' lang='lat' dir='ltr'><strong>quibus</strong></span> <span class='ocrx_word' id='word_1_696' title='bbox 363 5460 488 5515; x_wconf 90' lang='lat' dir='ltr'><strong>alibi</strong></span> <span class='ocrx_word' id='word_1_697' title='bbox 529 5460 761 5515; x_wconf 89' lang='lat' dir='ltr'><strong>dicitur:</strong></span> <span class='ocrx_word' id='word_1_698' title='bbox 797 5477 815 5509; x_wconf 74' lang='grc' dir='ltr'>ι</span> <span class='ocrx_word' id='word_1_699' title='bbox 849 5456 1204 5512; x_wconf 80' lang='lat' dir='ltr'><strong>Multitudinis</strong></span> <span class='ocrx_word' id='word_1_700' title='bbox 1232 5458 1566 5513; x_wconf 89' lang='lat' dir='ltr'><strong>credentium</strong></span> <span class='ocrx_word' id='word_1_701' title='bbox 1597 5468 1716 5514; x_wconf 89' lang='lat' dir='ltr'><strong>erat</strong></span> 
     </span>
    </p>
   </div>
   <div class='ocr_carea' id='block_1_86' title="bbox 161 5546 1716 5620">
    <p class='ocr_par' dir='ltr' id='par_1_86' title="bbox 161 5546 1716 5620">
     <span class='ocr_line' id='line_1_86' title="bbox 161 5546 1716 5620; baseline -0.001 -14"><span class='ocrx_word' id='word_1_702' title='bbox 161 5565 248 5607; x_wconf 89' lang='lat' dir='ltr'><strong>cor</strong></span> <span class='ocrx_word' id='word_1_703' title='bbox 272 5565 430 5605; x_wconf 91' lang='lat' dir='ltr'><strong>unum</strong></span> <span class='ocrx_word' id='word_1_704' title='bbox 459 5557 515 5604; x_wconf 90' lang='lat' dir='ltr'><strong>et</strong></span> <span class='ocrx_word' id='word_1_705' title='bbox 550 5550 728 5604; x_wconf 90' lang='lat' dir='ltr'><strong>anima</strong></span> <span class='ocrx_word' id='word_1_706' title='bbox 759 5562 884 5602; x_wconf 92' lang='lat' dir='ltr'><strong>una.</strong></span> <span class='ocrx_word' id='word_1_707' title='bbox 917 5546 1026 5601; x_wconf 76' lang='lat' dir='ltr'><strong>Nec</strong></span> <span class='ocrx_word' id='word_1_708' title='bbox 1068 5548 1352 5616; x_wconf 87' lang='lat' dir='ltr'><strong>quisquam</strong></span> <span class='ocrx_word' id='word_1_709' title='bbox 1381 5562 1567 5603; x_wconf 90' lang='lat' dir='ltr'><strong>eorum</strong></span> <span class='ocrx_word' id='word_1_710' title='bbox 1597 5565 1716 5620; x_wconf 70' lang='lat' dir='ltr'><strong>qua:</strong></span> 
     </span>
    </p>
   </div>
   <div class='ocr_carea' id='block_1_87' title="bbox 159 5637 1717 5721">
    <p class='ocr_par' dir='ltr' id='par_1_87' title="bbox 159 5637 1717 5721">
     <span class='ocr_line' id='line_1_87' title="bbox 159 5637 1717 5721; baseline 0 -25"><span class='ocrx_word' id='word_1_711' title='bbox 159 5639 467 5712; x_wconf 86' lang='lat' dir='ltr'><strong>possidebat,</strong></span> <span class='ocrx_word' id='word_1_712' title='bbox 498 5639 845 5721; x_wconf 36' lang='lat' dir='ltr'><strong>aliquid‘esse</strong></span> <span class='ocrx_word' id='word_1_713' title='bbox 872 5651 1026 5692; x_wconf 92' lang='lat' dir='ltr'><strong>suum</strong></span> <span class='ocrx_word' id='word_1_714' title='bbox 1058 5637 1287 5699; x_wconf 86' lang='lat' dir='ltr'><strong>diccbat,</strong></span> <span class='ocrx_word' id='word_1_715' title='bbox 1313 5637 1405 5693; x_wconf 87' lang='lat' dir='ltr'><strong>sed</strong></span> <span class='ocrx_word' id='word_1_716' title='bbox 1436 5650 1592 5695; x_wconf 90' lang='lat' dir='ltr'><strong>erant</strong></span> <span class='ocrx_word' id='word_1_717' title='bbox 1614 5641 1717 5697; x_wconf 93' lang='lat' dir='ltr'><strong>illis</strong></span> 
     </span>
    </p>
   </div>
   <div class='ocr_carea' id='block_1_88' title="bbox 165 5732 1718 5808">
    <p class='ocr_par' dir='ltr' id='par_1_88' title="bbox 165 5732 1718 5808">
     <span class='ocr_line' id='line_1_88' title="bbox 165 5732 1718 5808; baseline 0.004 -19"><span class='ocrx_word' id='word_1_718' title='bbox 165 5734 328 5789; x_wconf 86' lang='lat' dir='ltr'><strong>omnia</strong></span> <span class='ocrx_word' id='word_1_719' title='bbox 357 5736 654 5791; x_wconf 74' lang='lat' dir='ltr'><strong>communia</strong></span> <span class='ocrx_word' id='word_1_720' title='bbox 677 5734 813 5808; x_wconf 83' lang='lat' dir='ltr'><strong>(Act.</strong></span> <span class='ocrx_word' id='word_1_721' title='bbox 836 5732 932 5806; x_wconf 79' lang='lat' dir='ltr'><strong>IV).</strong></span> <span class='ocrx_word' id='word_1_722' title='bbox 972 5753 990 5785; x_wconf 77' lang='grc' dir='ltr'><strong><em>ι</em></strong></span> <span class='ocrx_word' id='word_1_723' title='bbox 1030 5732 1178 5788; x_wconf 84' lang='lat' dir='ltr'><strong>Unde</strong></span> <span class='ocrx_word' id='word_1_724' title='bbox 1215 5733 1503 5803; x_wconf 87' lang='lat' dir='ltr'><strong>Apostolus</strong></span> <span class='ocrx_word' id='word_1_725' title='bbox 1530 5754 1718 5796; x_wconf 89' lang='lat' dir='ltr'><strong>omnes</strong></span> 
     </span>
    </p>
   </div>
   <div class='ocr_carea' id='block_1_89' title="bbox 1741 4509 1794 4571">
    <p class='ocr_par' dir='ltr' id='par_1_89' title="bbox 1741 4509 1794 4571">
     <span class='ocr_line' id='line_1_89' title="bbox 1741 4509 1794 4571; baseline 0 0"><span class='ocrx_word' id='word_1_726' title='bbox 1741 4509 1794 4571; x_wconf 92' lang='lat' dir='ltr'><strong>D</strong></span> 
     </span>
    </p>
   </div>
   <div class='ocr_carea' id='block_1_90' title="bbox 1820 3358 3408 3440">
    <p class='ocr_par' dir='ltr' id='par_1_90' title="bbox 1820 3358 3408 3440">
     <span class='ocr_line' id='line_1_90' title="bbox 1820 3358 3408 3440; baseline 0.011 -28"><span class='ocrx_word' id='word_1_727' title='bbox 1820 3366 1927 3412; x_wconf 90' lang='lat' dir='ltr'><strong>tur.</strong></span> <span class='ocrx_word' id='word_1_728' title='bbox 1962 3358 2031 3413; x_wconf 90' lang='lat' dir='ltr'><strong>Et</strong></span> <span class='ocrx_word' id='word_1_729' title='bbox 2054 3368 2255 3430; x_wconf 89' lang='lat' dir='ltr'><strong>quanto</strong></span> <span class='ocrx_word' id='word_1_730' title='bbox 2290 3362 2520 3432; x_wconf 85' lang='lat' dir='ltr'><strong>quisque</strong></span> <span class='ocrx_word' id='word_1_731' title='bbox 2547 3364 2601 3419; x_wconf 91' lang='lat' dir='ltr'><strong>in</strong></span> <span class='ocrx_word' id='word_1_732' title='bbox 2635 3366 2740 3422; x_wconf 89' lang='lat' dir='ltr'><strong>illis</strong></span> <span class='ocrx_word' id='word_1_733' title='bbox 2767 3365 2929 3424; x_wconf 90' lang='lat' dir='ltr'><strong>fuerit</strong></span> <span class='ocrx_word' id='word_1_734' title='bbox 2955 3372 3244 3440; x_wconf 90' lang='lat' dir='ltr'><strong>potentior,</strong></span> <span class='ocrx_word' id='word_1_735' title='bbox 3266 3388 3332 3429; x_wconf 92' lang='lat' dir='ltr'><strong>eo</strong></span> <span class='ocrx_word' id='word_1_736' title='bbox 3351 3383 3408 3430; x_wconf 89' lang='lat' dir='ltr'><strong>et</strong></span> 
     </span>
    </p>
   </div>
   <div class='ocr_carea' id='block_1_91' title="bbox 1820 3451 3406 3527">
    <p class='ocr_par' dir='ltr' id='par_1_91' title="bbox 1820 3451 3406 3527">
     <span class='ocr_line' id='line_1_91' title="bbox 1820 3451 3406 3527; baseline 0.009 -24"><span class='ocrx_word' id='word_1_737' title='bbox 1820 3451 2154 3505; x_wconf 88' lang='lat' dir='ltr'><strong>reverentior</strong></span> <span class='ocrx_word' id='word_1_738' title='bbox 2188 3469 2202 3505; x_wconf 90' lang='lat'><strong>:</strong></span> <span class='ocrx_word' id='word_1_739' title='bbox 2232 3451 2285 3505; x_wconf 92' lang='lat' dir='ltr'><strong>in</strong></span> <span class='ocrx_word' id='word_1_740' title='bbox 2318 3452 2437 3508; x_wconf 92' lang='lat' dir='ltr'><strong>istis</strong></span> <span class='ocrx_word' id='word_1_741' title='bbox 2474 3464 2654 3509; x_wconf 90' lang='lat' dir='ltr'><strong>autem</strong></span> <span class='ocrx_word' id='word_1_742' title='bbox 2702 3468 2904 3527; x_wconf 90' lang='lat' dir='ltr'><strong>quanto</strong></span> <span class='ocrx_word' id='word_1_743' title='bbox 2947 3459 3221 3527; x_wconf 89' lang='lat' dir='ltr'><strong>humilior,</strong></span> <span class='ocrx_word' id='word_1_744' title='bbox 3258 3471 3406 3518; x_wconf 84' lang='lat' dir='ltr'><strong>tanto</strong></span> 
     </span>
    </p>
   </div>
   <div class='ocr_carea' id='block_1_92' title="bbox 1818 3539 3407 3619">
    <p class='ocr_par' dir='ltr' id='par_1_92' title="bbox 1818 3539 3407 3619">
     <span class='ocr_line' id='line_1_92' title="bbox 1818 3539 3407 3619; baseline 0.009 -27"><span class='ocrx_word' id='word_1_745' title='bbox 1818 3539 2005 3609; x_wconf 90' lang='lat' dir='ltr'><strong>utique</strong></span> <span class='ocrx_word' id='word_1_746' title='bbox 2045 3539 2252 3595; x_wconf 87' lang='lat' dir='ltr'><strong>melior.</strong></span> <span class='ocrx_word' id='word_1_747' title='bbox 2288 3540 2422 3597; x_wconf 87' lang='lat' dir='ltr'><strong>Cum</strong></span> <span class='ocrx_word' id='word_1_748' title='bbox 2472 3558 2599 3614; x_wconf 90' lang='lat' dir='ltr'><strong>ergo</strong></span> <span class='ocrx_word' id='word_1_749' title='bbox 2642 3545 2717 3599; x_wconf 89' lang='lat' dir='ltr'><strong>ait</strong></span> <span class='ocrx_word' id='word_1_750' title='bbox 2749 3563 2762 3600; x_wconf 92' lang='lat'><strong>:</strong></span> <span class='ocrx_word' id='word_1_751' title='bbox 2801 3566 2820 3598; x_wconf 78' lang='lat' dir='ltr'><strong>r</strong></span> <span class='ocrx_word' id='word_1_752' title='bbox 2856 3547 2956 3616; x_wconf 89' lang='lat' dir='ltr'><strong>Qui</strong></span> <span class='ocrx_word' id='word_1_753' title='bbox 2987 3549 3162 3619; x_wconf 85' lang='lat' dir='ltr'><strong>major</strong></span> <span class='ocrx_word' id='word_1_754' title='bbox 3190 3561 3275 3606; x_wconf 86' lang='lat' dir='ltr'><strong>est</strong></span> <span class='ocrx_word' id='word_1_755' title='bbox 3312 3568 3407 3607; x_wconf 88' lang='lat' dir='ltr'><strong>vc-</strong></span> 
     </span>
    </p>
   </div>
   <div class='ocr_carea' id='block_1_93' title="bbox 1818 3631 3409 3701">
    <p class='ocr_par' dir='ltr' id='par_1_93' title="bbox 1818 3631 3409 3701">
     <span class='ocr_line' id='line_1_93' title="bbox 1818 3631 3409 3701; baseline 0.01 -19"><span class='ocrx_word' id='word_1_756' title='bbox 1818 3635 1988 3684; x_wconf 90' lang='lat' dir='ltr'><strong>strum</strong></span> <span class='ocrx_word' id='word_1_757' title='bbox 2009 3670 2025 3695; x_wconf 92' lang='lat'><strong>,</strong></span> <span class='ocrx_word' id='word_1_758' title='bbox 2069 3631 2176 3686; x_wconf 90' lang='lat' dir='ltr'><strong>erit</strong></span> <span class='ocrx_word' id='word_1_759' title='bbox 2215 3632 2460 3687; x_wconf 91' lang='lat' dir='ltr'><strong>minister</strong></span> <span class='ocrx_word' id='word_1_760' title='bbox 2486 3642 2684 3701; x_wconf 88' lang='lat' dir='ltr'><strong>vester,</strong></span> <span class='ocrx_word' id='word_1_761' title='bbox 2720 3656 2741 3688; x_wconf 79' lang='grc'><strong>»</strong></span> <span class='ocrx_word' id='word_1_762' title='bbox 2771 3636 2874 3691; x_wconf 89' lang='lat' dir='ltr'><strong>tale</strong></span> <span class='ocrx_word' id='word_1_763' title='bbox 2905 3648 2987 3694; x_wconf 91' lang='lat' dir='ltr'><strong>est</strong></span> <span class='ocrx_word' id='word_1_764' title='bbox 3040 3655 3105 3696; x_wconf 93' lang='lat' dir='ltr'><strong>ac</strong></span> <span class='ocrx_word' id='word_1_765' title='bbox 3129 3642 3174 3696; x_wconf 89' lang='lat' dir='ltr'><strong>si</strong></span> <span class='ocrx_word' id='word_1_766' title='bbox 3203 3642 3409 3698; x_wconf 85' lang='lat' dir='ltr'><strong>diceret</strong></span> 
     </span>
    </p>
   </div>
   <div class='ocr_carea' id='block_1_94' title="bbox 1817 3718 3403 3800">
    <p class='ocr_par' dir='ltr' id='par_1_94' title="bbox 1817 3718 3403 3800">
     <span class='ocr_line' id='line_1_94' title="bbox 1817 3718 3403 3800; baseline 0.009 -26"><span class='ocrx_word' id='word_1_767' title='bbox 1817 3718 2077 3776; x_wconf 88' lang='lat' dir='ltr'><strong>Dominus</strong></span> <span class='ocrx_word' id='word_1_768' title='bbox 2106 3739 2119 3774; x_wconf 92' lang='lat'><strong>:</strong></span> <span class='ocrx_word' id='word_1_769' title='bbox 2145 3719 2296 3776; x_wconf 90' lang='lat' dir='ltr'><strong>Sicut</strong></span> <span class='ocrx_word' id='word_1_770' title='bbox 2318 3721 2486 3778; x_wconf 88' lang='lat' dir='ltr'><strong>Filius</strong></span> <span class='ocrx_word' id='word_1_771' title='bbox 2512 3725 2748 3782; x_wconf 90' lang='lat' dir='ltr'><strong>hominis</strong></span> <span class='ocrx_word' id='word_1_772' title='bbox 2777 3742 2883 3783; x_wconf 93' lang='lat' dir='ltr'><strong>non</strong></span> <span class='ocrx_word' id='word_1_773' title='bbox 2910 3729 3057 3786; x_wconf 87' lang='lat' dir='ltr'><strong>venit</strong></span> <span class='ocrx_word' id='word_1_774' title='bbox 3082 3732 3403 3800; x_wconf 87' lang='lat' dir='ltr'><strong>ministrari,</strong></span> 
     </span>
    </p>
   </div>
   <div class='ocr_carea' id='block_1_95' title="bbox 1818 3810 3402 3903">
    <p class='ocr_par' dir='ltr' id='par_1_95' title="bbox 1818 3810 3402 3903">
     <span class='ocr_line' id='line_1_95' title="bbox 1818 3810 3402 3903; baseline 0.009 -37"><span class='ocrx_word' id='word_1_775' title='bbox 1818 3810 1913 3866; x_wconf 86' lang='lat' dir='ltr'><strong>sed</strong></span> <span class='ocrx_word' id='word_1_776' title='bbox 1940 3810 2288 3867; x_wconf 90' lang='lat' dir='ltr'><strong>ministrare:</strong></span> <span class='ocrx_word' id='word_1_777' title='bbox 2322 3821 2377 3867; x_wconf 91' lang='lat' dir='ltr'><strong>et</strong></span> <span class='ocrx_word' id='word_1_778' title='bbox 2407 3811 2583 3869; x_wconf 86' lang='lat' dir='ltr'><strong>factus</strong></span> <span class='ocrx_word' id='word_1_779' title='bbox 2611 3824 2696 3871; x_wconf 90' lang='lat' dir='ltr'><strong>cst</strong></span> <span class='ocrx_word' id='word_1_780' title='bbox 2743 3818 2887 3873; x_wconf 90' lang='lat' dir='ltr'><strong>inter</strong></span> <span class='ocrx_word' id='word_1_781' title='bbox 2925 3834 3044 3887; x_wconf 90' lang='lat' dir='ltr'><strong>vos,</strong></span> <span class='ocrx_word' id='word_1_782' title='bbox 3095 3833 3201 3903; x_wconf 83' lang='lat' dir='ltr'><strong>non</strong></span> <span class='ocrx_word' id='word_1_783' title='bbox 3244 3825 3402 3895; x_wconf 91' lang='lat' dir='ltr'><strong>quasi</strong></span> 
     </span>
    </p>
   </div>
   <div class='ocr_carea' id='block_1_96' title="bbox 1816 3899 3405 3987">
    <p class='ocr_par' dir='ltr' id='par_1_96' title="bbox 1816 3899 3405 3987">
     <span class='ocr_line' id='line_1_96' title="bbox 1816 3899 3405 3987; baseline 0.011 -33"><span class='ocrx_word' id='word_1_784' title='bbox 1816 3899 2160 3965; x_wconf 88' lang='lat' dir='ltr'><strong>recumbens,</strong></span> <span class='ocrx_word' id='word_1_785' title='bbox 2210 3902 2303 3956; x_wconf 88' lang='lat' dir='ltr'><strong>sed</strong></span> <span class='ocrx_word' id='word_1_786' title='bbox 2350 3903 2492 3958; x_wconf 87' lang='lat' dir='ltr'><strong>sicut</strong></span> <span class='ocrx_word' id='word_1_787' title='bbox 2528 3906 2620 3974; x_wconf 90' lang='lat' dir='ltr'><strong>qui</strong></span> <span class='ocrx_word' id='word_1_788' title='bbox 2664 3899 3202 3981; x_wconf 80' lang='lat' dir='ltr'><strong>tninistratzquanto</strong></span> <span class='ocrx_word' id='word_1_789' title='bbox 3231 3916 3405 3987; x_wconf 88' lang='lat' dir='ltr'><strong>magis</strong></span> 
     </span>
    </p>
   </div>
   <div class='ocr_carea' id='block_1_97' title="bbox 1816 3989 3405 4061">
    <p class='ocr_par' dir='ltr' id='par_1_97' title="bbox 1816 3989 3405 4061">
     <span class='ocr_line' id='line_1_97' title="bbox 1816 3989 3405 4061; baseline 0.011 -18"><span class='ocrx_word' id='word_1_790' title='bbox 1816 3989 2064 4059; x_wconf 90' lang='lat' dir='ltr'><strong>magistri</strong></span> <span class='ocrx_word' id='word_1_791' title='bbox 2106 3989 2383 4060; x_wconf 89' lang='lat' dir='ltr'><strong>discipulis</strong></span> <span class='ocrx_word' id='word_1_792' title='bbox 2414 3992 2554 4047; x_wconf 87' lang='lat' dir='ltr'><strong>viam</strong></span> <span class='ocrx_word' id='word_1_793' title='bbox 2597 3994 2916 4053; x_wconf 85' lang='lat' dir='ltr'><strong>humilitatis</strong></span> <span class='ocrx_word' id='word_1_794' title='bbox 2944 4000 3140 4057; x_wconf 90' lang='lat' dir='ltr'><strong>debent</strong></span> <span class='ocrx_word' id='word_1_795' title='bbox 3182 4003 3405 4061; x_wconf 84' lang='lat' dir='ltr'><strong>demon-</strong></span> 
     </span>
    </p>
   </div>
   <div class='ocr_carea' id='block_1_98' title="bbox 1816 4080 3406 4162">
    <p class='ocr_par' dir='ltr' id='par_1_98' title="bbox 1816 4080 3406 4162">
     <span class='ocr_line' id='line_1_98' title="bbox 1816 4080 3406 4162; baseline 0.011 -26"><span class='ocrx_word' id='word_1_796' title='bbox 1816 4080 2030 4136; x_wconf 87' lang='lat' dir='ltr'><strong>strare?</strong></span> <span class='ocrx_word' id='word_1_797' title='bbox 2060 4080 2268 4137; x_wconf 77' lang='lat' dir='ltr'><strong>scilicet</strong></span> <span class='ocrx_word' id='word_1_798' title='bbox 2297 4090 2355 4137; x_wconf 93' lang='lat' dir='ltr'><strong>ut</strong></span> <span class='ocrx_word' id='word_1_799' title='bbox 2380 4097 2487 4152; x_wconf 88' lang='lat' dir='ltr'><strong>quo</strong></span> <span class='ocrx_word' id='word_1_800' title='bbox 2514 4085 2737 4143; x_wconf 87' lang='lat' dir='ltr'><strong>altiores</strong></span> <span class='ocrx_word' id='word_1_801' title='bbox 2766 4099 2893 4144; x_wconf 91' lang='lat' dir='ltr'><strong>sunt</strong></span> <span class='ocrx_word' id='word_1_802' title='bbox 2924 4093 3114 4162; x_wconf 88' lang='lat' dir='ltr'><strong>gradu,</strong></span> <span class='ocrx_word' id='word_1_803' title='bbox 3147 4109 3212 4150; x_wconf 90' lang='lat' dir='ltr'><strong>eo</strong></span> <span class='ocrx_word' id='word_1_804' title='bbox 3234 4104 3288 4151; x_wconf 91' lang='lat' dir='ltr'><strong>et</strong></span> <span class='ocrx_word' id='word_1_805' title='bbox 3310 4097 3406 4152; x_wconf 89' lang='lat' dir='ltr'><strong>hu-</strong></span> 
     </span>
    </p>
   </div>
   <div class='ocr_carea' id='block_1_99' title="bbox 1816 4172 3407 4247">
    <p class='ocr_par' dir='ltr' id='par_1_99' title="bbox 1816 4172 3407 4247">
     <span class='ocr_line' id='line_1_99' title="bbox 1816 4172 3407 4247; baseline 0.013 -22"><span class='ocrx_word' id='word_1_806' title='bbox 1816 4172 2054 4229; x_wconf 88' lang='lat' dir='ltr'><strong>miliores</strong></span> <span class='ocrx_word' id='word_1_807' title='bbox 2081 4173 2190 4229; x_wconf 93' lang='lat' dir='ltr'><strong>sint</strong></span> <span class='ocrx_word' id='word_1_808' title='bbox 2210 4176 2475 4247; x_wconf 86' lang='lat' dir='ltr'><strong>exemplo.</strong></span> <span class='ocrx_word' id='word_1_809' title='bbox 2503 4176 2657 4245; x_wconf 88' lang='lat' dir='ltr'><strong>Quod</strong></span> <span class='ocrx_word' id='word_1_810' title='bbox 2686 4181 2944 4239; x_wconf 90' lang='lat' dir='ltr'><strong>Dominus</strong></span> <span class='ocrx_word' id='word_1_811' title='bbox 2971 4185 3099 4241; x_wconf 90' lang='lat' dir='ltr'><strong>alibi</strong></span> <span class='ocrx_word' id='word_1_812' title='bbox 3122 4189 3407 4246; x_wconf 88' lang='lat' dir='ltr'><strong>ostendere</strong></span> 
     </span>
    </p>
   </div>
   <div class='ocr_carea' id='block_1_100' title="bbox 1815 4263 3406 4347">
    <p class='ocr_par' dir='ltr' id='par_1_100' title="bbox 1815 4263 3406 4347">
     <span class='ocr_line' id='line_1_100' title="bbox 1815 4263 3406 4347; baseline 0.011 -30"><span class='ocrx_word' id='word_1_813' title='bbox 1815 4263 2006 4331; x_wconf 89' lang='lat' dir='ltr'><strong>voluit,</strong></span> <span class='ocrx_word' id='word_1_814' title='bbox 2036 4280 2160 4320; x_wconf 90' lang='lat' dir='ltr'><strong>cum</strong></span> <span class='ocrx_word' id='word_1_815' title='bbox 2190 4267 2470 4336; x_wconf 82' lang='lat' dir='ltr'><strong>discipulis</strong></span> <span class='ocrx_word' id='word_1_816' title='bbox 2496 4270 2640 4325; x_wconf 90' lang='lat' dir='ltr'><strong>inter</strong></span> <span class='ocrx_word' id='word_1_817' title='bbox 2676 4287 2735 4327; x_wconf 90' lang='lat' dir='ltr'><strong>se</strong></span> <span class='ocrx_word' id='word_1_818' title='bbox 2774 4275 3255 4343; x_wconf 87' lang='lat' dir='ltr'><strong>conquirentibus,</strong></span> <span class='ocrx_word' id='word_1_819' title='bbox 3283 4280 3406 4347; x_wconf 85' lang='lat' dir='ltr'><strong>quis</strong></span> 
     </span>
    </p>
   </div>
   <div class='ocr_carea' id='block_1_101' title="bbox 1815 4356 3406 4440">
    <p class='ocr_par' dir='ltr' id='par_1_101' title="bbox 1815 4356 3406 4440">
     <span class='ocr_line' id='line_1_101' title="bbox 1815 4356 3406 4440; baseline 0.011 -32"><span class='ocrx_word' id='word_1_820' title='bbox 1815 4368 2005 4409; x_wconf 90' lang='lat' dir='ltr'><strong>eorum</strong></span> <span class='ocrx_word' id='word_1_821' title='bbox 2031 4356 2207 4426; x_wconf 88' lang='lat' dir='ltr'><strong>major</strong></span> <span class='ocrx_word' id='word_1_822' title='bbox 2241 4367 2385 4413; x_wconf 89' lang='lat' dir='ltr'><strong>esset</strong></span> <span class='ocrx_word' id='word_1_823' title='bbox 2416 4359 2467 4413; x_wconf 92' lang='lat' dir='ltr'><strong>in</strong></span> <span class='ocrx_word' id='word_1_824' title='bbox 2501 4375 2667 4428; x_wconf 85' lang='lat' dir='ltr'><strong>regno</strong></span> <span class='ocrx_word' id='word_1_825' title='bbox 2695 4363 2955 4418; x_wconf 82' lang='lat' dir='ltr'><strong>caelorum</strong></span> <span class='ocrx_word' id='word_1_826' title='bbox 2976 4405 2991 4428; x_wconf 91' lang='lat'><strong>,</strong></span> <span class='ocrx_word' id='word_1_827' title='bbox 3019 4367 3095 4420; x_wconf 86' lang='lat' dir='ltr'><strong>ait</strong></span> <span class='ocrx_word' id='word_1_828' title='bbox 3123 4383 3136 4419; x_wconf 91' lang='lat'><strong>:</strong></span> <span class='ocrx_word' id='word_1_829' title='bbox 3172 4385 3190 4416; x_wconf 75' lang='grc' dir='ltr'>ι</span> <span class='ocrx_word' id='word_1_830' title='bbox 3229 4367 3406 4440; x_wconf 81' lang='lat' dir='ltr'><strong>Reges</strong></span> 
     </span>
    </p>
   </div>
   <div class='ocr_carea' id='block_1_102' title="bbox 1816 4445 3406 4523">
    <p class='ocr_par' dir='ltr' id='par_1_102' title="bbox 1816 4445 3406 4523">
     <span class='ocr_line' id='line_1_102' title="bbox 1816 4445 3406 4523; baseline 0.009 -25"><span class='ocrx_word' id='word_1_831' title='bbox 1816 4446 2053 4515; x_wconf 90' lang='lat' dir='ltr'><strong>gentium</strong></span> <span class='ocrx_word' id='word_1_832' title='bbox 2075 4445 2423 4503; x_wconf 89' lang='lat' dir='ltr'><strong>dominantur</strong></span> <span class='ocrx_word' id='word_1_833' title='bbox 2446 4465 2658 4517; x_wconf 89' lang='lat' dir='ltr'><strong>eorum,</strong></span> <span class='ocrx_word' id='word_1_834' title='bbox 2674 4463 2726 4505; x_wconf 92' lang='lat' dir='ltr'><strong>et</strong></span> <span class='ocrx_word' id='word_1_835' title='bbox 2749 4454 2839 4522; x_wconf 91' lang='lat' dir='ltr'><strong>qui</strong></span> <span class='ocrx_word' id='word_1_836' title='bbox 2860 4463 3181 4523; x_wconf 82' lang='lat' dir='ltr'><strong>potestatem</strong></span> <span class='ocrx_word' id='word_1_837' title='bbox 3206 4457 3321 4510; x_wconf 87' lang='lat' dir='ltr'><strong>hab.</strong></span> <span class='ocrx_word' id='word_1_838' title='bbox 3344 4468 3406 4513; x_wconf 91' lang='lat' dir='ltr'><strong>nt</strong></span> 
     </span>
    </p>
   </div>
   <div class='ocr_carea' id='block_1_103' title="bbox 1819 4536 3400 4604">
    <p class='ocr_par' dir='ltr' id='par_1_103' title="bbox 1819 4536 3400 4604">
     <span class='ocr_line' id='line_1_103' title="bbox 1819 4536 3400 4604; baseline 0.009 -15"><span class='ocrx_word' id='word_1_839' title='bbox 1819 4548 1982 4604; x_wconf 88' lang='lat' dir='ltr'><strong>super</strong></span> <span class='ocrx_word' id='word_1_840' title='bbox 2003 4549 2119 4601; x_wconf 90' lang='lat' dir='ltr'><strong>eos,</strong></span> <span class='ocrx_word' id='word_1_841' title='bbox 2142 4536 2369 4592; x_wconf 85' lang='lat' dir='ltr'><strong>benefici</strong></span> <span class='ocrx_word' id='word_1_842' title='bbox 2393 4549 2671 4594; x_wconf 88' lang='lat' dir='ltr'><strong>vocantur.</strong></span> <span class='ocrx_word' id='word_1_843' title='bbox 2698 4541 2752 4596; x_wconf 93' lang='lat' dir='ltr'><strong>In</strong></span> <span class='ocrx_word' id='word_1_844' title='bbox 2779 4544 2933 4597; x_wconf 85' lang='lat' dir='ltr'><strong>vobis</strong></span> <span class='ocrx_word' id='word_1_845' title='bbox 2963 4553 3142 4598; x_wconf 89' lang='lat' dir='ltr'><strong>autem</strong></span> <span class='ocrx_word' id='word_1_846' title='bbox 3173 4561 3277 4600; x_wconf 88' lang='lat' dir='ltr'><strong>non</strong></span> <span class='ocrx_word' id='word_1_847' title='bbox 3300 4548 3400 4603; x_wconf 91' lang='lat' dir='ltr'><strong>sic.</strong></span> 
     </span>
    </p>
   </div>
   <div class='ocr_carea' id='block_1_104' title="bbox 1821 4622 3399 4698">
    <p class='ocr_par' dir='ltr' id='par_1_104' title="bbox 1821 4622 3399 4698">
     <span class='ocr_line' id='line_1_104' title="bbox 1821 4622 3399 4698; baseline 0.01 -20"><span class='ocrx_word' id='word_1_848' title='bbox 1821 4622 1928 4680; x_wconf 88' lang='lat' dir='ltr'><strong>Sed</strong></span> <span class='ocrx_word' id='word_1_849' title='bbox 1952 4626 2044 4695; x_wconf 89' lang='lat' dir='ltr'><strong>qui</strong></span> <span class='ocrx_word' id='word_1_850' title='bbox 2086 4626 2317 4682; x_wconf 89' lang='lat' dir='ltr'><strong>voluerit</strong></span> <span class='ocrx_word' id='word_1_851' title='bbox 2347 4643 2467 4684; x_wconf 89' lang='lat' dir='ltr'><strong>esse</strong></span> <span class='ocrx_word' id='word_1_852' title='bbox 2496 4629 2689 4698; x_wconf 89' lang='lat' dir='ltr'><strong>major,</strong></span> <span class='ocrx_word' id='word_1_853' title='bbox 2723 4633 2793 4687; x_wconf 90' lang='lat' dir='ltr'><strong>sit</strong></span> <span class='ocrx_word' id='word_1_854' title='bbox 2818 4634 3059 4688; x_wconf 90' lang='lat' dir='ltr'><strong>omnium</strong></span> <span class='ocrx_word' id='word_1_855' title='bbox 3098 4637 3353 4693; x_wconf 76' lang='lat' dir='ltr'><strong>minimus</strong></span> <span class='ocrx_word' id='word_1_856' title='bbox 3384 4656 3399 4692; x_wconf 92' lang='lat'><strong>:</strong></span> 
     </span>
    </p>
   </div>
   <div class='ocr_carea' id='block_1_105' title="bbox 1819 4719 3396 4802">
    <p class='ocr_par' dir='ltr' id='par_1_105' title="bbox 1819 4719 3396 4802">
     <span class='ocr_line' id='line_1_105' title="bbox 1819 4719 3396 4802; baseline 0.008 -30"><span class='ocrx_word' id='word_1_857' title='bbox 1819 4727 1874 4802; x_wconf 85' lang='lat' dir='ltr'><strong>et</strong></span> <span class='ocrx_word' id='word_1_858' title='bbox 1895 4719 1984 4788; x_wconf 91' lang='lat' dir='ltr'><strong>qui</strong></span> <span class='ocrx_word' id='word_1_859' title='bbox 2008 4734 2322 4788; x_wconf 64' lang='lat' dir='ltr'><strong>praecessor,</strong></span> <span class='ocrx_word' id='word_1_860' title='bbox 2342 4729 2597 4790; x_wconf 84' lang='lat' dir='ltr'><strong>tanquam</strong></span> <span class='ocrx_word' id='word_1_861' title='bbox 2620 4725 2708 4792; x_wconf 90' lang='lat' dir='ltr'><strong>qui</strong></span> <span class='ocrx_word' id='word_1_862' title='bbox 2741 4725 3179 4798; x_wconf 85' lang='lat' dir='ltr'><strong>ministrat(an.</strong></span> <span class='ocrx_word' id='word_1_863' title='bbox 3206 4731 3396 4802; x_wconf 73' lang='lat' dir='ltr'><strong>xxn).s</strong></span> 
     </span>
    </p>
   </div>
   <div class='ocr_carea' id='block_1_106' title="bbox 1819 4799 3404 4881">
    <p class='ocr_par' dir='ltr' id='par_1_106' title="bbox 1819 4799 3404 4881">
     <span class='ocr_line' id='line_1_106' title="bbox 1819 4799 3404 4881; baseline 0.008 -17"><span class='ocrx_word' id='word_1_864' title='bbox 1819 4799 1886 4864; x_wconf 81' lang='lat' dir='ltr'><strong>Et</strong></span> <span class='ocrx_word' id='word_1_865' title='bbox 1918 4810 2111 4864; x_wconf 87' lang='lat' dir='ltr'><strong>iterum</strong></span> <span class='ocrx_word' id='word_1_866' title='bbox 2138 4829 2151 4865; x_wconf 92' lang='lat'><strong>:</strong></span> <span class='ocrx_word' id='word_1_867' title='bbox 2192 4831 2210 4863; x_wconf 72' lang='grc' dir='ltr'><strong><em>ι</em></strong></span> <span class='ocrx_word' id='word_1_868' title='bbox 2239 4810 2411 4867; x_wconf 86' lang='lat' dir='ltr'><strong>Amen</strong></span> <span class='ocrx_word' id='word_1_869' title='bbox 2437 4814 2556 4868; x_wconf 93' lang='lat' dir='ltr'><strong>dico</strong></span> <span class='ocrx_word' id='word_1_870' title='bbox 2588 4815 2769 4881; x_wconf 88' lang='lat' dir='ltr'><strong>vobis,</strong></span> <span class='ocrx_word' id='word_1_871' title='bbox 2794 4816 2895 4870; x_wconf 89' lang='lat' dir='ltr'><strong>nisi</strong></span> <span class='ocrx_word' id='word_1_872' title='bbox 2919 4819 3163 4873; x_wconf 88' lang='lat' dir='ltr'><strong>conversi</strong></span> <span class='ocrx_word' id='word_1_873' title='bbox 3195 4799 3404 4877; x_wconf 86' lang='lat' dir='ltr'><strong>fueritis</strong></span> 
     </span>
    </p>
   </div>
   <div class='ocr_carea' id='block_1_107' title="bbox 1817 4900 3400 4983">
    <p class='ocr_par' dir='ltr' id='par_1_107' title="bbox 1817 4900 3400 4983">
     <span class='ocr_line' id='line_1_107' title="bbox 1817 4900 3400 4983; baseline 0.009 -29"><span class='ocrx_word' id='word_1_874' title='bbox 1817 4909 1873 4955; x_wconf 92' lang='lat' dir='ltr'><strong>et</strong></span> <span class='ocrx_word' id='word_1_875' title='bbox 1903 4900 2207 4956; x_wconf 86' lang='lat' dir='ltr'><strong>etliciamini</strong></span> <span class='ocrx_word' id='word_1_876' title='bbox 2245 4903 2386 4958; x_wconf 91' lang='lat' dir='ltr'><strong>sicut</strong></span> <span class='ocrx_word' id='word_1_877' title='bbox 2410 4905 2637 4973; x_wconf 89' lang='lat' dir='ltr'><strong>parvuli,</strong></span> <span class='ocrx_word' id='word_1_878' title='bbox 2667 4921 2770 4961; x_wconf 91' lang='lat' dir='ltr'><strong>non</strong></span> <span class='ocrx_word' id='word_1_879' title='bbox 2799 4908 3071 4965; x_wconf 87' lang='lat' dir='ltr'><strong>intrahitis</strong></span> <span class='ocrx_word' id='word_1_880' title='bbox 3097 4910 3151 4965; x_wconf 89' lang='lat' dir='ltr'><strong>in</strong></span> <span class='ocrx_word' id='word_1_881' title='bbox 3176 4928 3400 4983; x_wconf 86' lang='lat' dir='ltr'><strong>regnum</strong></span> 
     </span>
    </p>
   </div>
   <div class='ocr_carea' id='block_1_108' title="bbox 1820 4993 3399 5075">
    <p class='ocr_par' dir='ltr' id='par_1_108' title="bbox 1820 4993 3399 5075">
     <span class='ocr_line' id='line_1_108' title="bbox 1820 4993 3399 5075; baseline 0.009 -27"><span class='ocrx_word' id='word_1_882' title='bbox 1820 4993 2322 5061; x_wconf 68' lang='lat' dir='ltr'><strong>cmioruthatt/r.</strong></span> <span class='ocrx_word' id='word_1_883' title='bbox 2370 4997 2546 5068; x_wconf 83' lang='lat' dir='ltr'><strong>xvut).</strong></span> <span class='ocrx_word' id='word_1_884' title='bbox 2583 5016 2602 5049; x_wconf 74' lang='grc' dir='ltr'><strong><em>ι</em></strong></span> <span class='ocrx_word' id='word_1_885' title='bbox 2630 4998 2802 5064; x_wconf 83' lang='lat' dir='ltr'><strong>Quam</strong></span> <span class='ocrx_word' id='word_1_886' title='bbox 2846 5000 3099 5056; x_wconf 86' lang='lat' dir='ltr'><strong>virtutem</strong></span> <span class='ocrx_word' id='word_1_887' title='bbox 3131 5007 3399 5075; x_wconf 72' lang='lat' dir='ltr'><strong>prtehuit,</strong></span> 
     </span>
    </p>
   </div>
   <div class='ocr_carea' id='block_1_109' title="bbox 1819 5080 3400 5166">
    <p class='ocr_par' dir='ltr' id='par_1_109' title="bbox 1819 5080 3400 5166">
     <span class='ocr_line' id='line_1_109' title="bbox 1819 5080 3400 5166; baseline 0.011 -32"><span class='ocrx_word' id='word_1_888' title='bbox 1819 5080 2004 5137; x_wconf 90' lang='lat' dir='ltr'><strong>dicens</strong></span> <span class='ocrx_word' id='word_1_889' title='bbox 2037 5098 2050 5137; x_wconf 89' lang='lat'><strong>:</strong></span> <span class='ocrx_word' id='word_1_890' title='bbox 2091 5100 2110 5133; x_wconf 85' lang='grc'><strong>‹</strong></span> <span class='ocrx_word' id='word_1_891' title='bbox 2144 5082 2279 5137; x_wconf 85' lang='lat' dir='ltr'><strong>Nam</strong></span> <span class='ocrx_word' id='word_1_892' title='bbox 2309 5085 2430 5154; x_wconf 91' lang='lat' dir='ltr'><strong>quis</strong></span> <span class='ocrx_word' id='word_1_893' title='bbox 2454 5084 2626 5154; x_wconf 83' lang='lat' dir='ltr'><strong>major</strong></span> <span class='ocrx_word' id='word_1_894' title='bbox 2647 5096 2753 5153; x_wconf 90' lang='lat' dir='ltr'><strong>cst,</strong></span> <span class='ocrx_word' id='word_1_895' title='bbox 2789 5090 2878 5158; x_wconf 92' lang='lat' dir='ltr'><strong>qui</strong></span> <span class='ocrx_word' id='word_1_896' title='bbox 2912 5092 3194 5160; x_wconf 88' lang='lat' dir='ltr'><strong>recumbit,</strong></span> <span class='ocrx_word' id='word_1_897' title='bbox 3218 5110 3285 5149; x_wconf 91' lang='lat' dir='ltr'><strong>an</strong></span> <span class='ocrx_word' id='word_1_898' title='bbox 3307 5097 3400 5166; x_wconf 92' lang='lat' dir='ltr'><strong>qui</strong></span> 
     </span>
    </p>
   </div>
   <div class='ocr_carea' id='block_1_110' title="bbox 1821 5173 3402 5252">
    <p class='ocr_par' dir='ltr' id='par_1_110' title="bbox 1821 5173 3402 5252">
     <span class='ocr_line' id='line_1_110' title="bbox 1821 5173 3402 5252; baseline 0.01 -24"><span class='ocrx_word' id='word_1_899' title='bbox 1821 5173 2129 5230; x_wconf 87' lang='lat' dir='ltr'><strong>ministrat?</strong></span> <span class='ocrx_word' id='word_1_900' title='bbox 2154 5190 2333 5231; x_wconf 92' lang='lat' dir='ltr'><strong>nonne</strong></span> <span class='ocrx_word' id='word_1_901' title='bbox 2366 5179 2457 5247; x_wconf 91' lang='lat' dir='ltr'><strong>qui</strong></span> <span class='ocrx_word' id='word_1_902' title='bbox 2483 5179 2781 5235; x_wconf 88' lang='lat' dir='ltr'><strong>recumbit?</strong></span> <span class='ocrx_word' id='word_1_903' title='bbox 2802 5182 2912 5252; x_wconf 89' lang='lat' dir='ltr'><strong>Ego</strong></span> <span class='ocrx_word' id='word_1_904' title='bbox 2934 5194 3114 5240; x_wconf 91' lang='lat' dir='ltr'><strong>autem</strong></span> <span class='ocrx_word' id='word_1_905' title='bbox 3144 5187 3197 5242; x_wconf 93' lang='lat' dir='ltr'><strong>in</strong></span> <span class='ocrx_word' id='word_1_906' title='bbox 3225 5190 3402 5245; x_wconf 85' lang='lat' dir='ltr'><strong>medio</strong></span> 
     </span>
    </p>
   </div>
   <div class='ocr_carea' id='block_1_111' title="bbox 1821 5273 3394 5351">
    <p class='ocr_par' dir='ltr' id='par_1_111' title="bbox 1821 5273 3394 5351">
     <span class='ocr_line' id='line_1_111' title="bbox 1821 5273 3394 5351; baseline 0.004 -24"><span class='ocrx_word' id='word_1_907' title='bbox 1821 5280 2056 5328; x_wconf 90' lang='lat' dir='ltr'><strong>vestrum</strong></span> <span class='ocrx_word' id='word_1_908' title='bbox 2094 5289 2214 5329; x_wconf 90' lang='lat' dir='ltr'><strong>sum</strong></span> <span class='ocrx_word' id='word_1_909' title='bbox 2245 5281 2501 5344; x_wconf 86' lang='lat' dir='ltr'><strong>tanquam</strong></span> <span class='ocrx_word' id='word_1_910' title='bbox 2546 5273 2639 5343; x_wconf 89' lang='lat' dir='ltr'><strong>qui</strong></span> <span class='ocrx_word' id='word_1_911' title='bbox 2684 5276 2956 5332; x_wconf 89' lang='lat' dir='ltr'><strong>ministrat</strong></span> <span class='ocrx_word' id='word_1_912' title='bbox 2994 5277 3144 5350; x_wconf 88' lang='lat' dir='ltr'><strong>(Luc.</strong></span> <span class='ocrx_word' id='word_1_913' title='bbox 3178 5281 3333 5351; x_wconf 80' lang='lat' dir='ltr'><strong>xxn).</strong></span> <span class='ocrx_word' id='word_1_914' title='bbox 3374 5301 3394 5333; x_wconf 76' lang='grc' dir='ltr'><strong><em>ι</em></strong></span> 
     </span>
    </p>
   </div>
   <div class='ocr_carea' id='block_1_112' title="bbox 1823 5366 3403 5445">
    <p class='ocr_par' dir='ltr' id='par_1_112' title="bbox 1823 5366 3403 5445">
     <span class='ocr_line' id='line_1_112' title="bbox 1823 5366 3403 5445; baseline 0.006 -23"><span class='ocrx_word' id='word_1_915' title='bbox 1823 5366 1976 5422; x_wconf 89' lang='lat' dir='ltr'><strong>Sicut</strong></span> <span class='ocrx_word' id='word_1_916' title='bbox 2000 5367 2124 5422; x_wconf 93' lang='lat' dir='ltr'><strong>alibi</strong></span> <span class='ocrx_word' id='word_1_917' title='bbox 2147 5368 2349 5424; x_wconf 82' lang='lat' dir='ltr'><strong>dixisse</strong></span> <span class='ocrx_word' id='word_1_918' title='bbox 2374 5368 2597 5439; x_wconf 83' lang='lat' dir='ltr'><strong>legitur:</strong></span> <span class='ocrx_word' id='word_1_919' title='bbox 2622 5389 2639 5422; x_wconf 82' lang='lat'><strong>(</strong></span> <span class='ocrx_word' id='word_1_920' title='bbox 2662 5369 2771 5426; x_wconf 77' lang='lat' dir='ltr'><strong>Vos</strong></span> <span class='ocrx_word' id='word_1_921' title='bbox 2790 5373 2995 5427; x_wconf 86' lang='lat' dir='ltr'><strong>vocatis</strong></span> <span class='ocrx_word' id='word_1_922' title='bbox 3015 5389 3121 5438; x_wconf 91' lang='lat' dir='ltr'><strong>me,</strong></span> <span class='ocrx_word' id='word_1_923' title='bbox 3145 5376 3403 5445; x_wconf 84' lang='lat' dir='ltr'><strong>magister</strong></span> 
     </span>
    </p>
   </div>
   <div class='ocr_carea' id='block_1_113' title="bbox 1823 5457 3399 5535">
    <p class='ocr_par' dir='ltr' id='par_1_113' title="bbox 1823 5457 3399 5535">
     <span class='ocr_line' id='line_1_113' title="bbox 1823 5457 3399 5535; baseline 0.005 -22"><span class='ocrx_word' id='word_1_924' title='bbox 1823 5465 1878 5513; x_wconf 90' lang='lat' dir='ltr'><strong>et</strong></span> <span class='ocrx_word' id='word_1_925' title='bbox 1905 5457 2158 5523; x_wconf 88' lang='lat' dir='ltr'><strong>Domine,</strong></span> <span class='ocrx_word' id='word_1_926' title='bbox 2185 5468 2235 5513; x_wconf 91' lang='lat' dir='ltr'><strong>et</strong></span> <span class='ocrx_word' id='word_1_927' title='bbox 2263 5459 2399 5514; x_wconf 89' lang='lat' dir='ltr'><strong>bene</strong></span> <span class='ocrx_word' id='word_1_928' title='bbox 2426 5459 2632 5517; x_wconf 90' lang='lat' dir='ltr'><strong>dicitis:</strong></span> <span class='ocrx_word' id='word_1_929' title='bbox 2651 5478 2769 5517; x_wconf 89' lang='lat' dir='ltr'><strong>sum</strong></span> <span class='ocrx_word' id='word_1_930' title='bbox 2800 5467 3019 5520; x_wconf 88' lang='lat' dir='ltr'><strong>etenim.</strong></span> <span class='ocrx_word' id='word_1_931' title='bbox 3054 5465 3109 5521; x_wconf 91' lang='lat' dir='ltr'><strong>Si</strong></span> <span class='ocrx_word' id='word_1_932' title='bbox 3138 5482 3267 5535; x_wconf 89' lang='lat' dir='ltr'><strong>ergo</strong></span> <span class='ocrx_word' id='word_1_933' title='bbox 3295 5466 3399 5521; x_wconf 87' lang='lat' dir='ltr'><strong>Do-</strong></span> 
     </span>
    </p>
   </div>
   <div class='ocr_carea' id='block_1_114' title="bbox 1824 5551 3400 5626">
    <p class='ocr_par' dir='ltr' id='par_1_114' title="bbox 1824 5551 3400 5626">
     <span class='ocr_line' id='line_1_114' title="bbox 1824 5551 3400 5626; baseline 0.005 -22"><span class='ocrx_word' id='word_1_934' title='bbox 1824 5551 2003 5604; x_wconf 86' lang='lat' dir='ltr'><strong>minus</strong></span> <span class='ocrx_word' id='word_1_935' title='bbox 2040 5559 2095 5605; x_wconf 87' lang='lat' dir='ltr'><strong>et</strong></span> <span class='ocrx_word' id='word_1_936' title='bbox 2125 5551 2379 5620; x_wconf 83' lang='lat' dir='ltr'><strong>magister</strong></span> <span class='ocrx_word' id='word_1_937' title='bbox 2408 5551 2558 5606; x_wconf 84' lang='lat' dir='ltr'><strong>vobis</strong></span> <span class='ocrx_word' id='word_1_938' title='bbox 2606 5552 2709 5607; x_wconf 87' lang='lat' dir='ltr'><strong>lavi</strong></span> <span class='ocrx_word' id='word_1_939' title='bbox 2759 5557 2939 5626; x_wconf 88' lang='lat' dir='ltr'><strong>pedes,</strong></span> <span class='ocrx_word' id='word_1_940' title='bbox 2963 5566 3013 5612; x_wconf 86' lang='lat' dir='ltr'><strong>et</strong></span> <span class='ocrx_word' id='word_1_941' title='bbox 3059 5572 3155 5611; x_wconf 91' lang='lat' dir='ltr'><strong>vos</strong></span> <span class='ocrx_word' id='word_1_942' title='bbox 3193 5556 3400 5612; x_wconf 85' lang='lat' dir='ltr'><strong>debetis</strong></span> 
     </span>
    </p>
   </div>
   <div class='ocr_carea' id='block_1_115' title="bbox 1824 5642 3400 5720">
    <p class='ocr_par' dir='ltr' id='par_1_115' title="bbox 1824 5642 3400 5720">
     <span class='ocr_line' id='line_1_115' title="bbox 1824 5642 3400 5720; baseline 0.004 -23"><span class='ocrx_word' id='word_1_943' title='bbox 1824 5644 1961 5697; x_wconf 86' lang='lat' dir='ltr'><strong>alter</strong></span> <span class='ocrx_word' id='word_1_944' title='bbox 1985 5642 2206 5698; x_wconf 92' lang='lat' dir='ltr'><strong>alterius</strong></span> <span class='ocrx_word' id='word_1_945' title='bbox 2234 5643 2415 5699; x_wconf 89' lang='lat' dir='ltr'><strong>lavare</strong></span> <span class='ocrx_word' id='word_1_946' title='bbox 2456 5648 2619 5714; x_wconf 89' lang='lat' dir='ltr'><strong>pedes</strong></span> <span class='ocrx_word' id='word_1_947' title='bbox 2655 5647 2834 5718; x_wconf 85' lang='lat' dir='ltr'><strong>(Joau.</strong></span> <span class='ocrx_word' id='word_1_948' title='bbox 2863 5650 3003 5720; x_wconf 80' lang='lat' dir='ltr'><strong>xm).</strong></span> <span class='ocrx_word' id='word_1_949' title='bbox 3040 5669 3058 5700; x_wconf 76' lang='grc' dir='ltr'><strong><em>ι</em></strong></span> <span class='ocrx_word' id='word_1_950' title='bbox 3091 5649 3241 5716; x_wconf 86' lang='lat' dir='ltr'><strong>Quod</strong></span> <span class='ocrx_word' id='word_1_951' title='bbox 3270 5667 3400 5720; x_wconf 81' lang='lat' dir='ltr'><strong>pru-</strong></span> 
     </span>
    </p>
   </div>
   <div class='ocr_carea' id='block_1_116' title="bbox 1825 5734 3397 5811">
    <p class='ocr_par' dir='ltr' id='par_1_116' title="bbox 1825 5734 3397 5811">
     <span class='ocr_line' id='line_1_116' title="bbox 1825 5734 3397 5811; baseline 0.005 -22"><span class='ocrx_word' id='word_1_952' title='bbox 1825 5737 1939 5806; x_wconf 84' lang='lat' dir='ltr'><strong>prie</strong></span> <span class='ocrx_word' id='word_1_953' title='bbox 1968 5735 2177 5790; x_wconf 88' lang='lat' dir='ltr'><strong>illorum</strong></span> <span class='ocrx_word' id='word_1_954' title='bbox 2208 5746 2291 5790; x_wconf 85' lang='lat' dir='ltr'><strong>cst</strong></span> <span class='ocrx_word' id='word_1_955' title='bbox 2318 5734 2493 5791; x_wconf 80' lang='lat' dir='ltr'><strong>facere</strong></span> <span class='ocrx_word' id='word_1_956' title='bbox 2512 5778 2527 5803; x_wconf 93' lang='lat'><strong>,</strong></span> <span class='ocrx_word' id='word_1_957' title='bbox 2556 5739 2645 5808; x_wconf 89' lang='lat' dir='ltr'><strong>qui</strong></span> <span class='ocrx_word' id='word_1_958' title='bbox 2675 5741 2842 5809; x_wconf 78' lang='lat' dir='ltr'><strong>magis</strong></span> <span class='ocrx_word' id='word_1_959' title='bbox 2868 5751 3123 5795; x_wconf 65' lang='lat' dir='ltr'><strong>aeternam</strong></span> <span class='ocrx_word' id='word_1_960' title='bbox 3150 5740 3397 5811; x_wconf 87' lang='lat' dir='ltr'><strong>gloriam,</strong></span> 
     </span>
    </p>
   </div>
  </div>
