  <div class='ocr_page' id='page_1' title='image "/cluster/home/n/w/nwhite01/storage/ocr_20150623/118/hvd.32044015466907/361.png"; bbox 0 0 4002 6348; ppageno 0'>
   <div class='ocr_carea' id='block_1_1' title="bbox 543 258 3917 357">
    <p class='ocr_par' dir='ltr' id='par_1_1' title="bbox 543 258 3917 357">
     <span class='ocr_line' id='line_1_1' title="bbox 543 258 3917 357; baseline -0.013 0"><span class='ocrx_word' id='word_1_1' title='bbox 543 301 640 357; x_wconf 85' lang='lat' dir='ltr'><strong>&#39;lll</strong></span> <span class='ocrx_word' id='word_1_2' title='bbox 1179 287 1532 350; x_wconf 77' lang='lat' dir='ltr'><strong>HAYMONIS</strong></span> <span class='ocrx_word' id='word_1_3' title='bbox 1571 279 2046 342; x_wconf 76' lang='lat' dir='ltr'><strong>llALBERSTAT.</strong></span> <span class='ocrx_word' id='word_1_4' title='bbox 2085 275 2296 333; x_wconf 83' lang='lat' dir='ltr'><strong>EPISC.</strong></span> <span class='ocrx_word' id='word_1_5' title='bbox 2337 273 2488 330; x_wconf 80' lang='lat' dir='ltr'><strong>OPP.</strong></span> <span class='ocrx_word' id='word_1_6' title='bbox 2529 271 2709 329; x_wconf 80' lang='lat' dir='ltr'><strong>PARS</strong></span> <span class='ocrx_word' id='word_1_7' title='bbox 2741 271 2804 326; x_wconf 87' lang='grc'><strong>11.</strong></span> <span class='ocrx_word' id='word_1_8' title='bbox 2837 301 2903 312; x_wconf 91' lang='grc'><strong><em>-</em></strong></span> <span class='ocrx_word' id='word_1_9' title='bbox 2943 268 3174 326; x_wconf 79' lang='lat' dir='ltr'><strong>IlOMIL.</strong></span> <span class='ocrx_word' id='word_1_10' title='bbox 3782 258 3917 314; x_wconf 70' lang='lat'><strong>712</strong></span> 
     </span>
    </p>
   </div>
   <div class='ocr_carea' id='block_1_2' title="bbox 544 380 3912 484">
    <p class='ocr_par' dir='ltr' id='par_1_2' title="bbox 544 380 3912 484">
     <span class='ocr_line' id='line_1_2' title="bbox 544 380 3912 484; baseline -0.012 -19"><span class='ocrx_word' id='word_1_11' title='bbox 544 427 705 484; x_wconf 85' lang='lat' dir='ltr'><strong>quam</strong></span> <span class='ocrx_word' id='word_1_12' title='bbox 737 407 1082 478; x_wconf 80' lang='lat' dir='ltr'><strong>temporalem</strong></span> <span class='ocrx_word' id='word_1_13' title='bbox 1109 403 1336 473; x_wconf 89' lang='lat' dir='ltr'><strong>diligunt</strong></span> <span class='ocrx_word' id='word_1_14' title='bbox 1359 401 1542 454; x_wconf 88' lang='lat' dir='ltr'><strong>vitam.</strong></span> <span class='ocrx_word' id='word_1_15' title='bbox 1583 397 1733 453; x_wconf 88' lang='lat' dir='ltr'><strong>Unde</strong></span> <span class='ocrx_word' id='word_1_16' title='bbox 1755 405 1809 450; x_wconf 91' lang='lat' dir='ltr'><strong>et</strong></span> <span class='ocrx_word' id='word_1_17' title='bbox 1831 394 2116 450; x_wconf 75' lang='lat' dir='ltr'><strong>subditur:</strong></span> <span class='ocrx_word' id='word_1_18' title='bbox 2147 396 2198 455; x_wconf 81' lang='grc' dir='ltr'>Α</span> <span class='ocrx_word' id='word_1_19' title='bbox 2224 388 2343 441; x_wconf 90' lang='lat' dir='ltr'><strong>reth</strong></span> <span class='ocrx_word' id='word_1_20' title='bbox 2387 394 2443 441; x_wconf 90' lang='lat' dir='ltr'><strong>et</strong></span> <span class='ocrx_word' id='word_1_21' title='bbox 2481 385 2858 470; x_wconf 87' lang='lat' dir='ltr'><strong>Capharnanm</strong></span> <span class='ocrx_word' id='word_1_22' title='bbox 2895 383 2948 437; x_wconf 90' lang='lat' dir='ltr'><strong>in</strong></span> <span class='ocrx_word' id='word_1_23' title='bbox 2987 381 3203 438; x_wconf 77' lang='lat' dir='ltr'><strong>Galiltea</strong></span> <span class='ocrx_word' id='word_1_24' title='bbox 3234 380 3456 451; x_wconf 84' lang='lat' dir='ltr'><strong>regione</strong></span> <span class='ocrx_word' id='word_1_25' title='bbox 3502 380 3646 434; x_wconf 64' lang='lat' dir='ltr'><strong>sita:</strong></span> <span class='ocrx_word' id='word_1_26' title='bbox 3713 385 3912 431; x_wconf 86' lang='lat' dir='ltr'><strong>sunt.</strong></span> 
     </span>
    </p>
   </div>
   <div class='ocr_carea' id='block_1_3' title="bbox 623 471 3915 567">
    <p class='ocr_par' dir='ltr' id='par_1_3' title="bbox 623 471 3915 567">
     <span class='ocr_line' id='line_1_3' title="bbox 623 471 3915 567; baseline -0.01 -15"><span class='ocrx_word' id='word_1_27' title='bbox 623 519 642 552; x_wconf 84' lang='lat' dir='ltr'><strong>t</strong></span> <span class='ocrx_word' id='word_1_28' title='bbox 674 501 775 567; x_wconf 85' lang='lat' dir='ltr'><strong>Qui</strong></span> <span class='ocrx_word' id='word_1_29' title='bbox 805 471 983 553; x_wconf 80' lang='lat' dir='ltr'><strong>autem</strong></span> <span class='ocrx_word' id='word_1_30' title='bbox 1014 511 1073 550; x_wconf 93' lang='lat' dir='ltr'><strong>se</strong></span> <span class='ocrx_word' id='word_1_31' title='bbox 1097 471 1417 548; x_wconf 81' lang='lat' dir='ltr'><strong>exaltaverit</strong></span> <span class='ocrx_word' id='word_1_32' title='bbox 1440 531 1455 555; x_wconf 89' lang='lat'><strong>,</strong></span> <span class='ocrx_word' id='word_1_33' title='bbox 1498 487 1911 543; x_wconf 87' lang='lat' dir='ltr'><strong>humiliabitur:</strong></span> <span class='ocrx_word' id='word_1_34' title='bbox 1943 490 2000 537; x_wconf 90' lang='lat' dir='ltr'><strong>et</strong></span> <span class='ocrx_word' id='word_1_35' title='bbox 2025 480 2118 551; x_wconf 90' lang='lat' dir='ltr'><strong>qui</strong></span> <span class='ocrx_word' id='word_1_36' title='bbox 2229 475 2381 531; x_wconf 81' lang='lat' dir='ltr'><strong>Sicut</strong></span> <span class='ocrx_word' id='word_1_37' title='bbox 2418 476 2566 531; x_wconf 87' lang='lat' dir='ltr'><strong>enim</strong></span> <span class='ocrx_word' id='word_1_38' title='bbox 2608 484 2718 530; x_wconf 89' lang='lat' dir='ltr'><strong>tota</strong></span> <span class='ocrx_word' id='word_1_39' title='bbox 2749 473 2966 528; x_wconf 68' lang='lat' dir='ltr'><strong>Galilaea</strong></span> <span class='ocrx_word' id='word_1_40' title='bbox 3006 472 3122 542; x_wconf 88' lang='lat' dir='ltr'><strong>ejus</strong></span> <span class='ocrx_word' id='word_1_41' title='bbox 3163 471 3337 541; x_wconf 91' lang='lat' dir='ltr'><strong>patria</strong></span> <span class='ocrx_word' id='word_1_42' title='bbox 3373 479 3458 526; x_wconf 92' lang='lat' dir='ltr'><strong>est</strong></span> <span class='ocrx_word' id='word_1_43' title='bbox 3496 476 3748 524; x_wconf 80' lang='lat' dir='ltr'><strong>vocata</strong></span> <span class='ocrx_word' id='word_1_44' title='bbox 3775 507 3797 531; x_wconf 92' lang='lat'><strong>,</strong></span> <span class='ocrx_word' id='word_1_45' title='bbox 3837 479 3915 521; x_wconf 81' lang='lat' dir='ltr'><strong>e9</strong></span> 
     </span>
    </p>
   </div>
   <div class='ocr_carea' id='block_1_4' title="bbox 557 558 3913 649">
    <p class='ocr_par' dir='ltr' id='par_1_4' title="bbox 557 558 3913 649">
     <span class='ocr_line' id='line_1_4' title="bbox 557 558 3913 649; baseline -0.01 -6"><span class='ocrx_word' id='word_1_46' title='bbox 557 609 576 643; x_wconf 85' lang='lat' dir='ltr'><strong>t</strong></span> <span class='ocrx_word' id='word_1_47' title='bbox 611 558 1075 649; x_wconf 67' lang='lat' dir='ltr'><strong>seliumiliaverit,</strong></span> <span class='ocrx_word' id='word_1_48' title='bbox 1099 581 1426 636; x_wconf 84' lang='lat' dir='ltr'><strong>exaltabitur</strong></span> <span class='ocrx_word' id='word_1_49' title='bbox 1455 597 1467 632; x_wconf 93' lang='lat'>:</span> <span class='ocrx_word' id='word_1_50' title='bbox 1502 598 1520 630; x_wconf 74' lang='grc' dir='ltr'><strong>ι</strong></span> <span class='ocrx_word' id='word_1_51' title='bbox 1553 576 1822 644; x_wconf 76' lang='lat' dir='ltr'><strong>Quaeritur</strong></span> <span class='ocrx_word' id='word_1_52' title='bbox 1843 587 2011 642; x_wconf 82' lang='lat' dir='ltr'><strong>quare.</strong></span> <span class='ocrx_word' id='word_1_53' title='bbox 2035 571 2120 626; x_wconf 88' lang='lat' dir='ltr'><strong>di-</strong></span> <span class='ocrx_word' id='word_1_54' title='bbox 2223 569 2366 638; x_wconf 92' lang='lat' dir='ltr'><strong>quod</strong></span> <span class='ocrx_word' id='word_1_55' title='bbox 2397 569 2469 623; x_wconf 92' lang='lat' dir='ltr'><strong>ibi</strong></span> <span class='ocrx_word' id='word_1_56' title='bbox 2511 567 2583 622; x_wconf 89' lang='lat' dir='ltr'><strong>sit</strong></span> <span class='ocrx_word' id='word_1_57' title='bbox 2609 574 2900 634; x_wconf 90' lang='lat' dir='ltr'><strong>conceptus</strong></span> <span class='ocrx_word' id='word_1_58' title='bbox 2927 565 3011 618; x_wconf 97' lang='lat' dir='ltr'><strong>vel</strong></span> <span class='ocrx_word' id='word_1_59' title='bbox 3040 563 3293 626; x_wconf 90' lang='lat' dir='ltr'><strong>nutritus,</strong></span> <span class='ocrx_word' id='word_1_60' title='bbox 3321 563 3463 617; x_wconf 91' lang='lat' dir='ltr'><strong>unde</strong></span> <span class='ocrx_word' id='word_1_61' title='bbox 3489 572 3547 617; x_wconf 90' lang='lat' dir='ltr'><strong>et</strong></span> <span class='ocrx_word' id='word_1_62' title='bbox 3572 558 3913 616; x_wconf 71' lang='lat' dir='ltr'><strong>Galilzeus</strong></span> 
     </span>
    </p>
   </div>
   <div class='ocr_carea' id='block_1_5' title="bbox 552 645 3916 747">
    <p class='ocr_par' dir='ltr' id='par_1_5' title="bbox 552 645 3916 747">
     <span class='ocr_line' id='line_1_5' title="bbox 552 645 3916 747; baseline -0.011 -11"><span class='ocrx_word' id='word_1_63' title='bbox 552 691 681 738; x_wconf 87' lang='lat' dir='ltr'><strong>cat:</strong></span> <span class='ocrx_word' id='word_1_64' title='bbox 713 680 816 747; x_wconf 95' lang='lat' dir='ltr'><strong>Qui</strong></span> <span class='ocrx_word' id='word_1_65' title='bbox 858 693 918 733; x_wconf 88' lang='lat' dir='ltr'><strong>se</strong></span> <span class='ocrx_word' id='word_1_66' title='bbox 965 645 1311 737; x_wconf 87' lang='lat' dir='ltr'><strong>exaltaverit,</strong></span> <span class='ocrx_word' id='word_1_67' title='bbox 1341 669 1732 733; x_wconf 87' lang='lat' dir='ltr'><strong>humiliabitur,</strong></span> <span class='ocrx_word' id='word_1_68' title='bbox 1773 682 1895 722; x_wconf 90' lang='lat' dir='ltr'><strong>cum</strong></span> <span class='ocrx_word' id='word_1_69' title='bbox 1927 663 2124 718; x_wconf 90' lang='lat' dir='ltr'><strong>multos</strong></span> <span class='ocrx_word' id='word_1_70' title='bbox 2223 658 2544 728; x_wconf 74' lang='lat' dir='ltr'><strong>appellatur,</strong></span> <span class='ocrx_word' id='word_1_71' title='bbox 2592 656 2672 710; x_wconf 90' lang='lat' dir='ltr'><strong>sic</strong></span> <span class='ocrx_word' id='word_1_72' title='bbox 2699 669 2807 708; x_wconf 91' lang='lat' dir='ltr'><strong>non</strong></span> <span class='ocrx_word' id='word_1_73' title='bbox 2843 652 3017 707; x_wconf 84' lang='lat' dir='ltr'><strong>solum</strong></span> <span class='ocrx_word' id='word_1_74' title='bbox 3053 650 3341 715; x_wconf 82' lang='lat' dir='ltr'><strong>Nazareth,</strong></span> <span class='ocrx_word' id='word_1_75' title='bbox 3396 652 3493 706; x_wconf 89' lang='lat' dir='ltr'><strong>sed</strong></span> <span class='ocrx_word' id='word_1_76' title='bbox 3523 649 3745 704; x_wconf 83' lang='lat' dir='ltr'><strong>etiam</strong></span> <span class='ocrx_word' id='word_1_77' title='bbox 3786 645 3916 700; x_wconf 77' lang='lat' dir='ltr'><strong>Ca—</strong></span> 
     </span>
    </p>
   </div>
   <div class='ocr_carea' id='block_1_6' title="bbox 552 737 3909 836">
    <p class='ocr_par' dir='ltr' id='par_1_6' title="bbox 552 737 3909 836">
     <span class='ocr_line' id='line_1_6' title="bbox 552 737 3909 836; baseline -0.011 -10"><span class='ocrx_word' id='word_1_78' title='bbox 552 737 829 826; x_wconf 71' lang='lat' dir='ltr'><strong>videamus</strong></span> <span class='ocrx_word' id='word_1_79' title='bbox 861 767 913 821; x_wconf 94' lang='lat' dir='ltr'><strong>in</strong></span> <span class='ocrx_word' id='word_1_80' title='bbox 943 763 1197 836; x_wconf 62' lang='lat' dir='ltr'><strong>praesenti</strong></span> <span class='ocrx_word' id='word_1_81' title='bbox 1244 761 1440 817; x_wconf 71' lang='lat' dir='ltr'><strong>saeculo</strong></span> <span class='ocrx_word' id='word_1_82' title='bbox 1468 759 1763 822; x_wconf 88' lang='lat' dir='ltr'><strong>exaltatos,</strong></span> <span class='ocrx_word' id='word_1_83' title='bbox 1793 763 1849 809; x_wconf 92' lang='lat' dir='ltr'><strong>et</strong></span> <span class='ocrx_word' id='word_1_84' title='bbox 1874 767 2042 823; x_wconf 91' lang='lat' dir='ltr'><strong>usque</strong></span> <span class='ocrx_word' id='word_1_85' title='bbox 2071 752 2126 806; x_wconf 91' lang='lat' dir='ltr'><strong>in</strong></span> <span class='ocrx_word' id='word_1_86' title='bbox 2223 749 2523 820; x_wconf 88' lang='lat' dir='ltr'><strong>pharnaum</strong></span> <span class='ocrx_word' id='word_1_87' title='bbox 2547 781 2562 812; x_wconf 91' lang='lat'><strong>,</strong></span> <span class='ocrx_word' id='word_1_88' title='bbox 2592 760 2712 817; x_wconf 83' lang='lat' dir='ltr'><strong>quae</strong></span> <span class='ocrx_word' id='word_1_89' title='bbox 2753 745 2806 798; x_wconf 93' lang='lat' dir='ltr'><strong>in</strong></span> <span class='ocrx_word' id='word_1_90' title='bbox 2845 741 3063 798; x_wconf 75' lang='lat' dir='ltr'><strong>Galilzea</strong></span> <span class='ocrx_word' id='word_1_91' title='bbox 3086 741 3186 797; x_wconf 92' lang='lat' dir='ltr'><strong>sita</strong></span> <span class='ocrx_word' id='word_1_92' title='bbox 3214 750 3313 804; x_wconf 91' lang='lat' dir='ltr'><strong>est,</strong></span> <span class='ocrx_word' id='word_1_93' title='bbox 3355 742 3474 812; x_wconf 84' lang='lat' dir='ltr'><strong>ejus</strong></span> <span class='ocrx_word' id='word_1_94' title='bbox 3510 740 3764 796; x_wconf 76' lang='lat' dir='ltr'><strong>civitas</strong></span> <span class='ocrx_word' id='word_1_95' title='bbox 3813 737 3909 790; x_wconf 87' lang='lat' dir='ltr'><strong>in—</strong></span> 
     </span>
    </p>
   </div>
   <div class='ocr_carea' id='block_1_7' title="bbox 554 850 2129 928">
    <p class='ocr_par' dir='ltr' id='par_1_7' title="bbox 554 850 2129 928">
     <span class='ocr_line' id='line_1_7' title="bbox 554 850 2129 928; baseline -0.013 -14"><span class='ocrx_word' id='word_1_96' title='bbox 554 859 716 914; x_wconf 90' lang='lat' dir='ltr'><strong>ﬁnem</strong></span> <span class='ocrx_word' id='word_1_97' title='bbox 746 857 983 928; x_wconf 90' lang='lat' dir='ltr'><strong>ipsorum</strong></span> <span class='ocrx_word' id='word_1_98' title='bbox 1012 855 1068 908; x_wconf 91' lang='lat' dir='ltr'><strong>in</strong></span> <span class='ocrx_word' id='word_1_99' title='bbox 1106 853 1221 922; x_wconf 90' lang='lat' dir='ltr'><strong>ipsa</strong></span> <span class='ocrx_word' id='word_1_100' title='bbox 1247 850 1576 906; x_wconf 90' lang='lat' dir='ltr'><strong>exaltatione</strong></span> <span class='ocrx_word' id='word_1_101' title='bbox 1604 857 1924 917; x_wconf 86' lang='lat' dir='ltr'><strong>permanere</strong></span> <span class='ocrx_word' id='word_1_102' title='bbox 1959 860 1972 896; x_wconf 88' lang='lat'><strong>:</strong></span> <span class='ocrx_word' id='word_1_103' title='bbox 2007 857 2129 896; x_wconf 79' lang='lat' dir='ltr'><strong>rur-</strong></span> 
     </span>
    </p>
   </div>
   <div class='ocr_carea' id='block_1_8' title="bbox 556 933 2130 1014">
    <p class='ocr_par' dir='ltr' id='par_1_8' title="bbox 556 933 2130 1014">
     <span class='ocr_line' id='line_1_8' title="bbox 556 933 2130 1014; baseline -0.013 -8"><span class='ocrx_word' id='word_1_104' title='bbox 556 967 675 1006; x_wconf 85' lang='lat' dir='ltr'><strong>sum</strong></span> <span class='ocrx_word' id='word_1_105' title='bbox 714 950 955 1013; x_wconf 83' lang='lat' dir='ltr'><strong>videmus</strong></span> <span class='ocrx_word' id='word_1_106' title='bbox 986 946 1118 1001; x_wconf 87' lang='lat' dir='ltr'><strong>alios</strong></span> <span class='ocrx_word' id='word_1_107' title='bbox 1161 945 1214 999; x_wconf 92' lang='lat' dir='ltr'><strong>in</strong></span> <span class='ocrx_word' id='word_1_108' title='bbox 1243 949 1560 1014; x_wconf 86' lang='lat' dir='ltr'><strong>paupertate</strong></span> <span class='ocrx_word' id='word_1_109' title='bbox 1600 947 1654 994; x_wconf 91' lang='lat' dir='ltr'><strong>et</strong></span> <span class='ocrx_word' id='word_1_110' title='bbox 1698 944 1955 1008; x_wconf 76' lang='lat' dir='ltr'><strong>egestate,</strong></span> <span class='ocrx_word' id='word_1_111' title='bbox 1985 942 2040 988; x_wconf 90' lang='lat' dir='ltr'><strong>et</strong></span> <span class='ocrx_word' id='word_1_112' title='bbox 2073 933 2130 988; x_wconf 91' lang='lat' dir='ltr'><strong>in</strong></span> 
     </span>
    </p>
   </div>
   <div class='ocr_carea' id='block_1_9' title="bbox 555 1023 2126 1109">
    <p class='ocr_par' dir='ltr' id='par_1_9' title="bbox 555 1023 2126 1109">
     <span class='ocr_line' id='line_1_9' title="bbox 555 1023 2126 1109; baseline -0.011 -16"><span class='ocrx_word' id='word_1_113' title='bbox 555 1041 671 1109; x_wconf 91' lang='lat' dir='ltr'><strong>ipsa</strong></span> <span class='ocrx_word' id='word_1_114' title='bbox 699 1042 1014 1108; x_wconf 87' lang='lat' dir='ltr'><strong>paupertate</strong></span> <span class='ocrx_word' id='word_1_115' title='bbox 1041 1047 1212 1103; x_wconf 90' lang='lat' dir='ltr'><strong>usque</strong></span> <span class='ocrx_word' id='word_1_116' title='bbox 1237 1033 1304 1084; x_wconf 89' lang='lat' dir='ltr'><strong>ad</strong></span> <span class='ocrx_word' id='word_1_117' title='bbox 1331 1030 1535 1085; x_wconf 79' lang='lat' dir='ltr'><strong>exitum</strong></span> <span class='ocrx_word' id='word_1_118' title='bbox 1582 1027 1776 1081; x_wconf 73' lang='lat' dir='ltr'><strong>anima:</strong></span> <span class='ocrx_word' id='word_1_119' title='bbox 1811 1023 2126 1079; x_wconf 86' lang='lat' dir='ltr'><strong>consistere.</strong></span> 
     </span>
    </p>
   </div>
   <div class='ocr_carea' id='block_1_10' title="bbox 559 1111 2133 1196">
    <p class='ocr_par' dir='ltr' id='par_1_10' title="bbox 559 1111 2133 1196">
     <span class='ocr_line' id='line_1_10' title="bbox 559 1111 2133 1196; baseline -0.011 -14"><span class='ocrx_word' id='word_1_120' title='bbox 559 1128 641 1182; x_wconf 78' lang='lat' dir='ltr'><strong>Ad</strong></span> <span class='ocrx_word' id='word_1_121' title='bbox 679 1126 820 1196; x_wconf 92' lang='lat' dir='ltr'><strong>quod</strong></span> <span class='ocrx_word' id='word_1_122' title='bbox 851 1123 1163 1187; x_wconf 89' lang='lat' dir='ltr'><strong>dicendum,</strong></span> <span class='ocrx_word' id='word_1_123' title='bbox 1205 1121 1329 1190; x_wconf 90' lang='lat' dir='ltr'><strong>quia</strong></span> <span class='ocrx_word' id='word_1_124' title='bbox 1357 1118 1449 1189; x_wconf 89' lang='lat' dir='ltr'><strong>qui</strong></span> <span class='ocrx_word' id='word_1_125' title='bbox 1478 1132 1537 1173; x_wconf 91' lang='lat' dir='ltr'><strong>se</strong></span> <span class='ocrx_word' id='word_1_126' title='bbox 1564 1116 1616 1170; x_wconf 91' lang='lat' dir='ltr'><strong>in</strong></span> <span class='ocrx_word' id='word_1_127' title='bbox 1646 1113 1900 1186; x_wconf 59' lang='lat' dir='ltr'><strong>praesenti</strong></span> <span class='ocrx_word' id='word_1_128' title='bbox 1937 1111 2133 1166; x_wconf 59' lang='lat' dir='ltr'><strong>saeculo</strong></span> 
     </span>
    </p>
   </div>
   <div class='ocr_carea' id='block_1_11' title="bbox 558 1201 2135 1286">
    <p class='ocr_par' dir='ltr' id='par_1_11' title="bbox 558 1201 2135 1286">
     <span class='ocr_line' id='line_1_11' title="bbox 558 1201 2135 1286; baseline -0.011 -13"><span class='ocrx_word' id='word_1_129' title='bbox 558 1217 788 1286; x_wconf 84' lang='lat' dir='ltr'><strong>superbe</strong></span> <span class='ocrx_word' id='word_1_130' title='bbox 816 1213 1152 1277; x_wconf 84' lang='lat' dir='ltr'><strong>exaltaverit,</strong></span> <span class='ocrx_word' id='word_1_131' title='bbox 1177 1211 1230 1264; x_wconf 94' lang='lat' dir='ltr'><strong>in</strong></span> <span class='ocrx_word' id='word_1_132' title='bbox 1261 1209 1440 1263; x_wconf 85' lang='lat' dir='ltr'><strong>futuro</strong></span> <span class='ocrx_word' id='word_1_133' title='bbox 1465 1205 1861 1262; x_wconf 89' lang='lat' dir='ltr'><strong>humiliabitur:</strong></span> <span class='ocrx_word' id='word_1_134' title='bbox 1886 1210 1940 1257; x_wconf 90' lang='lat' dir='ltr'><strong>et</strong></span> <span class='ocrx_word' id='word_1_135' title='bbox 1963 1201 2054 1270; x_wconf 87' lang='lat' dir='ltr'><strong>qui</strong></span> <span class='ocrx_word' id='word_1_136' title='bbox 2076 1214 2135 1255; x_wconf 92' lang='lat' dir='ltr'><strong>se</strong></span> 
     </span>
    </p>
   </div>
   <div class='ocr_carea' id='block_1_12' title="bbox 561 1293 2134 1370">
    <p class='ocr_par' dir='ltr' id='par_1_12' title="bbox 561 1293 2134 1370">
     <span class='ocr_line' id='line_1_12' title="bbox 561 1293 2134 1370; baseline -0.011 -8"><span class='ocrx_word' id='word_1_137' title='bbox 561 1309 613 1362; x_wconf 92' lang='lat' dir='ltr'><strong>in</strong></span> <span class='ocrx_word' id='word_1_138' title='bbox 644 1307 748 1360; x_wconf 87' lang='lat' dir='ltr'><strong>hoc</strong></span> <span class='ocrx_word' id='word_1_139' title='bbox 772 1303 969 1360; x_wconf 65' lang='lat' dir='ltr'><strong>saaeulo</strong></span> <span class='ocrx_word' id='word_1_140' title='bbox 995 1302 1262 1357; x_wconf 82' lang='lat' dir='ltr'><strong>veraciter</strong></span> <span class='ocrx_word' id='word_1_141' title='bbox 1284 1310 1506 1370; x_wconf 85' lang='lat' dir='ltr'><strong>prepter</strong></span> <span class='ocrx_word' id='word_1_142' title='bbox 1536 1295 1817 1350; x_wconf 88' lang='lat' dir='ltr'><strong>Dominum</strong></span> <span class='ocrx_word' id='word_1_143' title='bbox 1861 1293 2134 1348; x_wconf 82' lang='lat' dir='ltr'><strong>Christum</strong></span> 
     </span>
    </p>
   </div>
   <div class='ocr_carea' id='block_1_13' title="bbox 561 1382 2139 1459">
    <p class='ocr_par' dir='ltr' id='par_1_13' title="bbox 561 1382 2139 1459">
     <span class='ocr_line' id='line_1_13' title="bbox 561 1382 2139 1459; baseline -0.013 -5"><span class='ocrx_word' id='word_1_144' title='bbox 561 1395 946 1459; x_wconf 86' lang='lat' dir='ltr'><strong>humiliaverit,</strong></span> <span class='ocrx_word' id='word_1_145' title='bbox 973 1394 1027 1448; x_wconf 92' lang='lat' dir='ltr'><strong>in</strong></span> <span class='ocrx_word' id='word_1_146' title='bbox 1055 1392 1233 1446; x_wconf 86' lang='lat' dir='ltr'><strong>futuro</strong></span> <span class='ocrx_word' id='word_1_147' title='bbox 1260 1389 1602 1444; x_wconf 83' lang='lat' dir='ltr'><strong>exaltabitur.</strong></span> <span class='ocrx_word' id='word_1_148' title='bbox 1635 1385 1787 1439; x_wconf 90' lang='lat' dir='ltr'><strong>Sicut</strong></span> <span class='ocrx_word' id='word_1_149' title='bbox 1823 1397 1951 1452; x_wconf 87' lang='lat' dir='ltr'><strong>ergo</strong></span> <span class='ocrx_word' id='word_1_150' title='bbox 1997 1382 2139 1436; x_wconf 87' lang='lat' dir='ltr'><strong>inter</strong></span> 
     </span>
    </p>
   </div>
   <div class='ocr_carea' id='block_1_14' title="bbox 562 1475 2140 1557">
    <p class='ocr_par' dir='ltr' id='par_1_14' title="bbox 562 1475 2140 1557">
     <span class='ocr_line' id='line_1_14' title="bbox 562 1475 2140 1557; baseline -0.013 -13"><span class='ocrx_word' id='word_1_151' title='bbox 562 1489 824 1557; x_wconf 81' lang='lat' dir='ltr'><strong>superbos</strong></span> <span class='ocrx_word' id='word_1_152' title='bbox 851 1481 1257 1554; x_wconf 82' lang='lat' dir='ltr'><strong>semperjurgia</strong></span> <span class='ocrx_word' id='word_1_153' title='bbox 1285 1488 1432 1544; x_wconf 89' lang='lat' dir='ltr'><strong>sunt,</strong></span> <span class='ocrx_word' id='word_1_154' title='bbox 1454 1478 1532 1532; x_wconf 91' lang='lat' dir='ltr'><strong>sic</strong></span> <span class='ocrx_word' id='word_1_155' title='bbox 1554 1477 1692 1532; x_wconf 88' lang='lat' dir='ltr'><strong>inter</strong></span> <span class='ocrx_word' id='word_1_156' title='bbox 1714 1475 1941 1529; x_wconf 87' lang='lat' dir='ltr'><strong>humiles</strong></span> <span class='ocrx_word' id='word_1_157' title='bbox 1961 1488 2066 1542; x_wconf 85' lang='lat' dir='ltr'><strong>pax</strong></span> <span class='ocrx_word' id='word_1_158' title='bbox 2085 1479 2140 1526; x_wconf 89' lang='lat' dir='ltr'><strong>et</strong></span> 
     </span>
    </p>
   </div>
   <div class='ocr_carea' id='block_1_15' title="bbox 564 1562 2141 1634">
    <p class='ocr_par' dir='ltr' id='par_1_15' title="bbox 564 1562 2141 1634">
     <span class='ocr_line' id='line_1_15' title="bbox 564 1562 2141 1634; baseline -0.012 0"><span class='ocrx_word' id='word_1_159' title='bbox 564 1577 851 1634; x_wconf 86' lang='lat' dir='ltr'><strong>concordia</strong></span> <span class='ocrx_word' id='word_1_160' title='bbox 903 1573 1157 1629; x_wconf 90' lang='lat' dir='ltr'><strong>inviolata</strong></span> <span class='ocrx_word' id='word_1_161' title='bbox 1207 1577 1577 1625; x_wconf 89' lang='lat' dir='ltr'><strong>conservatur.</strong></span> <span class='ocrx_word' id='word_1_162' title='bbox 1629 1565 1892 1633; x_wconf 84' lang='lat' dir='ltr'><strong>Quoniam</strong></span> <span class='ocrx_word' id='word_1_163' title='bbox 1943 1562 2034 1632; x_wconf 89' lang='lat' dir='ltr'><strong>qui</strong></span> <span class='ocrx_word' id='word_1_164' title='bbox 2083 1574 2141 1616; x_wconf 88' lang='lat' dir='ltr'><strong>se</strong></span> 
     </span>
    </p>
   </div>
   <div class='ocr_carea' id='block_1_16' title="bbox 564 1652 2140 1734">
    <p class='ocr_par' dir='ltr' id='par_1_16' title="bbox 564 1652 2140 1734">
     <span class='ocr_line' id='line_1_16' title="bbox 564 1652 2140 1734; baseline -0.011 -10"><span class='ocrx_word' id='word_1_165' title='bbox 564 1667 850 1724; x_wconf 82' lang='lat' dir='ltr'><strong>ltumiliant</strong></span> <span class='ocrx_word' id='word_1_166' title='bbox 876 1666 929 1719; x_wconf 90' lang='lat' dir='ltr'><strong>in</strong></span> <span class='ocrx_word' id='word_1_167' title='bbox 948 1659 1610 1734; x_wconf 61' lang='lat' dir='ltr'><strong>prabsenti,exaltabuntur</strong></span> <span class='ocrx_word' id='word_1_168' title='bbox 1631 1656 1684 1711; x_wconf 90' lang='lat' dir='ltr'><strong>in</strong></span> <span class='ocrx_word' id='word_1_169' title='bbox 1710 1656 1909 1718; x_wconf 90' lang='lat' dir='ltr'><strong>futuro,</strong></span> <span class='ocrx_word' id='word_1_170' title='bbox 1925 1652 2140 1724; x_wconf 87' lang='lat' dir='ltr'><strong>quando</strong></span> 
     </span>
    </p>
   </div>
   <div class='ocr_carea' id='block_1_17' title="bbox 2227 830 3909 909">
    <p class='ocr_par' dir='ltr' id='par_1_17' title="bbox 2227 830 3909 909">
     <span class='ocr_line' id='line_1_17' title="bbox 2227 830 3909 909; baseline -0.007 -16"><span class='ocrx_word' id='word_1_171' title='bbox 2227 839 2393 908; x_wconf 80' lang='lat' dir='ltr'><strong>telligi</strong></span> <span class='ocrx_word' id='word_1_172' title='bbox 2441 845 2637 909; x_wconf 86' lang='lat' dir='ltr'><strong>potest.</strong></span> <span class='ocrx_word' id='word_1_173' title='bbox 2682 835 2826 890; x_wconf 86' lang='lat' dir='ltr'><strong>Nihil</strong></span> <span class='ocrx_word' id='word_1_174' title='bbox 2861 835 3006 890; x_wconf 90' lang='lat' dir='ltr'><strong>enim</strong></span> <span class='ocrx_word' id='word_1_175' title='bbox 3043 833 3324 888; x_wconf 78' lang='lat' dir='ltr'><strong>Matthams</strong></span> <span class='ocrx_word' id='word_1_176' title='bbox 3351 843 3406 888; x_wconf 92' lang='lat' dir='ltr'><strong>et</strong></span> <span class='ocrx_word' id='word_1_177' title='bbox 3443 832 3695 887; x_wconf 80' lang='lat' dir='ltr'><strong>Marcus</strong></span> <span class='ocrx_word' id='word_1_178' title='bbox 3730 830 3909 883; x_wconf 83' lang='lat' dir='ltr'><strong>inter</strong></span> 
     </span>
    </p>
   </div>
   <div class='ocr_carea' id='block_1_18' title="bbox 2228 921 3905 996">
    <p class='ocr_par' dir='ltr' id='par_1_18' title="bbox 2228 921 3905 996">
     <span class='ocr_line' id='line_1_18' title="bbox 2228 921 3905 996; baseline -0.008 -9"><span class='ocrx_word' id='word_1_179' title='bbox 2228 946 2290 987; x_wconf 89' lang='lat' dir='ltr'><strong>se</strong></span> <span class='ocrx_word' id='word_1_180' title='bbox 2310 930 2639 995; x_wconf 86' lang='lat' dir='ltr'><strong>discordant,</strong></span> <span class='ocrx_word' id='word_1_181' title='bbox 2664 942 2785 982; x_wconf 92' lang='lat' dir='ltr'><strong>eum</strong></span> <span class='ocrx_word' id='word_1_182' title='bbox 2825 941 2966 981; x_wconf 89' lang='lat' dir='ltr'><strong>unus</strong></span> <span class='ocrx_word' id='word_1_183' title='bbox 3006 927 3181 996; x_wconf 84' lang='lat' dir='ltr'><strong>ipsum</strong></span> <span class='ocrx_word' id='word_1_184' title='bbox 3212 940 3404 980; x_wconf 87' lang='lat' dir='ltr'><strong>nomen</strong></span> <span class='ocrx_word' id='word_1_185' title='bbox 3443 923 3689 994; x_wconf 88' lang='lat' dir='ltr'><strong>posuit,</strong></span> <span class='ocrx_word' id='word_1_186' title='bbox 3728 921 3905 975; x_wconf 80' lang='lat' dir='ltr'><strong>alter</strong></span> 
     </span>
    </p>
   </div>
   <div class='ocr_carea' id='block_1_19' title="bbox 2230 1009 3902 1076">
    <p class='ocr_par' dir='ltr' id='par_1_19' title="bbox 2230 1009 3902 1076">
     <span class='ocr_line' id='line_1_19' title="bbox 2230 1009 3902 1076; baseline -0.007 -2"><span class='ocrx_word' id='word_1_187' title='bbox 2230 1036 2361 1076; x_wconf 88' lang='lat' dir='ltr'><strong>vero</strong></span> <span class='ocrx_word' id='word_1_188' title='bbox 2393 1020 2445 1074; x_wconf 92' lang='lat' dir='ltr'><strong>in</strong></span> <span class='ocrx_word' id='word_1_189' title='bbox 2469 1019 2742 1074; x_wconf 88' lang='lat' dir='ltr'><strong>civitatem</strong></span> <span class='ocrx_word' id='word_1_190' title='bbox 2775 1032 2929 1072; x_wconf 88' lang='lat' dir='ltr'><strong>suam</strong></span> <span class='ocrx_word' id='word_1_191' title='bbox 2959 1015 3201 1070; x_wconf 89' lang='lat' dir='ltr'><strong>absolute</strong></span> <span class='ocrx_word' id='word_1_192' title='bbox 3229 1014 3385 1068; x_wconf 82' lang='lat' dir='ltr'><strong>dixit.</strong></span> <span class='ocrx_word' id='word_1_193' title='bbox 3418 1013 3518 1068; x_wconf 87' lang='lat' dir='ltr'><strong>Vel</strong></span> <span class='ocrx_word' id='word_1_194' title='bbox 3543 1020 3742 1068; x_wconf 87' lang='lat' dir='ltr'><strong>certe</strong></span> <span class='ocrx_word' id='word_1_195' title='bbox 3779 1009 3902 1065; x_wconf 82' lang='lat' dir='ltr'><strong>Ca-</strong></span> 
     </span>
    </p>
   </div>
   <div class='ocr_carea' id='block_1_20' title="bbox 2229 1101 3894 1180">
    <p class='ocr_par' dir='ltr' id='par_1_20' title="bbox 2229 1101 3894 1180">
     <span class='ocr_line' id='line_1_20' title="bbox 2229 1101 3894 1180; baseline -0.007 -15"><span class='ocrx_word' id='word_1_196' title='bbox 2229 1112 2528 1180; x_wconf 91' lang='lat' dir='ltr'><strong>pharnaum</strong></span> <span class='ocrx_word' id='word_1_197' title='bbox 2557 1109 2674 1178; x_wconf 87' lang='lat' dir='ltr'><strong>ejus</strong></span> <span class='ocrx_word' id='word_1_198' title='bbox 2689 1107 2877 1162; x_wconf 83' lang='lat' dir='ltr'><strong>civitas</strong></span> <span class='ocrx_word' id='word_1_199' title='bbox 2902 1105 3005 1160; x_wconf 90' lang='lat' dir='ltr'><strong>dici</strong></span> <span class='ocrx_word' id='word_1_200' title='bbox 3027 1114 3224 1174; x_wconf 88' lang='lat' dir='ltr'><strong>potest,</strong></span> <span class='ocrx_word' id='word_1_201' title='bbox 3243 1119 3348 1158; x_wconf 91' lang='lat' dir='ltr'><strong>non</strong></span> <span class='ocrx_word' id='word_1_202' title='bbox 3378 1101 3525 1172; x_wconf 89' lang='lat' dir='ltr'><strong>quod</strong></span> <span class='ocrx_word' id='word_1_203' title='bbox 3554 1103 3618 1156; x_wconf 91' lang='lat' dir='ltr'><strong>in</strong></span> <span class='ocrx_word' id='word_1_204' title='bbox 3653 1116 3744 1155; x_wconf 77' lang='lat' dir='ltr'><strong>ea</strong></span> <span class='ocrx_word' id='word_1_205' title='bbox 3783 1114 3894 1154; x_wconf 83' lang='lat' dir='ltr'><strong>na-</strong></span> 
     </span>
    </p>
   </div>
   <div class='ocr_carea' id='block_1_21' title="bbox 2237 1192 3892 1264">
    <p class='ocr_par' dir='ltr' id='par_1_21' title="bbox 2237 1192 3892 1264">
     <span class='ocr_line' id='line_1_21' title="bbox 2237 1192 3892 1264; baseline -0.007 -9"><span class='ocrx_word' id='word_1_206' title='bbox 2237 1212 2321 1256; x_wconf 90' lang='lat' dir='ltr'><strong>tus</strong></span> <span class='ocrx_word' id='word_1_207' title='bbox 2345 1199 2427 1254; x_wconf 89' lang='lat' dir='ltr'><strong>vel</strong></span> <span class='ocrx_word' id='word_1_208' title='bbox 2456 1199 2688 1252; x_wconf 91' lang='lat' dir='ltr'><strong>nutritus</strong></span> <span class='ocrx_word' id='word_1_209' title='bbox 2723 1198 2814 1260; x_wconf 90' lang='lat' dir='ltr'><strong>sit,</strong></span> <span class='ocrx_word' id='word_1_210' title='bbox 2838 1197 2929 1250; x_wconf 87' lang='lat' dir='ltr'><strong>sed</strong></span> <span class='ocrx_word' id='word_1_211' title='bbox 2958 1195 3098 1264; x_wconf 92' lang='lat' dir='ltr'><strong>quod</strong></span> <span class='ocrx_word' id='word_1_212' title='bbox 3131 1209 3249 1249; x_wconf 90' lang='lat' dir='ltr'><strong>eam</strong></span> <span class='ocrx_word' id='word_1_213' title='bbox 3281 1193 3561 1248; x_wconf 83' lang='lat' dir='ltr'><strong>miraculis</strong></span> <span class='ocrx_word' id='word_1_214' title='bbox 3592 1192 3892 1245; x_wconf 81' lang='lat' dir='ltr'><strong>illustra-</strong></span> 
     </span>
    </p>
   </div>
   <div class='ocr_carea' id='block_1_22' title="bbox 2234 1280 3892 1357">
    <p class='ocr_par' dir='ltr' id='par_1_22' title="bbox 2234 1280 3892 1357">
     <span class='ocr_line' id='line_1_22' title="bbox 2234 1280 3892 1357; baseline -0.006 -15"><span class='ocrx_word' id='word_1_215' title='bbox 2234 1289 2393 1343; x_wconf 89' lang='lat' dir='ltr'><strong>verit.</strong></span> <span class='ocrx_word' id='word_1_216' title='bbox 2423 1288 2658 1342; x_wconf 81' lang='lat' dir='ltr'><strong>Rursum</strong></span> <span class='ocrx_word' id='word_1_217' title='bbox 2697 1286 2993 1357; x_wconf 65' lang='lat' dir='ltr'><strong>quaeritur,</strong></span> <span class='ocrx_word' id='word_1_218' title='bbox 3025 1297 3195 1352; x_wconf 83' lang='lat' dir='ltr'><strong>quare</strong></span> <span class='ocrx_word' id='word_1_219' title='bbox 3245 1283 3424 1336; x_wconf 86' lang='lat' dir='ltr'><strong>navim</strong></span> <span class='ocrx_word' id='word_1_220' title='bbox 3473 1281 3840 1336; x_wconf 85' lang='lat' dir='ltr'><strong>ascenderit</strong></span> <span class='ocrx_word' id='word_1_221' title='bbox 3867 1280 3892 1332; x_wconf 70' lang='grc'><em>2</em></span> 
     </span>
    </p>
   </div>
   <div class='ocr_carea' id='block_1_23' title="bbox 2239 1371 3885 1451">
    <p class='ocr_par' dir='ltr' id='par_1_23' title="bbox 2239 1371 3885 1451">
     <span class='ocr_line' id='line_1_23' title="bbox 2239 1371 3885 1451; baseline -0.007 -15"><span class='ocrx_word' id='word_1_222' title='bbox 2239 1381 2488 1451; x_wconf 87' lang='lat' dir='ltr'><strong>Nunquid</strong></span> <span class='ocrx_word' id='word_1_223' title='bbox 2532 1395 2639 1434; x_wconf 92' lang='lat' dir='ltr'><strong>non</strong></span> <span class='ocrx_word' id='word_1_224' title='bbox 2671 1387 2883 1449; x_wconf 82' lang='lat' dir='ltr'><strong>poterat</strong></span> <span class='ocrx_word' id='word_1_225' title='bbox 2919 1391 3082 1446; x_wconf 85' lang='lat' dir='ltr'><strong>super</strong></span> <span class='ocrx_word' id='word_1_226' title='bbox 3126 1373 3298 1428; x_wconf 88' lang='lat' dir='ltr'><strong>undas</strong></span> <span class='ocrx_word' id='word_1_227' title='bbox 3324 1373 3494 1428; x_wconf 87' lang='lat' dir='ltr'><strong>maris</strong></span> <span class='ocrx_word' id='word_1_228' title='bbox 3523 1371 3885 1432; x_wconf 81' lang='lat' dir='ltr'><strong>ambulare,</strong></span> 
     </span>
    </p>
   </div>
   <div class='ocr_carea' id='block_1_24' title="bbox 2239 1462 3885 1544">
    <p class='ocr_par' dir='ltr' id='par_1_24' title="bbox 2239 1462 3885 1544">
     <span class='ocr_line' id='line_1_24' title="bbox 2239 1462 3885 1544; baseline -0.006 -18"><span class='ocrx_word' id='word_1_229' title='bbox 2239 1474 2329 1544; x_wconf 91' lang='lat' dir='ltr'><strong>qui</strong></span> <span class='ocrx_word' id='word_1_230' title='bbox 2371 1471 2640 1539; x_wconf 89' lang='lat' dir='ltr'><strong>quondam</strong></span> <span class='ocrx_word' id='word_1_231' title='bbox 2682 1469 2843 1524; x_wconf 86' lang='lat' dir='ltr'><strong>Petro</strong></span> <span class='ocrx_word' id='word_1_232' title='bbox 2869 1466 3156 1538; x_wconf 66' lang='lat' dir='ltr'><strong>praestitit,</strong></span> <span class='ocrx_word' id='word_1_233' title='bbox 3198 1474 3257 1519; x_wconf 92' lang='lat' dir='ltr'><strong>ut</strong></span> <span class='ocrx_word' id='word_1_234' title='bbox 3275 1478 3436 1534; x_wconf 88' lang='lat' dir='ltr'><strong>super</strong></span> <span class='ocrx_word' id='word_1_235' title='bbox 3458 1465 3651 1518; x_wconf 89' lang='lat' dir='ltr'><strong>undas</strong></span> <span class='ocrx_word' id='word_1_236' title='bbox 3687 1462 3885 1516; x_wconf 77' lang='lat' dir='ltr'><strong>maris</strong></span> 
     </span>
    </p>
   </div>
   <div class='ocr_carea' id='block_1_25' title="bbox 2241 1553 3882 1631">
    <p class='ocr_par' dir='ltr' id='par_1_25' title="bbox 2241 1553 3882 1631">
     <span class='ocr_line' id='line_1_25' title="bbox 2241 1553 3882 1631; baseline -0.006 -15"><span class='ocrx_word' id='word_1_237' title='bbox 2241 1559 2539 1616; x_wconf 87' lang='lat' dir='ltr'><strong>ambutaret</strong></span> <span class='ocrx_word' id='word_1_238' title='bbox 2575 1559 2788 1631; x_wconf 75' lang='lat' dir='ltr'><strong>(Matth.</strong></span> <span class='ocrx_word' id='word_1_239' title='bbox 2817 1557 2963 1627; x_wconf 86' lang='lat' dir='ltr'><strong>xiv)?</strong></span> <span class='ocrx_word' id='word_1_240' title='bbox 2997 1555 3106 1609; x_wconf 86' lang='lat' dir='ltr'><strong>Aut</strong></span> <span class='ocrx_word' id='word_1_241' title='bbox 3126 1570 3231 1608; x_wconf 92' lang='lat' dir='ltr'><strong>non</strong></span> <span class='ocrx_word' id='word_1_242' title='bbox 3258 1563 3468 1624; x_wconf 89' lang='lat' dir='ltr'><strong>poterat</strong></span> <span class='ocrx_word' id='word_1_243' title='bbox 3490 1568 3707 1608; x_wconf 85' lang='lat' dir='ltr'><strong>coram</strong></span> <span class='ocrx_word' id='word_1_244' title='bbox 3737 1553 3882 1606; x_wconf 71' lang='lat' dir='ltr'><strong>suis</strong></span> 
     </span>
    </p>
   </div>
   <div class='ocr_carea' id='block_1_26' title="bbox 2243 1643 3880 1722">
    <p class='ocr_par' dir='ltr' id='par_1_26' title="bbox 2243 1643 3880 1722">
     <span class='ocr_line' id='line_1_26' title="bbox 2243 1643 3880 1722; baseline -0.006 -14"><span class='ocrx_word' id='word_1_245' title='bbox 2243 1653 2484 1722; x_wconf 77' lang='lat' dir='ltr'><strong>vestigiis</strong></span> <span class='ocrx_word' id='word_1_246' title='bbox 2511 1665 2662 1706; x_wconf 88' lang='lat' dir='ltr'><strong>mare</strong></span> <span class='ocrx_word' id='word_1_247' title='bbox 2696 1649 2930 1715; x_wconf 87' lang='lat' dir='ltr'><strong>siccare,</strong></span> <span class='ocrx_word' id='word_1_248' title='bbox 2970 1648 3062 1717; x_wconf 90' lang='lat' dir='ltr'><strong>qui</strong></span> <span class='ocrx_word' id='word_1_249' title='bbox 3091 1661 3272 1702; x_wconf 88' lang='lat' dir='ltr'><strong>coram</strong></span> <span class='ocrx_word' id='word_1_250' title='bbox 3305 1646 3427 1700; x_wconf 87' lang='lat' dir='ltr'><strong>ﬁliis</strong></span> <span class='ocrx_word' id='word_1_251' title='bbox 3469 1643 3653 1700; x_wconf 90' lang='lat' dir='ltr'><strong>lsrael</strong></span> <span class='ocrx_word' id='word_1_252' title='bbox 3702 1659 3880 1714; x_wconf 79' lang='lat' dir='ltr'><strong>egre-</strong></span> 
     </span>
    </p>
   </div>
   <div class='ocr_carea' id='block_1_27' title="bbox 563 1733 3875 1814">
    <p class='ocr_par' dir='ltr' id='par_1_27' title="bbox 563 1733 3875 1814">
     <span class='ocr_line' id='line_1_27' title="bbox 563 1733 3875 1814; baseline -0.008 -2"><span class='ocrx_word' id='word_1_253' title='bbox 563 1759 712 1814; x_wconf 90' lang='lat' dir='ltr'><strong>illam</strong></span> <span class='ocrx_word' id='word_1_254' title='bbox 732 1733 1138 1812; x_wconf 82' lang='lat' dir='ltr'><strong>desiderabilem</strong></span> <span class='ocrx_word' id='word_1_255' title='bbox 1152 1766 1335 1807; x_wconf 90' lang='lat' dir='ltr'><strong>vocem</strong></span> <span class='ocrx_word' id='word_1_256' title='bbox 1353 1750 1539 1804; x_wconf 89' lang='lat' dir='ltr'><strong>audire</strong></span> <span class='ocrx_word' id='word_1_257' title='bbox 1553 1744 2140 1813; x_wconf 76' lang='lat' dir='ltr'><strong>merebunturztEuge,</strong></span> <span class='ocrx_word' id='word_1_258' title='bbox 2170 1743 2218 1803; x_wconf 89' lang='lat' dir='ltr'><strong>B</strong></span> <span class='ocrx_word' id='word_1_259' title='bbox 2246 1741 2518 1799; x_wconf 88' lang='lat' dir='ltr'><strong>dientibus</strong></span> <span class='ocrx_word' id='word_1_260' title='bbox 2548 1755 2615 1795; x_wconf 87' lang='lat' dir='ltr'><strong>ex</strong></span> <span class='ocrx_word' id='word_1_261' title='bbox 2651 1738 2886 1810; x_wconf 71' lang='lat' dir='ltr'><strong>.‘Egypto</strong></span> <span class='ocrx_word' id='word_1_262' title='bbox 2915 1751 3064 1791; x_wconf 87' lang='lat' dir='ltr'><strong>mare</strong></span> <span class='ocrx_word' id='word_1_263' title='bbox 3099 1735 3342 1790; x_wconf 80' lang='lat' dir='ltr'><strong>Rubrum</strong></span> <span class='ocrx_word' id='word_1_264' title='bbox 3378 1733 3610 1789; x_wconf 87' lang='lat' dir='ltr'><strong>siccavit</strong></span> <span class='ocrx_word' id='word_1_265' title='bbox 3631 1775 3650 1799; x_wconf 88' lang='lat'><strong>,</strong></span> <span class='ocrx_word' id='word_1_266' title='bbox 3679 1742 3751 1787; x_wconf 90' lang='lat' dir='ltr'><strong>et</strong></span> <span class='ocrx_word' id='word_1_267' title='bbox 3773 1747 3875 1786; x_wconf 87' lang='lat' dir='ltr'><strong>eos</strong></span> 
     </span>
    </p>
   </div>
   <div class='ocr_carea' id='block_1_28' title="bbox 566 1835 2134 1911">
    <p class='ocr_par' dir='ltr' id='par_1_28' title="bbox 566 1835 2134 1911">
     <span class='ocr_line' id='line_1_28' title="bbox 566 1835 2134 1911; baseline -0.009 -9"><span class='ocrx_word' id='word_1_268' title='bbox 566 1863 721 1902; x_wconf 81' lang='lat' dir='ltr'><strong>serve</strong></span> <span class='ocrx_word' id='word_1_269' title='bbox 760 1847 898 1901; x_wconf 93' lang='lat' dir='ltr'><strong>bone</strong></span> <span class='ocrx_word' id='word_1_270' title='bbox 924 1853 978 1899; x_wconf 90' lang='lat' dir='ltr'><strong>et</strong></span> <span class='ocrx_word' id='word_1_271' title='bbox 1005 1843 1202 1905; x_wconf 87' lang='lat' dir='ltr'><strong>ﬁdelis,</strong></span> <span class='ocrx_word' id='word_1_272' title='bbox 1232 1842 1358 1911; x_wconf 88' lang='lat' dir='ltr'><strong>quia</strong></span> <span class='ocrx_word' id='word_1_273' title='bbox 1387 1854 1547 1909; x_wconf 90' lang='lat' dir='ltr'><strong>super</strong></span> <span class='ocrx_word' id='word_1_274' title='bbox 1572 1853 1740 1908; x_wconf 92' lang='lat' dir='ltr'><strong>pauca</strong></span> <span class='ocrx_word' id='word_1_275' title='bbox 1773 1836 1915 1891; x_wconf 82' lang='lat' dir='ltr'><strong>fuisti</strong></span> <span class='ocrx_word' id='word_1_276' title='bbox 1947 1835 2134 1896; x_wconf 89' lang='lat' dir='ltr'><strong>ﬁdelis,</strong></span> 
     </span>
    </p>
   </div>
   <div class='ocr_carea' id='block_1_29' title="bbox 565 1923 2140 2006">
    <p class='ocr_par' dir='ltr' id='par_1_29' title="bbox 565 1923 2140 2006">
     <span class='ocr_line' id='line_1_29' title="bbox 565 1923 2140 2006; baseline -0.01 -15"><span class='ocrx_word' id='word_1_277' title='bbox 565 1953 727 2006; x_wconf 84' lang='lat' dir='ltr'><strong>super</strong></span> <span class='ocrx_word' id='word_1_278' title='bbox 753 1935 918 1990; x_wconf 89' lang='lat' dir='ltr'><strong>multa</strong></span> <span class='ocrx_word' id='word_1_279' title='bbox 953 1942 1002 2001; x_wconf 84' lang='lat' dir='ltr'><strong>te</strong></span> <span class='ocrx_word' id='word_1_280' title='bbox 1027 1931 1370 1996; x_wconf 85' lang='lat' dir='ltr'><strong>constituam,</strong></span> <span class='ocrx_word' id='word_1_281' title='bbox 1396 1929 1537 1983; x_wconf 89' lang='lat' dir='ltr'><strong>intra</strong></span> <span class='ocrx_word' id='word_1_282' title='bbox 1567 1927 1621 1981; x_wconf 90' lang='lat' dir='ltr'><strong>in</strong></span> <span class='ocrx_word' id='word_1_283' title='bbox 1652 1926 1903 1998; x_wconf 75' lang='lat' dir='ltr'><strong>gaudium</strong></span> <span class='ocrx_word' id='word_1_284' title='bbox 1929 1923 2140 1979; x_wconf 90' lang='lat' dir='ltr'><strong>Domini</strong></span> 
     </span>
    </p>
   </div>
   <div class='ocr_carea' id='block_1_30' title="bbox 566 2023 1114 2112">
    <p class='ocr_par' dir='ltr' id='par_1_30' title="bbox 566 2023 1114 2112">
     <span class='ocr_line' id='line_1_30' title="bbox 566 2023 1114 2112; baseline -0.011 -31"><span class='ocrx_word' id='word_1_285' title='bbox 566 2027 639 2081; x_wconf 91' lang='lat' dir='ltr'><strong>tui</strong></span> <span class='ocrx_word' id='word_1_286' title='bbox 669 2027 885 2112; x_wconf 65' lang='lat' dir='ltr'><strong>(.iiattlt.</strong></span> <span class='ocrx_word' id='word_1_287' title='bbox 911 2023 1060 2096; x_wconf 87' lang='lat' dir='ltr'><strong>xxv).</strong></span> <span class='ocrx_word' id='word_1_288' title='bbox 1096 2041 1114 2074; x_wconf 78' lang='grc' dir='ltr'><strong>ι</strong></span> 
     </span>
    </p>
   </div>
   <div class='ocr_carea' id='block_1_31' title="bbox 1056 2148 1662 2211">
    <p class='ocr_par' dir='ltr' id='par_1_31' title="bbox 1056 2148 1662 2211">
     <span class='ocr_line' id='line_1_31' title="bbox 1056 2148 1662 2211; baseline -0.013 -1"><span class='ocrx_word' id='word_1_289' title='bbox 1056 2153 1340 2211; x_wconf 74' lang='lat' dir='ltr'><strong>HOMILIA</strong></span> <span class='ocrx_word' id='word_1_290' title='bbox 1378 2148 1662 2208; x_wconf 78' lang='lat' dir='ltr'><strong>CXXXIV.</strong></span> 
     </span>
    </p>
   </div>
   <div class='ocr_carea' id='block_1_32' title="bbox 782 2276 1920 2328">
    <p class='ocr_par' dir='ltr' id='par_1_32' title="bbox 782 2276 1920 2328">
     <span class='ocr_line' id='line_1_32' title="bbox 782 2276 1920 2328; baseline -0.011 -2"><span class='ocrx_word' id='word_1_291' title='bbox 782 2281 1035 2328; x_wconf 72' lang='lat' dir='ltr'><strong>DOIIINICA</strong></span> <span class='ocrx_word' id='word_1_292' title='bbox 1073 2284 1318 2325; x_wconf 69' lang='lat' dir='ltr'><strong>VICESIMA</strong></span> <span class='ocrx_word' id='word_1_293' title='bbox 1356 2281 1486 2320; x_wconf 78' lang='lat' dir='ltr'><strong>POS&#39;I&#39;</strong></span> <span class='ocrx_word' id='word_1_294' title='bbox 1526 2276 1920 2318; x_wconf 72' lang='lat' dir='ltr'><strong>PENTECOSTEN.</strong></span> 
     </span>
    </p>
   </div>
   <div class='ocr_carea' id='block_1_33' title="bbox 639 2369 2144 2455">
    <p class='ocr_par' dir='ltr' id='par_1_33' title="bbox 639 2369 2144 2455">
     <span class='ocr_line' id='line_1_33' title="bbox 639 2369 2144 2455; baseline -0.009 -17"><span class='ocrx_word' id='word_1_295' title='bbox 639 2385 878 2455; x_wconf 73' lang='lat' dir='ltr'><strong>(Mum.</strong></span> <span class='ocrx_word' id='word_1_296' title='bbox 910 2382 1011 2454; x_wconf 83' lang='lat' dir='ltr'><strong>ix.)</strong></span> <span class='ocrx_word' id='word_1_297' title='bbox 1047 2400 1066 2434; x_wconf 78' lang='grc' dir='ltr'><strong>ι</strong></span> <span class='ocrx_word' id='word_1_298' title='bbox 1111 2381 1169 2435; x_wconf 91' lang='lat' dir='ltr'><strong>ln</strong></span> <span class='ocrx_word' id='word_1_299' title='bbox 1199 2379 1291 2434; x_wconf 94' lang='lat' dir='ltr'><strong>illo</strong></span> <span class='ocrx_word' id='word_1_300' title='bbox 1335 2387 1574 2446; x_wconf 89' lang='lat' dir='ltr'><strong>tempore</strong></span> <span class='ocrx_word' id='word_1_301' title='bbox 1609 2392 1622 2428; x_wconf 91' lang='lat'><strong>:</strong></span> <span class='ocrx_word' id='word_1_302' title='bbox 1654 2372 1964 2428; x_wconf 84' lang='lat' dir='ltr'><strong>Ascendens</strong></span> <span class='ocrx_word' id='word_1_303' title='bbox 1985 2369 2144 2425; x_wconf 83' lang='lat' dir='ltr'><strong>Jesus</strong></span> 
     </span>
    </p>
   </div>
   <div class='ocr_carea' id='block_1_34' title="bbox 571 2461 2142 2537">
    <p class='ocr_par' dir='ltr' id='par_1_34' title="bbox 571 2461 2142 2537">
     <span class='ocr_line' id='line_1_34' title="bbox 571 2461 2142 2537; baseline -0.01 -10"><span class='ocrx_word' id='word_1_304' title='bbox 571 2496 590 2527; x_wconf 82' lang='grc' dir='ltr'><strong>ι</strong></span> <span class='ocrx_word' id='word_1_305' title='bbox 627 2477 680 2531; x_wconf 92' lang='lat' dir='ltr'><strong>in</strong></span> <span class='ocrx_word' id='word_1_306' title='bbox 711 2473 1010 2529; x_wconf 90' lang='lat' dir='ltr'><strong>naviculam</strong></span> <span class='ocrx_word' id='word_1_307' title='bbox 1035 2512 1051 2537; x_wconf 94' lang='lat'><strong>,</strong></span> <span class='ocrx_word' id='word_1_308' title='bbox 1088 2467 1489 2531; x_wconf 88' lang='lat' dir='ltr'><strong>transfretavit,</strong></span> <span class='ocrx_word' id='word_1_309' title='bbox 1521 2474 1574 2520; x_wconf 90' lang='lat' dir='ltr'><strong>et</strong></span> <span class='ocrx_word' id='word_1_310' title='bbox 1606 2464 1754 2519; x_wconf 91' lang='lat' dir='ltr'><strong>venit</strong></span> <span class='ocrx_word' id='word_1_311' title='bbox 1789 2463 1842 2517; x_wconf 93' lang='lat' dir='ltr'><strong>in</strong></span> <span class='ocrx_word' id='word_1_312' title='bbox 1868 2461 2142 2517; x_wconf 88' lang='lat' dir='ltr'><strong>civitatem</strong></span> 
     </span>
    </p>
   </div>
   <div class='ocr_carea' id='block_1_35' title="bbox 570 2550 2144 2630">
    <p class='ocr_par' dir='ltr' id='par_1_35' title="bbox 570 2550 2144 2630">
     <span class='ocr_line' id='line_1_35' title="bbox 570 2550 2144 2630; baseline -0.011 -12"><span class='ocrx_word' id='word_1_313' title='bbox 570 2586 587 2618; x_wconf 88' lang='lat' dir='ltr'><strong>t</strong></span> <span class='ocrx_word' id='word_1_314' title='bbox 627 2580 801 2620; x_wconf 89' lang='lat' dir='ltr'><strong>suam.</strong></span> <span class='ocrx_word' id='word_1_315' title='bbox 833 2582 852 2616; x_wconf 73' lang='grc' dir='ltr'><strong>ι</strong></span> <span class='ocrx_word' id='word_1_316' title='bbox 884 2563 952 2617; x_wconf 88' lang='lat' dir='ltr'><strong>Et</strong></span> <span class='ocrx_word' id='word_1_317' title='bbox 997 2561 1222 2630; x_wconf 90' lang='lat' dir='ltr'><strong>reliqua.</strong></span> <span class='ocrx_word' id='word_1_318' title='bbox 1278 2557 1488 2627; x_wconf 68' lang='lat' dir='ltr'><strong>Saepius</strong></span> <span class='ocrx_word' id='word_1_319' title='bbox 1529 2554 1842 2624; x_wconf 84' lang='lat' dir='ltr'><strong>contingere</strong></span> <span class='ocrx_word' id='word_1_320' title='bbox 1884 2550 2038 2614; x_wconf 89' lang='lat' dir='ltr'><strong>solet,</strong></span> <span class='ocrx_word' id='word_1_321' title='bbox 2087 2555 2144 2601; x_wconf 92' lang='lat' dir='ltr'><strong>nt</strong></span> 
     </span>
    </p>
   </div>
   <div class='ocr_carea' id='block_1_36' title="bbox 565 2639 2142 2721">
    <p class='ocr_par' dir='ltr' id='par_1_36' title="bbox 565 2639 2142 2721">
     <span class='ocr_line' id='line_1_36' title="bbox 565 2639 2142 2721; baseline -0.011 -12"><span class='ocrx_word' id='word_1_322' title='bbox 565 2669 672 2710; x_wconf 90' lang='lat' dir='ltr'><strong>una</strong></span> <span class='ocrx_word' id='word_1_323' title='bbox 703 2653 997 2721; x_wconf 88' lang='lat' dir='ltr'><strong>eademque</strong></span> <span class='ocrx_word' id='word_1_324' title='bbox 1028 2666 1116 2705; x_wconf 86' lang='lat' dir='ltr'><strong>res</strong></span> <span class='ocrx_word' id='word_1_325' title='bbox 1145 2650 1198 2703; x_wconf 89' lang='lat' dir='ltr'><strong>in</strong></span> <span class='ocrx_word' id='word_1_326' title='bbox 1234 2645 1530 2716; x_wconf 88' lang='lat' dir='ltr'><strong>Scripturis</strong></span> <span class='ocrx_word' id='word_1_327' title='bbox 1557 2643 1819 2712; x_wconf 87' lang='lat' dir='ltr'><strong>duplicem</strong></span> <span class='ocrx_word' id='word_1_328' title='bbox 1857 2641 1942 2695; x_wconf 89' lang='lat' dir='ltr'><strong>vel</strong></span> <span class='ocrx_word' id='word_1_329' title='bbox 1971 2639 2142 2708; x_wconf 88' lang='lat' dir='ltr'><strong>tripli-</strong></span> 
     </span>
    </p>
   </div>
   <div class='ocr_carea' id='block_1_37' title="bbox 566 2734 2142 2814">
    <p class='ocr_par' dir='ltr' id='par_1_37' title="bbox 566 2734 2142 2814">
     <span class='ocr_line' id='line_1_37' title="bbox 566 2734 2142 2814; baseline -0.011 -12"><span class='ocrx_word' id='word_1_330' title='bbox 566 2762 685 2802; x_wconf 89' lang='lat' dir='ltr'><strong>cem</strong></span> <span class='ocrx_word' id='word_1_331' title='bbox 712 2745 908 2800; x_wconf 85' lang='lat' dir='ltr'><strong>habeat</strong></span> <span class='ocrx_word' id='word_1_332' title='bbox 935 2742 1402 2814; x_wconf 88' lang='lat' dir='ltr'><strong>sign&#39;tﬁeationem,</strong></span> <span class='ocrx_word' id='word_1_333' title='bbox 1434 2741 1572 2795; x_wconf 88' lang='lat' dir='ltr'><strong>sicut</strong></span> <span class='ocrx_word' id='word_1_334' title='bbox 1598 2747 1681 2793; x_wconf 89' lang='lat' dir='ltr'><strong>est</strong></span> <span class='ocrx_word' id='word_1_335' title='bbox 1710 2736 1878 2800; x_wconf 89' lang='lat' dir='ltr'><strong>navis,</strong></span> <span class='ocrx_word' id='word_1_336' title='bbox 1911 2749 2030 2804; x_wconf 68' lang='lat' dir='ltr'><strong>quae</strong></span> <span class='ocrx_word' id='word_1_337' title='bbox 2052 2734 2142 2786; x_wconf 84' lang='lat' dir='ltr'><strong>ali-</strong></span> 
     </span>
    </p>
   </div>
   <div class='ocr_carea' id='block_1_38' title="bbox 567 2827 2138 2907">
    <p class='ocr_par' dir='ltr' id='par_1_38' title="bbox 567 2827 2138 2907">
     <span class='ocr_line' id='line_1_38' title="bbox 567 2827 2138 2907; baseline -0.009 -15"><span class='ocrx_word' id='word_1_338' title='bbox 567 2838 782 2907; x_wconf 91' lang='lat' dir='ltr'><strong>quando</strong></span> <span class='ocrx_word' id='word_1_339' title='bbox 813 2836 1066 2892; x_wconf 76' lang='lat' dir='ltr'><strong>vexillum</strong></span> <span class='ocrx_word' id='word_1_340' title='bbox 1097 2843 1296 2890; x_wconf 68' lang='lat' dir='ltr'><strong>saneta:</strong></span> <span class='ocrx_word' id='word_1_341' title='bbox 1324 2833 1500 2888; x_wconf 89' lang='lat' dir='ltr'><strong>crucis</strong></span> <span class='ocrx_word' id='word_1_342' title='bbox 1523 2873 1538 2898; x_wconf 90' lang='lat'><strong>,</strong></span> <span class='ocrx_word' id='word_1_343' title='bbox 1585 2827 1871 2898; x_wconf 89' lang='lat' dir='ltr'><strong>aliquando</strong></span> <span class='ocrx_word' id='word_1_344' title='bbox 1898 2835 2138 2881; x_wconf 88' lang='lat' dir='ltr'><strong>sanctam</strong></span> 
     </span>
    </p>
   </div>
   <div class='ocr_carea' id='block_1_39' title="bbox 568 2913 2140 2992">
    <p class='ocr_par' dir='ltr' id='par_1_39' title="bbox 568 2913 2140 2992">
     <span class='ocr_line' id='line_1_39' title="bbox 568 2913 2140 2992; baseline -0.011 -10"><span class='ocrx_word' id='word_1_345' title='bbox 568 2925 862 2982; x_wconf 82' lang='lat' dir='ltr'><strong>Ecelesiam</strong></span> <span class='ocrx_word' id='word_1_346' title='bbox 891 2964 906 2988; x_wconf 97' lang='lat'><strong>,</strong></span> <span class='ocrx_word' id='word_1_347' title='bbox 954 2923 1242 2992; x_wconf 89' lang='lat' dir='ltr'><strong>aliquando</strong></span> <span class='ocrx_word' id='word_1_348' title='bbox 1287 2929 1501 2975; x_wconf 89' lang='lat' dir='ltr'><strong>uterum</strong></span> <span class='ocrx_word' id='word_1_349' title='bbox 1535 2919 1864 2972; x_wconf 60' lang='lat' dir='ltr'><strong>intemeratae</strong></span> <span class='ocrx_word' id='word_1_350' title='bbox 1905 2913 2140 2982; x_wconf 77' lang='lat' dir='ltr'><strong>Virginis</strong></span> 
     </span>
    </p>
   </div>
   <div class='ocr_carea' id='block_1_40' title="bbox 568 3003 2138 3086">
    <p class='ocr_par' dir='ltr' id='par_1_40' title="bbox 568 3003 2138 3086">
     <span class='ocr_line' id='line_1_40' title="bbox 568 3003 2138 3086; baseline -0.008 -17"><span class='ocrx_word' id='word_1_351' title='bbox 568 3015 852 3086; x_wconf 87' lang='lat' dir='ltr'><strong>signiﬁcat.</strong></span> <span class='ocrx_word' id='word_1_352' title='bbox 900 3012 1162 3068; x_wconf 80' lang='lat' dir='ltr'><strong>Vexillum</strong></span> <span class='ocrx_word' id='word_1_353' title='bbox 1198 3020 1396 3067; x_wconf 76' lang='lat' dir='ltr'><strong>sancta:</strong></span> <span class='ocrx_word' id='word_1_354' title='bbox 1425 3009 1624 3071; x_wconf 89' lang='lat' dir='ltr'><strong>crucis,</strong></span> <span class='ocrx_word' id='word_1_355' title='bbox 1647 3008 1784 3062; x_wconf 90' lang='lat' dir='ltr'><strong>sicut</strong></span> <span class='ocrx_word' id='word_1_356' title='bbox 1812 3006 1866 3060; x_wconf 90' lang='lat' dir='ltr'><strong>in</strong></span> <span class='ocrx_word' id='word_1_357' title='bbox 1891 3004 1995 3059; x_wconf 91' lang='lat' dir='ltr'><strong>alio</strong></span> <span class='ocrx_word' id='word_1_358' title='bbox 2020 3003 2138 3058; x_wconf 92' lang='lat' dir='ltr'><strong>loco</strong></span> 
     </span>
    </p>
   </div>
   <div class='ocr_carea' id='block_1_41' title="bbox 2245 1825 3871 1903">
    <p class='ocr_par' dir='ltr' id='par_1_41' title="bbox 2245 1825 3871 1903">
     <span class='ocr_line' id='line_1_41' title="bbox 2245 1825 3871 1903; baseline -0.007 -14"><span class='ocrx_word' id='word_1_359' title='bbox 2245 1834 2478 1889; x_wconf 89' lang='lat' dir='ltr'><strong>transire</strong></span> <span class='ocrx_word' id='word_1_360' title='bbox 2499 1849 2599 1903; x_wconf 90' lang='lat' dir='ltr'><strong>per</strong></span> <span class='ocrx_word' id='word_1_361' title='bbox 2617 1832 2818 1886; x_wconf 88' lang='lat' dir='ltr'><strong>siceum</strong></span> <span class='ocrx_word' id='word_1_362' title='bbox 2843 1831 2967 1885; x_wconf 89' lang='lat' dir='ltr'><strong>fecit</strong></span> <span class='ocrx_word' id='word_1_363' title='bbox 2995 1828 3192 1899; x_wconf 73' lang='lat' dir='ltr'><strong>(Exod.</strong></span> <span class='ocrx_word' id='word_1_364' title='bbox 3219 1827 3355 1898; x_wconf 80' lang='lat' dir='ltr'><strong>xiv)?</strong></span> <span class='ocrx_word' id='word_1_365' title='bbox 3371 1826 3592 1881; x_wconf 87' lang='lat' dir='ltr'><strong>Poterat</strong></span> <span class='ocrx_word' id='word_1_366' title='bbox 3615 1825 3871 1894; x_wconf 81' lang='lat' dir='ltr'><strong>utique;</strong></span> 
     </span>
    </p>
   </div>
   <div class='ocr_carea' id='block_1_42' title="bbox 2242 1917 3866 1988">
    <p class='ocr_par' dir='ltr' id='par_1_42' title="bbox 2242 1917 3866 1988">
     <span class='ocr_line' id='line_1_42' title="bbox 2242 1917 3866 1988; baseline -0.006 -6"><span class='ocrx_word' id='word_1_367' title='bbox 2242 1926 2336 1982; x_wconf 85' lang='lat' dir='ltr'><strong>sed</strong></span> <span class='ocrx_word' id='word_1_368' title='bbox 2387 1925 2508 1979; x_wconf 91' lang='lat' dir='ltr'><strong>ideo</strong></span> <span class='ocrx_word' id='word_1_369' title='bbox 2558 1939 2751 1978; x_wconf 90' lang='lat' dir='ltr'><strong>navem</strong></span> <span class='ocrx_word' id='word_1_370' title='bbox 2798 1922 3066 1987; x_wconf 88' lang='lat' dir='ltr'><strong>ascendit,</strong></span> <span class='ocrx_word' id='word_1_371' title='bbox 3122 1929 3183 1975; x_wconf 93' lang='lat' dir='ltr'><strong>ut</strong></span> <span class='ocrx_word' id='word_1_372' title='bbox 3225 1921 3407 1976; x_wconf 90' lang='lat' dir='ltr'><strong>omnia</strong></span> <span class='ocrx_word' id='word_1_373' title='bbox 3435 1935 3557 1988; x_wconf 68' lang='lat' dir='ltr'><strong>qua:</strong></span> <span class='ocrx_word' id='word_1_374' title='bbox 3598 1917 3866 1974; x_wconf 74' lang='lat' dir='ltr'><strong>hominis</strong></span> 
     </span>
    </p>
   </div>
   <div class='ocr_carea' id='block_1_43' title="bbox 2242 2010 3867 2087">
    <p class='ocr_par' dir='ltr' id='par_1_43' title="bbox 2242 2010 3867 2087">
     <span class='ocr_line' id='line_1_43' title="bbox 2242 2010 3867 2087; baseline -0.004 -15"><span class='ocrx_word' id='word_1_375' title='bbox 2242 2026 2368 2072; x_wconf 91' lang='lat' dir='ltr'><strong>sunt</strong></span> <span class='ocrx_word' id='word_1_376' title='bbox 2409 2031 2602 2087; x_wconf 87' lang='lat' dir='ltr'><strong>agens,</strong></span> <span class='ocrx_word' id='word_1_377' title='bbox 2644 2031 2830 2070; x_wconf 90' lang='lat' dir='ltr'><strong>verum</strong></span> <span class='ocrx_word' id='word_1_378' title='bbox 2877 2014 3148 2070; x_wconf 85' lang='lat' dir='ltr'><strong>hominem</strong></span> <span class='ocrx_word' id='word_1_379' title='bbox 3187 2027 3285 2083; x_wconf 91' lang='lat' dir='ltr'><strong>pro</strong></span> <span class='ocrx_word' id='word_1_380' title='bbox 3327 2020 3514 2068; x_wconf 90' lang='lat' dir='ltr'><strong>nostra</strong></span> <span class='ocrx_word' id='word_1_381' title='bbox 3559 2010 3754 2066; x_wconf 85' lang='lat' dir='ltr'><strong>salute</strong></span> <span class='ocrx_word' id='word_1_382' title='bbox 3795 2024 3867 2066; x_wconf 72' lang='lat' dir='ltr'><strong>se</strong></span> 
     </span>
    </p>
   </div>
   <div class='ocr_carea' id='block_1_44' title="bbox 2241 2106 2892 2161">
    <p class='ocr_par' dir='ltr' id='par_1_44' title="bbox 2241 2106 2892 2161">
     <span class='ocr_line' id='line_1_44' title="bbox 2241 2106 2892 2161; baseline -0.003 -1"><span class='ocrx_word' id='word_1_383' title='bbox 2241 2106 2452 2161; x_wconf 88' lang='lat' dir='ltr'><strong>venisse</strong></span> <span class='ocrx_word' id='word_1_384' title='bbox 2477 2107 2892 2160; x_wconf 81' lang='lat' dir='ltr'><strong>demonstraret.</strong></span> 
     </span>
    </p>
   </div>
   <div class='ocr_carea' id='block_1_45' title="bbox 2320 2190 3854 2265">
    <p class='ocr_par' dir='ltr' id='par_1_45' title="bbox 2320 2190 3854 2265">
     <span class='ocr_line' id='line_1_45' title="bbox 2320 2190 3854 2265; baseline -0.002 -17"><span class='ocrx_word' id='word_1_385' title='bbox 2320 2215 2336 2248; x_wconf 88' lang='lat' dir='ltr'><strong>t</strong></span> <span class='ocrx_word' id='word_1_386' title='bbox 2371 2197 2438 2250; x_wconf 92' lang='lat' dir='ltr'><strong>Et</strong></span> <span class='ocrx_word' id='word_1_387' title='bbox 2463 2209 2586 2251; x_wconf 89' lang='lat' dir='ltr'><strong>ecce</strong></span> <span class='ocrx_word' id='word_1_388' title='bbox 2615 2194 2911 2250; x_wconf 79' lang='lat' dir='ltr'><strong>olierebant</strong></span> <span class='ocrx_word' id='word_1_389' title='bbox 2937 2194 2984 2249; x_wconf 92' lang='lat' dir='ltr'><strong>ei</strong></span> <span class='ocrx_word' id='word_1_390' title='bbox 3011 2193 3365 2265; x_wconf 88' lang='lat' dir='ltr'><strong>paralyticum</strong></span> <span class='ocrx_word' id='word_1_391' title='bbox 3395 2193 3450 2246; x_wconf 93' lang='lat' dir='ltr'><strong>in</strong></span> <span class='ocrx_word' id='word_1_392' title='bbox 3480 2191 3622 2247; x_wconf 90' lang='lat' dir='ltr'><strong>lecto</strong></span> <span class='ocrx_word' id='word_1_393' title='bbox 3643 2190 3854 2260; x_wconf 62' lang='lat' dir='ltr'><strong>jaceno</strong></span> 
     </span>
    </p>
   </div>
   <div class='ocr_carea' id='block_1_46' title="bbox 2249 2284 3848 2360">
    <p class='ocr_par' dir='ltr' id='par_1_46' title="bbox 2249 2284 3848 2360">
     <span class='ocr_line' id='line_1_46' title="bbox 2249 2284 3848 2360; baseline -0.006 -13"><span class='ocrx_word' id='word_1_394' title='bbox 2249 2313 2266 2346; x_wconf 84' lang='lat' dir='ltr'><strong>t</strong></span> <span class='ocrx_word' id='word_1_395' title='bbox 2307 2300 2435 2347; x_wconf 77' lang='lat' dir='ltr'><strong>tem.</strong></span> <span class='ocrx_word' id='word_1_396' title='bbox 2467 2310 2486 2343; x_wconf 74' lang='grc' dir='ltr'><strong>ι</strong></span> <span class='ocrx_word' id='word_1_397' title='bbox 2519 2289 2788 2360; x_wconf 76' lang='lat' dir='ltr'><strong>Paralysis</strong></span> <span class='ocrx_word' id='word_1_398' title='bbox 2828 2304 2934 2344; x_wconf 93' lang='lat' dir='ltr'><strong>non</strong></span> <span class='ocrx_word' id='word_1_399' title='bbox 2977 2287 3147 2343; x_wconf 88' lang='lat' dir='ltr'><strong>solum</strong></span> <span class='ocrx_word' id='word_1_400' title='bbox 3174 2285 3510 2356; x_wconf 85' lang='lat' dir='ltr'><strong>gravissima,</strong></span> <span class='ocrx_word' id='word_1_401' title='bbox 3544 2285 3643 2339; x_wconf 86' lang='lat' dir='ltr'><strong>sed</strong></span> <span class='ocrx_word' id='word_1_402' title='bbox 3673 2284 3848 2339; x_wconf 86' lang='lat' dir='ltr'><strong>etiam</strong></span> 
     </span>
    </p>
   </div>
   <div class='ocr_carea' id='block_1_47' title="bbox 2243 2378 3848 2451">
    <p class='ocr_par' dir='ltr' id='par_1_47' title="bbox 2243 2378 3848 2451">
     <span class='ocr_line' id='line_1_47' title="bbox 2243 2378 3848 2451; baseline -0.005 -13"><span class='ocrx_word' id='word_1_403' title='bbox 2243 2382 2554 2438; x_wconf 89' lang='lat' dir='ltr'><strong>acutissima</strong></span> <span class='ocrx_word' id='word_1_404' title='bbox 2594 2390 2677 2436; x_wconf 90' lang='lat' dir='ltr'><strong>est</strong></span> <span class='ocrx_word' id='word_1_405' title='bbox 2707 2381 2916 2451; x_wconf 89' lang='lat' dir='ltr'><strong>passio,</strong></span> <span class='ocrx_word' id='word_1_406' title='bbox 2957 2395 3076 2449; x_wconf 69' lang='lat' dir='ltr'><strong>quae</strong></span> <span class='ocrx_word' id='word_1_407' title='bbox 3104 2380 3282 2432; x_wconf 88' lang='lat' dir='ltr'><strong>subito</strong></span> <span class='ocrx_word' id='word_1_408' title='bbox 3313 2387 3371 2432; x_wconf 92' lang='lat' dir='ltr'><strong>nt</strong></span> <span class='ocrx_word' id='word_1_409' title='bbox 3399 2378 3689 2432; x_wconf 86' lang='lat' dir='ltr'><strong>hominem</strong></span> <span class='ocrx_word' id='word_1_410' title='bbox 3720 2378 3848 2430; x_wconf 84' lang='lat' dir='ltr'><strong>atti-</strong></span> 
     </span>
    </p>
   </div>
   <div class='ocr_carea' id='block_1_48' title="bbox 2243 2468 3840 2544">
    <p class='ocr_par' dir='ltr' id='par_1_48' title="bbox 2243 2468 3840 2544">
     <span class='ocr_line' id='line_1_48' title="bbox 2243 2468 3840 2544; baseline -0.004 -16"><span class='ocrx_word' id='word_1_411' title='bbox 2243 2473 2402 2544; x_wconf 81' lang='lat' dir='ltr'><strong>gerit,</strong></span> <span class='ocrx_word' id='word_1_412' title='bbox 2426 2473 2493 2526; x_wconf 90' lang='lat' dir='ltr'><strong>ad</strong></span> <span class='ocrx_word' id='word_1_413' title='bbox 2517 2486 2677 2526; x_wconf 90' lang='lat' dir='ltr'><strong>omne</strong></span> <span class='ocrx_word' id='word_1_414' title='bbox 2702 2486 2837 2542; x_wconf 90' lang='lat' dir='ltr'><strong>opus</strong></span> <span class='ocrx_word' id='word_1_415' title='bbox 2871 2471 3114 2525; x_wconf 88' lang='lat' dir='ltr'><strong>inutilem</strong></span> <span class='ocrx_word' id='word_1_416' title='bbox 3147 2469 3326 2525; x_wconf 87' lang='lat' dir='ltr'><strong>elIicit.</strong></span> <span class='ocrx_word' id='word_1_417' title='bbox 3367 2469 3450 2523; x_wconf 83' lang='lat' dir='ltr'><strong>Fit</strong></span> <span class='ocrx_word' id='word_1_418' title='bbox 3484 2478 3680 2523; x_wconf 85' lang='lat' dir='ltr'><strong>autem</strong></span> <span class='ocrx_word' id='word_1_419' title='bbox 3713 2468 3840 2522; x_wconf 87' lang='lat' dir='ltr'><strong>dum</strong></span> 
     </span>
    </p>
   </div>
   <div class='ocr_carea' id='block_1_49' title="bbox 2243 2558 3844 2632">
    <p class='ocr_par' dir='ltr' id='par_1_49' title="bbox 2243 2558 3844 2632">
     <span class='ocr_line' id='line_1_49' title="bbox 2243 2558 3844 2632; baseline -0.006 -11"><span class='ocrx_word' id='word_1_420' title='bbox 2243 2567 2392 2622; x_wconf 85' lang='lat' dir='ltr'><strong>calor</strong></span> <span class='ocrx_word' id='word_1_421' title='bbox 2419 2574 2625 2620; x_wconf 64' lang='lat' dir='ltr'><strong>natura:</strong></span> <span class='ocrx_word' id='word_1_422' title='bbox 2646 2568 2731 2618; x_wconf 88' lang='lat' dir='ltr'><strong>vel</strong></span> <span class='ocrx_word' id='word_1_423' title='bbox 2752 2561 3029 2632; x_wconf 84' lang='lat' dir='ltr'><strong>sanguinis</strong></span> <span class='ocrx_word' id='word_1_424' title='bbox 3051 2561 3104 2614; x_wconf 89' lang='lat' dir='ltr'><strong>in</strong></span> <span class='ocrx_word' id='word_1_425' title='bbox 3131 2558 3300 2629; x_wconf 80' lang='lat' dir='ltr'><strong>frigus</strong></span> <span class='ocrx_word' id='word_1_426' title='bbox 3326 2573 3538 2623; x_wconf 89' lang='lat' dir='ltr'><strong>versus,</strong></span> <span class='ocrx_word' id='word_1_427' title='bbox 3553 2558 3844 2612; x_wconf 82' lang='lat' dir='ltr'><strong>naturales</strong></span> 
     </span>
    </p>
   </div>
   <div class='ocr_carea' id='block_1_50' title="bbox 2243 2647 3839 2723">
    <p class='ocr_par' dir='ltr' id='par_1_50' title="bbox 2243 2647 3839 2723">
     <span class='ocr_line' id='line_1_50' title="bbox 2243 2647 3839 2723; baseline -0.008 -11"><span class='ocrx_word' id='word_1_428' title='bbox 2243 2667 2452 2712; x_wconf 89' lang='lat' dir='ltr'><strong>meatus</strong></span> <span class='ocrx_word' id='word_1_429' title='bbox 2486 2669 2744 2710; x_wconf 90' lang='lat' dir='ltr'><strong>venarum</strong></span> <span class='ocrx_word' id='word_1_430' title='bbox 2784 2650 3107 2723; x_wconf 68' lang='lat' dir='ltr'><strong>priecludit,</strong></span> <span class='ocrx_word' id='word_1_431' title='bbox 3138 2649 3192 2703; x_wconf 92' lang='lat' dir='ltr'><strong>in</strong></span> <span class='ocrx_word' id='word_1_432' title='bbox 3236 2657 3440 2703; x_wconf 87' lang='lat' dir='ltr'><strong>tantum</strong></span> <span class='ocrx_word' id='word_1_433' title='bbox 3476 2656 3539 2702; x_wconf 91' lang='lat' dir='ltr'><strong>ut</strong></span> <span class='ocrx_word' id='word_1_434' title='bbox 3572 2647 3618 2702; x_wconf 92' lang='lat' dir='ltr'><strong>si</strong></span> <span class='ocrx_word' id='word_1_435' title='bbox 3664 2656 3839 2702; x_wconf 82' lang='lat' dir='ltr'><strong>totum</strong></span> 
     </span>
    </p>
   </div>
   <div class='ocr_carea' id='block_1_51' title="bbox 2243 2739 3838 2816">
    <p class='ocr_par' dir='ltr' id='par_1_51' title="bbox 2243 2739 3838 2816">
     <span class='ocr_line' id='line_1_51' title="bbox 2243 2739 3838 2816; baseline -0.008 -13"><span class='ocrx_word' id='word_1_436' title='bbox 2243 2748 2516 2804; x_wconf 87' lang='lat' dir='ltr'><strong>hominem</strong></span> <span class='ocrx_word' id='word_1_437' title='bbox 2545 2744 2800 2816; x_wconf 86' lang='lat' dir='ltr'><strong>attigerit,</strong></span> <span class='ocrx_word' id='word_1_438' title='bbox 2830 2741 3118 2796; x_wconf 87' lang='lat' dir='ltr'><strong>invalidum</strong></span> <span class='ocrx_word' id='word_1_439' title='bbox 3147 2740 3431 2805; x_wconf 83' lang='lat' dir='ltr'><strong>reddat;si</strong></span> <span class='ocrx_word' id='word_1_440' title='bbox 3456 2747 3641 2793; x_wconf 90' lang='lat' dir='ltr'><strong>autem</strong></span> <span class='ocrx_word' id='word_1_441' title='bbox 3669 2739 3838 2808; x_wconf 84' lang='lat' dir='ltr'><strong>quod—</strong></span> 
     </span>
    </p>
   </div>
   <div class='ocr_carea' id='block_1_52' title="bbox 2243 2828 3830 2905">
    <p class='ocr_par' dir='ltr' id='par_1_52' title="bbox 2243 2828 3830 2905">
     <span class='ocr_line' id='line_1_52' title="bbox 2243 2828 3830 2905; baseline -0.01 -12"><span class='ocrx_word' id='word_1_442' title='bbox 2243 2840 2373 2894; x_wconf 88' lang='lat' dir='ltr'><strong>libet</strong></span> <span class='ocrx_word' id='word_1_443' title='bbox 2398 2837 2698 2894; x_wconf 88' lang='lat' dir='ltr'><strong>membrum</strong></span> <span class='ocrx_word' id='word_1_444' title='bbox 2715 2832 3025 2905; x_wconf 88' lang='lat' dir='ltr'><strong>arripuerit,</strong></span> <span class='ocrx_word' id='word_1_445' title='bbox 3040 2830 3328 2886; x_wconf 83' lang='lat' dir='ltr'><strong>inﬂexibile</strong></span> <span class='ocrx_word' id='word_1_446' title='bbox 3350 2840 3404 2885; x_wconf 92' lang='lat' dir='ltr'><strong>et</strong></span> <span class='ocrx_word' id='word_1_447' title='bbox 3431 2829 3621 2883; x_wconf 89' lang='lat' dir='ltr'><strong>inutile</strong></span> <span class='ocrx_word' id='word_1_448' title='bbox 3643 2828 3830 2882; x_wconf 80' lang='lat' dir='ltr'><strong>faciat.</strong></span> 
     </span>
    </p>
   </div>
   <div class='ocr_carea' id='block_1_53' title="bbox 2243 2921 3829 3002">
    <p class='ocr_par' dir='ltr' id='par_1_53' title="bbox 2243 2921 3829 3002">
     <span class='ocr_line' id='line_1_53' title="bbox 2243 2921 3829 3002; baseline -0.009 -14"><span class='ocrx_word' id='word_1_449' title='bbox 2243 2933 2384 3002; x_wconf 86' lang='lat' dir='ltr'><strong>Ergo</strong></span> <span class='ocrx_word' id='word_1_450' title='bbox 2419 2945 2514 3000; x_wconf 91' lang='lat' dir='ltr'><strong>per</strong></span> <span class='ocrx_word' id='word_1_451' title='bbox 2554 2927 2908 2999; x_wconf 85' lang='lat' dir='ltr'><strong>paralyticum</strong></span> <span class='ocrx_word' id='word_1_452' title='bbox 2945 2924 3170 2994; x_wconf 87' lang='lat' dir='ltr'><strong>quilibet</strong></span> <span class='ocrx_word' id='word_1_453' title='bbox 3197 2931 3447 2994; x_wconf 89' lang='lat' dir='ltr'><strong>peccator</strong></span> <span class='ocrx_word' id='word_1_454' title='bbox 3491 2921 3829 2991; x_wconf 75' lang='lat' dir='ltr'><strong>designatur.</strong></span> 
     </span>
    </p>
   </div>
   <div class='ocr_carea' id='block_1_54' title="bbox 2245 3010 3829 3091">
    <p class='ocr_par' dir='ltr' id='par_1_54' title="bbox 2245 3010 3829 3091">
     <span class='ocr_line' id='line_1_54' title="bbox 2245 3010 3829 3091; baseline -0.009 -16"><span class='ocrx_word' id='word_1_455' title='bbox 2245 3021 2336 3091; x_wconf 93' lang='lat' dir='ltr'><strong>qui</strong></span> <span class='ocrx_word' id='word_1_456' title='bbox 2375 3036 2403 3073; x_wconf 88' lang='lat' dir='ltr'><strong>a</strong></span> <span class='ocrx_word' id='word_1_457' title='bbox 2431 3018 2610 3074; x_wconf 89' lang='lat' dir='ltr'><strong>calore</strong></span> <span class='ocrx_word' id='word_1_458' title='bbox 2647 3016 2813 3072; x_wconf 88' lang='lat' dir='ltr'><strong>divini</strong></span> <span class='ocrx_word' id='word_1_459' title='bbox 2855 3015 3060 3070; x_wconf 88' lang='lat' dir='ltr'><strong>amoris</strong></span> <span class='ocrx_word' id='word_1_460' title='bbox 3092 3013 3371 3075; x_wconf 86' lang='lat' dir='ltr'><strong>recedens,</strong></span> <span class='ocrx_word' id='word_1_461' title='bbox 3418 3011 3470 3066; x_wconf 93' lang='lat' dir='ltr'><strong>in</strong></span> <span class='ocrx_word' id='word_1_462' title='bbox 3508 3021 3704 3081; x_wconf 87' lang='lat' dir='ltr'><strong>tepore</strong></span> <span class='ocrx_word' id='word_1_463' title='bbox 3751 3010 3829 3062; x_wconf 81' lang='lat' dir='ltr'><strong>vel</strong></span> 
     </span>
    </p>
   </div>
   <div class='ocr_carea' id='block_1_55' title="bbox 569 3099 3826 3181">
    <p class='ocr_par' dir='ltr' id='par_1_55' title="bbox 569 3099 3826 3181">
     <span class='ocr_line' id='line_1_55' title="bbox 569 3099 3826 3181; baseline -0.008 -4"><span class='ocrx_word' id='word_1_464' title='bbox 569 3106 838 3176; x_wconf 73' lang='lat' dir='ltr'><strong>legimus:</strong></span> <span class='ocrx_word' id='word_1_465' title='bbox 875 3123 894 3157; x_wconf 73' lang='grc' dir='ltr'><strong>ε</strong></span> <span class='ocrx_word' id='word_1_466' title='bbox 927 3105 1264 3161; x_wconf 72' lang='grc' dir='ltr'><strong>Αεοθηάθηιε</strong></span> <span class='ocrx_word' id='word_1_467' title='bbox 1309 3103 1435 3160; x_wconf 78' lang='lat' dir='ltr'><strong>Jesu</strong></span> <span class='ocrx_word' id='word_1_468' title='bbox 1481 3107 1534 3157; x_wconf 79' lang='lat' dir='ltr'><strong>in</strong></span> <span class='ocrx_word' id='word_1_469' title='bbox 1581 3100 1881 3156; x_wconf 72' lang='lat' dir='ltr'><strong>naviculam</strong></span> <span class='ocrx_word' id='word_1_470' title='bbox 1909 3139 1925 3166; x_wconf 68' lang='grc' dir='ltr'><strong>ν</strong></span> <span class='ocrx_word' id='word_1_471' title='bbox 1971 3100 2139 3155; x_wconf 76' lang='lat' dir='ltr'><strong>secuti</strong></span> <span class='ocrx_word' id='word_1_472' title='bbox 2170 3101 2214 3164; x_wconf 90' lang='lat' dir='ltr'><strong>C</strong></span> <span class='ocrx_word' id='word_1_473' title='bbox 2247 3110 2444 3181; x_wconf 88' lang='lat' dir='ltr'><strong>frigore</strong></span> <span class='ocrx_word' id='word_1_474' title='bbox 2472 3107 2772 3178; x_wconf 73' lang='lat' dir='ltr'><strong>iniquitatis</strong></span> <span class='ocrx_word' id='word_1_475' title='bbox 2813 3105 3168 3168; x_wconf 72' lang='lat' dir='ltr'><strong>convertitur,</strong></span> <span class='ocrx_word' id='word_1_476' title='bbox 3208 3103 3261 3156; x_wconf 92' lang='lat' dir='ltr'><strong>in</strong></span> <span class='ocrx_word' id='word_1_477' title='bbox 3306 3110 3513 3156; x_wconf 88' lang='lat' dir='ltr'><strong>tantum</strong></span> <span class='ocrx_word' id='word_1_478' title='bbox 3548 3111 3607 3154; x_wconf 86' lang='lat' dir='ltr'><strong>ut</strong></span> <span class='ocrx_word' id='word_1_479' title='bbox 3645 3100 3698 3154; x_wconf 87' lang='lat' dir='ltr'><strong>si</strong></span> <span class='ocrx_word' id='word_1_480' title='bbox 3735 3099 3826 3152; x_wconf 83' lang='lat' dir='ltr'><strong>ali-</strong></span> 
     </span>
    </p>
   </div>
   <div class='ocr_carea' id='block_1_56' title="bbox 569 3191 2148 3267">
    <p class='ocr_par' dir='ltr' id='par_1_56' title="bbox 569 3191 2148 3267">
     <span class='ocr_line' id='line_1_56' title="bbox 569 3191 2148 3267; baseline -0.004 -15"><span class='ocrx_word' id='word_1_481' title='bbox 569 3206 696 3252; x_wconf 91' lang='lat' dir='ltr'><strong>sunt</strong></span> <span class='ocrx_word' id='word_1_482' title='bbox 730 3212 851 3253; x_wconf 91' lang='lat' dir='ltr'><strong>eum</strong></span> <span class='ocrx_word' id='word_1_483' title='bbox 879 3196 1122 3266; x_wconf 89' lang='lat' dir='ltr'><strong>discipuli</strong></span> <span class='ocrx_word' id='word_1_484' title='bbox 1149 3196 1265 3267; x_wconf 89' lang='lat' dir='ltr'><strong>ejus</strong></span> <span class='ocrx_word' id='word_1_485' title='bbox 1293 3194 1507 3267; x_wconf 78' lang='lat' dir='ltr'><strong>(Matth.</strong></span> <span class='ocrx_word' id='word_1_486' title='bbox 1533 3193 1683 3264; x_wconf 88' lang='lat' dir='ltr'><strong>vnt):</strong></span> <span class='ocrx_word' id='word_1_487' title='bbox 1720 3212 1739 3245; x_wconf 78' lang='grc' dir='ltr'><strong>ι</strong></span> <span class='ocrx_word' id='word_1_488' title='bbox 1769 3201 2014 3248; x_wconf 85' lang='lat' dir='ltr'><strong>sanctam</strong></span> <span class='ocrx_word' id='word_1_489' title='bbox 2048 3191 2148 3246; x_wconf 84' lang='lat' dir='ltr'><strong>Ec-</strong></span> 
     </span>
    </p>
   </div>
   <div class='ocr_carea' id='block_1_57' title="bbox 569 3282 2148 3358">
    <p class='ocr_par' dir='ltr' id='par_1_57' title="bbox 569 3282 2148 3358">
     <span class='ocr_line' id='line_1_57' title="bbox 569 3282 2148 3358; baseline -0.005 -16"><span class='ocrx_word' id='word_1_490' title='bbox 569 3286 812 3353; x_wconf 87' lang='lat' dir='ltr'><strong>elesiam,</strong></span> <span class='ocrx_word' id='word_1_491' title='bbox 845 3287 986 3343; x_wconf 91' lang='lat' dir='ltr'><strong>sicut</strong></span> <span class='ocrx_word' id='word_1_492' title='bbox 1023 3288 1076 3342; x_wconf 92' lang='lat' dir='ltr'><strong>in</strong></span> <span class='ocrx_word' id='word_1_493' title='bbox 1112 3286 1318 3358; x_wconf 88' lang='lat' dir='ltr'><strong>psalmo</strong></span> <span class='ocrx_word' id='word_1_494' title='bbox 1355 3285 1548 3355; x_wconf 77' lang='lat' dir='ltr'><strong>legitur</strong></span> <span class='ocrx_word' id='word_1_495' title='bbox 1579 3301 1592 3337; x_wconf 92' lang='lat'><strong>:</strong></span> <span class='ocrx_word' id='word_1_496' title='bbox 1628 3301 1646 3334; x_wconf 83' lang='lat' dir='ltr'><strong>t</strong></span> <span class='ocrx_word' id='word_1_497' title='bbox 1679 3282 1781 3348; x_wconf 86' lang='lat' dir='ltr'><strong>Qui</strong></span> <span class='ocrx_word' id='word_1_498' title='bbox 1819 3282 2148 3338; x_wconf 89' lang='lat' dir='ltr'><strong>descendunt</strong></span> 
     </span>
    </p>
   </div>
   <div class='ocr_carea' id='block_1_58' title="bbox 572 3374 2150 3446">
    <p class='ocr_par' dir='ltr' id='par_1_58' title="bbox 572 3374 2150 3446">
     <span class='ocr_line' id='line_1_58' title="bbox 572 3374 2150 3446; baseline -0.002 -15"><span class='ocrx_word' id='word_1_499' title='bbox 572 3395 722 3432; x_wconf 87' lang='lat' dir='ltr'><strong>mare</strong></span> <span class='ocrx_word' id='word_1_500' title='bbox 769 3380 821 3433; x_wconf 92' lang='lat' dir='ltr'><strong>in</strong></span> <span class='ocrx_word' id='word_1_501' title='bbox 867 3379 1116 3443; x_wconf 90' lang='lat' dir='ltr'><strong>navibus,</strong></span> <span class='ocrx_word' id='word_1_502' title='bbox 1164 3377 1422 3432; x_wconf 82' lang='lat' dir='ltr'><strong>facientes</strong></span> <span class='ocrx_word' id='word_1_503' title='bbox 1469 3376 1836 3446; x_wconf 88' lang='lat' dir='ltr'><strong>operationem</strong></span> <span class='ocrx_word' id='word_1_504' title='bbox 1885 3374 1938 3427; x_wconf 91' lang='lat' dir='ltr'><strong>in</strong></span> <span class='ocrx_word' id='word_1_505' title='bbox 1997 3374 2150 3442; x_wconf 86' lang='lat' dir='ltr'><strong>aquis</strong></span> 
     </span>
    </p>
   </div>
   <div class='ocr_carea' id='block_1_59' title="bbox 574 3465 2151 3541">
    <p class='ocr_par' dir='ltr' id='par_1_59' title="bbox 574 3465 2151 3541">
     <span class='ocr_line' id='line_1_59' title="bbox 574 3465 2151 3541; baseline -0.003 -17"><span class='ocrx_word' id='word_1_506' title='bbox 574 3471 775 3535; x_wconf 88' lang='lat' dir='ltr'><strong>multis,</strong></span> <span class='ocrx_word' id='word_1_507' title='bbox 804 3471 903 3541; x_wconf 89' lang='lat' dir='ltr'><strong>ipsi</strong></span> <span class='ocrx_word' id='word_1_508' title='bbox 929 3471 1178 3524; x_wconf 88' lang='lat' dir='ltr'><strong>viderunt</strong></span> <span class='ocrx_word' id='word_1_509' title='bbox 1204 3483 1368 3539; x_wconf 87' lang='lat' dir='ltr'><strong>opera</strong></span> <span class='ocrx_word' id='word_1_510' title='bbox 1400 3468 1636 3532; x_wconf 89' lang='lat' dir='ltr'><strong>Domini,</strong></span> <span class='ocrx_word' id='word_1_511' title='bbox 1662 3474 1717 3520; x_wconf 91' lang='lat' dir='ltr'><strong>et</strong></span> <span class='ocrx_word' id='word_1_512' title='bbox 1748 3465 2013 3519; x_wconf 89' lang='lat' dir='ltr'><strong>mirabilia</strong></span> <span class='ocrx_word' id='word_1_513' title='bbox 2035 3465 2151 3535; x_wconf 87' lang='lat' dir='ltr'><strong>ejus</strong></span> 
     </span>
    </p>
   </div>
   <div class='ocr_carea' id='block_1_60' title="bbox 576 3556 2153 3630">
    <p class='ocr_par' dir='ltr' id='par_1_60' title="bbox 576 3556 2153 3630">
     <span class='ocr_line' id='line_1_60' title="bbox 576 3556 2153 3630; baseline -0.001 -18"><span class='ocrx_word' id='word_1_514' title='bbox 576 3561 627 3613; x_wconf 92' lang='lat' dir='ltr'><strong>in</strong></span> <span class='ocrx_word' id='word_1_515' title='bbox 661 3560 920 3630; x_wconf 90' lang='lat' dir='ltr'><strong>profundo</strong></span> <span class='ocrx_word' id='word_1_516' title='bbox 959 3557 1129 3629; x_wconf 70' lang='lat' dir='ltr'><strong>(Paul.</strong></span> <span class='ocrx_word' id='word_1_517' title='bbox 1153 3558 1284 3629; x_wconf 82' lang='lat' dir='ltr'><strong>cvi).</strong></span> <span class='ocrx_word' id='word_1_518' title='bbox 1322 3577 1340 3608; x_wconf 78' lang='grc' dir='ltr'><strong>ι</strong></span> <span class='ocrx_word' id='word_1_519' title='bbox 1372 3556 1594 3612; x_wconf 89' lang='lat' dir='ltr'><strong>Utcrum</strong></span> <span class='ocrx_word' id='word_1_520' title='bbox 1626 3557 1958 3611; x_wconf 75' lang='lat' dir='ltr'><strong>intemerata:</strong></span> <span class='ocrx_word' id='word_1_521' title='bbox 1983 3556 2153 3628; x_wconf 76' lang='lat' dir='ltr'><strong>Virgi-</strong></span> 
     </span>
    </p>
   </div>
   <div class='ocr_carea' id='block_1_61' title="bbox 574 3645 2150 3711">
    <p class='ocr_par' dir='ltr' id='par_1_61' title="bbox 574 3645 2150 3711">
     <span class='ocr_line' id='line_1_61' title="bbox 574 3645 2150 3711; baseline -0.001 -9"><span class='ocrx_word' id='word_1_522' title='bbox 574 3651 677 3711; x_wconf 86' lang='lat' dir='ltr'><strong>nis,</strong></span> <span class='ocrx_word' id='word_1_523' title='bbox 707 3650 847 3704; x_wconf 89' lang='lat' dir='ltr'><strong>sicut</strong></span> <span class='ocrx_word' id='word_1_524' title='bbox 871 3649 924 3702; x_wconf 94' lang='lat' dir='ltr'><strong>in</strong></span> <span class='ocrx_word' id='word_1_525' title='bbox 948 3650 1050 3702; x_wconf 90' lang='lat' dir='ltr'><strong>hoc</strong></span> <span class='ocrx_word' id='word_1_526' title='bbox 1076 3648 1194 3702; x_wconf 92' lang='lat' dir='ltr'><strong>loco</strong></span> <span class='ocrx_word' id='word_1_527' title='bbox 1223 3665 1237 3701; x_wconf 88' lang='lat'><strong>:</strong></span> <span class='ocrx_word' id='word_1_528' title='bbox 1276 3666 1294 3698; x_wconf 74' lang='grc' dir='ltr'><strong>ι</strong></span> <span class='ocrx_word' id='word_1_529' title='bbox 1327 3646 1636 3701; x_wconf 82' lang='lat' dir='ltr'><strong>Ascendens</strong></span> <span class='ocrx_word' id='word_1_530' title='bbox 1665 3645 1818 3702; x_wconf 84' lang='lat' dir='ltr'><strong>Jesus</strong></span> <span class='ocrx_word' id='word_1_531' title='bbox 1847 3648 1898 3702; x_wconf 92' lang='lat' dir='ltr'><strong>in</strong></span> <span class='ocrx_word' id='word_1_532' title='bbox 1928 3648 2150 3702; x_wconf 89' lang='lat' dir='ltr'><strong>navicu-</strong></span> 
     </span>
    </p>
   </div>
   <div class='ocr_carea' id='block_1_62' title="bbox 577 3735 2154 3804">
    <p class='ocr_par' dir='ltr' id='par_1_62' title="bbox 577 3735 2154 3804">
     <span class='ocr_line' id='line_1_62' title="bbox 577 3735 2154 3804; baseline -0.001 -12"><span class='ocrx_word' id='word_1_533' title='bbox 577 3739 704 3792; x_wconf 85' lang='lat' dir='ltr'><strong>lam.</strong></span> <span class='ocrx_word' id='word_1_534' title='bbox 732 3759 750 3790; x_wconf 74' lang='grc' dir='ltr'><strong>ι</strong></span> <span class='ocrx_word' id='word_1_535' title='bbox 779 3738 939 3804; x_wconf 87' lang='lat' dir='ltr'><strong>Quasi</strong></span> <span class='ocrx_word' id='word_1_536' title='bbox 964 3737 1106 3792; x_wconf 91' lang='lat' dir='ltr'><strong>enim</strong></span> <span class='ocrx_word' id='word_1_537' title='bbox 1137 3737 1395 3790; x_wconf 89' lang='lat' dir='ltr'><strong>Dominus</strong></span> <span class='ocrx_word' id='word_1_538' title='bbox 1417 3735 1734 3804; x_wconf 86' lang='lat' dir='ltr'><strong>spiritaliter</strong></span> <span class='ocrx_word' id='word_1_539' title='bbox 1752 3753 1939 3790; x_wconf 88' lang='lat' dir='ltr'><strong>navem</strong></span> <span class='ocrx_word' id='word_1_540' title='bbox 1967 3752 2154 3792; x_wconf 85' lang='lat' dir='ltr'><strong>ascen-</strong></span> 
     </span>
    </p>
   </div>
   <div class='ocr_carea' id='block_1_63' title="bbox 578 3824 2154 3894">
    <p class='ocr_par' dir='ltr' id='par_1_63' title="bbox 578 3824 2154 3894">
     <span class='ocr_line' id='line_1_63' title="bbox 578 3824 2154 3894; baseline -0.001 -12"><span class='ocrx_word' id='word_1_541' title='bbox 578 3829 674 3890; x_wconf 91' lang='lat' dir='ltr'><strong>dit,</strong></span> <span class='ocrx_word' id='word_1_542' title='bbox 707 3827 920 3894; x_wconf 87' lang='lat' dir='ltr'><strong>quando</strong></span> <span class='ocrx_word' id='word_1_543' title='bbox 960 3837 1027 3879; x_wconf 88' lang='lat' dir='ltr'><strong>ex</strong></span> <span class='ocrx_word' id='word_1_544' title='bbox 1076 3825 1410 3878; x_wconf 65' lang='lat' dir='ltr'><strong>intemeratae</strong></span> <span class='ocrx_word' id='word_1_545' title='bbox 1461 3824 1694 3894; x_wconf 77' lang='lat' dir='ltr'><strong>Virginis</strong></span> <span class='ocrx_word' id='word_1_546' title='bbox 1741 3834 1891 3881; x_wconf 88' lang='lat' dir='ltr'><strong>utero</strong></span> <span class='ocrx_word' id='word_1_547' title='bbox 1934 3841 2154 3881; x_wconf 87' lang='lat' dir='ltr'><strong>carnem</strong></span> 
     </span>
    </p>
   </div>
   <div class='ocr_carea' id='block_1_64' title="bbox 581 3911 2152 3983">
    <p class='ocr_par' dir='ltr' id='par_1_64' title="bbox 581 3911 2152 3983">
     <span class='ocr_line' id='line_1_64' title="bbox 581 3911 2152 3983; baseline 0.001 -15"><span class='ocrx_word' id='word_1_548' title='bbox 581 3913 886 3983; x_wconf 81' lang='lat' dir='ltr'><strong>assumpsit.</strong></span> <span class='ocrx_word' id='word_1_549' title='bbox 921 3911 1331 3977; x_wconf 88' lang='lat' dir='ltr'><strong>Transfretavit,</strong></span> <span class='ocrx_word' id='word_1_550' title='bbox 1361 3912 1484 3981; x_wconf 91' lang='lat' dir='ltr'><strong>quia</strong></span> <span class='ocrx_word' id='word_1_551' title='bbox 1516 3922 1674 3967; x_wconf 88' lang='lat' dir='ltr'><strong>natus</strong></span> <span class='ocrx_word' id='word_1_552' title='bbox 1699 3914 1895 3978; x_wconf 87' lang='lat' dir='ltr'><strong>docuit,</strong></span> <span class='ocrx_word' id='word_1_553' title='bbox 1932 3915 2152 3970; x_wconf 89' lang='lat' dir='ltr'><strong>mirabi-</strong></span> 
     </span>
    </p>
   </div>
   <div class='ocr_carea' id='block_1_65' title="bbox 580 4004 2154 4076">
    <p class='ocr_par' dir='ltr' id='par_1_65' title="bbox 580 4004 2154 4076">
     <span class='ocr_line' id='line_1_65' title="bbox 580 4004 2154 4076; baseline 0.004 -19"><span class='ocrx_word' id='word_1_554' title='bbox 580 4005 650 4059; x_wconf 90' lang='lat' dir='ltr'><strong>lia</strong></span> <span class='ocrx_word' id='word_1_555' title='bbox 677 4004 830 4068; x_wconf 88' lang='lat' dir='ltr'><strong>fccit,</strong></span> <span class='ocrx_word' id='word_1_556' title='bbox 859 4018 1052 4074; x_wconf 86' lang='lat' dir='ltr'><strong>passus</strong></span> <span class='ocrx_word' id='word_1_557' title='bbox 1077 4011 1179 4068; x_wconf 92' lang='lat' dir='ltr'><strong>est,</strong></span> <span class='ocrx_word' id='word_1_558' title='bbox 1223 4013 1278 4057; x_wconf 90' lang='lat' dir='ltr'><strong>et</strong></span> <span class='ocrx_word' id='word_1_559' title='bbox 1300 4007 1622 4070; x_wconf 84' lang='lat' dir='ltr'><strong>resurrexit,</strong></span> <span class='ocrx_word' id='word_1_560' title='bbox 1652 4007 1792 4061; x_wconf 90' lang='lat' dir='ltr'><strong>sicut</strong></span> <span class='ocrx_word' id='word_1_561' title='bbox 1819 4021 1915 4076; x_wconf 87' lang='lat' dir='ltr'><strong>per</strong></span> <span class='ocrx_word' id='word_1_562' title='bbox 1940 4007 2154 4063; x_wconf 85' lang='lat' dir='ltr'><strong>Petrum</strong></span> 
     </span>
    </p>
   </div>
   <div class='ocr_carea' id='block_1_66' title="bbox 580 4092 2153 4163">
    <p class='ocr_par' dir='ltr' id='par_1_66' title="bbox 580 4092 2153 4163">
     <span class='ocr_line' id='line_1_66' title="bbox 580 4092 2153 4163; baseline 0.004 -17"><span class='ocrx_word' id='word_1_563' title='bbox 580 4093 878 4162; x_wconf 89' lang='lat' dir='ltr'><strong>apostolum</strong></span> <span class='ocrx_word' id='word_1_564' title='bbox 907 4093 1102 4148; x_wconf 88' lang='lat' dir='ltr'><strong>dicitur</strong></span> <span class='ocrx_word' id='word_1_565' title='bbox 1130 4110 1142 4146; x_wconf 95' lang='lat'><strong>:</strong></span> <span class='ocrx_word' id='word_1_566' title='bbox 1175 4113 1191 4144; x_wconf 86' lang='lat' dir='ltr'><strong>t</strong></span> <span class='ocrx_word' id='word_1_567' title='bbox 1227 4092 1326 4160; x_wconf 90' lang='lat' dir='ltr'><strong>Qui</strong></span> <span class='ocrx_word' id='word_1_568' title='bbox 1358 4097 1707 4162; x_wconf 84' lang='lat' dir='ltr'><strong>pertransivit</strong></span> <span class='ocrx_word' id='word_1_569' title='bbox 1732 4096 2117 4153; x_wconf 89' lang='lat' dir='ltr'><strong>benefaciendo</strong></span> <span class='ocrx_word' id='word_1_570' title='bbox 2137 4135 2153 4163; x_wconf 93' lang='lat'><strong>,</strong></span> 
     </span>
    </p>
   </div>
   <div class='ocr_carea' id='block_1_67' title="bbox 579 4185 2149 4261">
    <p class='ocr_par' dir='ltr' id='par_1_67' title="bbox 579 4185 2149 4261">
     <span class='ocr_line' id='line_1_67' title="bbox 579 4185 2149 4261; baseline 0.003 -23"><span class='ocrx_word' id='word_1_571' title='bbox 579 4192 634 4238; x_wconf 90' lang='lat' dir='ltr'><strong>et</strong></span> <span class='ocrx_word' id='word_1_572' title='bbox 677 4185 919 4237; x_wconf 90' lang='lat' dir='ltr'><strong>sanando</strong></span> <span class='ocrx_word' id='word_1_573' title='bbox 949 4197 1138 4238; x_wconf 90' lang='lat' dir='ltr'><strong>omnes</strong></span> <span class='ocrx_word' id='word_1_574' title='bbox 1182 4198 1467 4254; x_wconf 81' lang='lat' dir='ltr'><strong>Oppressos</strong></span> <span class='ocrx_word' id='word_1_575' title='bbox 1505 4203 1536 4239; x_wconf 88' lang='lat' dir='ltr'><strong>a</strong></span> <span class='ocrx_word' id='word_1_576' title='bbox 1584 4187 1972 4258; x_wconf 61' lang='lat' dir='ltr'><strong>diabolqMct.</strong></span> <span class='ocrx_word' id='word_1_577' title='bbox 2018 4189 2095 4261; x_wconf 87' lang='lat' dir='ltr'><strong>x).</strong></span> <span class='ocrx_word' id='word_1_578' title='bbox 2131 4208 2149 4241; x_wconf 77' lang='grc' dir='ltr'><strong>ι</strong></span> 
     </span>
    </p>
   </div>
   <div class='ocr_carea' id='block_1_68' title="bbox 585 4275 2154 4347">
    <p class='ocr_par' dir='ltr' id='par_1_68' title="bbox 585 4275 2154 4347">
     <span class='ocr_line' id='line_1_68' title="bbox 585 4275 2154 4347; baseline 0.005 -19"><span class='ocrx_word' id='word_1_579' title='bbox 585 4275 736 4330; x_wconf 81' lang='lat' dir='ltr'><strong>Venit</strong></span> <span class='ocrx_word' id='word_1_580' title='bbox 763 4276 814 4329; x_wconf 89' lang='lat' dir='ltr'><strong>in</strong></span> <span class='ocrx_word' id='word_1_581' title='bbox 841 4275 1114 4330; x_wconf 88' lang='lat' dir='ltr'><strong>civitatem</strong></span> <span class='ocrx_word' id='word_1_582' title='bbox 1142 4292 1324 4341; x_wconf 85' lang='lat' dir='ltr'><strong>suam,</strong></span> <span class='ocrx_word' id='word_1_583' title='bbox 1356 4277 1407 4331; x_wconf 90' lang='lat' dir='ltr'><strong>id</strong></span> <span class='ocrx_word' id='word_1_584' title='bbox 1453 4288 1536 4333; x_wconf 91' lang='lat' dir='ltr'><strong>est</strong></span> <span class='ocrx_word' id='word_1_585' title='bbox 1565 4289 1803 4335; x_wconf 89' lang='lat' dir='ltr'><strong>sanetam</strong></span> <span class='ocrx_word' id='word_1_586' title='bbox 1837 4281 2154 4347; x_wconf 85' lang='lat' dir='ltr'><strong>Ecelesiam,</strong></span> 
     </span>
    </p>
   </div>
   <div class='ocr_carea' id='block_1_69' title="bbox 582 4367 2159 4441">
    <p class='ocr_par' dir='ltr' id='par_1_69' title="bbox 582 4367 2159 4441">
     <span class='ocr_line' id='line_1_69' title="bbox 582 4367 2159 4441; baseline 0.004 -22"><span class='ocrx_word' id='word_1_587' title='bbox 582 4382 686 4420; x_wconf 92' lang='lat' dir='ltr'><strong>non</strong></span> <span class='ocrx_word' id='word_1_588' title='bbox 719 4367 861 4436; x_wconf 91' lang='lat' dir='ltr'><strong>quod</strong></span> <span class='ocrx_word' id='word_1_589' title='bbox 889 4368 952 4422; x_wconf 89' lang='lat' dir='ltr'><strong>ad</strong></span> <span class='ocrx_word' id='word_1_590' title='bbox 977 4381 1094 4420; x_wconf 89' lang='lat' dir='ltr'><strong>eam</strong></span> <span class='ocrx_word' id='word_1_591' title='bbox 1131 4367 1353 4422; x_wconf 89' lang='lat' dir='ltr'><strong>veniens</strong></span> <span class='ocrx_word' id='word_1_592' title='bbox 1387 4383 1538 4422; x_wconf 90' lang='lat' dir='ltr'><strong>suam</strong></span> <span class='ocrx_word' id='word_1_593' title='bbox 1567 4371 1858 4434; x_wconf 84' lang='lat' dir='ltr'><strong>invenerit,</strong></span> <span class='ocrx_word' id='word_1_594' title='bbox 1896 4371 1991 4425; x_wconf 89' lang='lat' dir='ltr'><strong>sed</strong></span> <span class='ocrx_word' id='word_1_595' title='bbox 2017 4373 2159 4441; x_wconf 90' lang='lat' dir='ltr'><strong>quod</strong></span> 
     </span>
    </p>
   </div>
   <div class='ocr_carea' id='block_1_70' title="bbox 2251 3190 3823 3271">
    <p class='ocr_par' dir='ltr' id='par_1_70' title="bbox 2251 3190 3823 3271">
     <span class='ocr_line' id='line_1_70' title="bbox 2251 3190 3823 3271; baseline -0.008 -17"><span class='ocrx_word' id='word_1_596' title='bbox 2251 3199 2466 3271; x_wconf 87' lang='lat' dir='ltr'><strong>quando</strong></span> <span class='ocrx_word' id='word_1_597' title='bbox 2493 3197 2811 3270; x_wconf 87' lang='lat' dir='ltr'><strong>gravissima</strong></span> <span class='ocrx_word' id='word_1_598' title='bbox 2838 3196 2976 3251; x_wconf 86' lang='lat' dir='ltr'><strong>mala</strong></span> <span class='ocrx_word' id='word_1_599' title='bbox 3006 3200 3307 3264; x_wconf 89' lang='lat' dir='ltr'><strong>perpetrct,</strong></span> <span class='ocrx_word' id='word_1_600' title='bbox 3333 3207 3434 3246; x_wconf 88' lang='lat' dir='ltr'><strong>nec</strong></span> <span class='ocrx_word' id='word_1_601' title='bbox 3459 3205 3522 3246; x_wconf 88' lang='lat' dir='ltr'><strong>ea</strong></span> <span class='ocrx_word' id='word_1_602' title='bbox 3554 3191 3706 3244; x_wconf 88' lang='lat' dir='ltr'><strong>velut</strong></span> <span class='ocrx_word' id='word_1_603' title='bbox 3733 3190 3823 3242; x_wconf 85' lang='lat' dir='ltr'><strong>mi-</strong></span> 
     </span>
    </p>
   </div>
   <div class='ocr_carea' id='block_1_71' title="bbox 2251 3283 3817 3362">
    <p class='ocr_par' dir='ltr' id='par_1_71' title="bbox 2251 3283 3817 3362">
     <span class='ocr_line' id='line_1_71' title="bbox 2251 3283 3817 3362; baseline -0.008 -16"><span class='ocrx_word' id='word_1_604' title='bbox 2251 3293 2395 3346; x_wconf 90' lang='lat' dir='ltr'><strong>nima</strong></span> <span class='ocrx_word' id='word_1_605' title='bbox 2425 3291 2792 3362; x_wconf 90' lang='lat' dir='ltr'><strong>pertimescat,</strong></span> <span class='ocrx_word' id='word_1_606' title='bbox 2829 3287 3074 3358; x_wconf 88' lang='lat' dir='ltr'><strong>qualibus</strong></span> <span class='ocrx_word' id='word_1_607' title='bbox 3101 3301 3200 3356; x_wconf 92' lang='lat' dir='ltr'><strong>per</strong></span> <span class='ocrx_word' id='word_1_608' title='bbox 3231 3285 3549 3356; x_wconf 87' lang='lat' dir='ltr'><strong>prophetam</strong></span> <span class='ocrx_word' id='word_1_609' title='bbox 3587 3283 3782 3339; x_wconf 82' lang='lat' dir='ltr'><strong>dicitur</strong></span> <span class='ocrx_word' id='word_1_610' title='bbox 3807 3301 3817 3333; x_wconf 93' lang='lat'><strong>:</strong></span> 
     </span>
    </p>
   </div>
   <div class='ocr_carea' id='block_1_72' title="bbox 2255 3373 3819 3457">
    <p class='ocr_par' dir='ltr' id='par_1_72' title="bbox 2255 3373 3819 3457">
     <span class='ocr_line' id='line_1_72' title="bbox 2255 3373 3819 3457; baseline -0.007 -23"><span class='ocrx_word' id='word_1_611' title='bbox 2255 3401 2275 3434; x_wconf 86' lang='lat' dir='ltr'><strong>t</strong></span> <span class='ocrx_word' id='word_1_612' title='bbox 2309 3381 2460 3438; x_wconf 91' lang='lat' dir='ltr'><strong>Sicut</strong></span> <span class='ocrx_word' id='word_1_613' title='bbox 2490 3381 2738 3452; x_wconf 85' lang='lat' dir='ltr'><strong>frigidam</strong></span> <span class='ocrx_word' id='word_1_614' title='bbox 2767 3378 2894 3434; x_wconf 90' lang='lat' dir='ltr'><strong>facit</strong></span> <span class='ocrx_word' id='word_1_615' title='bbox 2927 3377 3161 3433; x_wconf 85' lang='lat' dir='ltr'><strong>cisterna</strong></span> <span class='ocrx_word' id='word_1_616' title='bbox 3195 3391 3390 3445; x_wconf 90' lang='lat' dir='ltr'><strong>aquam</strong></span> <span class='ocrx_word' id='word_1_617' title='bbox 3418 3390 3600 3457; x_wconf 76' lang='lat' dir='ltr'><strong>suam,</strong></span> <span class='ocrx_word' id='word_1_618' title='bbox 3637 3375 3717 3430; x_wconf 87' lang='lat' dir='ltr'><strong>sic</strong></span> <span class='ocrx_word' id='word_1_619' title='bbox 3745 3373 3819 3424; x_wconf 76' lang='lat' dir='ltr'><strong>fri-</strong></span> 
     </span>
    </p>
   </div>
   <div class='ocr_carea' id='block_1_73' title="bbox 2251 3464 3818 3545">
    <p class='ocr_par' dir='ltr' id='par_1_73' title="bbox 2251 3464 3818 3545">
     <span class='ocr_line' id='line_1_73' title="bbox 2251 3464 3818 3545; baseline -0.01 -16"><span class='ocrx_word' id='word_1_620' title='bbox 2251 3475 2426 3545; x_wconf 85' lang='lat' dir='ltr'><strong>gidam</strong></span> <span class='ocrx_word' id='word_1_621' title='bbox 2453 3472 2580 3527; x_wconf 89' lang='lat' dir='ltr'><strong>facit</strong></span> <span class='ocrx_word' id='word_1_622' title='bbox 2607 3469 2803 3526; x_wconf 90' lang='lat' dir='ltr'><strong>stultus</strong></span> <span class='ocrx_word' id='word_1_623' title='bbox 2832 3467 3091 3524; x_wconf 90' lang='lat' dir='ltr'><strong>malitiam</strong></span> <span class='ocrx_word' id='word_1_624' title='bbox 3119 3483 3270 3521; x_wconf 92' lang='lat' dir='ltr'><strong>suam</strong></span> <span class='ocrx_word' id='word_1_625' title='bbox 3297 3466 3428 3538; x_wconf 79' lang='lat' dir='ltr'><strong>(Jer.</strong></span> <span class='ocrx_word' id='word_1_626' title='bbox 3451 3466 3551 3536; x_wconf 73' lang='grc' dir='ltr'><strong>γι).</strong></span> <span class='ocrx_word' id='word_1_627' title='bbox 3587 3485 3608 3516; x_wconf 74' lang='grc' dir='ltr'><strong>ι</strong></span> <span class='ocrx_word' id='word_1_628' title='bbox 3639 3464 3818 3518; x_wconf 74' lang='lat' dir='ltr'><strong>Lectus</strong></span> 
     </span>
    </p>
   </div>
   <div class='ocr_carea' id='block_1_74' title="bbox 2252 3552 3822 3631">
    <p class='ocr_par' dir='ltr' id='par_1_74' title="bbox 2252 3552 3822 3631">
     <span class='ocr_line' id='line_1_74' title="bbox 2252 3552 3822 3631; baseline -0.008 -15"><span class='ocrx_word' id='word_1_629' title='bbox 2252 3563 2304 3616; x_wconf 92' lang='lat' dir='ltr'><strong>in</strong></span> <span class='ocrx_word' id='word_1_630' title='bbox 2343 3576 2450 3631; x_wconf 91' lang='lat' dir='ltr'><strong>quo</strong></span> <span class='ocrx_word' id='word_1_631' title='bbox 2491 3559 2818 3630; x_wconf 81' lang='lat' dir='ltr'><strong>paralyticus</strong></span> <span class='ocrx_word' id='word_1_632' title='bbox 2858 3557 3197 3628; x_wconf 86' lang='lat' dir='ltr'><strong>portabatur,</strong></span> <span class='ocrx_word' id='word_1_633' title='bbox 3233 3555 3316 3610; x_wconf 89' lang='lat' dir='ltr'><strong>vel</strong></span> <span class='ocrx_word' id='word_1_634' title='bbox 3358 3569 3556 3624; x_wconf 91' lang='lat' dir='ltr'><strong>corpus</strong></span> <span class='ocrx_word' id='word_1_635' title='bbox 3599 3552 3822 3607; x_wconf 85' lang='lat' dir='ltr'><strong>hominis</strong></span> 
     </span>
    </p>
   </div>
   <div class='ocr_carea' id='block_1_75' title="bbox 2252 3644 3828 3722">
    <p class='ocr_par' dir='ltr' id='par_1_75' title="bbox 2252 3644 3828 3722">
     <span class='ocr_line' id='line_1_75' title="bbox 2252 3644 3828 3722; baseline -0.007 -15"><span class='ocrx_word' id='word_1_636' title='bbox 2252 3653 2485 3722; x_wconf 88' lang='lat' dir='ltr'><strong>peccatis</strong></span> <span class='ocrx_word' id='word_1_637' title='bbox 2511 3660 2810 3715; x_wconf 76' lang='lat' dir='ltr'><strong>assuetum,</strong></span> <span class='ocrx_word' id='word_1_638' title='bbox 2850 3649 2934 3704; x_wconf 89' lang='lat' dir='ltr'><strong>vel</strong></span> <span class='ocrx_word' id='word_1_639' title='bbox 2965 3648 3345 3704; x_wconf 88' lang='lat' dir='ltr'><strong>conscientiam</strong></span> <span class='ocrx_word' id='word_1_640' title='bbox 3378 3648 3712 3716; x_wconf 80' lang='lat' dir='ltr'><strong>desperatam</strong></span> <span class='ocrx_word' id='word_1_641' title='bbox 3753 3644 3828 3696; x_wconf 56' lang='lat' dir='ltr'><strong>si»</strong></span> 
     </span>
    </p>
   </div>
   <div class='ocr_carea' id='block_1_76' title="bbox 2251 3735 3826 3815">
    <p class='ocr_par' dir='ltr' id='par_1_76' title="bbox 2251 3735 3826 3815">
     <span class='ocr_line' id='line_1_76' title="bbox 2251 3735 3826 3815; baseline -0.008 -16"><span class='ocrx_word' id='word_1_642' title='bbox 2251 3744 2490 3815; x_wconf 91' lang='lat' dir='ltr'><strong>gniﬁcat.</strong></span> <span class='ocrx_word' id='word_1_643' title='bbox 2541 3743 2606 3796; x_wconf 92' lang='lat' dir='ltr'><strong>lli</strong></span> <span class='ocrx_word' id='word_1_644' title='bbox 2643 3751 2821 3797; x_wconf 90' lang='lat' dir='ltr'><strong>autem</strong></span> <span class='ocrx_word' id='word_1_645' title='bbox 2849 3741 2942 3811; x_wconf 90' lang='lat' dir='ltr'><strong>qui</strong></span> <span class='ocrx_word' id='word_1_646' title='bbox 2979 3739 3328 3811; x_wconf 85' lang='lat' dir='ltr'><strong>paralyticum</strong></span> <span class='ocrx_word' id='word_1_647' title='bbox 3376 3737 3602 3792; x_wconf 87' lang='lat' dir='ltr'><strong>Domino</strong></span> <span class='ocrx_word' id='word_1_648' title='bbox 3637 3735 3704 3789; x_wconf 87' lang='lat' dir='ltr'><strong>ad</strong></span> <span class='ocrx_word' id='word_1_649' title='bbox 3735 3749 3826 3788; x_wconf 83' lang='lat' dir='ltr'><strong>eu-</strong></span> 
     </span>
    </p>
   </div>
   <div class='ocr_carea' id='block_1_77' title="bbox 2253 3824 3824 3897">
    <p class='ocr_par' dir='ltr' id='par_1_77' title="bbox 2253 3824 3824 3897">
     <span class='ocr_line' id='line_1_77' title="bbox 2253 3824 3824 3897; baseline -0.006 -9"><span class='ocrx_word' id='word_1_650' title='bbox 2253 3834 2479 3888; x_wconf 87' lang='lat' dir='ltr'><strong>randutn</strong></span> <span class='ocrx_word' id='word_1_651' title='bbox 2505 3831 2846 3896; x_wconf 91' lang='lat' dir='ltr'><strong>obtulerunt,</strong></span> <span class='ocrx_word' id='word_1_652' title='bbox 2877 3831 3124 3886; x_wconf 86' lang='lat' dir='ltr'><strong>doctores</strong></span> <span class='ocrx_word' id='word_1_653' title='bbox 3151 3837 3206 3884; x_wconf 92' lang='lat' dir='ltr'><strong>et</strong></span> <span class='ocrx_word' id='word_1_654' title='bbox 3245 3828 3532 3897; x_wconf 84' lang='lat' dir='ltr'><strong>magistros</strong></span> <span class='ocrx_word' id='word_1_655' title='bbox 3578 3824 3824 3879; x_wconf 60' lang='lat' dir='ltr'><strong>Ecclesia</strong></span> 
     </span>
    </p>
   </div>
   <div class='ocr_carea' id='block_1_78' title="bbox 2254 3915 3824 3995">
    <p class='ocr_par' dir='ltr' id='par_1_78' title="bbox 2254 3915 3824 3995">
     <span class='ocr_line' id='line_1_78' title="bbox 2254 3915 3824 3995; baseline -0.006 -15"><span class='ocrx_word' id='word_1_656' title='bbox 2254 3925 2576 3995; x_wconf 85' lang='lat' dir='ltr'><strong>signiﬁcant.</strong></span> <span class='ocrx_word' id='word_1_657' title='bbox 2634 3921 2878 3980; x_wconf 81' lang='lat' dir='ltr'><strong>Oll&#39;erunt</strong></span> <span class='ocrx_word' id='word_1_658' title='bbox 2910 3923 3055 3977; x_wconf 89' lang='lat' dir='ltr'><strong>enim</strong></span> <span class='ocrx_word' id='word_1_659' title='bbox 3098 3921 3451 3992; x_wconf 71' lang='lat' dir='ltr'><strong>paralyticum</strong></span> <span class='ocrx_word' id='word_1_660' title='bbox 3495 3919 3724 3973; x_wconf 92' lang='lat' dir='ltr'><strong>Domino</strong></span> <span class='ocrx_word' id='word_1_661' title='bbox 3764 3915 3824 3970; x_wconf 82' lang='lat' dir='ltr'><strong>ad</strong></span> 
     </span>
    </p>
   </div>
   <div class='ocr_carea' id='block_1_79' title="bbox 2255 4012 3824 4082">
    <p class='ocr_par' dir='ltr' id='par_1_79' title="bbox 2255 4012 3824 4082">
     <span class='ocr_line' id='line_1_79' title="bbox 2255 4012 3824 4082; baseline -0.006 -13"><span class='ocrx_word' id='word_1_662' title='bbox 2255 4014 2551 4070; x_wconf 86' lang='lat' dir='ltr'><strong>sanandum</strong></span> <span class='ocrx_word' id='word_1_663' title='bbox 2576 4014 2924 4070; x_wconf 89' lang='lat' dir='ltr'><strong>ecclesiastici</strong></span> <span class='ocrx_word' id='word_1_664' title='bbox 2958 4013 3093 4078; x_wconf 87' lang='lat' dir='ltr'><strong>viri,</strong></span> <span class='ocrx_word' id='word_1_665' title='bbox 3123 4012 3334 4082; x_wconf 89' lang='lat' dir='ltr'><strong>quando</strong></span> <span class='ocrx_word' id='word_1_666' title='bbox 3359 4018 3682 4082; x_wconf 88' lang='lat' dir='ltr'><strong>peccantem</strong></span> <span class='ocrx_word' id='word_1_667' title='bbox 3713 4023 3824 4061; x_wconf 86' lang='lat' dir='ltr'><strong>ver-</strong></span> 
     </span>
    </p>
   </div>
   <div class='ocr_carea' id='block_1_80' title="bbox 2255 4101 3826 4175">
    <p class='ocr_par' dir='ltr' id='par_1_80' title="bbox 2255 4101 3826 4175">
     <span class='ocr_line' id='line_1_80' title="bbox 2255 4101 3826 4175; baseline -0.006 -13"><span class='ocrx_word' id='word_1_668' title='bbox 2255 4107 2340 4162; x_wconf 87' lang='lat' dir='ltr'><strong>bis</strong></span> <span class='ocrx_word' id='word_1_669' title='bbox 2368 4106 2666 4175; x_wconf 87' lang='lat' dir='ltr'><strong>corrigunt,</strong></span> <span class='ocrx_word' id='word_1_670' title='bbox 2695 4113 2751 4160; x_wconf 91' lang='lat' dir='ltr'><strong>et</strong></span> <span class='ocrx_word' id='word_1_671' title='bbox 2775 4105 3111 4160; x_wconf 89' lang='lat' dir='ltr'><strong>orationibus</strong></span> <span class='ocrx_word' id='word_1_672' title='bbox 3132 4106 3351 4172; x_wconf 85' lang='lat' dir='ltr'><strong>juvant,</strong></span> <span class='ocrx_word' id='word_1_673' title='bbox 3378 4110 3436 4155; x_wconf 90' lang='lat' dir='ltr'><strong>ut</strong></span> <span class='ocrx_word' id='word_1_674' title='bbox 3461 4101 3532 4156; x_wconf 88' lang='lat' dir='ltr'><strong>ab</strong></span> <span class='ocrx_word' id='word_1_675' title='bbox 3551 4101 3689 4171; x_wconf 88' lang='lat' dir='ltr'><strong>ipsis</strong></span> <span class='ocrx_word' id='word_1_676' title='bbox 3714 4113 3826 4169; x_wconf 73' lang='lat' dir='ltr'><strong>poc-</strong></span> 
     </span>
    </p>
   </div>
   <div class='ocr_carea' id='block_1_81' title="bbox 2257 4192 3826 4264">
    <p class='ocr_par' dir='ltr' id='par_1_81' title="bbox 2257 4192 3826 4264">
     <span class='ocr_line' id='line_1_81' title="bbox 2257 4192 3826 4264; baseline -0.008 -12"><span class='ocrx_word' id='word_1_677' title='bbox 2257 4197 2397 4252; x_wconf 91' lang='lat' dir='ltr'><strong>catis</strong></span> <span class='ocrx_word' id='word_1_678' title='bbox 2424 4195 2722 4264; x_wconf 87' lang='lat' dir='ltr'><strong>resipiscat.</strong></span> <span class='ocrx_word' id='word_1_679' title='bbox 2754 4193 2857 4261; x_wconf 88' lang='lat' dir='ltr'><strong>Qui</strong></span> <span class='ocrx_word' id='word_1_680' title='bbox 2895 4196 3050 4257; x_wconf 87' lang='lat' dir='ltr'><strong>bene,</strong></span> <span class='ocrx_word' id='word_1_681' title='bbox 3088 4192 3269 4246; x_wconf 84' lang='lat' dir='ltr'><strong>Marco</strong></span> <span class='ocrx_word' id='word_1_682' title='bbox 3295 4197 3573 4255; x_wconf 88' lang='lat' dir='ltr'><strong>narrante,</strong></span> <span class='ocrx_word' id='word_1_683' title='bbox 3603 4199 3826 4259; x_wconf 85' lang='lat' dir='ltr'><strong>quatuor</strong></span> 
     </span>
    </p>
   </div>
   <div class='ocr_carea' id='block_1_82' title="bbox 2259 4278 3824 4352">
    <p class='ocr_par' dir='ltr' id='par_1_82' title="bbox 2259 4278 3824 4352">
     <span class='ocr_line' id='line_1_82' title="bbox 2259 4278 3824 4352; baseline -0.006 -12"><span class='ocrx_word' id='word_1_684' title='bbox 2259 4283 2423 4342; x_wconf 78' lang='lat' dir='ltr'><strong>fuisse</strong></span> <span class='ocrx_word' id='word_1_685' title='bbox 2461 4285 2796 4350; x_wconf 89' lang='lat' dir='ltr'><strong>referuntur,</strong></span> <span class='ocrx_word' id='word_1_686' title='bbox 2847 4283 2972 4352; x_wconf 91' lang='lat' dir='ltr'><strong>quia</strong></span> <span class='ocrx_word' id='word_1_687' title='bbox 3020 4292 3253 4352; x_wconf 90' lang='lat' dir='ltr'><strong>quatuor</strong></span> <span class='ocrx_word' id='word_1_688' title='bbox 3303 4291 3430 4336; x_wconf 88' lang='lat' dir='ltr'><strong>sunt</strong></span> <span class='ocrx_word' id='word_1_689' title='bbox 3480 4280 3606 4336; x_wconf 87' lang='lat' dir='ltr'><strong>libri</strong></span> <span class='ocrx_word' id='word_1_690' title='bbox 3663 4278 3824 4336; x_wconf 85' lang='lat' dir='ltr'><strong>sancti</strong></span> 
     </span>
    </p>
   </div>
   <div class='ocr_carea' id='block_1_83' title="bbox 2262 4373 3827 4448">
    <p class='ocr_par' dir='ltr' id='par_1_83' title="bbox 2262 4373 3827 4448">
     <span class='ocr_line' id='line_1_83' title="bbox 2262 4373 3827 4448; baseline -0.005 -16"><span class='ocrx_word' id='word_1_691' title='bbox 2262 4378 2566 4448; x_wconf 83' lang='lat' dir='ltr'><strong>Evangelii,</strong></span> <span class='ocrx_word' id='word_1_692' title='bbox 2599 4377 2652 4431; x_wconf 92' lang='lat' dir='ltr'><strong>in</strong></span> <span class='ocrx_word' id='word_1_693' title='bbox 2693 4376 2886 4444; x_wconf 92' lang='lat' dir='ltr'><strong>quibus</strong></span> <span class='ocrx_word' id='word_1_694' title='bbox 2919 4375 3096 4429; x_wconf 89' lang='lat' dir='ltr'><strong>omnis</strong></span> <span class='ocrx_word' id='word_1_695' title='bbox 3139 4374 3546 4444; x_wconf 69' lang='lat' dir='ltr'><strong>praedicandum</strong></span> <span class='ocrx_word' id='word_1_696' title='bbox 3593 4373 3827 4428; x_wconf 79' lang='lat' dir='ltr'><strong>doctrina</strong></span> 
     </span>
    </p>
   </div>
   <div class='ocr_carea' id='block_1_84' title="bbox 587 4449 3826 4532">
    <p class='ocr_par' dir='ltr' id='par_1_84' title="bbox 587 4449 3826 4532">
     <span class='ocr_line' id='line_1_84' title="bbox 587 4449 3826 4532; baseline -0.002 -24"><span class='ocrx_word' id='word_1_697' title='bbox 587 4455 950 4511; x_wconf 90' lang='lat' dir='ltr'><strong>subveniendo</strong></span> <span class='ocrx_word' id='word_1_698' title='bbox 991 4471 1110 4510; x_wconf 89' lang='lat' dir='ltr'><strong>eam</strong></span> <span class='ocrx_word' id='word_1_699' title='bbox 1141 4472 1294 4510; x_wconf 90' lang='lat' dir='ltr'><strong>suam</strong></span> <span class='ocrx_word' id='word_1_700' title='bbox 1326 4456 1534 4512; x_wconf 85' lang='lat' dir='ltr'><strong>fecerit.</strong></span> <span class='ocrx_word' id='word_1_701' title='bbox 1581 4457 1639 4512; x_wconf 85' lang='grc' dir='ltr'><strong>Ιιι</strong></span> <span class='ocrx_word' id='word_1_702' title='bbox 1681 4459 1832 4529; x_wconf 89' lang='lat' dir='ltr'><strong>cujus</strong></span> <span class='ocrx_word' id='word_1_703' title='bbox 1867 4468 1994 4530; x_wconf 87' lang='lat' dir='ltr'><strong>typo</strong></span> <span class='ocrx_word' id='word_1_704' title='bbox 2041 4459 2160 4528; x_wconf 89' lang='lat' dir='ltr'><strong>ejus</strong></span> <span class='ocrx_word' id='word_1_705' title='bbox 2186 4449 2236 4507; x_wconf 83' lang='lat' dir='ltr'><strong>D</strong></span> <span class='ocrx_word' id='word_1_706' title='bbox 2263 4483 2369 4522; x_wconf 80' lang='lat' dir='ltr'><strong>non</strong></span> <span class='ocrx_word' id='word_1_707' title='bbox 2409 4468 2580 4522; x_wconf 82' lang='lat' dir='ltr'><strong>solum</strong></span> <span class='ocrx_word' id='word_1_708' title='bbox 2609 4465 2909 4530; x_wconf 66' lang='lat' dir='ltr'><strong>instruitur,</strong></span> <span class='ocrx_word' id='word_1_709' title='bbox 2935 4465 3028 4520; x_wconf 78' lang='lat' dir='ltr'><strong>sed</strong></span> <span class='ocrx_word' id='word_1_710' title='bbox 3057 4465 3218 4519; x_wconf 65' lang='lat' dir='ltr'><strong>etiam</strong></span> <span class='ocrx_word' id='word_1_711' title='bbox 3245 4465 3551 4519; x_wconf 64' lang='lat' dir='ltr'><strong>roboratur,</strong></span> <span class='ocrx_word' id='word_1_712' title='bbox 3585 4462 3826 4532; x_wconf 72' lang='lat' dir='ltr'><strong>Sedqnja</strong></span> 
     </span>
    </p>
   </div>
   <div class='ocr_carea' id='block_1_85' title="bbox 578 4545 2159 4620">
    <p class='ocr_par' dir='ltr' id='par_1_85' title="bbox 578 4545 2159 4620">
     <span class='ocr_line' id='line_1_85' title="bbox 578 4545 2159 4620; baseline 0.004 -21"><span class='ocrx_word' id='word_1_713' title='bbox 578 4545 768 4600; x_wconf 87' lang='lat' dir='ltr'><strong>civitas</strong></span> <span class='ocrx_word' id='word_1_714' title='bbox 813 4545 1079 4603; x_wconf 83' lang='lat' dir='ltr'><strong>Nazaretlt</strong></span> <span class='ocrx_word' id='word_1_715' title='bbox 1106 4549 1250 4604; x_wconf 89' lang='lat' dir='ltr'><strong>dicta</strong></span> <span class='ocrx_word' id='word_1_716' title='bbox 1278 4561 1395 4615; x_wconf 91' lang='lat' dir='ltr'><strong>est,</strong></span> <span class='ocrx_word' id='word_1_717' title='bbox 1423 4566 1541 4620; x_wconf 71' lang='lat' dir='ltr'><strong>quin</strong></span> <span class='ocrx_word' id='word_1_718' title='bbox 1569 4551 1764 4604; x_wconf 83' lang='lat' dir='ltr'><strong>munda</strong></span> <span class='ocrx_word' id='word_1_719' title='bbox 1790 4551 1870 4605; x_wconf 92' lang='lat' dir='ltr'><strong>vel</strong></span> <span class='ocrx_word' id='word_1_720' title='bbox 1900 4552 2159 4605; x_wconf 78' lang='lat' dir='ltr'><strong>custodita</strong></span> 
     </span>
    </p>
   </div>
   <div class='ocr_carea' id='block_1_86' title="bbox 581 4634 2160 4710">
    <p class='ocr_par' dir='ltr' id='par_1_86' title="bbox 581 4634 2160 4710">
     <span class='ocr_line' id='line_1_86' title="bbox 581 4634 2160 4710; baseline 0.004 -22"><span class='ocrx_word' id='word_1_721' title='bbox 581 4634 984 4704; x_wconf 86' lang='lat' dir='ltr'><strong>interpretatur,</strong></span> <span class='ocrx_word' id='word_1_722' title='bbox 1009 4637 1320 4708; x_wconf 86' lang='lat' dir='ltr'><strong>signiﬁcans</strong></span> <span class='ocrx_word' id='word_1_723' title='bbox 1345 4640 1640 4695; x_wconf 84' lang='lat' dir='ltr'><strong>Eeclesiam</strong></span> <span class='ocrx_word' id='word_1_724' title='bbox 1683 4655 1840 4710; x_wconf 89' lang='lat' dir='ltr'><strong>quam</strong></span> <span class='ocrx_word' id='word_1_725' title='bbox 1867 4641 1969 4694; x_wconf 90' lang='lat' dir='ltr'><strong>sibi</strong></span> <span class='ocrx_word' id='word_1_726' title='bbox 1997 4641 2160 4710; x_wconf 85' lang='lat' dir='ltr'><strong>elegit</strong></span> 
     </span>
    </p>
   </div>
   <div class='ocr_carea' id='block_1_87' title="bbox 583 4725 2160 4799">
    <p class='ocr_par' dir='ltr' id='par_1_87' title="bbox 583 4725 2160 4799">
     <span class='ocr_line' id='line_1_87' title="bbox 583 4725 2160 4799; baseline 0.006 -24"><span class='ocrx_word' id='word_1_727' title='bbox 583 4738 688 4776; x_wconf 93' lang='lat' dir='ltr'><strong>non</strong></span> <span class='ocrx_word' id='word_1_728' title='bbox 715 4725 995 4780; x_wconf 88' lang='lat' dir='ltr'><strong>habentem</strong></span> <span class='ocrx_word' id='word_1_729' title='bbox 1027 4728 1289 4783; x_wconf 88' lang='lat' dir='ltr'><strong>maculam</strong></span> <span class='ocrx_word' id='word_1_730' title='bbox 1320 4730 1399 4785; x_wconf 88' lang='lat' dir='ltr'><strong>vel</strong></span> <span class='ocrx_word' id='word_1_731' title='bbox 1434 4744 1618 4799; x_wconf 88' lang='lat' dir='ltr'><strong>rugam</strong></span> <span class='ocrx_word' id='word_1_732' title='bbox 1653 4743 1667 4781; x_wconf 89' lang='lat'><strong>:</strong></span> <span class='ocrx_word' id='word_1_733' title='bbox 1695 4729 1950 4798; x_wconf 91' lang='lat' dir='ltr'><strong>quoniam</strong></span> <span class='ocrx_word' id='word_1_734' title='bbox 1978 4729 2160 4784; x_wconf 90' lang='lat' dir='ltr'><strong>Domi-</strong></span> 
     </span>
    </p>
   </div>
   <div class='ocr_carea' id='block_1_88' title="bbox 583 4819 2158 4890">
    <p class='ocr_par' dir='ltr' id='par_1_88' title="bbox 583 4819 2158 4890">
     <span class='ocr_line' id='line_1_88' title="bbox 583 4819 2158 4890; baseline 0.005 -22"><span class='ocrx_word' id='word_1_735' title='bbox 583 4830 685 4869; x_wconf 88' lang='lat' dir='ltr'><strong>nus</strong></span> <span class='ocrx_word' id='word_1_736' title='bbox 713 4819 986 4872; x_wconf 92' lang='lat' dir='ltr'><strong>mundavit</strong></span> <span class='ocrx_word' id='word_1_737' title='bbox 1008 4819 1121 4888; x_wconf 86' lang='lat' dir='ltr'><strong>jam</strong></span> <span class='ocrx_word' id='word_1_738' title='bbox 1162 4821 1453 4876; x_wconf 88' lang='lat' dir='ltr'><strong>Ecelcsiam</strong></span> <span class='ocrx_word' id='word_1_739' title='bbox 1486 4836 1584 4874; x_wconf 94' lang='lat' dir='ltr'><strong>suo</strong></span> <span class='ocrx_word' id='word_1_740' title='bbox 1609 4819 1868 4890; x_wconf 87' lang='lat' dir='ltr'><strong>sanguine</strong></span> <span class='ocrx_word' id='word_1_741' title='bbox 1899 4830 1952 4876; x_wconf 90' lang='lat' dir='ltr'><strong>et</strong></span> <span class='ocrx_word' id='word_1_742' title='bbox 1981 4829 2158 4876; x_wconf 91' lang='lat' dir='ltr'><strong>custo-</strong></span> 
     </span>
    </p>
   </div>
   <div class='ocr_carea' id='block_1_89' title="bbox 585 4907 2152 4982">
    <p class='ocr_par' dir='ltr' id='par_1_89' title="bbox 585 4907 2152 4982">
     <span class='ocr_line' id='line_1_89' title="bbox 585 4907 2152 4982; baseline 0.006 -23"><span class='ocrx_word' id='word_1_743' title='bbox 585 4907 663 4960; x_wconf 90' lang='lat' dir='ltr'><strong>dit</strong></span> <span class='ocrx_word' id='word_1_744' title='bbox 687 4923 780 4961; x_wconf 88' lang='lat' dir='ltr'><strong>sua</strong></span> <span class='ocrx_word' id='word_1_745' title='bbox 808 4912 1159 4977; x_wconf 87' lang='lat' dir='ltr'><strong>protectioue.</strong></span> <span class='ocrx_word' id='word_1_746' title='bbox 1187 4913 1281 4966; x_wconf 91' lang='lat' dir='ltr'><strong>Cui</strong></span> <span class='ocrx_word' id='word_1_747' title='bbox 1311 4913 1364 4966; x_wconf 93' lang='lat' dir='ltr'><strong>in</strong></span> <span class='ocrx_word' id='word_1_748' title='bbox 1401 4911 1603 4965; x_wconf 87' lang='lat' dir='ltr'><strong>amoris</strong></span> <span class='ocrx_word' id='word_1_749' title='bbox 1627 4911 1849 4966; x_wconf 81' lang='lat' dir='ltr'><strong>Cantieo</strong></span> <span class='ocrx_word' id='word_1_750' title='bbox 1877 4913 2113 4982; x_wconf 88' lang='lat' dir='ltr'><strong>loquitur</strong></span> <span class='ocrx_word' id='word_1_751' title='bbox 2137 4931 2152 4968; x_wconf 86' lang='lat'><strong>:</strong></span> 
     </span>
    </p>
   </div>
   <div class='ocr_carea' id='block_1_90' title="bbox 592 4994 2156 5066">
    <p class='ocr_par' dir='ltr' id='par_1_90' title="bbox 592 4994 2156 5066">
     <span class='ocr_line' id='line_1_90' title="bbox 592 4994 2156 5066; baseline 0.006 -20"><span class='ocrx_word' id='word_1_752' title='bbox 592 5012 610 5046; x_wconf 85' lang='lat' dir='ltr'><strong>t</strong></span> <span class='ocrx_word' id='word_1_753' title='bbox 649 4994 783 5050; x_wconf 82' lang='lat' dir='ltr'><strong>Tota</strong></span> <span class='ocrx_word' id='word_1_754' title='bbox 812 4998 1033 5066; x_wconf 90' lang='lat' dir='ltr'><strong>pulchra</strong></span> <span class='ocrx_word' id='word_1_755' title='bbox 1059 5016 1140 5064; x_wconf 91' lang='lat' dir='ltr'><strong>es,</strong></span> <span class='ocrx_word' id='word_1_756' title='bbox 1172 5003 1343 5055; x_wconf 84' lang='lat' dir='ltr'><strong>amica</strong></span> <span class='ocrx_word' id='word_1_757' title='bbox 1377 5017 1514 5065; x_wconf 86' lang='lat' dir='ltr'><strong>mea,</strong></span> <span class='ocrx_word' id='word_1_758' title='bbox 1544 5010 1598 5055; x_wconf 91' lang='lat' dir='ltr'><strong>et</strong></span> <span class='ocrx_word' id='word_1_759' title='bbox 1629 5002 1838 5056; x_wconf 86' lang='lat' dir='ltr'><strong>macula</strong></span> <span class='ocrx_word' id='word_1_760' title='bbox 1872 5019 1977 5058; x_wconf 92' lang='lat' dir='ltr'><strong>non</strong></span> <span class='ocrx_word' id='word_1_761' title='bbox 1998 5011 2080 5056; x_wconf 88' lang='lat' dir='ltr'><strong>est</strong></span> <span class='ocrx_word' id='word_1_762' title='bbox 2102 5003 2156 5056; x_wconf 89' lang='lat' dir='ltr'><strong>in</strong></span> 
     </span>
    </p>
   </div>
   <div class='ocr_carea' id='block_1_91' title="bbox 590 5084 2158 5161">
    <p class='ocr_par' dir='ltr' id='par_1_91' title="bbox 590 5084 2158 5161">
     <span class='ocr_line' id='line_1_91' title="bbox 590 5084 2158 5161; baseline 0.005 -23"><span class='ocrx_word' id='word_1_763' title='bbox 590 5094 642 5139; x_wconf 92' lang='lat' dir='ltr'><strong>te</strong></span> <span class='ocrx_word' id='word_1_764' title='bbox 669 5084 841 5155; x_wconf 86' lang='lat' dir='ltr'><strong>(Cant.</strong></span> <span class='ocrx_word' id='word_1_765' title='bbox 873 5089 966 5161; x_wconf 84' lang='lat' dir='ltr'><strong>iv).</strong></span> <span class='ocrx_word' id='word_1_766' title='bbox 1002 5110 1019 5140; x_wconf 74' lang='grc' dir='ltr'><strong>ι</strong></span> <span class='ocrx_word' id='word_1_767' title='bbox 1058 5091 1121 5144; x_wconf 86' lang='lat' dir='ltr'><strong>Et</strong></span> <span class='ocrx_word' id='word_1_768' title='bbox 1151 5092 1278 5146; x_wconf 90' lang='lat' dir='ltr'><strong>item</strong></span> <span class='ocrx_word' id='word_1_769' title='bbox 1310 5111 1321 5144; x_wconf 93' lang='lat'>:</span> <span class='ocrx_word' id='word_1_770' title='bbox 1359 5110 1375 5137; x_wconf 73' lang='grc' dir='ltr'><strong>ι</strong></span> <span class='ocrx_word' id='word_1_771' title='bbox 1413 5089 1527 5145; x_wconf 89' lang='lat' dir='ltr'><strong>Una</strong></span> <span class='ocrx_word' id='word_1_772' title='bbox 1566 5106 1646 5155; x_wconf 92' lang='lat' dir='ltr'><strong>es,</strong></span> <span class='ocrx_word' id='word_1_773' title='bbox 1673 5093 1844 5148; x_wconf 87' lang='lat' dir='ltr'><strong>amica</strong></span> <span class='ocrx_word' id='word_1_774' title='bbox 1874 5109 2015 5159; x_wconf 90' lang='lat' dir='ltr'><strong>mea,</strong></span> <span class='ocrx_word' id='word_1_775' title='bbox 2045 5092 2158 5148; x_wconf 86' lang='lat' dir='ltr'><strong>for-</strong></span> 
     </span>
    </p>
   </div>
   <div class='ocr_carea' id='block_1_92' title="bbox 591 5184 2158 5257">
    <p class='ocr_par' dir='ltr' id='par_1_92' title="bbox 591 5184 2158 5257">
     <span class='ocr_line' id='line_1_92' title="bbox 591 5184 2158 5257; baseline 0.004 -25"><span class='ocrx_word' id='word_1_776' title='bbox 591 5196 738 5235; x_wconf 89' lang='lat' dir='ltr'><strong>mosa</strong></span> <span class='ocrx_word' id='word_1_777' title='bbox 768 5197 905 5249; x_wconf 87' lang='lat' dir='ltr'><strong>mea,</strong></span> <span class='ocrx_word' id='word_1_778' title='bbox 929 5185 1176 5238; x_wconf 60' lang='lat' dir='ltr'><strong>columba</strong></span> <span class='ocrx_word' id='word_1_779' title='bbox 1209 5198 1350 5248; x_wconf 90' lang='lat' dir='ltr'><strong>mea,</strong></span> <span class='ocrx_word' id='word_1_780' title='bbox 1383 5184 1722 5238; x_wconf 86' lang='lat' dir='ltr'><strong>immaculata</strong></span> <span class='ocrx_word' id='word_1_781' title='bbox 1752 5200 1869 5240; x_wconf 91' lang='lat' dir='ltr'><strong>mea</strong></span> <span class='ocrx_word' id='word_1_782' title='bbox 1912 5184 2086 5257; x_wconf 88' lang='lat' dir='ltr'><strong>(Cant.</strong></span> <span class='ocrx_word' id='word_1_783' title='bbox 2106 5201 2158 5252; x_wconf 90' lang='lat' dir='ltr'><strong>v,</strong></span> 
     </span>
    </p>
   </div>
   <div class='ocr_carea' id='block_1_93' title="bbox 593 5271 2163 5345">
    <p class='ocr_par' dir='ltr' id='par_1_93' title="bbox 593 5271 2163 5345">
     <span class='ocr_line' id='line_1_93' title="bbox 593 5271 2163 5345; baseline 0.003 -20"><span class='ocrx_word' id='word_1_784' title='bbox 593 5271 688 5343; x_wconf 84' lang='lat' dir='ltr'><strong>vi).</strong></span> <span class='ocrx_word' id='word_1_785' title='bbox 724 5292 742 5324; x_wconf 72' lang='grc' dir='ltr'><strong>ι</strong></span> <span class='ocrx_word' id='word_1_786' title='bbox 768 5274 1036 5340; x_wconf 75' lang='lat' dir='ltr'><strong>Quzeritur</strong></span> <span class='ocrx_word' id='word_1_787' title='bbox 1070 5286 1250 5328; x_wconf 90' lang='lat' dir='ltr'><strong>autem</strong></span> <span class='ocrx_word' id='word_1_788' title='bbox 1295 5289 1462 5345; x_wconf 89' lang='lat' dir='ltr'><strong>quare</strong></span> <span class='ocrx_word' id='word_1_789' title='bbox 1492 5274 1776 5330; x_wconf 68' lang='lat' dir='ltr'><strong>Matthzeus</strong></span> <span class='ocrx_word' id='word_1_790' title='bbox 1804 5275 1949 5331; x_wconf 90' lang='lat' dir='ltr'><strong>dicat</strong></span> <span class='ocrx_word' id='word_1_791' title='bbox 1976 5276 2163 5331; x_wconf 89' lang='lat' dir='ltr'><strong>Domi-</strong></span> 
     </span>
    </p>
   </div>
   <div class='ocr_carea' id='block_1_94' title="bbox 591 5365 2166 5431">
    <p class='ocr_par' dir='ltr' id='par_1_94' title="bbox 591 5365 2166 5431">
     <span class='ocr_line' id='line_1_94' title="bbox 591 5365 2166 5431; baseline 0.002 -14"><span class='ocrx_word' id='word_1_792' title='bbox 591 5379 718 5418; x_wconf 91' lang='lat' dir='ltr'><strong>num</strong></span> <span class='ocrx_word' id='word_1_793' title='bbox 742 5366 953 5418; x_wconf 88' lang='lat' dir='ltr'><strong>venisse</strong></span> <span class='ocrx_word' id='word_1_794' title='bbox 986 5367 1037 5418; x_wconf 91' lang='lat' dir='ltr'><strong>in</strong></span> <span class='ocrx_word' id='word_1_795' title='bbox 1075 5366 1347 5419; x_wconf 89' lang='lat' dir='ltr'><strong>civitatem</strong></span> <span class='ocrx_word' id='word_1_796' title='bbox 1394 5380 1543 5419; x_wconf 90' lang='lat' dir='ltr'><strong>suam</strong></span> <span class='ocrx_word' id='word_1_797' title='bbox 1571 5406 1585 5431; x_wconf 95' lang='lat'><strong>,</strong></span> <span class='ocrx_word' id='word_1_798' title='bbox 1630 5382 1752 5421; x_wconf 92' lang='lat' dir='ltr'><strong>cum</strong></span> <span class='ocrx_word' id='word_1_799' title='bbox 1804 5365 2014 5420; x_wconf 83' lang='lat' dir='ltr'><strong>Marcus</strong></span> <span class='ocrx_word' id='word_1_800' title='bbox 2065 5367 2166 5420; x_wconf 90' lang='lat' dir='ltr'><strong>hoc</strong></span> 
     </span>
    </p>
   </div>
   <div class='ocr_carea' id='block_1_95' title="bbox 589 5454 2166 5526">
    <p class='ocr_par' dir='ltr' id='par_1_95' title="bbox 589 5454 2166 5526">
     <span class='ocr_line' id='line_1_95' title="bbox 589 5454 2166 5526; baseline 0.002 -18"><span class='ocrx_word' id='word_1_801' title='bbox 589 5455 800 5525; x_wconf 90' lang='lat' dir='ltr'><strong>signum</strong></span> <span class='ocrx_word' id='word_1_802' title='bbox 841 5455 1086 5509; x_wconf 89' lang='lat' dir='ltr'><strong>sanitatis</strong></span> <span class='ocrx_word' id='word_1_803' title='bbox 1130 5470 1236 5509; x_wconf 91' lang='lat' dir='ltr'><strong>non</strong></span> <span class='ocrx_word' id='word_1_804' title='bbox 1283 5455 1334 5509; x_wconf 91' lang='lat' dir='ltr'><strong>in</strong></span> <span class='ocrx_word' id='word_1_805' title='bbox 1365 5454 1629 5510; x_wconf 83' lang='lat' dir='ltr'><strong>Nazareth</strong></span> <span class='ocrx_word' id='word_1_806' title='bbox 1675 5471 1792 5524; x_wconf 73' lang='lat' dir='ltr'><strong>qua:</strong></span> <span class='ocrx_word' id='word_1_807' title='bbox 1829 5457 1945 5526; x_wconf 85' lang='lat' dir='ltr'><strong>ejus</strong></span> <span class='ocrx_word' id='word_1_808' title='bbox 1975 5456 2166 5511; x_wconf 88' lang='lat' dir='ltr'><strong>civitas</strong></span> 
     </span>
    </p>
   </div>
   <div class='ocr_carea' id='block_1_96' title="bbox 2260 4557 3828 4628">
    <p class='ocr_par' dir='ltr' id='par_1_96' title="bbox 2260 4557 3828 4628">
     <span class='ocr_line' id='line_1_96' title="bbox 2260 4557 3828 4628; baseline -0.002 -15"><span class='ocrx_word' id='word_1_809' title='bbox 2260 4560 2456 4623; x_wconf 90' lang='lat' dir='ltr'><strong>omnis,</strong></span> <span class='ocrx_word' id='word_1_810' title='bbox 2502 4558 2594 4628; x_wconf 92' lang='lat' dir='ltr'><strong>qui</strong></span> <span class='ocrx_word' id='word_1_811' title='bbox 2642 4558 2849 4613; x_wconf 88' lang='lat' dir='ltr'><strong>alienas</strong></span> <span class='ocrx_word' id='word_1_812' title='bbox 2895 4559 3105 4612; x_wconf 89' lang='lat' dir='ltr'><strong>animas</strong></span> <span class='ocrx_word' id='word_1_813' title='bbox 3148 4558 3374 4627; x_wconf 81' lang='lat' dir='ltr'><strong>suscipit</strong></span> <span class='ocrx_word' id='word_1_814' title='bbox 3415 4557 3706 4626; x_wconf 83' lang='lat' dir='ltr'><strong>regendas,</strong></span> <span class='ocrx_word' id='word_1_815' title='bbox 3733 4569 3828 4610; x_wconf 80' lang='lat' dir='ltr'><strong>nan</strong></span> 
     </span>
    </p>
   </div>
   <div class='ocr_carea' id='block_1_97' title="bbox 2262 4650 3828 4714">
    <p class='ocr_par' dir='ltr' id='par_1_97' title="bbox 2262 4650 3828 4714">
     <span class='ocr_line' id='line_1_97' title="bbox 2262 4650 3828 4714; baseline -0.001 -8"><span class='ocrx_word' id='word_1_816' title='bbox 2262 4651 2492 4707; x_wconf 89' lang='lat' dir='ltr'><strong>terrenis</strong></span> <span class='ocrx_word' id='word_1_817' title='bbox 2521 4651 2802 4707; x_wconf 89' lang='lat' dir='ltr'><strong>desideriis</strong></span> <span class='ocrx_word' id='word_1_818' title='bbox 2828 4651 3093 4706; x_wconf 77' lang='lat' dir='ltr'><strong>inliterere</strong></span> <span class='ocrx_word' id='word_1_819' title='bbox 3114 4650 3292 4714; x_wconf 88' lang='lat' dir='ltr'><strong>debet,</strong></span> <span class='ocrx_word' id='word_1_820' title='bbox 3321 4650 3414 4705; x_wconf 89' lang='lat' dir='ltr'><strong>sed</strong></span> <span class='ocrx_word' id='word_1_821' title='bbox 3441 4650 3690 4705; x_wconf 73' lang='lat' dir='ltr'><strong>cmlestia</strong></span> <span class='ocrx_word' id='word_1_822' title='bbox 3717 4664 3828 4705; x_wconf 83' lang='lat' dir='ltr'><strong>con-</strong></span> 
     </span>
    </p>
   </div>
   <div class='ocr_carea' id='block_1_98' title="bbox 2261 4739 3828 4810">
    <p class='ocr_par' dir='ltr' id='par_1_98' title="bbox 2261 4739 3828 4810">
     <span class='ocr_line' id='line_1_98' title="bbox 2261 4739 3828 4810; baseline -0.003 -14"><span class='ocrx_word' id='word_1_823' title='bbox 2261 4742 2538 4810; x_wconf 86' lang='lat' dir='ltr'><strong>cupiscere</strong></span> <span class='ocrx_word' id='word_1_824' title='bbox 2560 4781 2575 4806; x_wconf 94' lang='lat'><strong>,</strong></span> <span class='ocrx_word' id='word_1_825' title='bbox 2609 4749 2754 4796; x_wconf 90' lang='lat' dir='ltr'><strong>recte</strong></span> <span class='ocrx_word' id='word_1_826' title='bbox 2793 4740 2845 4794; x_wconf 93' lang='lat' dir='ltr'><strong>hi</strong></span> <span class='ocrx_word' id='word_1_827' title='bbox 2873 4740 2964 4810; x_wconf 90' lang='lat' dir='ltr'><strong>qui</strong></span> <span class='ocrx_word' id='word_1_828' title='bbox 3001 4739 3356 4810; x_wconf 83' lang='lat' dir='ltr'><strong>paralyticum</strong></span> <span class='ocrx_word' id='word_1_829' title='bbox 3385 4739 3616 4793; x_wconf 92' lang='lat' dir='ltr'><strong>Domino</strong></span> <span class='ocrx_word' id='word_1_830' title='bbox 3651 4740 3720 4794; x_wconf 87' lang='lat' dir='ltr'><strong>ad</strong></span> <span class='ocrx_word' id='word_1_831' title='bbox 3746 4753 3828 4792; x_wconf 78' lang='lat' dir='ltr'><strong>ai-</strong></span> 
     </span>
    </p>
   </div>
   <div class='ocr_carea' id='block_1_99' title="bbox 2263 4829 3828 4899">
    <p class='ocr_par' dir='ltr' id='par_1_99' title="bbox 2263 4829 3828 4899">
     <span class='ocr_line' id='line_1_99' title="bbox 2263 4829 3828 4899; baseline -0.001 -15"><span class='ocrx_word' id='word_1_832' title='bbox 2263 4830 2486 4884; x_wconf 86' lang='lat' dir='ltr'><strong>randum</strong></span> <span class='ocrx_word' id='word_1_833' title='bbox 2534 4831 2864 4894; x_wconf 89' lang='lat' dir='ltr'><strong>obtulerunt,</strong></span> <span class='ocrx_word' id='word_1_834' title='bbox 2901 4829 3055 4898; x_wconf 82' lang='lat' dir='ltr'><strong>juxta</strong></span> <span class='ocrx_word' id='word_1_835' title='bbox 3100 4829 3262 4884; x_wconf 91' lang='lat' dir='ltr'><strong>alium</strong></span> <span class='ocrx_word' id='word_1_836' title='bbox 3293 4829 3828 4899; x_wconf 85' lang='lat' dir='ltr'><strong>evangelistam,non</strong></span> 
     </span>
    </p>
   </div>
   <div class='ocr_carea' id='block_1_100' title="bbox 2261 4917 3833 4988">
    <p class='ocr_par' dir='ltr' id='par_1_100' title="bbox 2261 4917 3833 4988">
     <span class='ocr_line' id='line_1_100' title="bbox 2261 4917 3833 4988; baseline -0.001 -14"><span class='ocrx_word' id='word_1_837' title='bbox 2261 4919 2590 4974; x_wconf 77' lang='lat' dir='ltr'><strong>invenientes</strong></span> <span class='ocrx_word' id='word_1_838' title='bbox 2612 4935 2718 4988; x_wconf 90' lang='lat' dir='ltr'><strong>qua</strong></span> <span class='ocrx_word' id='word_1_839' title='bbox 2738 4927 2890 4988; x_wconf 91' lang='lat' dir='ltr'><strong>parte</strong></span> <span class='ocrx_word' id='word_1_840' title='bbox 2905 4934 3028 4972; x_wconf 91' lang='lat' dir='ltr'><strong>eum</strong></span> <span class='ocrx_word' id='word_1_841' title='bbox 3046 4918 3311 4973; x_wconf 90' lang='lat' dir='ltr'><strong>inferrent</strong></span> <span class='ocrx_word' id='word_1_842' title='bbox 3330 4933 3441 4987; x_wconf 73' lang='lat' dir='ltr'><strong>pra:</strong></span> <span class='ocrx_word' id='word_1_843' title='bbox 3464 4917 3648 4980; x_wconf 88' lang='lat' dir='ltr'><strong>turba,</strong></span> <span class='ocrx_word' id='word_1_844' title='bbox 3664 4931 3833 4972; x_wconf 43' lang='lat' dir='ltr'><strong>ascen.</strong></span> 
     </span>
    </p>
   </div>
   <div class='ocr_carea' id='block_1_101' title="bbox 2261 5009 3831 5080">
    <p class='ocr_par' dir='ltr' id='par_1_101' title="bbox 2261 5009 3831 5080">
     <span class='ocr_line' id='line_1_101' title="bbox 2261 5009 3831 5080; baseline -0.004 -15"><span class='ocrx_word' id='word_1_845' title='bbox 2261 5011 2455 5065; x_wconf 88' lang='lat' dir='ltr'><strong>derunt</strong></span> <span class='ocrx_word' id='word_1_846' title='bbox 2492 5025 2653 5079; x_wconf 85' lang='lat' dir='ltr'><strong>supra</strong></span> <span class='ocrx_word' id='word_1_847' title='bbox 2696 5019 2899 5064; x_wconf 92' lang='lat' dir='ltr'><strong>tectum</strong></span> <span class='ocrx_word' id='word_1_848' title='bbox 2922 5049 2936 5072; x_wconf 99' lang='lat'><strong>,</strong></span> <span class='ocrx_word' id='word_1_849' title='bbox 2982 5018 3041 5062; x_wconf 92' lang='lat' dir='ltr'><strong>et-</strong></span> <span class='ocrx_word' id='word_1_850' title='bbox 3080 5024 3177 5078; x_wconf 90' lang='lat' dir='ltr'><strong>per</strong></span> <span class='ocrx_word' id='word_1_851' title='bbox 3231 5009 3436 5080; x_wconf 82' lang='lat' dir='ltr'><strong>tegulas</strong></span> <span class='ocrx_word' id='word_1_852' title='bbox 3475 5009 3831 5065; x_wconf 87' lang='lat' dir='ltr'><strong>submiserunt</strong></span> 
     </span>
    </p>
   </div>
   <div class='ocr_carea' id='block_1_102' title="bbox 2263 5097 3833 5158">
    <p class='ocr_par' dir='ltr' id='par_1_102' title="bbox 2263 5097 3833 5158">
     <span class='ocr_line' id='line_1_102' title="bbox 2263 5097 3833 5158; baseline 0.001 -7"><span class='ocrx_word' id='word_1_853' title='bbox 2263 5113 2385 5152; x_wconf 90' lang='lat' dir='ltr'><strong>cum</strong></span> <span class='ocrx_word' id='word_1_854' title='bbox 2427 5115 2549 5152; x_wconf 91' lang='lat' dir='ltr'><strong>eum</strong></span> <span class='ocrx_word' id='word_1_855' title='bbox 2578 5099 2718 5152; x_wconf 90' lang='lat' dir='ltr'><strong>lecto</strong></span> <span class='ocrx_word' id='word_1_856' title='bbox 2746 5099 2799 5152; x_wconf 92' lang='lat' dir='ltr'><strong>in</strong></span> <span class='ocrx_word' id='word_1_857' title='bbox 2827 5097 3060 5158; x_wconf 87' lang='lat' dir='ltr'><strong>medium</strong></span> <span class='ocrx_word' id='word_1_858' title='bbox 3093 5108 3217 5154; x_wconf 87' lang='lat' dir='ltr'><strong>ante</strong></span> <span class='ocrx_word' id='word_1_859' title='bbox 3243 5097 3444 5154; x_wconf 87' lang='lat' dir='ltr'><strong>Jesum.</strong></span> <span class='ocrx_word' id='word_1_860' title='bbox 3473 5097 3666 5156; x_wconf 87' lang='lat' dir='ltr'><strong>Omnis</strong></span> <span class='ocrx_word' id='word_1_861' title='bbox 3697 5114 3833 5153; x_wconf 83' lang='lat' dir='ltr'><strong>nam-</strong></span> 
     </span>
    </p>
   </div>
   <div class='ocr_carea' id='block_1_103' title="bbox 2265 5186 3836 5258">
    <p class='ocr_par' dir='ltr' id='par_1_103' title="bbox 2265 5186 3836 5258">
     <span class='ocr_line' id='line_1_103' title="bbox 2265 5186 3836 5258; baseline -0.001 -16"><span class='ocrx_word' id='word_1_862' title='bbox 2265 5203 2369 5258; x_wconf 91' lang='lat' dir='ltr'><strong>que</strong></span> <span class='ocrx_word' id='word_1_863' title='bbox 2416 5187 2594 5241; x_wconf 90' lang='lat' dir='ltr'><strong>anitna</strong></span> <span class='ocrx_word' id='word_1_864' title='bbox 2621 5201 2741 5256; x_wconf 72' lang='lat' dir='ltr'><strong>qua:</strong></span> <span class='ocrx_word' id='word_1_865' title='bbox 2776 5202 2806 5240; x_wconf 94' lang='lat' dir='ltr'><strong>a</strong></span> <span class='ocrx_word' id='word_1_866' title='bbox 2836 5186 3070 5256; x_wconf 87' lang='lat' dir='ltr'><strong>paralysi</strong></span> <span class='ocrx_word' id='word_1_867' title='bbox 3098 5202 3209 5242; x_wconf 66' lang='lat' dir='ltr'><strong>sute</strong></span> <span class='ocrx_word' id='word_1_868' title='bbox 3239 5187 3540 5256; x_wconf 87' lang='lat' dir='ltr'><strong>iniquitatis</strong></span> <span class='ocrx_word' id='word_1_869' title='bbox 3570 5188 3688 5242; x_wconf 91' lang='lat' dir='ltr'><strong>vult</strong></span> <span class='ocrx_word' id='word_1_870' title='bbox 3714 5187 3836 5241; x_wconf 81' lang='lat' dir='ltr'><strong>libe-</strong></span> 
     </span>
    </p>
   </div>
   <div class='ocr_carea' id='block_1_104' title="bbox 2270 5278 3837 5346">
    <p class='ocr_par' dir='ltr' id='par_1_104' title="bbox 2270 5278 3837 5346">
     <span class='ocr_line' id='line_1_104' title="bbox 2270 5278 3837 5346; baseline -0.001 -13"><span class='ocrx_word' id='word_1_871' title='bbox 2270 5279 2378 5334; x_wconf 86' lang='lat' dir='ltr'><strong>rari</strong></span> <span class='ocrx_word' id='word_1_872' title='bbox 2405 5319 2419 5346; x_wconf 90' lang='lat'><strong>,</strong></span> <span class='ocrx_word' id='word_1_873' title='bbox 2451 5293 2674 5333; x_wconf 88' lang='lat' dir='ltr'><strong>necesse</strong></span> <span class='ocrx_word' id='word_1_874' title='bbox 2713 5287 2798 5332; x_wconf 90' lang='lat' dir='ltr'><strong>est</strong></span> <span class='ocrx_word' id='word_1_875' title='bbox 2839 5287 2899 5332; x_wconf 94' lang='lat' dir='ltr'><strong>ut</strong></span> <span class='ocrx_word' id='word_1_876' title='bbox 2941 5279 3126 5332; x_wconf 88' lang='lat' dir='ltr'><strong>turbas</strong></span> <span class='ocrx_word' id='word_1_877' title='bbox 3155 5278 3455 5332; x_wconf 65' lang='lat' dir='ltr'><strong>daemonum</strong></span> <span class='ocrx_word' id='word_1_878' title='bbox 3495 5287 3553 5334; x_wconf 91' lang='lat' dir='ltr'><strong>et</strong></span> <span class='ocrx_word' id='word_1_879' title='bbox 3586 5278 3837 5334; x_wconf 86' lang='lat' dir='ltr'><strong>tumultus</strong></span> 
     </span>
    </p>
   </div>
   <div class='ocr_carea' id='block_1_105' title="bbox 2269 5367 3837 5441">
    <p class='ocr_par' dir='ltr' id='par_1_105' title="bbox 2269 5367 3837 5441">
     <span class='ocr_line' id='line_1_105' title="bbox 2269 5367 3837 5441; baseline 0.001 -19"><span class='ocrx_word' id='word_1_880' title='bbox 2269 5369 2520 5422; x_wconf 87' lang='lat' dir='ltr'><strong>vitiorum</strong></span> <span class='ocrx_word' id='word_1_881' title='bbox 2555 5367 2798 5435; x_wconf 87' lang='lat' dir='ltr'><strong>repellat,</strong></span> <span class='ocrx_word' id='word_1_882' title='bbox 2822 5377 2876 5422; x_wconf 89' lang='lat' dir='ltr'><strong>et</strong></span> <span class='ocrx_word' id='word_1_883' title='bbox 2897 5367 3143 5422; x_wconf 90' lang='lat' dir='ltr'><strong>sublimia</strong></span> <span class='ocrx_word' id='word_1_884' title='bbox 3159 5379 3394 5438; x_wconf 88' lang='lat' dir='ltr'><strong>appetat.</strong></span> <span class='ocrx_word' id='word_1_885' title='bbox 3413 5369 3640 5425; x_wconf 88' lang='lat' dir='ltr'><strong>Tectum</strong></span> <span class='ocrx_word' id='word_1_886' title='bbox 3655 5371 3837 5441; x_wconf 82' lang='lat' dir='ltr'><strong>quippe</strong></span> 
     </span>
    </p>
   </div>
   <div class='ocr_carea' id='block_1_106' title="bbox 2269 5460 3839 5529">
    <p class='ocr_par' dir='ltr' id='par_1_106' title="bbox 2269 5460 3839 5529">
     <span class='ocr_line' id='line_1_106' title="bbox 2269 5460 3839 5529; baseline 0.001 -16"><span class='ocrx_word' id='word_1_887' title='bbox 2269 5461 2528 5523; x_wconf 85' lang='lat' dir='ltr'><strong>ascendit,</strong></span> <span class='ocrx_word' id='word_1_888' title='bbox 2559 5460 2650 5528; x_wconf 94' lang='lat' dir='ltr'><strong>qui</strong></span> <span class='ocrx_word' id='word_1_889' title='bbox 2681 5469 2894 5515; x_wconf 89' lang='lat' dir='ltr'><strong>terrena</strong></span> <span class='ocrx_word' id='word_1_890' title='bbox 2935 5469 3286 5516; x_wconf 86' lang='lat' dir='ltr'><strong>contemnens</strong></span> <span class='ocrx_word' id='word_1_891' title='bbox 3323 5461 3564 5516; x_wconf 71' lang='lat' dir='ltr'><strong>caelestia</strong></span> <span class='ocrx_word' id='word_1_892' title='bbox 3596 5462 3839 5529; x_wconf 80' lang='lat' dir='ltr'><strong>concupi-</strong></span> 
     </span>
    </p>
   </div>
   <div class='ocr_carea' id='block_1_107' title="bbox 592 5545 3841 5622">
    <p class='ocr_par' dir='ltr' id='par_1_107' title="bbox 592 5545 3841 5622">
     <span class='ocr_line' id='line_1_107' title="bbox 592 5545 3841 5622; baseline 0.003 -24"><span class='ocrx_word' id='word_1_893' title='bbox 592 5545 733 5600; x_wconf 88' lang='lat' dir='ltr'><strong>dicta</strong></span> <span class='ocrx_word' id='word_1_894' title='bbox 761 5546 973 5608; x_wconf 84' lang='lat' dir='ltr'><strong>est,sed</strong></span> <span class='ocrx_word' id='word_1_895' title='bbox 1006 5546 1058 5598; x_wconf 92' lang='lat' dir='ltr'><strong>in</strong></span> <span class='ocrx_word' id='word_1_896' title='bbox 1081 5547 1454 5615; x_wconf 66' lang='lat' dir='ltr'><strong>tiapharnaum</strong></span> <span class='ocrx_word' id='word_1_897' title='bbox 1489 5545 1649 5600; x_wconf 87' lang='lat' dir='ltr'><strong>fuisse</strong></span> <span class='ocrx_word' id='word_1_898' title='bbox 1677 5548 1998 5601; x_wconf 80' lang='lat' dir='ltr'><strong>rcl‘crat?Atl</strong></span> <span class='ocrx_word' id='word_1_899' title='bbox 2021 5547 2164 5616; x_wconf 87' lang='lat' dir='ltr'><strong>quod</strong></span> <span class='ocrx_word' id='word_1_900' title='bbox 2205 5561 2232 5574; x_wconf 64' lang='grc' dir='ltr'><strong><em>ί</em></strong></span> <span class='ocrx_word' id='word_1_901' title='bbox 2269 5552 2388 5606; x_wconf 87' lang='lat' dir='ltr'><strong>scit.</strong></span> <span class='ocrx_word' id='word_1_902' title='bbox 2415 5551 2516 5606; x_wconf 89' lang='lat' dir='ltr'><strong>Per</strong></span> <span class='ocrx_word' id='word_1_903' title='bbox 2543 5549 2749 5620; x_wconf 79' lang='lat' dir='ltr'><strong>tegulas</strong></span> <span class='ocrx_word' id='word_1_904' title='bbox 2774 5559 2953 5606; x_wconf 90' lang='lat' dir='ltr'><strong>autem</strong></span> <span class='ocrx_word' id='word_1_905' title='bbox 2982 5552 3256 5606; x_wconf 89' lang='lat' dir='ltr'><strong>inﬁrmum</strong></span> <span class='ocrx_word' id='word_1_906' title='bbox 3290 5561 3413 5607; x_wconf 89' lang='lat' dir='ltr'><strong>ante</strong></span> <span class='ocrx_word' id='word_1_907' title='bbox 3438 5553 3732 5608; x_wconf 87' lang='lat' dir='ltr'><strong>Dominum</strong></span> <span class='ocrx_word' id='word_1_908' title='bbox 3759 5566 3841 5622; x_wconf 89' lang='lat' dir='ltr'><strong>po-</strong></span> 
     </span>
    </p>
   </div>
   <div class='ocr_carea' id='block_1_108' title="bbox 594 5636 2163 5707">
    <p class='ocr_par' dir='ltr' id='par_1_108' title="bbox 594 5636 2163 5707">
     <span class='ocr_line' id='line_1_108' title="bbox 594 5636 2163 5707; baseline 0.001 -18"><span class='ocrx_word' id='word_1_909' title='bbox 594 5637 769 5690; x_wconf 88' lang='lat' dir='ltr'><strong>brevis</strong></span> <span class='ocrx_word' id='word_1_910' title='bbox 789 5646 843 5690; x_wconf 90' lang='lat' dir='ltr'><strong>et</strong></span> <span class='ocrx_word' id='word_1_911' title='bbox 867 5636 1038 5690; x_wconf 85' lang='lat' dir='ltr'><strong>facilis</strong></span> <span class='ocrx_word' id='word_1_912' title='bbox 1061 5646 1202 5706; x_wconf 89' lang='lat' dir='ltr'><strong>patet</strong></span> <span class='ocrx_word' id='word_1_913' title='bbox 1230 5637 1534 5707; x_wconf 89' lang='lat' dir='ltr'><strong>responsio:</strong></span> <span class='ocrx_word' id='word_1_914' title='bbox 1569 5637 1693 5707; x_wconf 88' lang='lat' dir='ltr'><strong>quia</strong></span> <span class='ocrx_word' id='word_1_915' title='bbox 1717 5638 1960 5693; x_wconf 82' lang='lat' dir='ltr'><strong>videlicet</strong></span> <span class='ocrx_word' id='word_1_916' title='bbox 1992 5637 2163 5691; x_wconf 83' lang='lat' dir='ltr'><strong>Naza-</strong></span> 
     </span>
    </p>
   </div>
   <div class='ocr_carea' id='block_1_109' title="bbox 2269 5644 3844 5717">
    <p class='ocr_par' dir='ltr' id='par_1_109' title="bbox 2269 5644 3844 5717">
     <span class='ocr_line' id='line_1_109' title="bbox 2269 5644 3844 5717; baseline 0.003 -21"><span class='ocrx_word' id='word_1_917' title='bbox 2269 5644 2379 5708; x_wconf 87' lang='lat' dir='ltr'><strong>nit,</strong></span> <span class='ocrx_word' id='word_1_918' title='bbox 2433 5659 2553 5700; x_wconf 92' lang='lat' dir='ltr'><strong>cum</strong></span> <span class='ocrx_word' id='word_1_919' title='bbox 2603 5645 2849 5702; x_wconf 71' lang='lat' dir='ltr'><strong>humana:</strong></span> <span class='ocrx_word' id='word_1_920' title='bbox 2893 5645 3200 5717; x_wconf 84' lang='lat' dir='ltr'><strong>fragilitatis</strong></span> <span class='ocrx_word' id='word_1_921' title='bbox 3246 5662 3483 5715; x_wconf 87' lang='lat' dir='ltr'><strong>memor,</strong></span> <span class='ocrx_word' id='word_1_922' title='bbox 3533 5649 3612 5705; x_wconf 90' lang='lat' dir='ltr'><strong>sic</strong></span> <span class='ocrx_word' id='word_1_923' title='bbox 3660 5657 3844 5706; x_wconf 82' lang='lat' dir='ltr'><strong>contra</strong></span> 
     </span>
    </p>
   </div>
  </div>
