4002 6348
167 338 271 393 715

1378 319 1681 379 ΙΙΟΜΙΙᾸᾸΞ
1725 319 1811 375 DE
1852 318 2197 376 TEMPORE.

3306 314 3409 372 7M

162 457 448 522 peccantes
490 448 767 511 irascitur,
816 453 872 499 ut
917 444 1304 515 paenitentibus
1349 440 1725 510 compatiatnr.
1759 443 1805 500 Α
1828 439 2027 509 justus,
2075 452 2238 506 quam
2286 435 2439 491 fortis
2467 434 2538 490 sit
2567 434 2861 489 videamus.
2892 430 3025 486 Cum
3057 433 3198 522 enim
3238 446 3411 522 senex

167 544 260 599 Vel
286 551 432 598 certe
475 542 552 607 hi,
592 541 682 609 qui
718 538 1068 611 paralyticum
1099 537 1323 593 Domino
1347 535 1415 589 ad
1437 533 1733 590 curandum

165 634 497 698 obtulerunt,
524 640 671 688 recte
712 638 942 700 quatuor
972 628 1136 687 fuisse
1161 636 1559 683 memorantur:
1608 625 1733 694 quia

165 734 398 796 quatuor
431 731 555 779 sunt
574 721 895 793 principales
919 721 1163 783 virtutes,
1192 720 1256 773 de
1280 719 1474 788 quibus
1498 717 1552 772 in
1575 727 1737 772 {eter-

165 831 250 871 nae
276 815 553 886 sapientia:
580 814 734 869 laude
757 814 992 879 canitur,
1024 813 1292 868 sobrietas
1330 820 1385 866 ct
1427 810 1691 880 sapientia
1719 836 1761 875 ,λ

159 906 369 976 justitia
412 914 468 963 et
509 907 682 962 virtus
713 925 726 960 :
766 921 900 976 quas
930 892 1168 961 nonnulli
1196 904 1366 959 versis
1392 902 1698 957 nominibus
1719 942 1734 965 ,

164 996 528 1067 prudentiam,
552 995 985 1067 temperantiam,
1004 993 1371 1051 fortitudinem
1396 1000 1453 1047 et
1471 988 1745 1059 justitiam

164 1088 452 1160 appellant,
485 1089 702 1158 quibus,
729 1094 790 1143 ut
821 1087 897 1142 ait
923 1086 1200 1157 Scriptura
1224 1126 1240 1151 ,
1282 1084 1414 1140 nihil
1441 1092 1525 1139 est
1556 1083 1739 1139 utilius

164 1181 220 1234 in
248 1180 358 1235 vita
392 1180 646 1236 hominis.
676 1178 989 1234 Prudentia
1017 1179 1160 1233 enim
1208 1186 1290 1232 est
1342 1177 1510 1231 Deum
1543 1182 1740 1247 cogno-

163 1285 321 1326 scere
341 1278 396 1325 et
420 1268 540 1338 ejus
568 1268 897 1325 voluntatem
944 1268 1258 1339 intelligere.
1295 1267 1424 1348 Qua;
1458 1282 1619 1338 quam
1645 1282 1764 1322 ne-.

163 1360 402 1415 cessaria
432 1367 487 1414 et
509 1358 655 1415 utilis
676 1359 748 1414 sit
771 1359 962 1422 virtus,
991 1358 1252 1415 Dominus
1277 1357 1588 1413 manifestat
1617 1372 1740 1413 cum

160 1449 443 1521 discipulis
476 1450 591 1505 ait:
624 1468 646 1501 ι
680 1449 863 1509 Esmte
881 1450 1169 1520 prudentes
1194 1449 1334 1505 sicut
1361 1457 1658 1518 serpentes.
1687 1458 1743 1502 et

159 1542 439 1613 simplices
472 1543 612 1598 sicut
638 1541 900 1599 columba:
926 1540 1141 1614 (Matth.
1168 1540 1245 1611 ιι).
1287 1561 1304 1591 ι
1330 1540 1512 1608 Qualis
1534 1547 1618 1594 est
1640 1539 1741 1595 ista

158 1632 470 1700 prudentia,
511 1634 558 1687 si
603 1631 862 1688 fortitudo
890 1632 1067 1687 desit?
1097 1630 1251 1686 Scire
1283 1631 1428 1687 enim
1461 1631 1658 1686 bonum
1688 1637 1743 1686 et

159 1737 271 1777 non
302 1737 460 1792 posse
488 1724 665 1779 facere
688 1764 703 1790 ,
732 1723 904 1795 magis
931 1737 1091 1794 poena
1114 1732 1198 1779 est
1224 1738 1386 1793 quam
1412 1722 1602 1778 virtus.
1633 1721 1765 1779 Ad—.

1837 545 1902 584 ex
1929 530 2119 584 dilecta
2147 527 2370 597 conjuge
2393 527 2609 581 unicum
2633 524 2799 579 tilium
2821 538 2917 593 per
2940 521 3413 592 repromissionem

1837 620 2155 690 accepisset,
2181 618 2385 674 audivit
2406 632 2435 671 a
2463 617 2689 672 Domino
2715 606 2869 686 (Gen.
2901 613 3074 686 xm):
3106 631 3132 683 γι
3164 614 3314 670 Tolle
3349 614 3414 669 fi-

1838 713 1967 781 lium
1996 722 2145 767 tuum
2170 725 2331 781 quem
2363 708 2540 780 diligis
2573 708 2745 774 Isaac,
2788 717 2845 763 et
2889 707 3084 773 offeres
3126 721 3249 763 eum
3280 707 3415 763 mihi

1837 805 1890 859 in
1928 804 2299 860 holocaustum
2327 817 2490 871 super
2530 817 2693 856 unum
2746 800 3004 856 montium
3052 814 3213 870 quem
3258 813 3417 855 mon-

1837 909 2083 955 stravere
2112 896 2227 951 tibi.
2259 895 2329 950 At
2352 893 2443 965 ille
2493 894 2559 949 de
2608 902 2765 949 nocte
2815 907 3166 971 consurgens,
3219 891 3425 972 stravit

1839 991 2051 1046 asinum
2072 1004 2253 1054 suum,
2275 996 2379 1043 etc.
2405 1006 2424 1039 ι
2449 986 2516 1042 Et
2540 986 2769 1040 iterum:
2801 1002 2818 1034 ι
2839 982 3078 1053 Cumque
3099 983 3184 1038 die
3226 983 3410 1048 tertio,

1838 1081 2060 1136 elevatis
2086 1077 2275 1143 oculis,
2320 1077 2543 1132 vidisset
2588 1076 2763 1130 locum
2794 1072 3011 1143 procul,
3057 1072 3195 1128 dixit
3234 1073 3421 1144 pueris

1840 1173 1952 1229 suis
1983 1189 1995 1227 :
2024 1170 2345 1239 Exspectate
2389 1168 2479 1223 hic
2505 1181 2627 1221 cum
2656 1163 2833 1230 asino,
2880 1177 2981 1233 ego
3022 1171 3077 1217 et
3120 1178 3252 1233 puer
3292 1163 3421 1218 illuc

1841 1276 2010 1332 usque
2033 1268 2407 1332 properantes,
2450 1267 2738 1328 postquam
2784 1255 3210 1323 adoraverimus,
3240 1271 3424 1315 rever-

1844 1364 2018 1409 temur
2045 1352 2110 1406 ad
2131 1366 2246 1409 vos.
2275 1369 2293 1403 ι
2323 1350 2567 1420 Cumque
2593 1351 2660 1405 ad
2684 1349 2860 1404 locum
2885 1348 3225 1417 perveniens,
3248 1350 3423 1417 altare

1841 1443 2179 1509 aedificasset,
2208 1451 2265 1498 et
2282 1441 2588 1514 colligatum
2607 1440 2832 1512 puerum
2849 1455 3010 1510 super
3027 1451 3227 1496 struem
3251 1442 3423 1513 ligno-

1844 1551 1963 1594 rum
1993 1536 2359 1606 imposuisset,
2389 1550 2495 1590 non
2524 1550 2748 1605 parvum
2773 1534 3015 1603 dolorem
3032 1543 3088 1589 et
3115 1537 3421 1603 angustiam

1845 1628 1899 1682 in
1926 1628 2090 1683 corde
2119 1626 2442 1682 sustinuisse
2474 1625 2774 1682 credendus
2799 1632 2903 1692 est,
2933 1641 3039 1681 non
3072 1634 3281 1682 tantum
3320 1643 3425 1698 pro

1844 1726 2019 1774 morte
2046 1717 2228 1773 dilecti
2265 1717 2382 1783 lilii,
2411 1715 2505 1772 sed
2536 1703 2723 1784 ,etiam
2774 1718 2969 1775 timens
3013 1725 3069 1772 et
3117 1732 3313 1774 verens
3355 1734 3428 1775 ne

157 1814 322 1869 datur
346 1830 473 1886 ergo
508 1815 573 1870 ad
595 1816 933 1886 prudentiam
962 1815 1243 1880 fortitudo,
1285 1823 1346 1869 nt
1371 1816 1569 1871 bonum
1596 1815 1738 1891 quod
1770 1799 1976 1883 Bpuer
2000 1816 2197 1863 tenerae
2224 1807 2399 1862 aetatis
2425 1822 2544 1862 cum
2576 1806 2761 1862 dolore
2787 1808 2978 1863 mortis
3015 1806 3206 1863 saltem
3230 1816 3425 1864 contra

156 1922 262 1976 per
280 1909 617 1979 prudentiam
644 1909 1008 1980 cognoscitur,
1039 1923 1136 1979 per
1164 1908 1342 1963 meriti
1372 1906 1740 1962 fortitudinem

156 1997 565 2071 infatigabiliter
595 2010 867 2067 teneatur,
903 2000 1183 2070 Scriptura
1221 1999 1436 2055 dicente
1463 2014 1484 2053 :
1513 2019 1531 2050 ι
1563 1997 1744 2053 Virili-

158 2097 247 2142 ter
272 2090 438 2159 agite,
465 2099 521 2146 et
548 2090 885 2146 confortetur
906 2106 1001 2145 cor
1031 2098 1270 2146 vestrum
1301 2104 1492 2144 onmes
1514 2090 1607 2159 qui
1628 2103 1743 2159 spe-

157 2177 300 2233 ratis
338 2179 404 2238 in
431 2180 660 2236 Domino
690 2178 864 2251 (l’sal.
893 2179 1047 2249 xxx).
1090 2198 1110 2231 ι
1142 2178 1312 2234 Porro
1335 2177 1594 2233 fortitudo
1617 2188 1745 2235 tunc

154 2266 451 2324 laudabilis
499 2271 624 2335 erit,
673 2271 718 2325 si
764 2271 908 2341 justa
957 2269 1118 2325 fuerit
1161 2287 1174 2323 :
1225 2269 1478 2339 quoniam
1536 2268 1746 2326 fortiter

155 2372 354 2428 agere,
373 2368 437 2414 et
451 2374 559 2415 non
582 2360 747 2431 juste,
778 2375 885 2415 non
907 2360 1080 2416 virtus
1104 2368 1206 2426 est,
1239 2361 1331 2415 sed
1350 2360 1570 2415 vitium:
1593 2359 1745 2415 multi

152 2447 312 2502 enim
338 2447 554 2505 fortiter
587 2459 752 2521 agunt
789 2450 843 2505 in
882 2451 1082 2521 puellis
1105 2492 1123 2517 ,
1162 2450 1215 2504 in
1254 2451 1661 2517 luctaminibus,
1690 2451 1767 2509 in.

154 2540 424 2596 oneribus
447 2544 757 2611 portandis,
788 2545 883 2599 sed
907 2545 1032 2614 quia
1066 2560 1172 2600 non
1195 2542 1341 2621 juste
1370 2544 1589 2607 faciunt,
1626 2545 1747 2602 talis

157 2628 425 2689 fortitudo
455 2650 561 2690 non
599 2636 816 2700 virtuti,
852 2637 945 2693 sed
984 2638 1118 2694 vitio
1152 2638 1457 2709 deputatur.
1506 2639 1747 2694 Addatur

160 2728 346 2775 autem
379 2723 447 2777 ad
479 2722 845 2781 fortitudinem
870 2727 1078 2798 justitia
1105 2767 1122 2793 ,
1151 2738 1209 2782 ut
1259 2731 1401 2797 quod
1446 2729 1648 2799 justum
1695 2738 1750 2784 et

162 2821 375 2867 rectum
399 2825 502 2881 est,
535 2824 591 2871 et
627 2832 793 2887 opere
815 2828 1077 2883 servetur,
1106 2828 1160 2875 et
1185 2821 1443 2875 memoria
1478 2830 1744 2886 teneatur,

165 2900 451 2974 Scriptura
478 2917 772 2963 monente:
811 2928 829 2959 ι
876 2908 1089 2979 Diligite
1110 2907 1396 2978 justitiam,
1428 2909 1518 2979 qui
1537 2908 1748 2978 judica-

167 2997 236 3053 tis
265 3006 464 3054 terram
500 2999 649 3073 (Sap.
674 3002 746 3075 λι).
780 3023 799 3055 ι
819 3002 971 3058 Tunc
1001 3003 1145 3059 enim
1165 3005 1374 3074 justitia
1392 3005 1500 3062 Deo
1527 3015 1748 3076 accepta

165 3093 224 3142 et
254 3087 427 3144 dulcis
479 3090 587 3145 erit
626 3092 953 3159 hominibus,
984 3093 1031 3148 si
1073 3094 1303 3149 discreta
1351 3103 1406 3150 et
1451 3104 1747 3166 temperata

1844 1901 2012 1954 Deum
2043 1900 2096 1954 in
2124 1900 2288 1955 corde
2317 1908 2714 1966 murmuraret;
2775 1901 2870 1955 sed
2896 1914 3150 1971 magnum
3180 1901 3427 1958 dolorem

1846 1990 2016 2069 major
2046 1991 2304 2047 fortitudo
2332 1991 2600 2048 vincebat.
2634 1992 2740 2047 Sed
2767 1992 2867 2048 iste
2894 2001 3004 2047 tam
3026 1992 3280 2063 prudens,
3312 2002 3425 2051 tam

1841 2084 2038 2154 justus,
2072 2093 2182 2140 tam
2212 2083 2385 2151 fortis,
2416 2101 2577 2162 quam
2608 2085 2890 2160 discretus~
2912 2095 2968 2142 et
2996 2094 3328 2157 temperatus
3353 2087 3425 2145 sit

1847 2176 2194 2246 aspiciamus.
2234 2177 2368 2233 Cum
2393 2179 2539 2254 enim
2576 2177 2803 2250 jamjam
2832 2180 3204 2237 immolaturus
3231 2180 3422 2247 ﬁlium,

1845 2268 2082 2338 gladium
2116 2270 2458 2340 evaginatum
2505 2272 2558 2325 in
2593 2272 2843 2327 manibus
2882 2281 3108 2340 teneret,
3142 2274 3350 2330 audivit
3392 2290 3427 2330 a

1849 2358 2073 2413 Domino
2107 2377 2119 2412 :
2156 2382 2173 2410 ι
2221 2358 2297 2415 Ne
2331 2361 2590 2416 extendas
2637 2377 2853 2416 manum
2892 2371 3038 2417 tuam
3075 2380 3255 2435 super
3287 2379 3423 2435 pue—

1851 2463 1986 2513 rum,
2019 2464 2194 2520 neque
2215 2448 2384 2507 facias
2414 2450 2486 2506 illi
2516 2452 2829 2522 quidquam.
2865 2473 2883 2505 ι
2917 2454 2989 2508 At
3026 2454 3113 2509 ille
3158 2455 3429 2512 discretus

1847 2547 1903 2593 et
1950 2546 2299 2609 temperatus,
2343 2541 2483 2597 sicut
2525 2541 2627 2596 fuit
2665 2542 2821 2597 fortis
2859 2544 2913 2597 in
2954 2543 3302 2612 immolando,
3344 2544 3429 2601 sic

1850 2627 2024 2685 factus
2050 2639 2132 2685 est
2161 2637 2491 2702 temperatus
2533 2631 2586 2687 in
2622 2634 2990 2703 relinquendo.
3044 2633 3197 2691 Unde
3243 2636 3447 2692 divina

1850 2733 1983 2775 voce
2006 2719 2203 2773 meruit
2222 2719 2515 2787 consolari,
2537 2738 2660 2777 cum
2680 2723 2926 2793 protinus
2948 2722 3153 2779 audivit
3181 2740 3195 2780 :
3223 2744 3243 2777 ι
3275 2723 3430 2780 Nunc

1849 2810 2074 2880 cognovi
2106 2812 2251 2880 quod
2279 2813 2469 2867 timeas
2499 2813 2692 2879 Deum,
2724 2828 2789 2869 eo
2816 2815 2959 2883 quod
2990 2830 3094 2870 non
3119 2817 3431 2886 peperceris

1850 2899 1963 2953 filio
1984 2908 2075 2955 tuo
2097 2900 2373 2972 unigenito
2385 2911 2608 2973 propter
2627 2917 2731 2958 me.
2756 2899 3086 2962 BenediCens
3112 2907 3429 2964 benedicam

1851 2992 1968 3056 tibi,
1997 3000 2052 3046 et
2078 2992 2446 3063 multiplicabo
2485 3009 2671 3050 semen
2719 3004 2870 3050 tuum
2903 2998 3058 3057 sicut
3085 2998 3268 3055 stellas
3304 3001 3430 3057 coeli

1853 3080 2006 3152 (Ceu.
2022 3084 2179 3155 xxn).
2195 3103 2214 3136 ›
2233 3083 2358 3140 Haec
2369 3086 2433 3141 de
2445 3086 2698 3156 operibus
2709 3088 2941 3144 Abrahae
2954 3091 3433 3149 breviterconnne.

170 3177 354 3247 fuerit,
373 3180 504 3250 quia
520 3182 662 3239 bona
683 3183 873 3248 virtus,
893 3200 1013 3254 qua:
1041 3186 1157 3240 sine
1178 3188 1531 3257 temperantia
1553 3162 1750 3258 agitur,

1858 3190 2073 3230 morare
2089 3176 2264 3242 libuit,
2286 3187 2345 3230 ut
2378 3177 2740 3249 intelligamus
2761 3188 2925 3237 etnos
2946 3185 3047 3239 has
3066 3194 3301 3253 quatuor
3323 3188 3435 3243 vir-

169 3266 485 3340 frequenter
507 3272 563 3328 in
584 3273 775 3329 vitium
802 3276 1050 3331 vertitur.
1073 3275 1224 3332 Unde
1254 3277 1535 3347 Scriptura
1570 3279 1756 3352 admof

176 3367 268 3414 net
310 3379 323 3415 :
361 3380 381 3414 ι
414 3361 497 3419 Ne
530 3364 611 3421 sis
652 3365 883 3434 multum
928 3366 1107 3437 justus
1132 3374 1153 3433 ,'
1193 3383 1367 3438 neque
1417 3368 1538 3439 plus
1580 3370 1756 3440 sapias

172 3467 333 3524 quam
383 3465 607 3515 necesse
660 3468 765 3524 est,
825 3475 895 3515 ne
933 3459 1284 3532 obstupescas
1332 3459 1529 3532 (Eccle.
1579 3462 1697 3533 vn).
1731 3482 1748 3514 ι

170 3541 414 3601 Addatur
470 3562 601 3620 ergo
665 3551 735 3606 ad
791 3548 1059 3618 justitiam
1111 3553 1466 3623 temperantia
1496 3594 1512 3621 ,
1575 3554 1628 3609 id
1675 3565 1758 3611 est

170 3636 457 3705 discretio,
502 3656 644 3711 quae,
700 3650 759 3697 ut
812 3643 891 3697 ait
942 3642 1241 3716 Scriptura,
1295 3654 1468 3702 mater
1515 3655 1599 3703 est
1645 3663 1757 3704 om-

168 3728 322 3783 nium
370 3730 669 3799 virtutum,
723 3742 784 3789 ut
833 3734 887 3789 in
936 3736 1053 3806 ipso
1118 3732 1476 3808 bono‘opere
1526 3755 1634 3795 non
1685 3740 1757 3796 sit

168 3819 370 3892 aliquis
397 3822 595 3879 nimius
633 3824 717 3880 vel
751 3825 1052 3896 superfluus
1071 3869 1085 3894 ,
1116 3828 1211 3884 sed
1259 3829 1521 3899 discretus
1548 3839 1605 3886 et
1626 3837 1756 3887 tem-

165 3920 393 3980 paratus
430 3932 444 3967 :
484 3914 608 3984 quia
655 3914 967 3986 frequenter
1011 3919 1203 3984 virtus,
1246 3935 1368 3990 quae
1410 3921 1531 3977 sine
1569 3921 1756 3978 obser-

166 4001 386 4057 vatione
431 4004 626 4073 agitur,
681 4006 734 4059 in
783 4006 972 4063 vitium
1018 4009 1366 4065 convertitur.
1412 4010 1479 4065 Et
1508 4012 1631 4082 quia
1659 4012 1755 4068 has

167 4099 407 4159 quatuor
431 4094 660 4148 virtutes
687 4094 887 4151 habere
913 4098 1088 4163 debet,
1122 4100 1214 4169 qui
1253 4115 1407 4155 suam
1442 4116 1505 4157 ac
1532 4101 1753 4158 alterius

168 4180 411 4236 animam
444 4181 555 4239 Deo
591 4182 784 4239 oﬂ'erre
818 4184 952 4253 vult,
987 4196 1134 4244 recte
1171 4189 1251 4256 hi,
1282 4190 1372 4259 qui
1403 4191 1752 4262 paralyticum

168 4270 403 4327 Domino
452 4274 520 4329 ad
567 4276 867 4331 sanandum
914 4278 1255 4346 obtulerunt,
1308 4290 1557 4351 quatuor-
1588 4282 1755 4338 fuisse

169 4371 485 4417 narrantur.
526 4362 632 4420 Sed
681 4381 750 4421 ne
794 4367 1044 4438 cuiquam
1095 4369 1425 4439 impossibile
1474 4372 1751 4437 videatur,

168 4470 339 4511 unum
388 4459 740 4527 eamdemque
790 4459 1062 4515 hominem
1101 4460 1200 4517 has
1246 4469 1476 4530 quatuor
1527 4463 1754 4520 virtutes

168 4546 333 4601 simul
364 4548 565 4605 habere
591 4565 768 4619 posse,
800 4565 868 4604 ex
897 4550 1080 4606 multis
1103 4551 1195 4621 qui
1221 4567 1315 4607 eas
1338 4562 1393 4608 et
1432 4569 1596 4625 opere
1644 4571 1759 4611 ser-

166 4646 456 4703 vaverunt,
506 4647 563 4694 et
602 4654 852 4695 sermone
890 4640 1186 4696 docuerunt
1219 4659 1384 4701 unum
1418 4646 1472 4700 in
1523 4646 1756 4702 medium

97 4716 103 4727 ’
170 4730 307 4787 libet
336 4733 625 4801 deducere,
654 4735 908 4791 videlicet
936 4745 1179 4792 sanctum
1209 4739 1482 4795 Abraham
1526 4743 1758 4812 patriar-

168 4826 354 4880 cham.
388 4825 505 4897 Ipse
529 4843 660 4893 vero
702 4830 1041 4900 prudentiam
1081 4832 1302 4901 habuit,
1334 4838 1423 4905 qui
1469 4838 1680 4893 caeLeris
1724 4854 1755 4892 a

170 4919 389 4974 cultura
439 4919 536 4976 Dei
581 4922 979 4990 aberrantibus,
1030 4935 1328 4981 creatorem
1378 4943 1533 4983 sumn
1586 4930 1753 4984 Deum

170 5009 407 5064 credidit
436 5019 494 5066 et
518 5014 806 5082 cognovit:
849 5016 972 5083 quia
1023 5015 1164 5071 sicut
1210 5017 1469 5087 insipiens
1515 5028 1619 5085 est,
1663 5021 1754 5090 qui

171 5101 309 5157 dicit
339 5104 390 5158 in
420 5106 583 5161 corde
602 5121 739 5162 suo:
771 5126 789 5158 ι
824 5106 937 5162 Νοιι
959 5118 1041 5164 est
1062 5109 1205 5166 Deus
1234 5108 1405 5181 (Psal.
1434 5113 1552 5178 xm)
1585 5131 1598 5167 :
1639 5133 1658 5167 ι
1678 5115 1755 5169 sic

172 5194 413 5265 prudens
446 5197 537 5266 qui
565 5201 838 5269 cognoscit
870 5198 1054 5255 Deum.
1083 5202 1299 5258 Addidit
1328 5213 1506 5259 autem
1536 5206 1601 5259 ad
1632 5221 1757 5275 pru-

172 5285 416 5340 dentiam
460 5287 761 5357 justitiam,
816 5292 1031 5359 quando
1062 5292 1203 5348 illius
1239 5296 1550 5365 praeceptis,
1598 5311 1754 5366 quem

174 5375 351 5431 Deum
379 5381 679 5449 cognovit,
705 5382 908 5451 absque
952 5384 1056 5437 ulla
1090 5401 1238 5440 mora
1281 5387 1539 5450 obedivit,
1570 5388 1757 5444 exiens

174 5469 244 5524 de
258 5476 404 5548 terra
433 5486 553 5537 sua,
582 5472 637 5525 et
661 5472 728 5527 de
759 5474 1096 5543 cognatione,
1115 5486 1169 5529 et
1197 5476 1264 5531 de
1286 5478 1443 5532 domo
1464 5479 1632 5548 patris
1652 5480 1754 5534 sui.

176 5544 365 5612 Unde,
394 5558 675 5629 Scriptura
723 5562 834 5631 ipsa
882 5564 1127 5634 protinus
1174 5544 1480 5634 subjunxit,
1531 5568 1754 5625 dicens:

181 5648 480 5705 «Credidit
506 5651 794 5707 'Abrabam
847 5652 954 5708 Deo
984 5695 999 5719 ,
1046 5663 1099 5711 et
1128 5667 1432 5728 reputatum
1460 5670 1543 5716 est
1571 5662 1645 5717 illi
1690 5664 1757 5718 ad

177 5735 442 5793 'ustitiam
492 5739 645 5810 (Gen.
688 5742 799 5812 xv).
849 5762 866 5795 ι
917 5743 1022 5799 Sed
1064 5746 1163 5802 iste
1211 5757 1316 5803 tam
1353 5752 1609 5821 prudens,
1648 5764 1756 5811 tam

506 5833 770 5895 ΡΑτιιοι..
804 5836 1081 5903 CXVIII.

1860 3274 1998 3322 tutes
2023 3268 2222 3324 habere
2242 3284 2424 3338 posse,
2442 3271 2485 3325 si
2513 3286 2650 3327 easa
2666 3272 2776 3327 Deo
2798 3274 3077 3344 postulare
3101 3292 3208 3331 non
3229 3278 3431 3348 pigeat.

1933 3377 1951 3409 ι
1984 3358 2179 3415 Videns
2209 3369 2391 3415 autem
2418 3360 2576 3419 Jesus
2615 3362 2775 3419 fidem
2816 3364 3052 3433 illorum,
3099 3367 3233 3423 dixit
3270 3384 3432 3440 para-

1862 3469 1880 3501 ι
1911 3449 2073 3520 lytico
2100 3468 2113 3504 :
2136 3451 2378 3518 Confide,
2412 3453 2509 3517 tili,
2534 3455 2882 3510 remittuntur
2907 3457 3002 3512 tibi
3023 3469 3244 3529 peccata
3274 3468 3382 3514 tua.
3407 3481 3429 3514 ι
3517 3506 3521 3511 .

1858 3536 1957 3592 Hic
2003 3536 2452 3593 considerandum
2511 3547 2625 3604 est,
2680 3551 2942 3618 quantum
2999 3546 3437 3617 tmumquemque

1856 3628 2073 3698 propria
2099 3627 2233 3685 fides
2270 3628 2504 3699 adjuvet,
2551 3631 2641 3687 ubi
2688 3641 2901 3689 tantum
2945 3634 3214 3707 profuisse
3256 3637 3434 3693 aliena

1857 3729 2207 3777 monstratur.
2236 3722 2353 3777 Non
2385 3724 2529 3778 enim
2562 3726 2636 3780 ait
2663 3727 3022 3799 evangelista:
3048 3728 3248 3787 Videns
3276 3729 3435 3788 Iesus

1857 3813 2016 3871 fidem
2045 3815 2187 3872 illius
2216 3816 2309 3886 qui
2328 3816 2680 3886 offerebatur,
2716 3821 2809 3876 sed
2847 3810 3059 3879 illorum
3100 3825 3192 3894 qui
3241 3824 3439 3882 offere-

1854 3909 2005 3965 bant.
2040 3909 2375 3982 Paralyticus
2400 3912 2543 3967 enim
2572 3912 2696 3983 quia
2742 3930 2840 3985 per
2868 3930 2927 3974 se
2972 3917 3159 3974 venire
3205 3934 3312 3975 non
3340 3934 3438 3990 po-

1857 4008 2014 4067 terat,
2045 4001 2235 4058 alienis
2256 4003 2505 4060 manibus
2519 4005 2851 4074 deportatur,
2875 4008 3049 4065 aliena
3066 4010 3169 4067 fide
3190 4020 3435 4085 sanatur.

1858 4090 2012 4147 Unde
2050 4091 2347 4164 intelligere
2412 4110 2697 4165 possumus
2743 4098 2868 4168 quia
2912 4108 3037 4156 sunt
3084 4103 3329 4159 nonnulli
3378 4105 3447 4161 in

1857 4185 2117 4252 Ecclesia,
2145 4186 2236 4256 qui
2264 4187 2365 4243 etsi
2394 4189 2506 4244 suis
2546 4191 2753 4247 meritis
2782 4208 2887 4247 non
2920 4193 3216 4262 salvantur,
3256 4207 3437 4254 tamen

1858 4276 2083 4332 aliorum
2137 4279 2529 4337 intercessione
2581 4282 2776 4338 salvari
2823 4295 3120 4342 merentur.
3180 4287 3278 4343 Ubi
3325 4305 3432 4345 non

1859 4366 2032 4422 solum
2078 4369 2290 4424 Domini
2339 4370 2611 4427 adoranda
2658 4376 2897 4443 potentia
2947 4378 3283 4442 ostenditur,
3339 4382 3439 4435 sed

1861 4458 1977 4528 ejus
2001 4459 2276 4515 humilitas
2295 4464 2618 4526 veneranda,
2644 4472 2805 4533 atque
2824 4481 2923 4534 pro
2946 4465 3149 4521 viribus
3175 4467 3437 4524 imitanda

1861 4550 2184 4606 declaratur.
2220 4552 2440 4607 Multum
2494 4569 2726 4622 namque
2765 4556 2931 4610 distat
2958 4555 3103 4611 inter
3128 4559 3439 4630 superbiam

1861 4639 2167 4697 Judacorum
2197 4652 2251 4697 et
2278 4642 2492 4699 Domini
2540 4644 2916 4700 humilitatem.
2963 4646 3240 4704 Inﬁrmum
3290 4651 3438 4706 enim

1862 4741 1917 4787 ct
1952 4734 2080 4788 totis
2129 4735 2491 4790 membrorum
2527 4738 2876 4808 compagibus
2905 4740 3246 4809 dissolutum,
3275 4758 3438 4813 quem

1864 4823 2069 4879 Scribat:
2121 4833 2177 4881 et
2228 4827 2483 4883 Pharisaei
2532 4844 2635 4883 non
2666 4829 2836 4885 solum
2868 4840 3113 4903 tangere,
3147 4835 3241 4890 sed
3270 4836 3438 4892 etiam

1862 4924 1949 4977 vix
1988 4924 2258 4992 respicere
2290 4924 2678 4994 dignabantur,
2721 4927 2980 4985 Dominus
3016 4915 3122 4985 non
3150 4916 3330 4989 solum
3368 4935 3439 4991 ab

1861 5015 2177 5070 infirmitate
2196 5018 2425 5083 curavit,
2450 5018 2544 5072 sed
2574 5019 2739 5073 etiam
2768 5018 2935 5075 filium
2963 5024 3395 5089 vocavit,dicens
3420 5044 3434 5080 :

1866 5112 1891 5160 ιΔ
1921 5108 2160 5174 Conﬁde,
2197 5110 2288 5164 fili.
2330 5131 2347 5163 ι
2403 5111 2564 5167 Fides
2605 5128 2819 5183 quoque
2858 5116 3111 5186 operibus
3155 5129 3439 5187 exornata,

1861 5218 2053 5274 magna
2066 5214 2149 5257 est
2176 5203 2362 5267 virtus,
2384 5205 2523 5259 sicut
2549 5204 2623 5258 ait
2645 5204 2879 5262 Iacobus
2905 5207 3209 5279 apostolus:
3235 5230 3251 5261 ι
3278 5209 3439 5266 Fides

1860 5296 1977 5350 sine
2002 5297 2254 5366 operibus
2288 5305 2496 5352 mortua
2521 5306 2603 5353 est
2628 5298 2766 5370 (Jac.
2791 5299 2877 5371 ιι),
2901 5320 2917 5352 ι
2940 5310 3030 5375 ett
3051 5303 3168 5358 sine
3197 5302 3303 5359 ﬁde
3333 5302 3407 5357 ir'n
3425 5332 3438 5344 -

1863 5385 2117 5455 possibile
2140 5396 2224 5441 est
2251 5386 2464 5455 placere
2493 5388 2603 5443 Deo
2629 5387 2816 5459 (Hebr.
2851 5391 2950 5461 χι).
2988 5411 3006 5444 ι
3050 5391 3222 5459 Quam
3267 5392 3444 5448 Domi-

1864 5490 1968 5529 nus
1997 5475 2271 5545 discipulis
2300 5481 2686 5534 commendans
2714 5481 2808 5535 ait.
2832 5500 2850 5532 ι
2884 5482 3256 5539 Sihabuerltis
3278 5484 3440 5539 fidem

1866 5567 2004 5623 sicut
2041 5583 2267 5638 granum
2295 5570 2499 5640 sinapis
2521 5570 2670 5640 (Luc.
2702 5574 2856 5647 xvn).
2884 5595 2902 5628 ι
2935 5575 3003 5629 Et
3024 5576 3247 5645 pulchre
3271 5573 3441 5629 lilium

1865 5659 2097 5730 appellat
2149 5677 2307 5731 quem
2341 5680 2370 5718 a
2397 5667 2634 5735 peccatis
2672 5666 2949 5733 liberavit;
2982 5669 3234 5724 nimirum
3266 5680 3323 5725 ut
3348 5671 3445 5741 qui

1869 5760 1992 5807 ante
2020 5750 2194 5809 fuerat
2224 5754 2366 5812 filius
2396 5757 2614 5814 malitiae
2640 5760 2961 5830 etnequitize
2981 5770 3035 5813 et
3063 5760 3202 5815 titius
3224 5741 3479 5832 diaboli,"

3008 5850 3088 5916 23
