4002 6348
562 327 667 382 713

1196 325 1541 383 llAYMONlS
1582 312 2055 381 llALDEllSTAT.
2095 324 2307 382 EPISC.
2351 312 2501 383 OPP.
2541 328 2720 385 PARS
2759 330 2819 384 ll.
2854 362 2925 372 —
2955 332 3186 389 llOlllL.

3762 336 3886 391 716

563 454 683 517 post
712 452 933 516 peccata
966 426 1379 498 dimissa-factus
1410 426 1661 497 est‘ﬁlius
1690 441 1808 496 Dei.
1850 440 2135 510 Sequitur:
2175 448 2215 508 Α
2244 440 2534 511 gitationes
2547 441 3032 510 blasphemantium
3059 444 3350 513 respondit,
3372 460 3435 499 ac
3456 446 3663 501 deinde
3692 448 3881 501 mira.

569 561 585 591 ι
623 540 992 595 Rcmittuntur
1022 536 1115 590 tibi
1147 545 1366 605 peccata
1398 543 1507 589 tua.
1550 554 1567 584 ι
1599 533 1901 588 Notandum
1940 543 2139 597 autem,

560 630 684 700 quia
711 629 861 698 prius
898 625 1014 695 ejus
1051 634 1272 695 peccata
1316 625 1693 687 dimittuntur,
1728 631 1784 677 et
1823 623 1903 677 sic
1939 622 2147 677 sanitas

562 718 804 788 corporis
833 715 1107 771 tribuitur.
1155 714 1263 770 Sed
1290 730 1412 771 cum
1453 714 1603 785 prius
1642 721 1862 783 peccata
1919 713 2140 778 dimisit,

565 820 625 864 ut
652 809 909 872 diximus,
936 815 991 859 ct
1016 805 1357 876 pastmodum
1398 804 1685 857 sanitatem
1721 803 1927 867 tribuit,
1957 809 2141 857 osten-

565 897 645 954 dit
669 893 891 970 propter
913 904 1133 967 peccata
1159 895 1432 967 plerisque
1464 894 1772 950 hominibus
1802 893 2145 948 inﬁrmitates

561 991 828 1049 accidere.
852 990 1098 1061 Quinque
1121 989 1262 1044 enim
1279 988 1452 1042 modis
1474 987 1652 1041 divina
1677 983 1883 1055 ﬁagella
1900 986 2144 1040 homines

561 1086 614 1139 in
644 1081 896 1154 prtcsenti
929 1081 1037 1135 vita
1072 1086 1383 1151 tanguntur.
1425 1077 1528 1131 Alii
1553 1088 1775 1147 propter
1813 1076 1981 1131 solam
2014 1090 2143 1147 pro-

561 1165 833 1229 lia‘tioncm
879 1170 1245 1244 llagellantur,
1289 1169 1462 1239 qualis
1528 1169 1623 1223 fuit
1670 1164 1771 1223 Job
1819 1176 1875 1223 et
1916 1163 2142 1235 Tobias,

561 1281 788 1336 quorum
819 1263 1084 1333 patientia
1126 1277 1247 1334 cum
1283 1261 1524 1331 sibiipsis
1554 1268 1609 1314 et
1639 1260 1747 1315 Deo
1775 1259 2145 1315 tantummodo

564 1367 711 1412 esset
770 1356 1015 1425 cognita,
1065 1355 1185 1409 ideo
1223 1353 1471 1425 ﬁagcllati
1514 1360 1641 1407 sunt
1707 1360 1765 1406 ut
1808 1352 2146 1423 probatiores

565 1450 758 1505 ﬁerent
808 1459 862 1502 ct
911 1463 1097 1502 eorum
1144 1448 1403 1518 patientia
1452 1444 1521 1500 ad
1560 1444 1784 1499 aliorum
1841 1445 2143 1515 exemplum

568 1540 899 1612 perveniret.
952 1538 1102 1603 Alii,
1159 1545 1218 1592 ut
1267 1538 1513 1593 curantis
1562 1536 1736 1591 virtus
1781 1535 2143 1606 gloriﬁcetur,

559 1635 736 1704 qualis
769 1632 868 1686 l‘uit
890 1630 975 1687 ille
1005 1647 1180 1686 ctccus
1218 1631 1283 1685 de
1311 1645 1419 1700 quo
1439 1643 1561 1683 cum
1591 1628 1836 1697 discipuli
1863 1629 2144 1683 Dominum

561 1727 985 1796 interrogassent
1027 1722 1209 1793 (Joan.
1246 1721 1346 1792 ix).
1396 1739 1415 1772 t
1465 1720 1667 1783 Rabbi,
1709 1720 1830 1789 quis
1874 1720 2148 1790 peccavit?

2246 530 2426 587 culum
2464 532 2717 585 sanitatis
2737 534 2993 586 ostendit.
3028 533 3179 588 Unde
3207 543 3260 587 ct
3290 535 3539 588 subditur
3566 553 3582 587 :

2321 641 2341 673 α
2378 622 2591 677 Etcum
2619 623 2837 679 vidisset
2860 623 3017 680 Jesns
3035 625 3393 696 cogitationes
3418 644 3640 693 corum,
3669 629 3825 683 dixit
3856 649 3869 682 :

2253 698 2383 768 ιυι
2408 698 2535 782 quid
2573 713 2824 783 cogitatis
2853 714 2991 768 mala
3041 715 3094 769 in
3146 717 3399 771 cordibus
3429 720 3676 773 vestris?
3724 738 3746 769 ι
3812 718 3872 771 In

2246 816 2353 871 quo
2369 801 2511 858 facto
2533 804 2795 860 Dominus
2815 804 3341 875 blasphematoribus
3357 809 3494 873 suis,
3518 811 3675 878 quod
3706 810 3872 865 Deos

2245 894 2545 950 credendus
2569 904 2743 961 esset,
2793 896 3082 954 manifeste
3126 898 3444 954 declaravit.
3500 900 3658 955 Sicut
3705 902 3866 955 enim

2246 984 2394 1041 solus
2418 985 2560 1041 Deus
2592 995 2814 1056 peccata
2843 988 3116 1044 dimittere
3144 998 3346 1059 potest,
3384 991 3466 1046 sic
3495 994 3655 1048 solus
3702 993 3867 1062 cogi-

2248 1076 2479 1130 tationes
2505 1076 2782 1131 hominum
2820 1078 3016 1133 intueri
3054 1079 3219 1146 valet,
3244 1078 3530 1151 Scriptura
3571 1084 3818 1137 dicente
3844 1101 3862 1137 :

2252 1185 2269 1217 ι
2306 1165 2403 1220 Tu“
2445 1166 2590 1222 solus
2632 1167 2773 1223 Deus
2818 1169 3177 1240 cogitationes
3215 1171 3493 1226 hominum
3548 1175 3706 1228 nosti
3772 1172 3861 1243 (ll

2249 1258 2378 1314 Par.
2411 1259 2509 1328 vi).
2542 1280 2559 1311 ι
2588 1260 2653 1314 Et
2682 1279 2695 1315 :
2735 1280 2753 1312 ι
2788 1260 2961 1317 Homo
2987 1261 3133 1316 videt
3173 1263 3226 1317 in
3258 1261 3428 1327 faeie,
3461 1262 3613 1319 Deus
3662 1274 3867 1319 autem

2246 1351 2486 1406 intuetur
2509 1352 2681 1424 cor'(I
2714 1352 2844 1424 Reg.
2886 1352 3020 1425 xvi).
3060 1375 3080 1407 ι
3126 1353 3205 1408 Ac
3244 1355 3288 1410 si
3331 1355 3535 1410 diceret
3567 1376 3580 1409 :
3627 1358 3853 1412 Eadem

2246 1443 2545 1498 divinitatis
2571 1443 2829 1513 potentia,
2854 1457 2957 1512 qua
2985 1453 3195 1500 vestras
3217 1445 3576 1515 cogitationes
3602 1448 3853 1511 intueor,

2248 1551 2470 1607 possunt
2502 1551 2604 1589 non
2628 1535 2800 1591 solum
2827 1535 3142 1607 paralytico,
3159 1538 3251 1591 sed
3278 1538 3443 1591 etiam
3470 1540 3698 1593 cunctis
3732 1553 3856 1608 poe-

2249 1627 2545 1682 nitentibus
2571 1635 2792 1698 peccata
2826 1629 3116 1683 dimittere.
3146 1628 3334 1684 Adhuc
3348 1639 3530 1685 autem
3559 1646 3627 1685 ex
3645 1632 3851 1685 vestris

2246 1717 2666 1789 cogitationibus
2707 1718 2990 1791 intelligite
3025 1719 3151 1789 quid
3185 1720 3514 1792 paralyticus
3570 1722 3681 1777 iste
3712 1739 3849 1778 con-

563 1816 673 1877 hic,
704 1823 797 1870 aut
822 1823 1075 1885 parentes
1117 1812 1263 1881 ejus,
1303 1822 1361 1866 ut
1395 1826 1573 1866 caicus
1614 1811 1962 1865 nasceretur?
1997 1832 2014 1864 ι
2049 1827 2143 1866 au-
2170 1817 2215 1876 Β
2243 1823 2522 1882 sequatur.

559 1909 807 1961 dierunt:
843 1928 858 1957 ‹
890 1904 1072 1975 Neque
1100 1904 1186 1961 hic
1222 1904 1483 1975 peccavit,
1525 1918 1701 1974 neque
1729 1913 1983 1973 parentes
2007 1902 2145 1971 ejus,

558 1998 651 2050 sed
683 2005 736 2050 ul
769 1994 1182 2051 manifestentur
1209 2009 1372 2066 opera
1400 1993 1496 2048 Dei
1530 1993 1582 2047 in
1608 1993 1715 2047 illo.
1755 2012 1774 2046 ι
1802 1992 1904 2047 Alii
1934 1995 2003 2047 oh
2049 1993 2148 2046 hu-

553 2087 806 2143 utilitatis
820 2087 1139 2151 custodiam,
1166 2100 1231 2140 ne
1247 2100 1304 2141 se
1325 2084 1390 2139 de
1412 2085 1646 2154 acceptis
1671 2083 1960 2138 virtutibus
1979 2081 2146 2137 estol-

559 2181 694 2243 lant,
727 2178 1085 2249 ﬁagellantur,
1116 2177 1259 2247 quod
1292 2176 1457 2232 Paulo
1480 2175 1725 2247 apostolo
1763 2175 2020 2247 contigit,
2054 2175 2145 2245 qui

562 2271 628 2323 de
656 2269 833 2338 seipso
853 2267 921 2321 ait
951 2286 963 2320 :
1003 2267 1099 2321 tEt
1124 2280 1192 2321 ne
1220 2264 1536 2338 magnitudo
1560 2264 1951 2320 revelationum
1977 2264 2147 2320 extol-

560 2356 638 2409 lat
662 2371 770 2422 me,
802 2357 959 2411 datus
980 2363 1061 2411 est
1087 2355 1217 2411 mihi
1250 2355 1501 2411 stimulus
1527 2356 1709 2411 carnis
1739 2370 1893 2417 meae,
1925 2354 2147 2425 angelus

560 2456 785 2511 satana,
803 2455 864 2501 ut
884 2460 970 2500 me
998 2444 1321 2516 colaphizet.
1349 2444 1578 2516 Propter
1595 2444 1739 2515 quod
1761 2454 1844 2499 ter
1860 2446 2143 2500 Dominum

552 2537 764 2610 rogavi.
798 2545 859 2591 ut
902 2536 1205 2592 discederet
1243 2551 1274 2592 a
1316 2551 1421 2599 me,
1445 2545 1503 2592 et
1543 2537 1679 2592 dixit
1720 2535 1892 2591 mihi:
1940 2535 2145 2591 Suﬂicit

561 2629 857 2702 tibi'gratia
889 2644 1027 2685 mea.
1060 2628 1195 2683 Nam
1224 2629 1399 2684 virtus
1442 2629 1496 2683 in
1524 2628 1838 2684 inﬁrmitate
1868 2628 2145 2699 perﬁcitur

558 2720 645 2791 (II
667 2721 788 2775 Cor.
825 2720 946 2790 xu).
986 2740 1004 2772 ι
1059 2719 1160 2773 Alii
1201 2728 1420 2790 propter
1456 2720 1835 2775 enormitatem
1879 2720 2145 2774 scelerum

564 2812 923 2883 ﬁa‘gcllautur,
947 2819 1007 2864 ιιι
1033 2811 1121 2865 hic
1146 2825 1335 2880 pteuas
1378 2809 1612 2878 experiri
1644 2808 1903 2878 incipiant
1928 2823 2065 2879 quas
2090 2808 2143 2864 in

562 2908 746 2962 futuro
772 2907 979 2977 passuri
1008 2914 1149 2970 sunt,
1174 2904 1348 2974 qualis
1374 2903 1474 2958 ﬁtit
1492 2902 1732 2958 Herodes
1759 2917 1848 2957 rex
1879 2911 1933 2957 et
1966 2901 2147 2958 Nabu-

564 2999 923 3063 chodonosor,
957 2996 1252 3051 Antiochus
1293 3004 1349 3051 et
1395 2993 1616 3059 Pilatus,
1667 3003 1722 3049 et
1758 2993 1936 3050 ctcteri
1986 2992 2140 3059 tales,

564 3092 632 3146 de
668 3089 863 3159 quibus
898 3087 1158 3157 scriptum
1178 3093 1266 3141 est
1297 3104 1309 3139 :
1347 3103 1364 3136 t
1404 3083 1608 3155 Duplici
1651 3083 1974 3139 contritione
2013 3098 2141 3138 con-

2326 1924 2344 1954 t
2366 1904 2500 1971 Quid
2523 1913 2605 1959 est
2630 1903 2840 1959 facilius
2861 1905 3039 1960 dicere
3063 1924 3076 1960 :
3104 1904 3467 1961 Dimittuntur
3486 1908 3587 1961 tibi
3617 1920 3844 1979 peccata

2255 2013 2274 2045 ι
2313 2003 2422 2059 tua,
2458 2009 2524 2047 an
2549 1993 2729 2049 dicere
2748 2013 2771 2047 ε
2799 1995 2972 2067 Surge
2992 2004 3046 2050 et
3070 1996 3323 2051 ambula?
3348 2017 3366 2049 ι
3398 1998 3547 2053 Inter
3574 2002 3757 2055 dicere
3788 2011 3836 2053 et

2248 2083 2429 2140 facere
2467 2084 2607 2153 apud
2655 2085 2907 2140 homines
2957 2101 3152 2158 magna
3206 2087 3463 2142 distantia
3517 2099 3629 2152 est,
3690 2092 3835 2159 apud

2249 2175 2415 2228 Deum
2445 2182 2626 2227 autem
2656 2174 2820 2239 nulla,
2872 2176 2958 2229 cui
2991 2175 3216 2241 dixisse,
3256 2175 3453 2232 fecisse
3482 2188 3589 2232 est.
3622 2197 3638 2227 ι
3683 2178 3822 2232 Dixit

2247 2265 2408 2326 enim,
2435 2270 2489 2316 et
2527 2262 2664 2325 facta
2692 2274 2847 2330 sunt;
2883 2266 3183 2332 mandavit,
3204 2275 3259 2320 et
3293 2276 3480 2322 creata
3510 2279 3634 2322 sunt
3662 2267 3829 2339 (Ρωι.

2249 2352 2445 2422 xxxu).
2480 2372 2499 2405 ι
2536 2352 2688 2420 Quod
2712 2362 2891 2408 autem
2923 2354 2971 2409 ei
2995 2363 3215 2424 peccata
3244 2355 3466 2411 dimissa
3495 2370 3708 2421 essent,
3727 2358 3830 2429 ipse

2245 2456 2469 2502 noverat
2506 2449 2597 2518 qui
2621 2448 2949 2503 dimittebat.
2983 2449 3136 2515 Quod
3177 2463 3306 2504 vero
3343 2463 3597 2521 surgeret
3631 2463 3690 2506 et
3719 2468 3830 2505 am-

2246 2539 2476 2606 bularet,
2513 2549 2619 2594 tam
2649 2540 2737 2594 ille
2763 2541 2853 2611 qui
2888 2540 3159 2610 surgebat,
3190 2556 3352 2610 quam
3390 2542 3464 2595 illi
3493 2543 3588 2612 qui
3618 2558 3814 2613 sui-gen

2247 2639 2353 2685 tem
2382 2631 2656 2696 videbant,
2688 2641 2972 2687 noverant.
3011 2630 3118 2687 Sed
3147 2632 3303 2687 valde
3329 2635 3457 2687 caici
3487 2642 3652 2688 erant
3693 2635 3827 2688 Scri-

2245 2723 2325 2778 ba:
2346 2733 2402 2778 et
2427 2723 2706 2788 Pharisaei,
2736 2724 2828 2792 qui
2875 2739 2971 2794 per
3006 2723 3289 2793 corporale
3319 2723 3645 2779 miraculum
3678 2726 3827 2793 spiri-

2247 2812 2352 2867 tale
2377 2829 2482 2866 non
2514 2813 2883 2884 iutclligebaut
2910 2831 2921 2867 :
2949 2821 3004 2868 et
3033 2829 3156 2868 cum
3183 2814 3441 2869 vidissent
3468 2814 3827 2886 paralyticuin

2246 2902 2585 2967 mandatum,
2616 2911 2836 2973 peccata
2866 2901 3089 2957 dimissa
3116 2917 3236 2958 esse
3260 2919 3366 2959 non
3403 2904 3721 2959 credebant.
3754 2904 3826 2958 Fit

2243 3004 2373 3061 ergo
2395 2991 2606 3061 signum
2648 2990 2963 3061 corporale,
3004 3000 3065 3046 ut
3097 2993 3361 3062 probetur
3405 2992 3673 3063 spiritale,
3712 2995 3826 3063 quia

2245 3082 2538 3137 secundum
2586 3082 2905 3152 Apostolum
2942 3082 3137 3152 lingua:
3167 3083 3218 3137 in
3262 3084 3474 3154 signum
3517 3094 3688 3151 sunt,
3730 3099 3827 3137 non

561 3189 679 3235 tere
701 3174 817 3243 eos,
850 3177 1076 3233 Domine
1099 3173 1232 3249 (Jer.
1259 3175 1413 3247 xm).
1452 3193 1470 3226 ι
1504 3173 1607 3228 Alii
1629 3181 1849 3244 propter
1872 3174 2143 3244 praeterita
2172 3167 2216 3228 C
2250 3175 2521 3241 ﬁdelibus,
2548 3179 2642 3231 sed
2668 3176 2975 3232 inﬁdelibus
3006 3194 3020 3231 :
3049 3186 3105 3233 et
3138 3193 3207 3233 ne
3233 3177 3577 3232 invisibiliter
3607 3188 3823 3247 peccata

560 3275 785 3341 peccata
814 3266 1134 3323 remittenda
1164 3265 1524 3337 ﬂagellantur.
1569 3264 1744 3333 qualis
1782 3262 1883 3317 fuit
1911 3262 2001 3318 ille
2025 3263 2141 3318 lan-

562 3360 755 3433 guidus
782 3359 875 3430 qui
904 3358 1121 3429 iacebat
1146 3358 1214 3413 ad
1238 3356 1503 3428 piscinam
1532 3353 1697 3420 Siloe,
1724 3353 1836 3419 cui,
1863 3361 1984 3423 post
2017 3367 2143 3424 pec-

559 3461 682 3509 cata
724 3452 966 3518 dimissa,
1003 3466 1032 3505 a
1066 3449 1293 3506 Domino
1315 3448 1520 3504 dictum
1567 3454 1692 3503 est:
1725 3465 1742 3496 ι
1795 3446 1934 3500 Ecce
1977 3459 2143 3518 sanus

562 3542 739 3598 factus
770 3555 848 3608 es,
878 3538 991 3610 jam
1017 3539 1245 3611 amplius
1270 3537 1377 3593 noli
1408 3550 1633 3607 peccare
1652 3576 1666 3602 ,
1694 3551 1763 3591 ne
1786 3535 2023 3591 deterius
2046 3535 2140 3591 tibi

555 3635 757 3706 aliquid
782 3635 1060 3706 contingat
1089 3633 1270 3705 (Joan.
1306 3630 1387 3703 v);
1426 3650 1446 3682 ι
1475 3630 1651 3701 qualis
1674 3628 1773 3683 fuit
1798 3639 1853 3684 ct
1899 3629 2001 3684 iste
2040 3644 2135 3700 pa-

559 3728 817 3800 ralyticos
863 3728 928 3782 de
957 3741 1064 3796 quo
1087 3740 1229 3780 nunc
1269 3737 1450 3779 sermo
1491 3722 1687 3792 agitur,
1719 3722 1803 3775 cui
1832 3735 1937 3775 non
1966 3719 2138 3775 solum

457 3817 461 3820 ’
556 3827 780 3890 peccata
817 3818 1039 3873 dimissa
1086 3823 1240 3882 sunt,
1289 3813 1384 3869 sed
1422 3813 1588 3869 etiam
1636 3811 1844 3867 sanitas
1897 3811 2141 3881 corporis

562 3908 809 3964 restituta
841 3915 945 3963 est.

546 4028 553 4041 .
632 4016 652 4049 ι
686 3999 752 4053 Et
784 4011 910 4054 ecce
932 3996 1150 4067 quidam
1183 3998 1248 4052 de
1296 3994 1503 4050 Scribis
1550 3994 1801 4049 dixerunt
1849 3994 1987 4048 intra
2038 4008 2137 4050 se:

567 4111 587 4145 ι
623 4092 724 4147 llic
761 4090 1112 4160 blasphemat.
1148 4110 1165 4141 ι
1193 4088 1394 4143 Morem
1433 4102 1588 4142 suum
1617 4095 1968 4142 servaverunt
1991 4086 2139 4142 Scri-

558 4186 663 4250 btc,
694 4198 814 4238 cum
847 4196 952 4237 non
979 4182 1049 4236 ob
1077 4194 1339 4244 amorem,
1364 4179 1457 4235 sed
1494 4187 1714 4250 propter
1743 4178 1996 4234 invidiam
2039 4179 2140 4234 Do-

559 4278 763 4332 minum
792 4274 1193 4345 sequebantur;
1224 4280 1282 4328 ut
1319 4287 1442 4328 eum
1479 4272 1871 4342 reprehendere
1899 4279 2138 4342 possent,

557 4365 791 4421 scientes
836 4362 1050 4419 visiblle
1102 4360 1421 4417 miraculum
1463 4362 1607 4431 quod
1676 4360 1876 4418 factum
1923 4372 2042 4418 erat
2082 4378 2142 4418 se

2246 3267 2441 3322 animae
2487 3268 2706 3324 dimissa
2757 3268 3091 3333 dubitarent,
3146 3270 3377 3324 visibilis
3423 3270 3628 3324 sanitas
3680 3285 3816 3340 para.

2247 3357 2412 3428 lytico
2442 3360 2693 3414 restituta
2720 3368 2820 3415 est.
2861 3359 3011 3414 Unde
3039 3358 3371 3431 subjungcns
3405 3360 3537 3415 dixit
3568 3378 3583 3414 :

2324 3468 2341 3500 t
2378 3448 2447 3503 Ut
2474 3460 2655 3505 autem
2685 3451 2871 3506 sciatis
2915 3450 3170 3520 quoniam
3211 3450 3357 3507 ﬁlius
3404 3442 3645 3507 hominis
3673 3451 3813 3506 habet

2249 3567 2267 3599 ε
2310 3556 2631 3618 potestatem
2679 3547 2731 3600 in
2773 3558 2916 3602 terra
2965 3546 3267 3603 dimittendi
3294 3554 3539 3616 peccata,
3590 3555 3720 3599 tunc
3753 3541 3811 3596 ait

2250 3660 2267 3690 ι
2298 3640 2626 3711 paralytico:
2656 3638 2851 3707 Surge,
2879 3639 3006 3694 tolle
3034 3639 3233 3695 lectum
3266 3647 3434 3692 tuum.
3470 3656 3489 3688 ›
3512 3637 3658 3692 Idem
3684 3637 3820 3691 enim

2243 3743 2328 3788 est
2359 3733 2529 3788 Filius
2557 3733 2655 3788 Dei
2705 3744 2759 3790 ct
2791 3733 2934 3789 ﬁlius
2981 3733 3254 3798 hominis;
3303 3743 3357 3787 ct
3401 3733 3534 3787 idem
3562 3742 3639 3785 cst
3678 3732 3816 3785 ﬁlius

2243 3824 2479 3879 hominis
2504 3825 2597 3894 qtti
2644 3832 2729 3880 est
2751 3824 2920 3880 Filius
2946 3826 3065 3889 Dei,
3097 3812 3160 3879 éx
3190 3826 3507 3880 substantiis
3535 3825 3745 3879 duabus
3769 3832 3819 3878 e-

2242 3930 2347 3968 una
2380 3929 2625 3985 persona.
2660 3914 2725 3970 Et
2750 3917 2876 3986 quia
2903 3915 3045 3971 ﬁlius
3093 3917 3327 3971 hominis
3366 3933 3396 3971 a
3433 3917 3567 3971 Filio
3620 3917 3714 3972 Dei
3743 3933 3809 3970 as

2242 4015 2484 4075 sumptus
2521 4014 2621 4071 est,
2668 4014 2989 4076 potestatem
3027 4007 3191 4061 habet
3221 4007 3274 4061 ιιι
3326 4016 3467 4062 terra
3518 4006 3819 4061 dimittendi

2241 4103 2485 4167 peccata,
2515 4096 2666 4166 juxta
2688 4099 2838 4167 quod
2863 4099 2977 4168 ipse
3006 4098 3129 4152 alibi
3164 4098 3237 4153 ait
3268 4115 3283 4152 :
3317 4119 3335 4149 ι
3363 4097 3697 4152 Potrstatcm
3732 4098 3810 4151 de-

2242 4189 2320 4242 dit
2345 4189 2391 4243 ei
2423 4187 2585 4243 Pater
2601 4188 2865 4260 judicium
2891 4189 3072 4244 facere
3091 4228 3108 4254 ,
3136 4190 3260 4260 quia
3310 4189 3450 4245 ﬁlius
3478 4189 3719 4244 hominis
3745 4196 3817 4241 est

2243 4273 2427 4351 (Joan.
2455 4278 2533 4351 v).
2568 4300 2585 4331 ι
2618 4281 2685 4334 Et
2707 4281 2901 4336 iterum
2930 4296 2945 4334 :
2984 4302 3000 4332 ι
3036 4281 3197 4337 Pater
3238 4297 3342 4335 non
3387 4280 3598 4350 iudicat
3642 4296 3797 4350 quem

2241 4387 2425 4441 quam,
2452 4372 2546 4427 sed
2578 4388 2737 4428 omne
2757 4372 3021 4441 judicium
3060 4374 3205 4428 dedit
3236 4371 3375 4428 Filio
3403 4372 3616 4442 (Ibid.).
3651 4394 3669 4423 ι
3698 4372 3814 4425 Fre-

559 4470 757 4528 uegare
784 4467 889 4511 non
919 4468 1097 4526 posse,
1141 4454 1284 4525 quod
1329 4453 1672 4509 invisibiliter
1708 4462 1927 4524 peccata
1959 4455 2139 4509 dimit-
2170 4522 2211 4535 n
2240 4463 2493 4535 quentius
2524 4472 2697 4517 tamen
2726 4462 2892 4517 mium
2925 4464 3158 4518 ιιοηιιηίε
3193 4477 3355 4533 quam
3392 4461 3585 4516 pinum
3624 4461 3716 4515 De;
3768 4474 3817 4515 ει

557 4522 1096 4618 teret,blasphemias
1110 4522 1379 4604 dicebant.
1402 4546 1569 4611 Unde,
1585 4522 1876 4602 secundum
1899 4546 2137 4603 Marcum
2166 4522 2217 4582 Ῑ)
2244 4522 2435 4608 maluit
2466 4553 2754 4624 appellare,
2799 4562 3021 4624 propter
3044 4522 3295 4607 virtutem
3325 4550 3652 4606 humilitatis
3696 4551 3812 4604 insi-

556 4639 962 4711 evangelistam,
1011 4638 1352 4711 indignantes
1379 4637 1580 4693 dixisse
1616 4637 1904 4709 leguntur:
1942 4659 1960 4691 t
2008 4638 2140 4707 Quis

555 4738 735 4798 potest
764 4735 986 4798 peccata
1015 4729 1311 4792 dimittere,
1342 4726 1444 4780 nisi
1494 4724 1642 4780 solus
1675 4724 1858 4781 Deus?
1886 4745 1903 4779 ι
1940 4725 2134 4798 (Marc.

556 4819 643 4887 tt.)
695 4819 751 4872 In
819 4818 904 4872 his
953 4818 1131 4872 verbis
1197 4831 1380 4870 verum
1437 4813 1723 4880 dicebant,
1770 4815 1894 4884 quia
1960 4814 2138 4871 nullus

558 4917 799 4974 peccata,
823 4908 926 4962 nisi
961 4906 1107 4961 solus
1130 4906 1267 4959 Deus
1290 4905 1563 4959 dimittere
1602 4912 1797 4973 potest,
1827 4904 1915 4974 qui
1942 4906 2017 4959 ait
2043 4920 2139 4973 per

558 4998 913 5068 prophetam:
963 5015 982 5046 t
1019 4996 1128 5065 Ego
1171 5011 1292 5049 sum
1322 4994 1411 5063 qui
1464 4993 1615 5048 deleo
1653 4994 1967 5063 iniquitates
2020 5004 2138 5050 tuas

560 5097 777 5157 propter
807 5102 891 5140 me
921 5084 1052 5157 (Ita.
1085 5084 1264 5154 xuii),
1295 5103 1314 5136 ι
1355 5092 1410 5139 et
1456 5093 1670 5139 cetera.
1704 5084 1872 5152 Quem
1923 5094 2139 5140 secutus

562 5175 844 5230 Psaltuista
868 5176 1028 5230 dixit:
1052 5194 1069 5224 t
1094 5173 1401 5228 Secundum
1413 5174 1807 5229 multitudinem
1830 5175 2135 5229 miseratio-

561 5284 688 5323 nutn
729 5275 963 5331 tuarum,
1010 5264 1129 5319 dele
1176 5264 1512 5333 iniquitatem
1560 5278 1733 5339 meam
1777 5261 1947 5337 (Paul.
1995 5266 2068 5335 ι).
2111 5284 2130 5316 t

560 5360 663 5415 Et:
701 5377 719 5410 t
748 5357 993 5427 Amplius
1013 5355 1130 5409 lava
1161 5370 1245 5410 me
1276 5353 1344 5408 ab
1384 5355 1667 5424 iniquitate
1709 5369 1825 5408 mea
1863 5353 2073 5425 (Ibid.).
2108 5373 2127 5407 ι

538 5430 665 5506 Sed
698 5449 919 5503 multum
967 5450 1238 5507 errabant.
1285 5462 1407 5502 eum
1454 5461 1598 5510 eum,
1647 5446 1739 5515 qui
1784 5446 2132 5502 invisibiliter

556 5550 778 5612 peccata
822 5541 1093 5597 dimittere
1144 5548 1350 5609 potrst,
1398 5538 1809 5608 praesentialiter
1854 5540 2133 5606 videntes,

555 5632 724 5689 Deum
753 5632 972 5687 credere
997 5630 1265 5685 nolebant.
1301 5628 1405 5685 Sed
1438 5628 1566 5702 quia
1588 5627 1750 5682 etiam
1784 5629 2016 5700 ingratis
2041 5630 2135 5686 be-

557 5706 805 5777 neﬁcium
838 5732 1090 5779 oratstarc
1119 5729 1353 5791 Oportet,
1384 5720 1616 5788 primum
1654 5718 1911 5774 Dominus
1937 5723 2004 5776 ad
2041 5737 2133 5777 co-

2242 4643 2534 4698 nuandam.
2590 4641 2795 4699 Curato
2846 4658 2977 4715 ergo
3022 4643 3321 4714 paralytico
3366 4650 3513 4698 recte
3569 4641 3816 4697 dicitur:

2248 4751 2267 4783 ι
2303 4731 2508 4803 Surge,
2546 4732 2670 4787 tolle
2691 4732 2890 4789 lectum
2915 4742 3085 4797 tuum,
3121 4741 3228 4788 etc.
3263 4751 3285 4785 ι

2316 4841 2333 4874 t
2364 4822 2430 4877 Et
2456 4823 2712 4887 surrexit,
2741 4831 2795 4878 et
2827 4824 2957 4878 abiit
2978 4824 3031 4878 in
3069 4824 3286 4878 domum
3311 4836 3482 4877 suam.
3520 4841 3541 4875 ι
3569 4821 3697 4877 Jam
3736 4836 3815 4875 su-

2239 4911 2420 4982 perius
2449 4926 2545 4980 per
2573 4911 2923 4984 paralyticutn
2946 4912 3301 4982 peccatricem
3322 4911 3556 4965 animam
3587 4912 3819 4966 diximus

2241 5003 2493 5072 ﬁgurari,
2552 5003 2707 5073 cujus
2751 5003 2948 5058 lectum
2994 5019 3221 5058 carnem
3265 5005 3503 5074 peccatis
3544 5014 3817 5059 assuetam

2239 5090 2476 5147 diximus
2494 5106 2637 5146 esse.
2656 5092 2827 5148 Recte
2848 5109 3083 5161 namque
3106 5093 3306 5148 dicitur
3326 5110 3338 5147 :
3362 5114 3380 5145 ι
3412 5093 3607 5164 Surge,
3644 5113 3667 5145 ι
3696 5093 3815 5163 quia

2236 5183 2414 5238 omnis
2436 5183 2726 5251 paenitens,
2751 5184 2792 5238 si
2817 5185 3026 5238 veniam
3056 5184 3167 5238 vult
3187 5185 3462 5254 consequi,
3485 5184 3725 5254 primum
3754 5182 3819 5236 ab

2238 5273 2563 5343 iniquitate,
2607 5274 2661 5328 in
2692 5288 2798 5343 qua
2841 5272 3033 5342 jacuit,
3082 5289 3368 5345 resurgere
3400 5274 3588 5338 debet,
3634 5283 3692 5328 ut
3736 5282 3818 5327 est

2239 5362 2366 5418 illud
2392 5362 2672 5432 Apostoli:
2708 5383 2726 5414 t
2782 5363 2973 5433 Surge,
3019 5364 3111 5434 qui
3147 5365 3384 5427 dormis,
3431 5355 3765 5431 et‘exsurge
3788 5378 3817 5415 ι

2237 5455 2486 5518 mortuis,
2513 5454 2914 5510 ctilluminabit
2938 5464 2989 5511 te
3014 5456 3266 5512 Christus
3306 5455 3467 5527 (Epit.
3505 5457 3581 5527 v).
3629 5476 3648 5507 ι
3700 5456 3815 5509 Non

2236 5542 2406 5597 solum
2449 5554 2628 5598 autem
2663 5545 2993 5616 paralyticos
3022 5561 3262 5615 surgere,
3302 5548 3394 5601 sed
3419 5548 3584 5601 etiam
3618 5547 3817 5601 lectum

2235 5641 2450 5703 portare
2475 5632 2715 5702 iubetur,
2754 5635 2880 5703 quia
2920 5651 3026 5689 non
3059 5637 3231 5690 solum
3278 5637 3456 5691 anima
3501 5652 3531 5690 a
3576 5636 3819 5706 peccatis

2232 5724 2509 5792 quiescere
2537 5722 2718 5789 debet,
2744 5724 2839 5779 sed
2859 5726 3021 5779 etiam
3045 5741 3174 5783 caro
3199 5742 3318 5792 qua:
3339 5729 3485 5783 vitiis
3509 5727 3817 5780 manci-tata
