4002 6348
219 334 323 392 717

1417 320 1717 378 ιιυΜιιιιΑι
1757 319 1843 368 ωε,
1879 315 2222 373 ΊΕΜΡΟΠΕ.

3361 316 3461 375 7ἱ8

220 450 343 513 fuit,
373 444 662 502 virtutibus
690 442 892 498 servire
915 438 1094 503 debet,
1113 435 1267 505 juxta
1289 431 1606 504 Apostolum
1634 445 1647 483 :
1684 448 1703 479 ‹
1723 425 1789 481 Ut
1823 428 1872 486 Α
1904 443 1923 475 ‹
1952 427 2151 481 vitatos
2170 426 2237 481 ad
2259 426 2490 496 nuptias,
2515 433 2569 480 et
2592 426 2843 483 nolebant
2868 428 3066 487 venire.
3092 447 3113 480 ι
3141 427 3208 485 Et
3234 426 3459 498 reliqua.

217 542 361 595 sicut
387 536 629 593 exhibuit
670 533 914 588 membra
960 544 1058 585 sua
1104 527 1311 583 servire
1342 519 1695 578 immunditia:
1741 527 1798 573 et

223 629 500 700 iniquitati
532 628 598 682 ad
644 625 1006 695 iniquitatem,
1043 622 1118 676 ita
1168 618 1362 674 eadem
1398 612 1661 700 exhibeat
1684 622 1799 700 ser-7

222 698 342 775 vire
364 718 591 789 iustitia:
614 716 671 771 in
702 711 1186 771 sanctiﬁcationem
1224 705 1404 778 (Rom.
1439 701 1539 799 vi).
1570 721 1601 799 ι.
1635 698 1801 766 Quasi

223 810 371 865 enim
420 808 748 881 paralyticos
787 806 987 861 lectum
1026 807 1233 873 portat,
1283 795 1500 867 quando
1548 795 1802 881 peccator

222 909 348 973 post
377 877 788 955 conversionem
820 904 1045 952 carnem
1081 904 1236 946 suam
1264 884 1548 955 cruciﬁgit,
1574 877 1800 937 mortiﬁ-

224 990 398 1044 eando
419 987 661 1043 membra
707 998 825 1051 sua,
861 997 983 1053 qua:
1027 986 1155 1036 sunt
1182 990 1346 1048 super
1373 984 1594 1037 terram,
1622 979 1677 1025 et
1719 982 1805 1025 se-

223 1079 459 1135 cundum
485 1076 795 1147 Apostolum
822 1090 838 1127 :
871 1090 893 1124 ι
929 1068 1215 1141 Cruciligi‘.
1251 1078 1468 1122 carnem
1498 1076 1653 1119 suam
1681 1073 1802 1115 eum

227 1171 377 1225 vitiis
432 1174 486 1223 et
540 1162 999 1235 concupiscentiis
1046 1156 1191 1231 (Gal.
1241 1156 1319 1227 v).
1373 1173 1393 1208 ι
1445 1151 1612 1223 Cujus
1659 1149 1803 1207 enim

228 1261 410 1317 anima
472 1258 640 1314 Deum
689 1255 931 1326 perfecte
984 1250 1168 1305 videre
1220 1247 1530 1309 desiderat,
1581 1242 1804 1313 dignum

229 1362 317 1410 est
344 1361 406 1406 ut
449 1350 613 1407 etiam
650 1348 770 1419 ejus
814 1361 943 1402 caro
977 1342 1271 1398 virtutibus
1312 1354 1374 1395 se
1409 1336 1633 1400 subdat,
1667 1333 1809 1388 illius

229 1440 478 1510 exemplo
536 1438 627 1507 qui
667 1437 781 1492 ait:
810 1454 832 1487 ι
868 1433 1048 1488 Sitivit
1081 1431 1138 1486 in
1177 1438 1228 1484 te
1265 1428 1443 1482 anima
1479 1439 1619 1488 mea,
1646 1435 1809 1491 quam

230 1528 601 1599 multipliciter
634 1533 689 1581 et
721 1538 849 1580 caro
884 1536 1002 1577 mea
1029 1518 1202 1591 (Psal.
1231 1516 1383 1588 uti).
1415 1534 1433 1566 ι
1475 1513 1539 1568 Ει
1569 1513 1763 1566 iterum
1791 1526 1806 1563 :

236 1641 255 1673 ι
288 1621 348 1676 1η
392 1618 503 1674 Deo
540 1615 781 1688 speravit
812 1626 1161 1674 eor,meum,
1207 1616 1262 1664 et
1300 1606 1515 1676 adjutus
1557 1606 1708 1669 sum',
1754 1608 1812 1656 et

1896 514 2030 571 Cum
2065 515 2375 585 frequenter
2409 530 2632 587 regnum
2663 518 2925 575 ctelorum
2956 519 3012 574 in
3044 518 3335 589 Evangelio
3369 535 3462 575 no-

1898 606 2157 673 minatur,
2187 620 2296 663 non
2334 607 2627 677 incongrue
2666 624 2877 678 semper
2916 624 3075 667 unam
3111 610 3467 681 eamdemque

1899 696 2061 752 habet
2098 696 2565 768 signiﬁcationem,
2604 700 2696 755 sed
2727 699 3016 771 aliquando
3050 700 3325 758 ctelestem
3361 704 3465 759 Do-

1871 805 1876 809 ’
1900 787 2105 845 minum
2122 787 2308 844 Jesum
2326 787 2602 849 Christum
2616 829 2633 856 ,
2657 790 2945 861 aliquando
2966 792 3266 851 doctrinam
3293 795 3464 851 sancti

1900 878 2195 950 Evangelii,
2239 878 2528 949 aliquando
2562 879 2838 937 caelestem
2877 882 3105 953 patriam
3123 922 3138 949 ,
3177 883 3465 953 aliquando

1898 977 2219 1037 praesentem
2263 969 2533 1040 signiﬁcat
2582 969 2898 1027 Ecclesium.
2961 974 3246 1033 Dominum
3284 973 3468 1032 Jesum

1902 1056 2196 1125 Christum,
2240 1058 2380 1113 sicut
2420 1058 2533 1128 ipse
2574 1059 2689 1114 ait:
2720 1059 3014 1130 «Regnum
3054 1062 3150 1118 Dei
3192 1064 3333 1119 intra
3373 1079 3470 1121 vos

1903 1154 1988 1202 est
2012 1146 2164 1219 (Luc.
2189 1147 2345 1219 χιιι).
2376 1169 2398 1201 ι
2447 1148 2756 1206 Doetrinam
2798 1153 3304 1226 sancti,Evangelii,
3332 1157 3475 1212 sicut

1906 1236 2020 1306 ipse
2059 1235 2258 1294 ludatis
2296 1239 2439 1295 hanc
2480 1239 2718 1311 recipere
2759 1241 3065 1300 nolentibus
3105 1246 3278 1301 dixit:
3312 1265 3331 1299 ι
3361 1246 3473 1301 Au-

1906 1326 2112 1384 feretur
2132 1343 2165 1383 a
2185 1329 2337 1386 vobis
2369 1345 2594 1401 regnum
2626 1331 2741 1399 Dei,
2764 1340 2819 1388 et
2843 1333 3231 1404 dabiturgenti’
3250 1335 3471 1393 facienti

1908 1416 2114 1476 fructus
2151 1420 2270 1491 ejus
2306 1421 2521 1492 (Matth.
2547 1421 2685 1494 ιιι).
2719 1442 2739 1474 ι
2784 1422 3067 1481 Coeiestem
3103 1429 3333 1496 patriam
3358 1468 3374 1495 ,
3415 1438 3477 1483 ut

1906 1516 1989 1564 est
2030 1508 2196 1564 illud:
2230 1528 2249 1561 ί
2280 1509 2433 1565 Beati
2462 1511 2554 1582 qui
2587 1513 3015 1583 persecutionem
3049 1516 3327 1585 patiuntur
3350 1533 3476 1587 pro-

1907 1607 2027 1669 pter
2059 1599 2347 1668 justitiam,
2394 1602 2650 1673 queniam
2692 1603 2933 1675 ipsorum
2976 1614 3062 1662 est
3101 1621 3324 1678 regnum
3366 1624 3476 1663 ete-

241 1701 636 1767 rclioruitcaro
656 1722 776 1765 mea
795 1703 968 1777 (Paul.
998 1701 1190 1774 xxv").
1224 1719 1244 1753 ι
1270 1699 1340 1754 Ει
1363 1712 1578 1753 rursum
1603 1713 1616 1750 :
1656 1714 1676 1747 ι
1704 1694 1812 1750 Cor
1837 1765 1879 1777 κ
1909 1690 2088 1747 lorum
2110 1691 2324 1763 (Matth.
2348 1693 2427 1765 v).
2459 1713 2478 1746 ι
2529 1692 2787 1751 Sanctam
2819 1695 3141 1764 Ecclesium,
3173 1697 3317 1753 sicut
3351 1699 3480 1753 alibi

230 1814 413 1856 meum
453 1807 510 1854 et
550 1813 680 1854 caro
716 1765 838 1853 mea
878 1765 1287 1851 exsultaverunt
1330 1790 1382 1844 in
1426 1790 1592 1843 Deum
1625 1786 1806 1841 vivum
1836 1765 1883 1826 Β
1909 1786 2019 1840 ait:
2066 1804 2085 1839 ι
2130 1785 2231 1853 Qui
2273 1786 2495 1842 solverit
2532 1804 2697 1843 unum
2736 1789 2803 1844 de
2848 1789 3113 1845 mandatis
3155 1790 3275 1846 istis
3312 1790 3477 1846 mini-

231 1888 405 1960 (Paul.
431 1887 684 1959 uxun).
714 1906 734 1940 ι
778 1885 980 1941 Domus
1020 1884 1089 1939 ad
1123 1897 1285 1954 quam
1320 1887 1444 1950 post
1473 1877 1806 1934 curationem

231 1979 314 2034 ire
345 1977 618 2048 jubemur,
677 1977 962 2048 paradisus
1002 1983 1106 2030 est.
1167 1973 1249 2028 Ad
1290 1973 1392 2027 hoc
1431 1984 1563 2025 vero
1605 1967 1807 2023 conditi

231 2068 530 2134 fueramus,
560 2077 622 2123 ut
649 2068 696 2125 si
720 2069 927 2137 primus
956 2067 1117 2121 homo
1140 2079 1246 2119 non
1272 2071 1579 2133 peccasset,
1602 2062 1807 2130 absque

230 2157 347 2217 ulla
382 2156 791 2226 incorruptione
830 2155 887 2209 in
927 2168 992 2208 eo
1029 2166 1495 2222 permaneremus,
1540 2150 1635 2206 sed
1678 2149 1805 2219 quia

229 2248 507 2316 peccando
549 2245 618 2299 ab
662 2244 753 2299 illa
790 2242 1129 2307 recessimus,
1158 2256 1371 2311 aequum
1413 2246 1497 2295 est
1532 2247 1591 2294 ut
1636 2238 1807 2308 pinni-

232 2337 396 2392 tendo
422 2334 501 2401 ad
546 2333 693 2388 illam
735 2335 1038 2388 redeamus.
1087 2331 1170 2387 Ad
1217 2346 1378 2400 quam
1425 2329 1806 2385 ardentissimo

232 2439 419 2479 amore
451 2426 732 2494 pervenire
763 2426 986 2494 optabat
1020 2424 1129 2488 ille,
1169 2424 1259 2494 qui
1298 2423 1544 2478 dicebat:
1580 2440 1599 2473 ι
1630 2421 1807 2477 Unam

228 2514 359 2582 petii
400 2529 433 2569 a
475 2514 721 2578 Domino,
765 2515 905 2570 hanc
950 2514 1221 2584 requiram
1263 2511 1435 2584 (Psal.
1463 2511 1638 2581 xxvr).
1669 2531 1687 2564 ι
1738 2510 1807 2567 Et

229 2604 455 2665 iterum:
479 2624 498 2657 ι
522 2604 758 2663 Introibo
786 2606 839 2661 in
866 2606 1082 2669 domum
1105 2619 1273 2671 tuam,
1301 2606 1545 2670 Domine,
1569 2603 1805 2659 adoraho

230 2695 301 2750 ad
341 2696 597 2767 templum
634 2707 879 2753 sanetum
919 2707 1065 2753 tuum
1108 2698 1281 2767 (Paul.
1308 2699 1384 2767 v).
1419 2718 1436 2749 ι
1484 2697 1551 2751 Et
1576 2712 1798 2753 rursus:

235 2803 255 2837 ι
286 2785 565 2858 Ingrediar
599 2788 654 2843 in
694 2788 869 2845 locum
907 2788 1233 2844 tabernaculi
1268 2788 1601 2844 admirabilis
1632 2803 1804 2857 usque

230 2879 301 2935 ad
340 2876 557 2932 domum
598 2877 694 2934 Dei
742 2876 912 2949 (Psal.
954 2877 1086 2949 XLI).
1118 2899 1139 2932 ι
1199 2879 1256 2935 In
1299 2881 1403 2935 bac
1450 2880 1609 2935 domo
1654 2887 1804 2935 tanto

227 2969 458 3041 quisque
508 2970 841 3046 mansionem
898 2970 1135 3025 inveniet
1187 2970 1503 3041 ampliorem
1534 3009 1550 3036 ,
1599 2979 1802 3041 quanto

230 3063 286 3123 in
332 3064 586 3133 praesenti
625 3063 734 3123 vita
775 3064 974 3134 justius
1017 3063 1245 3130 vixerit,
1295 3063 1413 3133 ipso
1455 3063 1681 3120 Domino
1721 3065 1801 3120 di-

1828 3114 1872 3176 C

1906 1878 2029 1943 mis,
2077 1886 2132 1935 et
2174 1879 2418 1934 docuerit
2460 1879 2543 1935 sie
2588 1880 2856 1947 homines,
2904 1881 3160 1937 minimus
3199 1882 3483 1938 vocabitur

1906 1969 1975 2025 in.
2005 1984 2172 2040 regno
2209 1968 2698 2040 ctelorum(1bid.).
2731 1990 2750 2023 ι
2810 1970 2952 2041 Ergo
2991 1971 3047 2026 in
3085 1970 3191 2026 hoc
3232 1970 3351 2027 loco
3391 1988 3481 2027 re-

1905 2076 2069 2131 gnum
2102 2060 2366 2114 caelorum
2405 2068 2728 2130 praesentem
2769 2061 3039 2129 signiﬁcat
3072 2061 3388 2128 Ecelcsiam,
3430 2064 3485 2118 id

1905 2162 1993 2208 est
2018 2152 2499 2222 congregationem
2524 2150 2830 2222 justorum,
2868 2153 2924 2207 in
2955 2168 3061 2223 qua
3088 2153 3347 2208 Dominus
3376 2168 3484 2208 non

1906 2243 2081 2300 solum
2125 2250 2348 2315 regnat,
2397 2228 2490 2298 sed
2533 2243 2695 2297 etiam
2734 2244 2995 2314 quiescit,
3045 2245 3186 2300 sicut
3219 2245 3481 2316 scriptum

1905 2342 1991 2390 est
2023 2333 2077 2389 in
2112 2332 2437 2390 Salomone:
2471 2352 2489 2384 ‹
2521 2333 2717 2389 Anima
2748 2332 2900 2403 justi,
2937 2336 3092 2391 sedes
3125 2336 3423 2405 sapientia}.
3454 2355 3474 2390 ι

1908 2420 2048 2478 Sunt
2085 2421 2363 2488 nonnulli,
2417 2422 2508 2492 qui
2557 2421 2697 2478 hanc
2739 2424 2983 2478 eamdem
3030 2424 3318 2481 lectionem
3361 2438 3485 2480 esse

1906 2506 2130 2582 putant,
2167 2526 2330 2582 quam
2360 2510 2534 2568 Lucas
2563 2512 2663 2569 sub
2691 2513 3048 2584 appellatione
3074 2528 3246 2569 emitte
3274 2513 3482 2569 descri-

1906 2605 2034 2675 psit,
2051 2605 2144 2661 sed
2163 2605 2405 2677 qumdam
2427 2606 2568 2661 inter
2589 2618 2648 2661 se
2668 2606 2878 2663 diversa
2897 2621 3001 2663 con
3010 2607 3180 2663 linere
3203 2605 3478 2662 videntur:

1906 2696 2031 2766 quia
2060 2697 2134 2753 ibi
2158 2711 2336 2762 emno,
2379 2697 2468 2752 hie
2510 2697 2793 2767 prandium
2824 2684 3170 2753 nominatur:
3202 2697 3275 2752 ibi
3305 2697 3485 2753 nullus

1904 2785 1999 2856 qui
2043 2786 2288 2851 intravit,
2328 2800 2579 2857 egressus
2618 2784 2851 2857 legitur:
2900 2787 2988 2841 hic
3027 2787 3121 2857 qui
3164 2801 3287 2842 cum
3335 2795 3484 2841 veste

1906 2876 2133 2946 nuptiali
2170 2891 2279 2932 non
2318 2876 2637 2943 intraverat,
2672 2891 2802 2945 eum
2844 2891 3037 2947 magno
3079 2876 3342 2933 dedecore
3383 2890 3480 2931 ex-

1902 2971 2090 3042 pulsus
2122 2979 2398 3027 narratur.
2442 2969 2585 3026 Nam
2603 2970 2851 3041 quamvis
2884 2970 3215 3027 consuetudo
3240 2970 3485 3040 antiquis

1905 3060 2107 3127 fuerit,
2151 3059 2322 3117 semel
2365 3061 2421 3117 in
2463 3060 2551 3117 die
2594 3061 2898 3133 prandere,
2941 3069 2995 3116 et
3031 3060 3133 3118 hoc
3177 3060 3484 3145 convivium

230 3161 417 3211 cente:
452 3172 471 3205 ‹
500 3152 558 3208 In
586 3153 745 3209 domo
778 3153 952 3209 Patris
982 3153 1089 3209 inci
1119 3152 1429 3209 mansiones
1462 3153 1645 3215 multa:
1674 3162 1802 3209 sunt
1829 3152 1872 3176 υ
1900 3160 1963 3206 et
2000 3152 2286 3222 prandium
2331 3162 2582 3233 et'emna
2624 3161 2928 3219 vocaretur,
2975 3153 3118 3223 apud
3155 3167 3255 3207 nos
3304 3162 3485 3207 tamen

233 3242 416 3315 (Joau.
444 3242 579 3315 XIV).
606 3263 626 3298 ο
1064 3298 1069 3303 ,

311 3355 332 3389 ι
358 3336 617 3394 Videntes
655 3346 837 3394 autem
879 3339 1051 3394 turba:
1092 3338 1389 3399 timuerunt
1432 3346 1487 3396 et
1530 3339 1805 3411 gloriﬁca-

241 3445 265 3480 ι
291 3435 483 3483 verunt
524 3427 712 3492 Deum,
750 3428 844 3497 qui
887 3429 1035 3483 dedit
1066 3436 1388 3498 potestatem
1431 3429 1593 3485 talem
1635 3429 1809 3484 homi-

238 3537 258 3571 ‹
292 3519 469 3574 nibus.
500 3536 522 3572 ι
579 3517 636 3578 In
682 3520 787 3574 hoc
848 3517 966 3575 loco
1016 3519 1321 3575 declaratur
1366 3526 1625 3590 quantum
1667 3519 1809 3574 inter

235 3612 449 3667 doctam
487 3611 749 3667 malitiam
791 3619 849 3669 et
883 3619 1125 3668 sanctam
1183 3611 1585 3681 simplicitatem
1625 3610 1804 3667 distet.

234 3698 444 3756 Scribis
481 3699 627 3757 enim
666 3699 837 3754 Deum
876 3699 1400 3770 hlasphemantibua,
1450 3700 1651 3767 turbae,
1692 3715 1813 3770 qua:

237 3790 418 3845 minus
461 3788 687 3845 erudita:
724 3797 902 3854 erant,
942 3789 1058 3860 ejus
1092 3805 1256 3861 opera
1290 3791 1558 3857 videntes,
1584 3805 1705 3846 cum
1747 3790 1813 3846 ti-

237 3897 392 3941 more
426 3890 481 3937 et
509 3882 873 3937 admiratione
911 3880 1353 3952 gloriﬁcaverunt
1389 3883 1579 3938 Deum.
1626 3880 1733 3936 Sed
1756 3888 1815 3935 et

238 3975 347 4029 hoc
384 3972 625 4044 quotidie
664 3971 723 4026 lit
760 3973 813 4027 in
849 3972 1092 4028 Ecclesia
1136 3973 1191 4028 in
1230 3974 1587 4030 conversione
1622 3987 1815 4044 pecea-

238 4077 453 4134 torum,
502 4068 628 4138 quia
673 4068 802 4125 dum
844 4068 1069 4139 quilibet
1111 4067 1450 4126 facinorosus
1491 4070 1702 4141 publice
1746 4069 1815 4126 ad

241 4157 414 4212 Deum
463 4156 828 4221 convertitur,
890 4166 945 4212 et
994 4174 1091 4229 per
1142 4160 1514 4228 pmnitentiam
1571 4168 1815 4224 curatur,

241 4244 400 4300 multi
439 4244 494 4299 in
533 4242 649 4313 ejus
682 4246 1036 4305 conversione
1072 4246 1392 4304 immensam
1429 4247 1522 4302 Dei
1561 4249 1818 4318 pietatem

242 4336 565 4407 gloriﬁcent.
633 4336 793 4393 Juxta
839 4338 1173 4408 superiorem
1217 4354 1436 4395 sensum
1485 4340 1655 4394 turba:
1695 4355 1820 4408 quae

245 4427 457 4493 timent,
501 4429 763 4484 immundi
804 4429 1026 4499 spiritus
1066 4429 1288 4501 intelligi
1328 4441 1575 4502 possunt,
1612 4432 1705 4501 qui
1739 4433 1819 4487 vi-

244 4518 435 4574 dentes
464 4527 773 4590 peecatores
806 4534 902 4591 per
934 4518 1146 4575 Domini
1178 4521 1606 4577 incarnationem
1629 4523 1696 4578 de
1718 4539 1814 4578 sua

245 4618 512 4679 potestate
533 4611 693 4680 eripi,
716 4609 910 4666 timore
931 4618 987 4664 et
1006 4610 1364 4667 admiratione
1387 4612 1638 4668 concussi
1667 4623 1812 4670 sunt.

249 4698 403 4755 Unde
427 4708 481 4756 et
500 4714 596 4770 per
617 4700 896 4757 obsessum
918 4701 1189 4756 hominem
1211 4700 1604 4772 loquebantur:
1635 4722 1653 4755 ι
1678 4703 1817 4770 Quid

249 4789 405 4843 nobis
429 4798 483 4843 et
511 4788 624 4856 tibi,
657 4789 756 4844 Fili
784 4788 921 4844 Dei?
960 4789 1151 4844 venisti
1178 4797 1303 4848 ante
1330 4799 1539 4862 tempus
1566 4800 1817 4862 torquere

250 4894 350 4934 nos
376 4878 588 4951 (Matth.
616 4882 758 4949 vui).
783 4899 801 4931 ι
849 4879 915 4934 Et
950 4888 1010 4934 ut
1038 4880 1366 4951 evangelista
1399 4884 1510 4936 ait:
1544 4901 1565 4934 ι
1595 4882 1817 4939 Multum

253 4971 516 5041 rogabant
557 4985 680 5025 eum
703 4969 961 5026 daemonia
986 4978 1042 5025 ut
1065 4986 1171 5025 non
1201 4986 1295 5027 eos
1321 4972 1559 5028 mitteret
1580 4974 1633 5028 in
1656 4974 1818 5046 abys-

250 5076 374 5123 sum
401 5060 549 5133 (Luc.
573 5062 712 5132 vni).
748 5081 766 5113 ι

753 5193 1029 5250 HOMILIA
1068 5196 1330 5252 CXXXV.

282 5314 287 5319 '
379 5296 626 5360 nouimus
666 5322 906 5379 messim
945 5295 1107 5361 ιιιιιιιλ
1143 5322 1273 5365 rosr
1309 5324 1707 5366 PENTECOSTEN.

284 5404 289 5409 ’
331 5416 573 5488 (Manu.
600 5417 757 5489 χχιι.)
786 5438 804 5469 ι
828 5418 885 5473 in
909 5418 999 5474 illo
1021 5426 1281 5490 tempore.
1309 5420 1657 5493 Loquebatur
1674 5423 1831 5481 Jesus

265 5530 291 5563 ι
321 5526 443 5566 cum
486 5512 762 5587 discipulis
801 5512 913 5566 suis
955 5511 1008 5565 in
1046 5513 1341 5583 parabolis,
1382 5516 1606 5571 dicens:
1648 5515 1834 5574 Simile

268 5588 293 5655 ι’
322 5603 525 5659 factum
545 5612 629 5660 est
652 5619 872 5675 regnum
897 5603 1157 5659 caelorum
1196 5604 1400 5660 homini
1426 5608 1538 5678 regi
1562 5608 1654 5678 qui
1704 5608 1835 5665 fecit

267 5712 305 5761 «-
325 5695 538 5767 nuptias
574 5694 685 5750 ﬁlio
723 5710 821 5752 suo
853 5703 908 5749 et
951 5695 1098 5750 misit
1132 5710 1322 5753 servos
1361 5711 1487 5755 suos
1516 5712 1714 5763 vocare
1752 5701 1834 5758 in-

1904 3246 2155 3305 usitatius
2193 3254 2317 3314 post
2355 3245 2641 3314 prandium
2677 3257 2833 3300 caena
2873 3253 3061 3310 restat,
3103 3253 3229 3315 post
3266 3259 3481 3300 coenam

1905 3352 2035 3393 vero
2074 3336 2280 3392 nullum
2318 3336 2629 3393 convivium
2674 3345 2937 3391 remanet.
3000 3333 3151 3390 Unde
3194 3350 3292 3403 per
3335 3334 3481 3389 illam

1908 3443 2119 3485 coenam
2166 3427 2406 3483 Ecclesia
2452 3426 2735 3497 ﬁguratur,
2787 3425 2969 3495 qualis
3004 3425 3114 3480 erit
3155 3424 3211 3479 in
3257 3422 3479 3478 futuro:

1907 3520 2129 3590 per'hoc
2148 3533 2278 3575 vero
2300 3517 2609 3589 prandium,
2632 3515 2807 3586 qualis
2832 3524 2915 3572 est
2939 3514 2993 3569 in
3012 3514 3287 3585 praesenti.
3314 3513 3485 3569 Homo

1911 3611 2016 3666 iste
2055 3624 2148 3667 rex
2182 3608 2501 3678 spiritaliter
2521 3607 2664 3663 Deus
2684 3607 3026 3677 omnipotens
3049 3612 3153 3670 est,
3180 3603 3347 3660 Filius
3369 3602 3486 3673 ejus

1908 3702 2170 3760 Dominus
2188 3699 2344 3757 Jcsus
2363 3701 2634 3766 Christus,
2653 3700 2723 3756 de
2742 3715 2850 3770 quo
2871 3714 2967 3769 per
2988 3697 3328 3754 Psalmistam
3354 3696 3464 3753 diei
3484 3729 3491 3739 ι

1912 3801 2001 3849 tur
2023 3811 2036 3848 :
2060 3811 2079 3845 ι
2099 3793 2264 3859 Deus,
2278 3790 2545 3860 judicium
2569 3799 2716 3846 tuum
2737 3790 2847 3861 regi
2869 3791 2935 3846 da
2959 3787 3134 3860 (Prol.
3148 3786 3321 3858 ιχχι),
3337 3805 3355 3839 ι
3376 3794 3485 3843 etc.

1913 3884 2015 3952 Qui
2041 3884 2169 3940 fecit
2189 3883 2404 3955 nuptias
2429 3882 2538 3937 lilio
2568 3897 2689 3947 suo,
2729 3881 2944 3952 quando
2979 3896 3076 3952 per
3098 3878 3488 3949 incarnationis

1912 3975 2230 4047 mysterium
2268 3974 2318 4030 ei
2360 3982 2602 4030 sanctam
2636 3972 2934 4033 Ecclesiatn
2970 3970 3219 4037 sociavit,
3254 3984 3363 4027 non
3395 3970 3495 4025 ha-

1914 4066 2131 4123 bentem
2172 4064 2437 4123 maculam
2474 4079 2653 4135 neque
2693 4078 2914 4135 rugam,
2960 4062 3028 4119 de
3065 4078 3172 4134 qua
3216 4077 3312 4134 per
3350 4060 3494 4131 Apo-

1916 4157 2112 4214 stolum
2154 4157 2390 4214 dicitur:
2418 4175 2440 4217 ς
2471 4157 2739 4227 Despondi
2781 4157 2929 4212 enim
2968 4171 3064 4215 vos
3100 4155 3195 4212 uni
3229 4156 3348 4211 viro
3387 4154 3497 4209 vir-

1915 4248 2095 4319 ginem
2135 4256 2342 4304 castam
2385 4249 2642 4305 exhibere
2683 4246 2900 4303 Christo
2934 4245 3025 4318 (II
3065 4245 3190 4301 Cor.
3235 4246 3334 4315 xi).
3371 4263 3389 4295 ι
3436 4243 3497 4298 In

1919 4339 2122 4409 nuptiis
2162 4355 2294 4399 vero
2341 4339 2450 4394 duo
2500 4338 2819 4410 junguntur,
2882 4352 3109 4407 sponsus
3163 4344 3219 4391 et
3271 4349 3493 4405 sponsa.

1922 4429 2165 4501 Sponsus
2208 4430 2354 4486 enim
2396 4429 2643 4485 Christus
2682 4436 2800 4493 est,
2843 4428 2908 4484 de
2950 4442 3056 4496 quo
3096 4440 3194 4494 per
3232 4423 3496 4479 Joannem

1923 4520 2149 4581 dicitur:
2171 4539 2190 4572 ι
2212 4520 2314 4588 Qui
2338 4520 2497 4576 habet
2520 4534 2772 4588 sponsam
2802 4532 3030 4588 sponsus
3051 4524 3134 4571 est
3157 4515 3339 4585 (Juan.
3357 4516 3457 4583 ιιι).
3472 4533 3491 4565 ι

1922 4609 2144 4666 Amicus
2166 4618 2345 4663 autem
2370 4608 2571 4677 sponsi,
2597 4606 2691 4676 qui
2721 4612 2828 4660 stat
2861 4613 2917 4660 et
2947 4604 3098 4659 audit
3126 4619 3274 4667 cum,
3301 4603 3497 4675 gaudio

1926 4701 2121 4770 gaudet
2160 4709 2380 4770 propter
2417 4713 2604 4753 vocem
2650 4698 2850 4766 sponsi.
2908 4695 3118 4766 Sponsa
3162 4704 3346 4752 sancta
3393 4695 3495 4750 Ec-

1925 4791 2089 4847 clesia
2128 4799 2233 4857 est,
2275 4790 2363 4845 cui
2402 4804 2499 4860 per
2532 4789 2848 4860 prophetam
2889 4788 3127 4843 dicitur:
3162 4807 3181 4840 ι
3215 4786 3496 4857 Sponsabo

1928 4893 1981 4940 te
2019 4883 2152 4937 mihi
2196 4883 2251 4937 in
2287 4882 2499 4952 justitia
2538 4892 2592 4938 et
2631 4882 2860 4938 veritate
2904 4879 3050 4951 (Ore.
3092 4881 3177 4952 ιι).
3213 4900 3231 4935 ι
3290 4881 3367 4937 De
3411 4880 3497 4936 his

1927 4974 2125 5045 nuptiis
2140 4972 2374 5029 Joannes
2397 4973 2450 5026 in
2471 4972 2785 5043 Apocalypsi
2812 4972 3049 5043 loquitur
3067 4973 3281 5029 dicens:
3307 4992 3326 5027 ι
3348 4972 3505 5028 Beati

1928 5065 2018 5137 qui
2064 5064 2131 5119 ad
2175 5077 2387 5119 coenam
2433 5064 2740 5132 nuptiarum
2786 5062 2909 5135 agni
2950 5063 3125 5119 vocati
3167 5071 3293 5121 sunt
3315 5064 3502 5134 (Apoc.

1930 5155 2066 5225 xix).
2097 5174 2114 5205 ι
2166 5155 2234 5208 Ει
2268 5155 2498 5211 iterum:
2531 5174 2549 5205 ι
2587 5154 3019 5211 Vidieivitatem
3064 5162 3307 5210 sanctam
3349 5151 3507 5209 Jeru-

1930 5249 2099 5307 salem
2139 5248 2554 5303 descendentem
2600 5247 2666 5302 de
2712 5247 2848 5303 emlo
2871 5246 3054 5318 (Apoc.
3079 5246 3216 5317 xu).
3243 5267 3262 5299 ι
3311 5247 3508 5319 Thala-

1935 5356 2055 5405 mus
2098 5338 2257 5408 hujus
2300 5338 2514 5408 sponsi,
2566 5345 2750 5394 uterus
2792 5337 3072 5408 genitricis
3111 5338 3246 5402 fuit,
3290 5338 3355 5392 de
3398 5351 3506 5404 quo

1935 5431 2003 5485 ad
2033 5429 2460 5501 conjungendam
2500 5428 2601 5484 sibi
2642 5429 2958 5494 Ecclesiam,
2992 5428 3137 5484 velut
3170 5441 3399 5499 Sponsus
3436 5425 3509 5481 de

1936 5521 2175 5579 thalamo
2212 5534 2310 5575 suo
2346 5520 2627 5589 processit.
2678 5518 2830 5575 Unde
2862 5534 2991 5591 cum
3025 5516 3309 5589 Apostolus
3344 5529 3511 5584 expo-

1936 5621 2091 5668 neret
2120 5610 2509 5676 testimonium,
2542 5611 2687 5681 quod
2719 5611 2903 5681 primo,
2929 5607 3132 5664 homini
3168 5607 3368 5661 dictum
3396 5604 3511 5661 rue.-

1938 5710 2060 5784 rat‘:
2092 5700 2373 5783 «Propter
2404 5703 2527 5786 hoc
2544 5701 2813 5783 relinquet
2851 5700 3012 5757 homo
3052 5706 3260 5769 patrem
3300 5704 3356 5749 et
3393 5708 3513 5774 ma;
