4002 6348
506 323 610 379 719

1152 316 1502 372 HUIMUNIS
1541 309 2017 368 HALBERSTAT.
2070 306 2283 361 EPISC.
2323 306 2473 361 OPP.
2518 306 2694 362 PARS
2732 306 2792 360 ll.
2822 337 2892 346 —
2928 305 3163 362 llOMiL.

3670 304 3786 359 7‘20

507 451 666 501 trem,
698 443 752 489 et
774 431 1065 489 adhaerebit
1103 430 1255 483 uxori
1281 424 1412 493 suae,
1446 447 1465 478 ι
1491 435 1545 482 et
1570 426 1795 496 reliqua,
1833 422 2093 477 rmttiuuo
2120 422 2166 481 Α
2198 419 2426 487 repleti,
2474 429 2536 475 ut
2579 437 2703 475 cum
2741 420 3030 476 Psalmista
3067 421 3248 476 dicere
3287 421 3533 490 possint:
3568 441 3590 473 ε
3625 422 3791 477 Sient

508 526 705 597 adjecit
748 540 765 579 :
820 545 837 575 ι
890 524 1300 577 Saeramentum
1359 520 1460 571 hoc
1506 532 1761 587 magnum
1805 525 1907 570 est.
1973 513 2086 583 Ego

508 625 689 672 autem
736 616 858 670 dico
901 615 953 668 in
999 610 1238 667 Ecclesia
1287 617 1343 665 et
1395 610 1447 664 in
1497 608 1714 664 Christo
1754 604 1982 677 (Epltes.
2017 620 2085 671 v;

508 705 802 775 Comm.»
955 738 961 744 -
1008 736 1027 747 η
1097 740 1101 745 ι
1188 752 1194 760 .

560 814 607 847 rc
631 797 696 851 Et
716 796 865 850 misit
884 809 1071 850 servos
1092 808 1220 850 suos
1238 806 1432 849 vocare
1452 791 1705 847 invitatos
1728 789 1792 846 ad
1814 782 2087 858 nuptias.)

510 886 570 942 Si
594 900 808 943 servum
836 886 999 958 lugeri
1008 900 1146 951 mus,
1165 893 1224 940 ut
1244 884 1495 940 nonnulla
1516 883 1714 937 habent
1734 879 2085 949 exemplaria,

508 976 725 1048 Moysen
749 972 1048 1047 intelligere
1072 975 1357 1040 debemus;
1385 968 1430 1029 si
1460 981 1637 1027 autem
1661 971 1947 1043 pluraliter
1974 982 2086 1024 ser-

510 1085 634 1136 vos,
679 1069 1018 1139 patriarchas
1066 1076 1121 1123 et
1160 1068 1453 1138 prophetas
1496 1064 1745 1135 accipere
1772 1075 2080 1134 possumus.

508 1162 650 1216 Misit
678 1154 811 1229 ergo
836 1153 1019 1214 servos
1050 1172 1241 1212 vocare
1270 1157 1524 1211 invitatos
1560 1155 1627 1208 ad
1666 1154 1909 1222 nuptias,
1957 1152 2084 1221 quia

508 1252 896 1306 incarnationis
925 1266 1035 1305 snze
1063 1242 1375 1321 mysterium
1399 1262 1496 1316 per
1516 1245 1853 1316 patriarchas
1881 1253 1936 1297 et
1961 1258 2083 1313 pro-

505 1343 696 1409 phetas
738 1339 890 1408 longe
929 1347 1056 1393 ante
1096 1332 1277 1392 dicere
1307 1330 1527 1390 'voluit:
1572 1334 1665 1404 qui
1709 1333 1971 1404 plurimos
2013 1331 2080 1384 ad

502 1431 703 1489 Christi
725 1431 957 1500 nuptias
984 1437 1346 1491 vocaverunt,
1387 1426 1511 1497 quia
1543 1441 1639 1495 per
1666 1425 1925 1496 Spiritum
1957 1438 2081 1478 san-

502 1528 667 1583 ctum,
701 1518 1238 1578 adventumClu-isti
1291 1519 1646 1587 praevidentes
1694 1516 1816 1571 aliis
1863 1531 2078 1570 aninm-

503 1610 793 1665 tiaveruut.
844 1609 950 1665 Sed
987 1608 1143 1664 valde
1177 1607 1464 1663 dolendum
1501 1616 1586 1661 est
1622 1606 1765 1675 quod
1802 1604 2077 1658 subdidit:

507 1721 526 1753 σ
557 1701 625 1756 Ει
643 1700 898 1757 nolebant
919 1701 1118 1756 venire.
1142 1720 1161 1752 ι
1197 1700 1262 1754 Et
1282 1698 1504 1769 pulchre
1525 1698 1723 1753 dicitur
1738 1715 1750 1750 :
1767 1715 1793 1747 -ι
1814 1695 2078 1751 Nolebant

499 1790 705 1846 venire.
738 1809 756 1842 ι
805 1790 942 1857 Quia
982 1788 1197 1859 plurimi
1228 1802 1339 1860 :per
1375 1789 1667 1859 prophetas
1702 1787 2073 1842 annuntiatum
2105 1774 2153 1834 Β

499 1882 815 1946 audierunt,
832 1881 925 1935 sed
952 1890 1131 1935 tamen
1156 1878 1442 1935 venturum
1469 1879 1689 1934 minime
1710 1877 2073 1933 crediderunt.

499 1972 668 2030 Oll‘ert
695 1972 841 2029 Deus
865 1973 1008 2041 quod
1042 1971 1215 2041 rogari
1250 1970 1530 2035 debuerat,
1569 1986 1674 2026 non
1705 1979 1923 2041 rogatus
1950 1969 2079 2023 dare

496 2064 719 2134 paratus
746 2062 859 2127 est”,
889 2063 1031 2131 quod
1064 2062 1152 2117 vix
1186 2061 1333 2117 credi
1364 2061 1562 2132 potuit,
1593 2060 1860 2128 ut‘largiri
1891 2061 2079 2130 digna-
2110 2074 2115 2077 ν

495 2161 649 2207 retur
669 2152 832 2207 etiam
856 2150 1176 2221 postulatus.
1209 2149 1313 2205 Sed
1337 2149 1549 2221 reprehi
1573 2149 1638 2203 ad
1664 2149 1875 2219 nuptias
1895 2149 2079 2203 venire

500 2242 727 2307 nolunt,
769 2242 895 2311 quia
926 2242 1041 2312 ejus
1068 2240 1405 2309 jnssionibus
1430 2254 1527 2311 per
1552 2239 1719 2294 multa
1750 2254 1914 2309 opera
1945 2253 2077 2292 con-

500 2332 790 2387 tradicunt.
824 2332 955 2398 Qui:
999 2341 1124 2386 sunt
1163 2330 1402 2385 nonnulli
1426 2330 1517 2399 qui
1547 2345 1650 2385 non
1677 2329 1848 2384 solum
1872 2343 1933 2382 ea
1960 2343 2079 2397 qua:

496 2425 598 2478 sibi
630 2424 992 2488 conveniunt;
1014 2439 1041 2477 a
1074 2423 1184 2477 Deo
1217 2438 1323 2476 non
1358 2420 1873 2490 postulant,.verum
1911 2419 2076 2475 etiam
2106 2435 2118 2463 ’-

494 2516 672 2571 oblata
693 2515 795 2571 sibi
817 2516 1065 2585 accipere
1088 2522 1339 2570 renuunt.
1369 2512 1479 2569 Nec
1502 2522 1679 2567 tamen
1707 2511 1885 2567 divina
1908 2511 2079 2580 pietas

497 2618 907 2664 contemnentes
928 2624 993 2663 se
1023 2606 1355 2671 contemnit,
1388 2621 1510 2662 cum
1540 2606 1606 2662 ad
1634 2621 1745 2671 eos,
1776 2605 1863 2674 qui
1894 2602 2079 2661 venire

494 2698 780 2763 nolebant,
829 2699 1025 2753 iterum
1058 2698 1205 2752 misit
1235 2696 1369 2753 alios
1397 2711 1603 2751 servos.
1641 2696 1841 2759 Servi,
1870 2693 1961 2764 qui
1990 2709 2077 2749 se-

494 2791 671 2845 cunde
698 2790 1008 2855 mittuntur,
1038 2787 1264 2859 apostoli
1295 2784 1421 2842 sunt
1450 2786 1810 2857 intelligendi,
1839 2785 1929 2855 qui
1958 2790 2080 2855 post

495 2879 1166 2936 Dominiincarnationem
1199 2878 1266 2932 ad
1296 2878 1697 2949 praaﬁcandum
1728 2874 2078 2946 Evangelium
2114 2916 2118 2921 .

494 2980 623 3027 sunt
651 2971 825 3026 missi.
856 2970 958 3039 Qui
989 2978 1137 3026 tanto
1162 2970 1412 3049 securius
1439 2968 1726 3023 adventum
1753 2967 1951 3023 Christi
1983 2982 2081 3020 an-

494 3064 918 3129 nuntiaverunt,
964 3072 1166 3132 quanto
1206 3064 1275 3117 ab
1307 3062 1424 3131 ipso
1453 3076 1549 3118 ore
1581 3061 1826 3116 veritatis
1856 3059 2078 3115 uberius

2194 513 2352 581 adipe
2394 522 2447 567 et
2490 514 2817 585 pinguedine
2864 511 3137 581 repleatur
3179 513 3355 566 anima
3407 528 3526 567 mea
3576 512 3785 579 (Paul.

2194 601 2348 672 Lxrt).
2380 620 2403 653 ι
2432 602 2500 657 Et
2523 603 2750 658 iterum:
2775 620 2792 653 ι
2813 600 3162 672 lmpiuguasti
3187 602 3239 655 in
3263 600 3381 657 oleo
3407 612 3571 670 caput
3594 619 3785 657 meum

2112 734 2117 739 .
2193 691 2541 762 (Psal.xxn).
2562 712 2581 745 ι
2611 692 2716 748 Sed
2743 693 2795 747 in
2815 691 3546 762 prteparationenuptiartun
3568 692 3784 749 Christi

2190 797 2312 839 cum
2345 787 2516 840 tauris
2545 786 2713 839 altilia
2747 794 2875 838 sunt
2902 785 3106 847 occisa,
3134 784 3257 853 quia
3292 783 3488 837 Patres
3512 785 3647 839 Novi
3677 787 3783 840 Te-

2190 877 2442 930 stamenti
2471 891 2568 948 pro
2598 876 2977 945 prmdicationc
3003 874 3274 945 Evangelii
3305 866 3664 944 cerporaliter
3692 877 3785 931 iu-

2188 967 2471 1021 terierunt.
2514 968 2619 1021 Alii
2648 966 2892 1022 crucifixi
2922 975 3081 1031 sunt,
3111 974 3171 1019 ut
3199 966 3437 1033 Petrus;
3467 967 3558 1020 alii
3589 968 3780 1022 decol-

2189 1056 2321 1121 lati,
2361 1066 2419 1110 ut
2455 1057 2691 1123 Paulus;
2728 1058 2817 1112 alii
2862 1057 3082 1127 lapidati
3113 1065 3271 1123 sunt,
3314 1067 3374 1112 ut
3412 1058 3777 1128 Stephanus;

2186 1146 2275 1201 alii
2304 1147 2432 1218 igne
2450 1149 2694 1212 cremati,
2719 1158 2777 1201 nt
2804 1148 3130 1202 Laurentius
3154 1165 3172 1212 ;
3207 1147 3303 1202 alii
3329 1148 3574 1214 lacerati,
3602 1161 3660 1204 et
3686 1167 3783 1205 se»

2185 1239 2420 1293 cundum
2464 1239 2823 1308 Apostolum:
2868 1259 2885 1289 ι
2916 1239 3259 1293 Cireuiernnt
3310 1239 3363 1292 in
3413 1239 3667 1304 melotis,
3714 1243 3777 1295 iu

2184 1329 2414 1400 pellibus
2452 1330 2689 1399 caprinis
2720 1330 2910 1401 (Hebr.
2935 1331 3090 1401 si)!»
3136 1328 3366 1385 Omnem
3400 1340 3583 1385 autem
3612 1348 3775 1387 occa—

2185 1416 2392 1477 sionem
2436 1422 2732 1477 excusandi
2778 1422 2953 1478 aufert
2992 1438 3086 1478 rex
3108 1464 3122 1487 ,
3161 1439 3281 1477 cum
3311 1423 3485 1490 dicit:
3516 1442 3539 1476 ι
3571 1424 3773 1479 Omnia

2184 1520 2393 1586 parata.
2420 1535 2437 1567 ι
2465 1514 2653 1570 Omnia
2676 1516 2818 1570 enim
2841 1524 3027 1586 parata
3050 1526 3196 1579 sunt,
3218 1516 3343 1583 quia
3367 1517 3453 1571 ille
3473 1512 3774 1586 singularis

2184 1623 2354 1677 agnus
2381 1608 2591 1663 occisus
2617 1620 2731 1673 est,
2774 1608 2826 1661 in
2856 1606 3009 1676 cujus
3046 1608 3212 1679 ﬁgura
3245 1609 3425 1662 omnia
3463 1624 3763 1678 przecesse-

2185 1710 2326 1753 runt.
2385 1699 2512 1753 Sive
2539 1708 2685 1754 certe
2718 1699 2897 1753 omnia
2937 1707 3125 1770 parata
3164 1708 3334 1765 sunt,
3382 1702 3510 1771 quia
3557 1690 3768 1757 nullum

2181 1790 2486 1860 exemplum
2515 1792 2730 1846 virtutis
2756 1799 2839 1845 est
2865 1798 3204 1851 sanctorum,
3246 1792 3388 1860 quod
3419 1792 3484 1845 ad
3518 1802 3765 1847 nostram

2181 1882 2531 1937 imitationem
2576 1883 2627 1936 in
2670 1882 2926 1952 operibus
2966 1896 3154 1937 eorum
3199 1881 3607 1937 manifestatum
3648 1881 3766 1951 jam

2182 1988 2286 2026 non
2330 1971 2419 2027 sit.
2474 1970 2592 2026 Jam
2638 1973 2781 2026 enim
2829 1966 3194 2025 innocentiam
3240 1970 3372 2026 Abel
3422 1973 3762 2036 audivimus,

2180 2062 2539 2118 obedientiam
2566 2061 2831 2129 Abrahae,
2877 2062 3251 2117 castimoniam
3291 2062 3476 2126 Isaac.
3528 2064 3758 2118 tolera»-

2182 2153 2310 2206 tiam
2339 2151 2527 2215 Jacob,
2564 2153 2822 2206 militiam
2868 2153 3071 2223 Moysi,
3104 2154 3536 2208 misericordiam
3568 2154 3746 2214 David,

2181 2246 2495 2314 patientiam
2521 2244 2619 2300 Job
2647 2246 2971 2309 audivimus,
3000 2253 3057 2299 ct
3084 2244 3242 2298 linem
3268 2246 3481 2300 Domini
3508 2246 3749 2300 vidimus.

2182 2335 2286 2389 Sed
2331 2335 2548 2405 reprobi
2592 2350 2816 2399 ninnes,
2865 2336 2993 2390 dum
3047 2336 3279 2390 terrenis
3323 2336 3531 2391 divitiis
3575 2338 3756 2407 acqui-

2181 2424 2366 2479 rendis
2410 2425 2647 2479 studiose
2690 2425 2929 2485 inhiant,
2972 2440 3082 2479 non
3126 2425 3299 2480 solum
3342 2419 3629 2481 servorum
3671 2428 3758 2487 Dei

2180 2515 2425 2584 exempla
2467 2514 2666 2569 imitari
2710 2524 3078 2578 contemnunt,
3110 2516 3203 2570 sed
3241 2518 3406 2571 etiam
3446 2518 3623 2586 ipsius
3663 2517 3763 2571 Do-

2180 2611 2309 2665 mini
2355 2610 2514 2665 verba
2571 2608 2848 2665 imitantis
2904 2608 3092 2666 audire
3138 2607 3440 2682 negligant.
3510 2609 3666 2664 Unde
3710 2619 3758 2665 et

2179 2698 2426 2758 subditur
2449 2720 2463 2757 :

2255 2814 2273 2846 ι
2300 2795 2377 2849 Illi
2410 2804 2591 2852 autem
2624 2797 2996 2867 neglexerunt,
3027 2804 3082 2851 et
3110 2796 3380 2863 abierunt,
3413 2796 3559 2852 alius
3587 2797 3642 2851 in
3666 2796 3760 2850 vil-

2185 2901 2203 2933 ι
2241 2883 2346 2938 lam
2385 2899 2558 2939 suam.
2591 2905 2610 2938 ›
2659 2885 2798 2953 Quid
2839 2900 2935 2955 per
2974 2886 3189 2951 villam,
3230 2886 3332 2940 nisi
3376 2894 3597 2941 terrena
3636 2888 3763 2940 sub—

2180 2976 2377 3029 stantia
2431 2976 2788 3048 designatur?
2836 2976 2917 3031 Ad
2958 2976 3141 3030 villam
3187 2978 3387 3048 quippe
3434 2977 3593 3032 vadit
3635 2978 3762 3046 qui,

2182 3074 2395 3122 terrena
2424 3077 2481 3124 et
2507 3068 2773 3140 superflua
2803 3070 3052 3139 diligens,
3079 3069 3358 3125 caelestem
3386 3071 3631 3141 patriam
3663 3085 3765 3125 non

493 3154 730 3210 Verbum
776 3153 1015 3210 divinum
1063 3153 1390 3211 audierunt-
1433 3150 1539 3207 Sed
1584 3152 1709 3229 quia
1754 3150 2076 3221 plerumque
2103 3133 2147 3195 C
2182 3159 2429 3227 requirit.
2466 3133 2708 3230 Cumque
2735 3133 3406 3217 naturalemintellectum.
3425 3177 3539 3218 non
3573 3163 3630 3217 in
3658 3176 3766 3217 ser—

493 3247 637 3315 apud
663 3245 972 3311 auditorum
1011 3254 1220 3301 mentes
1261 3244 1382 3315 plus
1421 3244 1666 3315 exempla
1707 3259 1870 3315 quam
1906 3242 2073 3298 verba
2118 3260 2121 3263 ‘

491 3340 801 3412 proﬁciunt,
830 3348 977 3396 recte
1006 3339 1060 3394 in
1092 3340 1328 3395 secunda
1357 3337 1678 3392 invitatione
1703 3336 1941 3391 dicitur:

556 3450 586 3483 ‘a
612 3431 792 3487 Dicite
820 3429 1063 3485 invitatis
1089 3443 1104 3482 :
1147 3428 1285 3484 Ecce
1316 3427 1604 3498 prandium
1641 3441 1819 3481 meum
1842 3425 2075 3495 paravi,

499 3552 516 3581 ι
546 3529 695 3585 tauri
726 3528 834 3584 mei
862 3536 919 3585 et
950 3526 1118 3582 altilia
1150 3518 1332 3581 occisa
1352 3532 1521 3590 sunt,
1547 3519 1615 3578 ‘et
1640 3521 1821 3578 omnia
1850 3529 2037 3591 parata
2058 3560 2075 3588 ,

498 3648 516 3678 ι
548 3626 729 3679 venite
756 3624 826 3679 ad
853 3621 1091 3692 nuptias.
1114 3620 1132 3671 ι
1168 3618 1225 3673 lu
1256 3617 1427 3673 tauris
1454 3624 1509 3672 et
1535 3615 1772 3670 altilibus
1796 3614 2079 3682 utriusque

496 3713 832 3771 Testamenti
867 3703 1085 3768 sanctos
1114 3708 1307 3764 Patres
1339 3706 1656 3776 accipimus,
1686 3702 1902 3758 Veteris
1932 3702 2079 3758 scili-

494 3816 582 3861 cet
601 3822 666 3862 ac
687 3804 840 3860 Navi.
876 3802 1087 3858 Taurus
1105 3802 1251 3856 enim
1276 3806 1471 3854 erecta:
1491 3796 1719 3852 cervicis
1747 3805 1833 3851 est
1856 3795 2074 3860 animal,

495 3886 698 3953 cornua
728 3896 782 3951 in
812 3894 990 3964 capite
1016 3906 1243 3963 gerens,
1286 3889 1483 3961 quibus
1520 3903 1581 3943 se
1609 3886 1864 3943 defendat
1890 3894 1947 3942 et
1978 3885 2078 3940 mi-

497 4001 631 4042 nora
662 3983 918 4039 animalia
950 3989 1170 4036 terreat.
1221 3979 1375 4035 Unde
1408 3985 1464 4033 et
1496 3992 1594 4047 per
1621 3985 1807 4032 tauros
1843 3991 1952 4031 non
1991 3975 2075 4029 in-
2112 4018 2115 4021 ς

494 4093 728 4151 congrue
766 4076 956 4130 Patres
984 4072 1198 4128 Veteris
1235 4070 1568 4127 Testamenti
1604 4064 1947 4139 accipimus,
1983 4069 2077 4139 qui

2179 3251 2310 3305 vitio
2340 3251 2465 3316 Dei,
2511 3252 2606 3305 sed
2645 3252 2700 3305 in
2741 3252 2971 3306 terrenis
3010 3253 3308 3308 commodis
3345 3266 3615 3323 occupat,
3662 3269 3765 3308 non

2180 3340 2352 3396 solum
2372 3340 2454 3394 ad
2480 3339 2696 3406 villam,
2733 3341 2828 3396 scd
2857 3341 3020 3396 etiam
3054 3336 3122 3397 ad
3141 3343 3582 3412 negotiationem
3615 3359 3764 3400 suam

2183 3431 2377 3501 pergit.
2429 3429 2581 3485 Unde
2618 3430 2755 3487 bene
2794 3431 3077 3487 subditur:
3113 3452 3133 3484 ι
3164 3433 3316 3490 Alius
3341 3449 3474 3490 vero
3506 3435 3579 3489 ad
3608 3450 3766 3505 nego.

2186 3541 2203 3572 ι
2228 3522 2513 3577 tiationem
2543 3536 2720 3577 suam.
2748 3542 2771 3575 τ
2791 3522 2929 3591 Quid
2956 3538 3054 3594 per
3069 3525 3640 3596 negotiationem,nisi
3663 3527 3767 3580 cal-

2182 3612 2415 3668 liditates
2443 3619 2497 3667 et
2522 3612 2738 3684 ingenia
2779 3614 3197 3683 ligurantur?-ln
3233 3615 3612 3686 negotiatione
3641 3629 3769 3669 vero

2182 3702 2285 3757 hoc
2310 3702 2507 3773 agitur,
2525 3711 2584 3758 ut
2607 3702 2749 3772 quod
2772 3704 2930 3758 vilius
2954 3705 3172 3769 emitur,
3198 3706 3381 3759 carius
3401 3707 3753 3760 veunndetur.

2190 3790 2509 3861 Quicunque
2533 3807 2665 3863 ergo
2692 3801 2808 3846 arte
2829 3792 2917 3846 vel
2948 3793 3162 3864 ingenio
3194 3794 3390 3865 injusta
3420 3795 3570 3849 lucra
3595 3807 3753 3863 appe-

2184 3880 2276 3945 tit,
2305 3880 2461 3949 quasi
2491 3880 2561 3935 ad
2588 3882 3005 3953 negotiationem
3035 3899 3289 3955 pergens,
3321 3885 3391 3939 ad
3420 3886 3648 3955 nuptias
3672 3884 3764 3939 Dei

2182 3970 2367 4024 venire
2394 3970 2714 4026 contemnit.
2755 3973 2828 4027 Dc
2861 3973 3058 4028 talibus
3085 3974 3201 4028 sine
3225 3974 3396 4030 dubio
3424 3976 3505 4029 ait
3531 3976 3766 4046 Aposto-

2181 4063 2302 4117 lus:
2337 4081 2356 4114 ι
2387 4062 2490 4129 Qui
2520 4063 2705 4119 volunt
2732 4065 2927 4120 divites
2958 4066 3073 4120 ﬂeri
3093 4106 3107 4129 ,
3142 4065 3391 4122 incidunt
3418 4068 3478 4121 in
3515 4069 3771 4123 tentatio-

493 4170 621 4223 dum
644 4182 709 4222 ex
733 4163 1089 4236 promissione
1112 4162 1244 4230 legis
1265 4155 1613 4232 aeceperant,
1636 4168 1696 4214 ut
1722 4159 1818 4215 Dei
1844 4173 2080 4229 suosque
2181 4169 2303 4210 nem
2335 4162 2392 4209 et
2414 4154 2664 4224 laqueum
2695 4155 2915 4220 diaboli,
2945 4164 3001 4211 et
3026 4156 3295 4211 desideria
3325 4158 3499 4211 multa
3531 4160 3765 4219 inutilia,

492 4259 738 4315 inimicos
764 4246 1116 4327 corporaliter
1138 4253 1383 4319 ferirent,
1409 4253 1564 4323 quasi
1588 4253 1646 4307 in
1674 4252 1850 4323 rapite
1872 4266 2078 4308 cornua

490 4351 795 4423 gestabant.
827 4348 936 4404 Sed
967 4348 1020 4402 in
1053 4345 1451 4418 praeparatione
1479 4345 1789 4415 nuptiarum
1822 4343 1960 4401 tauri
1984 4358 2082 4398 oc-

490 4444 588 4499 cisi
620 4428 787 4506 sunt,
832 4439 955 4511 quia
1002 4453 1125 4494 cum
1172 4436 1600 4493 incarnationem
1626 4434 1844 4490 Christi
1888 4435 2079 4489 Patres

489 4532 706 4588 Veteris
736 4528 1067 4587 Testamenti
1103 4527 1489 4597 praedicerent,
1532 4517 1768 4581 nonnulli
1800 4524 2075 4581 interfecti

487 4630 614 4678 sunt
638 4639 652 4675 :
688 4620 776 4676 alii
805 4621 964 4683 secti,
992 4627 1051 4674 ut
1075 4618 1243 4674 Isaias
1267 4634 1282 4685 ;
1313 4617 1403 4672 alii
1432 4616 1674 4687 lapidati,
1705 4624 1763 4670 ut
1786 4614 2072 4673 Jerem‘ias.

486 4713 667 4767 Altilia
697 4719 878 4767 autem
905 4710 1051 4765 dicta
1080 4716 1208 4763 sunt
1236 4709 1392 4779 quasi
1421 4707 1610 4763 alitilia
1630 4747 1645 4772 ,
1687 4721 1807 4777 qute
1834 4721 1935 4761 nos
1961 4704 2078 4760 vul-

486 4800 603 4871 gari
631 4800 899 4856 locutione
926 4813 1087 4853 manu
1117 4806 1294 4869 pasta,
1337 4797 1390 4853 id
1414 4805 1499 4853 est
1524 4792 1769 4867 saginata
1802 4795 2076 4866 appellare

485 4891 891 4947 consuevimus.
948 4891 1091 4961 Ergo
1135 4906 1234 4962 per
1277 4889 1446 4945 altilia
1496 4884 1739 4960 apostoli
1775 4895 2105 4956 eorumque

487 4994 832 5037 successores
881 4980 1203 5051 figurantur,
1232 4981 1325 5053 qui
1377 4981 1503 5037 dum
1556 4988 1803 5035 terrenas
1853 4979 2074 5034 divitias

488 5077 868 5137 contemnere,
912 5080 967 5126 et
1011 5071 1232 5128 cceleste
1274 5086 1499 5141 regnum
1531 5084 1715 5125 amare
1741 5067 2068 5136 didicerunt,

487 5162 643 5233 quasi
674 5162 837 5217 altilia
876 5177 1049 5233 penna
1086 5162 1560 5233 contemplationis
1593 5175 1714 5215 sese
1743 5162 1810 5215 ad
1838 5154 1946 5215 alta
1979 5179 2069 5217 su—
2096 5170 2101 5177 '

487 5253 704 5309 stollere
733 5264 1031 5319 noverunt,
1066 5255 1306 5310 dicentes
1335 5268 1455 5308 cum
1483 5253 1742 5322 Apostolo
1768 5267 1783 5305 :
1818 5272 1836 5304 ‹
1872 5253 2066 5309 Nostra

486 5356 670 5403 autem
714 5347 1056 5403 conversatio
1101 5346 1156 5400 in
1206 5344 1358 5400 cretis
1384 5353 1468 5398 est
1497 5343 1717 5414 (Philip.
1748 5346 1851 5414 ιιι).
1890 5366 1907 5396 ι
1962 5347 2065 5413 Qui

2108 4486 2155 4544 D

2180 4260 2302 4313 qua:
2329 4251 2579 4314 mergunt
2604 4244 2875 4298 hominem
2911 4247 2976 4300 ad
3004 4246 3285 4300 interitum
3316 4255 3374 4302 et
3397 4249 3767 4318 perditionem

2182 4333 2233 4404 (I
2261 4333 2395 4388 Tim.
2419 4336 2518 4404 vt).
2549 4353 2567 4385 ι
2605 4334 2669 4388 Et
2696 4334 2940 4403 quisquis
2968 4336 3051 4390 his
3076 4336 3291 4392 deditus
3316 4332 3506 4402 fuerit,
3540 4353 3769 4394 necesse

2182 4433 2267 4479 est
2294 4434 2483 4481 utnon
2532 4424 2706 4491 solum
2738 4425 3048 4490 mendacia,
3092 4424 3282 4480 verum
3326 4427 3497 4482 etiam
3529 4426 3768 4497 perjuria

2183 4516 2447 4571 incurrat.
2482 4516 2584 4583 Qui
2612 4525 2791 4569 autem
2822 4516 2901 4571 eis
2929 4516 3247 4583 deseruerit,
3276 4519 3345 4573 ad
3372 4523 3595 4587 nuptias
3616 4521 3771 4575 Chri-

2185 4608 2287 4673 sti,
2325 4616 2385 4662 ut
2414 4608 2671 4673 diximus,
2700 4607 2888 4662 venire
2914 4609 3235 4663 contemnit.
3285 4608 3440 4666 Unde
3476 4610 3771 4682 Apostolus

2184 4697 2261 4752 ait
2292 4715 2304 4750 :
2339 4715 2357 4748 ι
2388 4695 2557 4752 Nemo
2593 4697 2837 4752 militans
2884 4699 2995 4752 Deo
3025 4698 3264 4767 implicat
3299 4714 3358 4755 se
3395 4702 3634 4771 negotiis
3668 4720 3768 4759 sa:-

2185 4788 2477 4854 cularihus,
2508 4797 2568 4844 ut
2591 4788 2804 4860 placeat
2833 4790 2903 4844 illi
2930 4790 3017 4845 cui
3044 4806 3102 4845 se
3128 4791 3376 4861 probavit
3403 4793 3453 4864 (1
3477 4794 3621 4850 Tim.
3639 4798 3721 4867 ιι).
3745 4816 3764 4849 ι

2177 4880 2244 4934 Ει
2262 4880 2526 4937 ιιιιοοιιιιεε
2558 4901 2577 4933 ι
2600 4882 2702 4949 Qui
2728 4878 2956 4937 vetuerit
2984 4884 3192 4939 amicus
3218 4899 3338 4941 esse
3362 4887 3551 4943 saeculi
3583 4890 3765 4959 hujus,

2176 4972 2430 5027 inimicus
2460 4974 2552 5029 Dei
2582 4976 2935 5029 constituitur
2960 4974 3101 5046 (Jac.
3129 4977 3227 5047 tv).
3258 4995 3277 5027 ι

2252 5083 2269 5114 ι
2304 5063 2511 5134 Reliqui
2544 5080 2673 5119 vero
2703 5073 2991 5120 tenuerunt
3017 5079 3202 5121 servos
3231 5065 3366 5135 ejus,
3398 5077 3452 5123 et
3480 5080 3769 5127 contume-

2181 5176 2199 5207 ε
2229 5155 2300 5211 lia
2328 5156 2550 5212 allectos
2578 5156 2916 5213 occiderunt.
2949 5178 2967 5209 ι
3004 5156 3148 5215 Inter
3172 5173 3268 5213 eos
3291 5160 3382 5229 qui
3415 5163 3644 5217 verbum
3674 5164 3770 5218 Dei

2177 5248 2365 5303 audire
2392 5248 2706 5320 uegligunt,
2751 5234 2805 5304 et
2834 5264 2928 5303 eos
2963 5249 3054 5318 qui
3094 5250 3310 5305 nuntios
3343 5264 3769 5324 persequuntur,

2176 5356 2367 5410 magna
2399 5324 2785 5421 distantia'est.
2822 5339 2960 5395 Sunt
2999 5340 3239 5395 nonnulli
3266 5343 3357 5412 qui
3400 5359 3503 5398 nec
3540 5349 3768 5423 verbum

486 5452 609 5491 cum
654 5438 722 5490 ab
761 5437 928 5508 ipsius
956 5436 1168 5490 Domini
1198 5448 1293 5489 ore
1319 5434 1577 5489 doctrina:
1616 5436 1869 5504 pabulum
1908 5452 2101 5492 acce--
2174 5432 2268 5488 Dei
2293 5434 2479 5488 audire
2521 5433 2833 5503 dignantur,
2878 5441 2933 5487 et
2973 5443 3099 5488 sunt
3138 5432 3229 5488 alii
3271 5433 3363 5504 qui
3403 5428 3628 5491 verbum
3666 5437 3771 5494 Dei

487 5536 716 5595 perunt,
762 5526 916 5596 quasi
958 5540 1117 5591 manu
1163 5524 1301 5593 pasti
1345 5533 1507 5587 sunt,
1557 5534 1813 5594 tantoque
1852 5525 2097 5580 brevius
2173 5526 2418 5589 audiunt,
2467 5526 2561 5580 sed
2605 5540 2769 5594 Opere
2804 5524 3027 5595 implere
3066 5533 3441 5580 contemnunt.
3487 5528 3629 5583 Sunt
3670 5530 3769 5585 alii

486 5617 1105 5686 spiritualipinguedine
1144 5625 1269 5670 sunt
1307 5616 1567 5685 saginati,
1608 5625 1812 5687 quanto
1844 5619 2070 5673 manife-
2171 5618 2333 5671 etiam
2381 5616 2472 5686 qui
2521 5631 2628 5670 non
2666 5615 2840 5670 solum
2869 5616 3094 5672 verbum
3149 5617 3243 5672 Dei
3286 5616 3626 5688 despiciunt,
3665 5621 3771 5677 sed

488 5706 704 5763 stiuset
722 5707 1025 5777 perfectius
1052 5705 1289 5775 ejusdem
1314 5705 1550 5775 Spiritus
1580 5708 1753 5762 sancti
1777 5708 1919 5764 dono
1942 5717 2070 5765 sunt
2171 5708 2333 5763 etiam
2361 5708 2742 5777 przcdicatorcs
2768 5707 2916 5763 verbi
2948 5707 3087 5765 odiis
3114 5698 3169 5763 et
3198 5708 3389 5781 gladiis
3423 5725 3768 5781 persequun-
