4002 6348
264 402 366 458 ειη
872 402 877 405 η
1461 390 1765 449 nonth
1804 390 1891 446 ne
1929 386 2274 446 TEMPOltE.
2370 378 2377 383 '
2524 384 2533 388 '
2848 386 2857 433 ῖ
2996 454 3001 458 ι
3380 390 3515 444 .729.

262 531 375 577 tur.
420 516 499 574 [lli
531 531 658 574 vero
698 516 940 572 districte
980 498 1266 568 damnandi
1308 519 1433 567 sunt
1474 510 1564 580 qui
1616 508 1835 563 verbum
1868 510 1912 567 Λ
1943 512 2049 561 tate
2071 505 2316 576 judieas,
2349 512 2408 560 et
2444 522 2566 563 cum
2599 522 2789 577 magna
2821 504 3118 562 reverentia
3149 504 3388 572 disponis
3419 512 3516 559 nes
3605 576 3612 584 ι

264 611 365 665 Dei
405 625 509 663 non
548 608 772 663 audiunt
820 624 833 659 :
872 605 964 660 sed
1005 604 1084 658 illi
1132 601 1428 656 districtius
1468 598 1559 668 qui
1601 596 1839 651 auditum
1942 596 2097 668 (Sap.
2126 596 2205 666 ιι).
2241 614 2261 646 ι
2294 596 2361 650 Et
2391 612 2486 666 per
2511 596 2868 667 prophetam:
2907 615 2925 645 ‹
2964 594 3073 664 Ego
3104 609 3222 648 sum
3251 595 3424 659 Deus,
3459 604 3518 654 et

264 699 489 769 implere
521 696 810 769 negligunt.
842 695 974 763 Quia
1006 695 1144 749 sicut
1175 691 1434 747 Dominus
1469 688 1547 744 ait
1589 688 1641 741 in
1671 678 1845 740 Evan—

262 795 407 864 gelio
433 811 445 846 :
492 813 511 844 ι
543 791 744 846 Servus
772 790 1016 844 nesciens
1048 786 1372 840 voltmtatem
1403 781 1603 837 domini
1634 781 1747 843 sui,
1785 788 1840 832 et
1920 780 1925 799 ί

258 901 372 940 non
415 883 650 945 faciens.
692 881 864 951 plagis
907 878 1177 949 vapulabit
1209 877 1428 947 paucis;
1460 875 1635 928 sciens
1666 883 1843 926 autem

257 987 321 1032 et
355 992 459 1031 non
500 964 704 1030 faciens
743 975 922 1045 digne,
964 971 1134 1043 plagis
1177 970 1449 1040 vapulabit
1486 967 1667 1023 multis
1692 954 1841 1037 (Luc.

228 1070 405 1139 ,xu).
435 1087 452 1119 ι
490 1066 750 1122 Severius
793 1079 1024 1135 namque
1070 1062 1143 1117 illi
1184 1061 1358 1115 adhuc
1396 1057 1670 1127 iudicandi
1720 1063 1844 1109 sunt

260 1160 359 1229 qui
395 1171 586 1214 manus
623 1173 653 1212 a
678 1150 1065 1228 persecutione
1108 1152 1520 1223 praedicatorum
1569 1148 1844 1204 continere

226 1234 239 1327 η’
256 1267 371 1306 non
391 1257 635 1320 possunt.
664 1248 815 1303 Unde
841 1256 897 1302 et
925 1244 1207 1302 subditur:

336 1362 356 1393 ‹
390 1343 497 1396 Rex
531 1348 710 1395 autem
740 1354 861 1394 eum
891 1337 1156 1399 audisset,
1204 1333 1374 1387 iratus
1411 1337 1522 1393 est,
1569 1338 1624 1385 et
1667 1328 1843 1383 missis

262 1455 286 1485 ‹
318 1412 796 1495 οιετοῑιίδυεέιιίδ,
828 1428 1060 1499 perdidit
1085 1424 1382 1481 homicidas
1408 1423 1548 1488 illos,
1578 1431 1629 1478 et
1658 1422 1841 1476 eivita~

220 1582 229 1593 ε
261 1545 283 1573 α
318 1532 423 1579 tem
452 1537 637 1578 eorum
669 1519 967 1575 succendit.
1002 1539 1020 1570 ι
1055 1516 1184 1584 Qua:
1212 1514 1529 1578 similitudo,
1562 1512 1604 1567 si
1636 1512 1841 1583 specia~

254 1616 387 1670 liter
414 1615 480 1669 ad
512 1613 763 1684 populum
787 1609 1094 1665 Judazorum
1127 1606 1411 1671 referatur,
1439 1604 1725 1659 manifeste
1751 1618 1841 1673 pa-

252 1715 346 1760 ter
376 1692 501 1776 quia
532 1718 717 1759 servos
756 1703 847 1757 Dei
886 1698 1227 1757 contumeliis
1255 1696 1567 1762 affecerunt,
1603 1696 1840 1777 quando,

1945 706 2050 745 non
2078 698 2255 743 mutor
2284 687 2439 760 (Hal.
2475 688 2580 757 tu).
2618 709 2636 741 ι

2021 804 2038 833 ι
2076 783 2223 837 'l‘une
2267 783 2338 836 ait
2379 782 2552 838 servis
2598 783 2711 837 suis
2748 801 2761 836 :
2814 783 3020 852 Nuptim
3052 783 3267 853 quidem
3313 792 3516 852 paratae

1918 890 1923 897 ·
1951 893 1968 925 ι
2000 883 2141 939 sunt,
2173 874 2263 928 sed
2294 876 2381 943 qui
2414 858 2622 928 invitati
2673 883 2825 929 erant
2870 891 2974 929 non
3005 876 3231 930 fuerunt
3246 876 3411 946 digni.
3442 877 3517 930 lle.

1951 985 1971 1018 ι
2006 983 2133 1039 ergo
2160 969 2226 1021 ad
2247 967 2423 1021 exitus
2447 956 2691 1031 viarum,
2717 975 2772 1021 et
2797 983 3147 1037 quoscunque
3164 969 3513 1035 .invpneritis.

1913 1059 1919 1063 ’
1952 1078 1969 1107 ι
2001 1065 2188 1112 γοοκιρ
2216 1056 2279 1110 ad
2309 1056 2537 1125 nuptias.
2566 1076 2582 1106 ι
2611 1055 2666 1109 in
2690 1057 2775 1109 bis
2796 1056 2973 1111 verbis
3002 1054 3211 1111 Domini
3236 1057 3519 1112 manifeste

1912 1147 2245 1205 'Judmortnn
2285 1148 2537 1218 repuisio,
2585 1157 2641 1201 et
2682 1147 2922 1216 gentium
2954 1149 3163 1202 vocatio
3185 1148 3514 1219 designatur.

1943 1242 1999 1295 ln
2030 1243 2127 1295 via-
2143 1240 2284 1296 enim
2311 1226 2579 1309 quondam
2608 1236 2775 1294 Juda‘i
2821 1236 3065 1304 stabant,
3110 1241 3323 1309 quando
3351 1239 3517 1295 Deum

1922 1325 2061 1388 ἐαξη
2111 1339 2531 1403 cognoscentes,
2585 1328 2789 1401 legalia’
2822 1337 3089 1401 praecepta
3139 1330 3514 1386 observabant.

1944 1427 2053 1483 Sed
2086 1427 2312 1483 Domino
2334 1428 2584 1484 veniente
2611 1428 2664 1481 in
2695 1441 2879 1492 carne,
2907 1426 2959 1480 bi
2988 1426 3078 1495 qui
3108 1426 3316 1481 invitati
3362 1435 3520 1482 erant

1941 1534 2046 1573 non
2077 1516 2294 1572 fuerunt
2322 1518 2491 1589 digni,
2517 1519 2644 1590 quia
2671 1533 2775 1572 non
2803 1517 3071 1572 credendo
3101 1517 3155 1570 in
3178 1510 3323 1581 eum,
3356 1530 3517 1588 quem

1912 1594 2261 1677 'prmnissum
2293 1609 2581 1673 habebant,
2606 1606 2852 1662 fecerunt
2882 1620 2941 1662 se
2966 1621 3085 1661 esse
3115 1606 3381 1677 indignos.
3410 1607 3519 1662 Sed

1941 1698 2181 1767 nunquid
2209 1697 2531 1774 quiadudaai
2560 1698 2745 1754 venire
2784 1697 3003 1763 nolunt,
3032 1692 3180 1752 locus
3208 1699 3515 1769 nuptiarum

252 1797 401 1852 sicut
444 1795 520 1849 ait
567 1794 721 1852 liber.
743 1790 969 1847 Actu'um
1012 1789 1374 1859 apostolorum
1414 1806 1426 1841 :
1471 1807 1487 1838 ε
1517 1786 1667 1840 Ibant
1710 1800 1841 1854 gau-
1871 1778 2035 1862 __'Dei
2064 1806 2266 1846 vacuus
2290 1778 2631 1848 remanebit?
2658 1792 2829 1847 Absit.
2854 1791 2988 1846 Nam
3002 1782 3256 1862 protinus
3280 1786 3420 1847 servi
3450 1794 3519 1847 ad

222 1948 229 1954 ,
256 1890 450 1942 dentes
478 1885 725 1956 discipuli
752 1901 781 1938 a
810 1891 1103 1952 conspectu
1136 1879 1383 1944 concilii,
1411 1877 1664 1948 quoniam
1693 1875 1838 1947 digni
1945 1882 2181 1950 gentium
2219 1884 2555 1938 vocationem
2602 1883 2905 1948 mittuntur,
2952 1884 3074 1935 ettltt
3125 1872 3357 1937 dicitur:
3392 1901 3411 1933 ι
3442 1881 3520 1938 Ite

222 1978 428 2047 ,habiti
456 1987 582 2033 sunt
608 1993 706 2047 pro
731 1977 948 2032 nomine
985 1973 1110 2029 Jcsu
1152 1970 1530 2027 contumeliam
1561 1970 1668 2038 pati
1700 1968 1835 2038 (Act.

252 2068 334 2138 v).
368 2088 386 2121 ι
424 2068 756 2137 Stephanum
784 2058 1009 2134 quoque
1047 2061 1444 2131 lapidaveruut,
1493 2069 1548 2114 et
1582 2057 1836 2113 Jacobum

218 2138 231 2217 ί
253 2158 468 2237 Iustum
508 2156 908 2237 praecipitantes
950 2154 1015 2208 de
1057 2150 1343 2237 pinnaculo
1384 2151 1586 2220 templi,
1629 2148 1841 2205 occide-

257 2232 388 2304 runt.
413 2248 550 2318 (Act.
567 2232 995 2320 vti).Quodcum
1023 2232 1263 2298 audisset
1290 2257 1403 2309 rex,
1423 2242 1527 2297 illis
1554 2242 1605 2295 in
1634 2240 1838 2295 malitia

223 2332 998 2408 .perseverantibus,‘mittens
1021 2333 1156 2391 duos
1183 2332 1546 2390 Romanorum
1571 2331 1839 2402 principes

222 2442 379 2494 ,eum
398 2428 724 2484 exercitibus
751 2429 864 2483 suis
889 2446 903 2482 :
926 2426 1317 2499 Vespasianum
1343 2425 1547 2481 scilicet
1566 2422 1838 2484 etTitum,

226 2551 230 2557 μ
248 2522 463 2585 patrem
482 2517 664 2587 utique
679 2525 733 2573 et
756 2517 941 2582 lilium,
960 2518 1193 2590 perdidit
1210 2514 1509 2574 homicidas
1534 2511 1682 2576 illos;
1708 2509 1840 2591 civi-

228 2614 419 2671 tatem
471 2623 685 2678 quoque
717 2609 962 2677 illorum,
1000 2610 1053 2665 id
1086 2620 1168 2665 est
1201 2608 1526 2681 prxecipuam
1542 2601 1836 2659 Jerusalem

222 2702 376 2777 igne
399 2703 819 2768 succenderunt,
844 2704 918 2759 ita
945 2711 1027 2768 ut,
1046 2704 1199 2775 juxta
1218 2700 1427 2757 Domini
1450 2712 1657 2761 vocem,
1685 2715 1703 2746 ι
1733 2686 1838 2773 non

216 2864 219 2867 ἰ
245 2795 327 2852 sit
354 2793 578 2851 relictus
598 2796 654 2850 in
688 2811 751 2851 ea
783 2796 917 2866 lapis
942 2809 1107 2866 super
1131 2794 1361 2864 lapidem
1386 2789 1577 2860 (Marc.
1612 2785 1832 2867 xxtn).i

221 2886 317 2963 .Si
337 2870 518 2965 autem
549 2886 876 2969 generaliter
906 2887 1031 2969 bzeq
1047 2882 1299 2954 parabola
1328 2881 1394 2935 ad
1425 2893 1613 2969 omnes
1635 2889 1836 2969 Areproe

248 2975 352 3032 bos
383 2975 673 3040 referatur,
696 2966 862 3030 datur
892 2966 1116 3044 intelligi
1144 2973 1270 3043 quia
1301 2986 1404 3026 non
1431 2968 1604 3024 solum
1633 2967 1687 3020 in
1718 2966 1838 3049 ani-

220 3052 464 3139 _mabus,
506 3067 600 3123 sed
624 3066 789 3121 etiam
820 3065 873 3119 in
904 3063 1219 3134 corporibus
1244 3059 1534 3116 damnandi
1562 3065 1704 3121 sunt,
1745 3055 1837 3125 qui

220 3161 413 3221 :verba
434 3140 713 3213 invitantis
734 3157 827 3211 Dei
856 3157 1039 3211 audire
1068 3153 1360 3224 negligant.
1390 3148 1671 3204 Exercitus
1690 3145 1846 3199 enim.

220 3230 392 3320 ,rcgis
432 3248 608 3304 nostri
654 3246 881 3316 angelici
929 3252 1057 3299 sunt
1100 3242 1347 3313 spiritus,
1377 3239 1517 3292 unde
1574 3236 1832 3289 Dominus

247 3338 496 3403 sabaoth,
527 3337 581 3392 id
610 3344 695 3391 est
721 3335 977 3391 Dominus
1002 3332 1336 3388 exercituum
1366 3328 1581 3381 dicitur.
1613 3324 1689 3379 De
1713 3322 1830 3405 qui-

243 3429 350 3484 bus
398 3412 488 3503 ait
519 3416 706 3482 Daniel
744 3418 820 3481 τ’.
868 3424 1030 3479 Millia
1079 3422 1305 3478 millium
1354 3406 1734 3473 ministrabant
1780 3416 1830 3503 ei

220 3496 410 3594 '(Dan.
439 3501 559 3594 vn),
591 3538 610 3571 ι
640 3527 694 3574 et
720 3518 946 3589 reliqua.
989 3516 1166 3573 Missis
1190 3529 1318 3586 ergo
1346 3511 1672 3589 exercitibus
1694 3496 1829 3575 suis,

239 3593 481 3681 perdidit
512 3597 813 3667 homicidas
844 3598 1141 3679 illos,'quia
1176 3623 1335 3663 omne
1354 3605 1617 3677 judicium
1647 3605 1698 3658 in
1729 3596 1828 3658 bo-

236 3703 482 3773 minibus
499 3701 842 3781 perangelos
857 3716 985 3773 suos
999 3700 1317 3781 impleturus
1339 3706 1443 3762 est,
1462 3697 1603 3769 sicut
1622 3696 1735 3781 ipse
1753 3694 1830 3750 ait

214 3793 297 3871 'in
315 3774 653 3865 Evangelio:
671 3811 689 3844 ι
711 3792 888 3847 Mittet
915 3776 1055 3847 filius
1079 3778 1318 3867 hominis
1346 3787 1563 3859 angelos
1591 3774 1738 3867 suos,
1775 3793 1829 3871 et

1860 3206 1905 3266 C

1942 1985 2068 2041 ergo
2110 1971 2177 2025 ad
2215 1971 2393 2027 exitus
2433 1972 2662 2026 viarum.
2698 1992 2716 2025 ι
2752 1971 2826 2027 De
2868 1971 3101 2028 exitibus
3137 1986 3266 2041 ergo
3304 1964 3518 2027 viarum

1908 2043 2155 2131 gentilis
2202 2061 2428 2131 populus
2474 2070 2696 2131 vocatus
2734 2069 2855 2138 est,
2884 2061 3121 2130 quando,
3164 2052 3373 2115 nullam
3421 2063 3516 2117 Dei

1941 2152 2300 2222 cpgnitionem
2329 2152 2552 2222 habens,
2571 2154 2638 2209 ab
2664 2150 2930 2208 idolorum
2952 2152 3161 2208 cultura
3192 2140 3258 2207 ad
3284 2140 3518 2209 creduli-

1944 2252 2105 2298 tatem
2124 2244 2219 2298 Dei
2247 2244 2506 2300 adductus
2533 2254 2634 2301 est.
2655 2244 2760 2301 Sed
2777 2246 2902 2316 quia
2927 2261 3034 2300 non
3052 2245 3118 2300 ad
3146 2231 3516 2303 solosJudaeos

1941 2333 2081 2401 hanc
2125 2334 2470 2402 parabolam,
2518 2335 2724 2391 sed‘ad
2772 2350 2870 2391 nos
2910 2336 3179 2406 pertinere
3224 2326 3515 2402 credimus,

1913 2430 1918 2505 ξ
1941 2423 2081 2478 sicut
2098 2424 2210 2479 vias
2232 2416 2471 2481 actiones
2496 2426 2811 2497 accipimus,
2841 2418 2919 2483 sic
2942 2428 3118 2505 exitus
3137 2428 3345 2483 viarum
3364 2428 3515 2485 defe-

1941 2522 2059 2570 ctus
2084 2515 2312 2571 dicimus
2339 2517 2631 2573 actionum.
2652 2518 2794 2593 Sunt
2819 2502 3230 2574 enimnonnulli
3248 2514 3353 2589 qui
3409 2535 3515 2575 non

1942 2604 2099 2663 facile
2127 2608 2194 2663 ad
2223 2593 2392 2665 Deum
2417 2618 2824 2677 convertuntur,
2868 2611 2970 2683 nisi
3013 2611 3164 2685 prius
3187 2605 3517 2682 proSperitas

1906 2695 2100 2781 I’hujus
2127 2697 2309 2753 saeculi
2352 2699 2433 2754 eis
2475 2699 2719 2764 deficiat,
2754 2701 2897 2779 sicut
2940 2702 3197 2772 scriptum
3226 2696 3355 2781 est:
3394 2719 3414 2752 ι
3451 2700 3520 2755 Et

1940 2789 2313 2843 tantummodo
2338 2789 2552 2863 vexatio
2596 2791 2935 2847 intellectum
2960 2792 3108 2847 dabit
3142 2780 3348 2848 aeditui
3377 2792 3512 2863 (ha.

1941 2866 2155 2946 xxvm).
2189 2896 2208 2929 ι
2241 2877 2308 2931 Et
2337 2877 2623 2955 Psalmista
2655 2898 2670 2935 :
2704 2902 2723 2933 ι
2760 2882 2891 2937 Cum
2916 2883 3188 2939 occideret
3214 2899 3342 2949 eos,
3372 2898 3519 2954 qua:-

1906 2968 2127 3022 ‘rcbant
2151 2984 2272 3023 cum
2310 2970 2482 3041 (Paul.
2514 2974 2742 3045 Lxxvn),
2784 2995 2800 3024 ι
2836 2985 2892 3030 et
2918 2987 3134 3032 caetera.
3186 2978 3517 3048 Frequenter

1907 3054 2080 3143 :cnim
2121 3061 2363 3116 nonnulli
2413 3062 2611 3119 divinis
2644 3065 2867 3140 flagellis
2906 3070 3147 3137 percussi
3189 3056 3256 3126 ad
3286 3071 3515 3126 salutem

1940 3148 2194 3215 redeunt,
2223 3151 2323 3220 qui”
2349 3152 2394 3206 si
2425 3151 2477 3206 in
2509 3156 2956 3225 prosperitatibus
2987 3160 3165 3215 smculi
3191 3146 3516 3228 permansis-

1938 3248 2077 3303 sent,
2110 3240 2297 3323 utique
2328 3243 2586 3311 perirent,
2611 3245 2807 3313 quibus
2826 3262 2922 3316 per
2945 3250 3261 3319 prophetam
3284 3240 3510 3307 dicitur:

1914 3347 1958 3411 ‘r
1995 3326 2161 3399 Virga
2200 3338 2253 3385 et
2298 3330 2507 3402 flagello
2551 3334 3054 3406 castigaheris,lilia
3103 3338 3255 3407 Sion,
3300 3350 3359 3396 ttt
3401 3329 3508 3398 non

1909 3417 2174 3500 odiscedat
2199 3419 2348 3499 zelus
2370 3438 2524 3489 meus
2545 3438 2574 3477 a
2600 3410 2651 3479 te
2673 3425 2887 3497 (Ezecla.
2915 3416 3092 3504 xxtn).
3119 3450 3136 3481 ι
3167 3428 3326 3486 Tales
3351 3432 3513 3503 signi-

1911 3509 2115 3595 ‘ficat'it
2153 3514 2242 3579 ille
2295 3531 2430 3587 puer
2477 3514 2981 3589 Amalecbites,'de
3019 3514 3125 3593 quo
3170 3504 3239 3579 in
3264 3506 3272 3517 ’
3302 3525 3508 3597 Regum

1912 3603 2089 3688 libris
2106 3604 2302 3677 legitur
2331 3606 2384 3678 (Ι
2406 3607 2537 3681 Reg.
2563 3610 2693 3683 xxx)
2720 3628 2735 3691 ς
2765 3606 2889 3683 quia
2916 3604 3268 3691 Amalechitis
3293 3615 3509 3686 fugien—
3606 3636 3609 3641 ‘

1932 3695 2109 3762 tibus,
2156 3697 2401 3755 infirmus
2428 3700 2481 3755 in
2510 3689 2907 3768 via-remansit,
2945 3689 3109 3776 quem
3133 3690 3306 3762 David
3329 3696 3512 3777 perste-

1904 3784 2130 3873 :qncns,
2180 3778 2547 3865 Amalechita‘s
2574 3786 2808 3863 reperit,
2845 3798 2999 3866 eique
3027 3798 3209 3853 cibum
3233 3804 3297 3853 et
3320 3786 3506 3868 potum

1931 3868 2150 3943 tribuit,
2178 3873 2358 3949 atque
2387 3890 2571 3951 postea
2599 3884 2789 3960 ducem
2816 3886 2907 3941 sui
2930 3882 3139 3943 itineris
3164 3876 3308 3944 fecit.
3345 3882 3508 3944 Ama-

214 3862 592 3963 :colligcntde
636 3898 803 3954 regno
850 3883 968 3953 ejus
995 3862 1178 3938 omnia
1216 3878 1501 3945 scandala,
1533 3888 1589 3934 et
1614 3862 1828 3933 mittent

1930 3965 2155 4022 lechites
2184 3976 2398 4036 autem,
2445 3972 2536 4040 qui
2573 3972 2805 4029 lambens
2850 3975 3072 4047 populus
3100 3964 3505 4049 interpretatur,

215 3991 307 4046 ‘ca
340 3975 393 4028 in
422 3975 692 4030 caminum
723 3974 863 4046 ignis
893 3973 1133 4053 ardentis
1159 3971 1355 4043 (Marc.
1385 3969 1527 4040 xm).
1567 3988 1585 4022 ι
1625 3968 1828 4024 Civitas

214 4081 479 4141 namque
510 4066 861 4136 reproborum
893 4060 1129 4135 prepria'.
1164 4073 1290 4120 sunt
1316 4062 1526 4117 illorum
1556 4074 1821 4134 corpora:
1930 4058 2114 4113 mundi
2147 4060 2415 4135 significat
2450 4054 2743 4130 amatores,
2776 4065 2867 4137 qui
2888 4065 3092 4124 alienis
3120 4056 3329 4127 divitiis
3360 4070 3509 4127 locu-

238 4160 370 4230 quia
418 4160 558 4214 sicut
597 4158 665 4235 ad
714 4144 924 4228 tempus
954 4158 1114 4213 homo
1145 4156 1199 4211 in
1234 4156 1453 4211 civitate
1500 4162 1708 4219 manet,
1752 4155 1826 4210 ita
1864 4196 1881 4208 κ
1926 4149 2114 4218 pletari
2141 4189 2156 4216 ,
2206 4158 2259 4205 et
2308 4153 2582 4208 extraneis
2630 4142 3247 4235 facultatibus‘eupiunt
3294 4148 3505 4233 augeri.

210 4251 419 4325 .anima
452 4248 718 4304 inhabitat
758 4248 811 4302 in
849 4263 1093 4318 corpore.
1146 4246 1263 4301 Non
1293 4246 1464 4305 solum
1492 4260 1619 4315 ergo
1648 4244 1821 4328 bomi-
1902 4240 2171 4323 :Cumque
2220 4243 2465 4327 nonnulli
2500 4244 2658 4301 electi
2698 4260 2828 4328 cum.
2852 4246 3050 4328 talibus
3073 4237 3358 4328 prasentis
3380 4251 3505 4307 vita:

214 4342 375 4411 .cidm
404 4340 724 4410 perduntur,
747 4338 846 4414 sed
887 4340 1050 4395 etiam
1081 4338 1274 4397 civitas
1303 4336 1670 4400 succenditur,
1698 4325 1824 4414 quia
1903 4343 2137 4388 cursum
2168 4325 2507 4390 communem
2536 4336 2732 4394 ducere
2758 4325 3091 4414 desiderant,
3114 4326 3506 4398 misericordis-

215 4448 412 4505 Iusque
432 4430 499 4507 ad
521 4412 783 4507 judiciqu
811 4429 1025 4498 reprobi
1052 4428 1103 4482 in
1133 4418 1436 4491 animabus,
1458 4435 1513 4481 et
1540 4434 1659 4495 post
1680 4411 1823 4495 judi-
1900 4430 1909 4507 ς
1924 4426 2060 4481 sima
2089 4426 2185 4483 Dei
2213 4428 2477 4501 bonitate,
2508 4438 2602 4484 aut
2635 4411 2859 4502 ﬂagellis
2886 4411 3212 4499 atteruntur,
3228 4418 3336 4488 'aut
3360 4448 3500 4504 pau-

213 4500 575 4601 _'ciu:m‘etiam
594 4500 733 4601 reum)
753 4519 1068 4589 corporibus
1100 4518 1511 4573 damnabantur.
1556 4515 1662 4571 Sed
1693 4516 1820 4586 quia
1849 4504 1905 4601 η’
1923 4527 2131 4601 perlate
2156 4527 2525 4591 attenuantur,
2555 4532 2651 4575 aut
2676 4500 2855 4591 aliqua
2883 4508 3212 4579 necessitate
3232 4500 3502 4581 eous—trin-

236 4615 489 4687 superius
501 4615 645 4669 hunc
657 4627 837 4681 regem
862 4611 954 4667 Dei
976 4610 1358 4680 omnipotentis
1371 4608 1619 4687 speciem
1631 4617 1818 4664 tenere

218 4687 506 4773 diximus,
538 4706 799 4776 quaeritur
842 4705 1108 4775 quomodo
1151 4703 1321 4759 iratus
1353 4704 1583 4769 dicatur,
1612 4684 1735 4759 cum
1761 4702 1815 4783 in

237 4809 432 4871 natura
462 4801 556 4855 Dei
586 4800 732 4855 nulla
766 4800 878 4866 ira,
931 4798 1076 4854 nulla
1102 4799 1430 4855 mutabilitas
1454 4784 1646 4865 cadat,
1680 4807 1816 4854 teste

237 4893 548 4965 Psalmista,
573 4892 667 4968 qui
697 4892 802 4947 ait:
832 4909 850 4943 ι
872 4874 1190 4963 Deusjudex
1216 4889 1411 4961 justus,
1446 4890 1687 4946 fortis‘et
1714 4884 1811 4960 pa-

239 4986 397 5048 tiens,
418 4974 657 5055 nunquid
678 4983 927 5040 irascitur
940 4999 1034 5053 per
1047 4982 1284 5055 singulos
1304 4983 1480 5038 dies?»
1507 4980 1676 5053 (Psal.
1693 4981 1812 5052 vn.)

234 5079 316 5135 Ad
340 5078 483 5147 quod
509 5078 792 5134 dicendum
808 5077 933 5146 quia
950 5076 1134 5131 multis
1148 5076 1199 5129 in
1220 5074 1352 5128 locis
1368 5073 1643 5146 Scriptura
1661 5087 1815 5149 sacra

222 5178 604 5244 .morenostro
635 5168 887 5244 loquitur,
915 5176 974 5221 ut
995 5167 1202 5221 occulta
1229 5165 1319 5220 Dei
1341 5165 1539 5236 judicia
1566 5180 1663 5234 per
1689 5162 1817 5244 visi-

216 5260 373 5323 biles
519 5240 908 5331 intelligantur.
956 5258 1110 5313 Sicut
1137 5258 1278 5312 enim
1308 5273 1397 5310 rex
1431 5266 1675 5310 terrenus
1696 5240 1814 5331 ira}

238 5361 327 5403 tus
366 5332 606 5412 dicitur,
634 5330 847 5417 quando
876 5348 928 5401 in
965 5345 1219 5415 subjectis
1247 5347 1537 5401 vindictam
1567 5330 1812 5409 exercet,

212 5441 317 5501 ,εἰς
347 5441 489 5496 Deus
512 5439 852 5507 omnipotens
882 5438 985 5492 illis
1018 5439 1187 5493 iratus
1218 5438 1452 5504 videtur,
1496 5452 1632 5508 quos
1667 5433 1816 5504 justo

229 5530 439 5601 judicio
465 5537 687 5601 propter
724 5538 942 5598 peccata
974 5529 1193 5583 damnat
1233 5537 1288 5583 et
1324 5529 1517 5599 punit:
1561 5516 1813 5584 caeterum

240 5620 295 5673 in
325 5633 423 5673 sua
450 5629 644 5675 natura
673 5632 885 5688 semper
916 5617 1283 5683 immutabilis,
1324 5635 1641 5689 semperque
1673 5614 1817 5674 tran-

238 5709 441 5781 quillus
463 5718 762 5781 permanet.
802 5711 898 5787 Qui
926 5725 1022 5779 per
1045 5711 1330 5781 quemdam
1352 5712 1649 5787 sapientem
1676 5713 1815 5768 dici-

241 5815 372 5858 tur:
407 5823 425 5856 ι
455 5803 535 5860 Tu
571 5811 770 5871 autem,
812 5803 1033 5859 Domine
1082 5803 1335 5873 sabaollt,
1358 5818 1481 5862 cum
1519 5794 1818 5875 tranquilli-

1924 4621 2140 4683 guntur,
2183 4623 2244 4667 ut
2280 4604 2450 4669 etiam
2484 4613 2728 4670 nolentes
2770 4615 2838 4669 ad
2875 4616 3044 4671 Deum
3089 4604 3495 4674 cenvertantur.

1924 4703 2083 4758 Tales
2098 4714 2203 4758 non
2240 4704 2307 4759 de
2330 4704 2451 4771 viis,
2474 4704 2570 4779 sed
2594 4700 2660 4759 de
2684 4706 2919 4761 exitibus
2946 4691 3155 4762 viarum
3187 4710 3254 4764 ad
3287 4710 3495 4764 Domini

1898 4795 2137 4863 ‘nuptias
2183 4784 2466 4863 vocantur,
2515 4797 2710 4866 quibus
2762 4797 3032 4876 convenit,
3063 4799 3206 4869 quod
3234 4814 3333 4870 per
3360 4800 3509 4855 Osce

1902 4876 2239 4956 prophetam
2285 4886 2519 4959 dicitur:
2549 4909 2567 4971 ι
2600 4889 2743 4945 Ecce
2780 4904 2880 4961 ego
2926 4882 3143 4971 sepia‘m'
3168 4891 3310 4971 viam
3333 4891 3496 4947 tuam

1921 4978 2111 5047 spinis,
2126 4987 2181 5033 et
2200 4979 2411 5053 sepiam
2426 4966 2555 5035 eam
2575 4983 2807 5038 maceria
2834 5000 2846 5036 :
2878 4993 2935 5040 et
2957 4966 3202 5053 sequeris
3225 4995 3497 5041 amatores

1916 5080 2058 5136 tuos,
2085 5081 2139 5125 et
2162 5086 2269 5126 non
2296 5073 2668 5143 apprehendes
2696 5088 2828 5129 eos:
2863 5090 3096 5156 quaeres,
3127 5085 3182 5131 et
3210 5087 3315 5131 non
3348 5078 3498 5133 inve—

1896 5158 2033 5217 ‘nies
2064 5177 2177 5229 eos,
2228 5171 2284 5218 et
2317 5163 2504 5219 dices:
2538 5164 2802 5219 Revertar
2832 5167 2899 5220 ad
2928 5166 3101 5221 virum
3137 5183 3319 5221 meum
3346 5168 3492 5239 prio-

1897 5242 2060 5318 rem,
2093 5256 2221 5325 quia
2267 5256 2405 5311 bene
2449 5256 2582 5311 mihi
2624 5266 2751 5312 erat-
2780 5267 2908 5315 tunc
2952 5260 3125 5328 magis
3147 5275 3309 5329 quam
3349 5275 3493 5314 nunc

1894 5342 2061 5421 ’(οεε.
2088 5348 2175 5419 ιι).
2205 5368 2223 5401 ι
2492 5362 2495 5365 -
3120 5370 3123 5375 -

1996 5461 2014 5493 ι
2048 5440 2114 5495 Ει
2155 5441 2356 5511 egressi
2396 5442 2536 5496 servi
2581 5441 2697 5510 ejus
2743 5443 2793 5497 in
2842 5443 2974 5508 vias,
3028 5450 3493 5513 congregaverunt

1928 5551 1947 5582 ι
1986 5546 2172 5585 omnes
2200 5547 2336 5599 quos
2365 5532 2702 5597 invenerunt,
2737 5535 2903 5588 malus
2929 5544 2983 5587 et
3013 5534 3198 5598 bonos,
3225 5542 3280 5586 et
3309 5533 3493 5601 imple-

1928 5642 1944 5672 ι
1987 5630 2052 5675 ta:
2076 5630 2201 5676 sunt
2229 5622 2425 5692 nuptiae
2452 5623 2920 5679 discumbentium.
2958 5643 2975 5675 ι
3009 5623 3063 5675 lu
3100 5602 3293 5690 quibus
3313 5622 3494 5677 verbis

1876 5784 1885 5792 .
1925 5711 2208 5767 manifeste
2245 5712 2566 5780 ostenditur,
2603 5714 2750 5785 quia,
2796 5714 2934 5769 sicut
2960 5712 3206 5781 superius
3235 5711 3488 5779 diximus,

1925 5822 2022 5876 per
2061 5807 2159 5863 bas
2200 5794 2342 5877 regis
2369 5798 2582 5878 nuptias
2606 5823 2842 5878 pnesens
2869 5805 3491 5877 Ect'lesia'signilicatur.
