4002 6348
580 351 687 408 723

1202 348 1554 407 HAYMONIS
1588 346 2060 404 HALBERSTAT.
2103 344 2314 413 EPlSC.
2356 345 2509 443 Oi‘P.
2544 349 2729 407 PARS
2760 350 2826 409 ll.
2862 384 2933 396 --
2969 352 3207 411 HOMIL.

3744 358 3850 415 724

578 466 720 522 Ecce
743 467 885 521 enim
911 464 1147 521 dicitur:
1179 482 1198 515 ι
1231 464 1446 535 Egressi
1469 464 1611 519 servi
1637 463 1754 533 ejus
1780 463 1832 518 in
1860 462 1996 528 vias,
2026 478 2150 518 con-
2179 471 2231 527 Α
2257 464 2496 521 charitas
2536 464 2823 536 ﬁguratur,
2870 466 2995 536 quia
3043 468 3185 522 sicut
3222 469 3388 526 vestis
3427 469 3688 542 plurimis
3744 472 3849 529 ﬁlis

579 568 936 629 grcgaverunt
977 573 1164 613 omnes
1206 572 1340 627 quos
1364 558 1717 623 invenerunt,
1754 556 1924 611 malos
1956 566 2012 611 et
2050 557 2145 611 bo-

578 667 698 705 nos.
727 669 745 702 ι
775 651 906 703 Boni
928 664 1161 720 namque
1186 649 1284 703 soli
1308 664 1571 717 nusquam
1600 656 1745 713 sunt,
1772 648 1875 702 nisi
1899 648 1952 703 in
1975 647 2146 707 celo:

576 742 703 797 mali
733 741 833 796 soli
858 746 1157 811 nusquam,
1182 741 1287 796 nisi
1319 742 1373 796 in
1405 740 1635 796 inferno.
1691 742 1932 794 Praesens
1968 746 2149 793 autem

577 829 848 891 Ecclesia,
894 845 1014 899 quae
1058 830 1202 885 inter
1235 830 1427 887 ctelum
1458 837 1512 884 et
1546 828 1819 885 infernum
1865 826 2148 892 consistit,

572 925 855 994 utriusque
881 924 1055 993 partis
1082 924 1228 978 cives
1269 922 1496 992 recipit:
1525 922 1648 992 quia
1681 920 1832 975 multi
1861 934 1957 988 per
1988 918 2147 972 (idem

571 1015 627 1068 in
659 1012 954 1073 Ecclesiam
1002 1013 1235 1078 intrant,
1265 1013 1354 1082 qui
1399 1027 1497 1080 per
1522 1012 1643 1067 vitae
1672 1010 1923 1066 meritum
1967 1008 2018 1063 in
2062 1022 2150 1065 re-

569 1122 735 1177 gnum
762 1107 1023 1162 C(elorum
1064 1106 1285 1161 minime
1313 1106 1515 1161 intrare
1548 1111 1808 1175 possunt,
1844 1102 1912 1158 de
1954 1102 2150 1172 quibus

564 1214 666 1269 per
693 1197 1015 1268 Prophetam
1040 1198 1236 1253 dicitur
1257 1213 1271 1252 :
1294 1215 1313 1248 ι
1339 1195 1665 1253 Annuntiavi
1688 1204 1743 1251 et
1771 1195 1981 1252 locutus
2002 1209 2143 1260 sum,

568 1288 907 1358 multiplicati
954 1297 1080 1343 sunt
1125 1303 1287 1357 super
1329 1301 1610 1343 numerum
1646 1284 1833 1357 (Psal.
1859 1285 2079 1355 χχχιχ).
2119 1302 2139 1337 ι

567 1376 683 1432 Nec
707 1378 902 1435 mirum
932 1379 977 1434 si
1011 1378 1221 1447 reprobi
1262 1392 1422 1448 super
1460 1393 1743 1433 numerum
1781 1376 2142 1447 multiplican-

564 1477 680 1535 tur,
704 1484 828 1525 cum
859 1467 1004 1523 inter
1032 1467 1423 1522 multitudinem
1466 1465 1742 1537 palearum
1767 1482 1935 1537 grana
1978 1464 2143 1520 tritici

567 1557 864 1624 salvantur,
887 1566 942 1613 et
971 1571 1088 1612 rosa
1117 1565 1235 1626 qna:
1257 1556 1477 1613 redolet.
1504 1555 1643 1611 inter
1665 1555 1849 1627 spinas
1874 1570 1991 1625 qua:
2011 1570 2144 1627 pun-

567 1658 726 1721 gunt,
753 1650 902 1706 nasci
935 1650 1129 1706 soleat.

644 1759 663 1791 ι
696 1740 924 1796 Intravit
959 1749 1141 1796 autem
1186 1754 1280 1795 rex
1324 1747 1385 1795 ut
1416 1739 1625 1797 videret
1660 1737 2077 1794 discumbentes.
2112 1754 2134 1788 ι

2252 556 2578 623 contexitur,
2601 557 2679 612 sic
2700 556 2938 614 charitas
2958 558 3187 614 diversis
3210 559 3497 616 virtutibus
3512 563 3843 618 adornatur.

2253 647 2329 703 Ex
2376 648 2493 718 ipsa
2535 648 2678 704 enim
2728 651 2970 705 nascitur
3005 651 3319 720 prudentia,
3366 651 3845 726 elecmosynarum

2252 736 2497 808 largitas,
2530 736 2873 811 hospitalitas
2892 781 2906 806 ,
2938 741 3143 796 inimici
3171 742 3413 810 dilectio,
3437 753 3493 799 et
3521 754 3731 800 caetera
3761 745 3844 800 his

2250 827 2467 884 similia.
2515 827 2572 883 Si
2615 830 2736 898 quis
2760 829 2875 884 vult
2912 830 3053 886 scire
3089 832 3284 901 quibus
3315 832 3423 888 filis
3448 834 3616 890 vestis
3652 834 3842 890 chari-

2250 919 2379 973 tatis
2416 920 2742 985 contexitur,
2792 919 2929 991 legat
2955 919 3176 975 Paulum
3215 923 3538 992 apostolum,
3583 924 3684 994 qui
3716 934 3845 979 eum

2249 1009 2513 1064 dixisset:
2548 1030 2565 1060 ί
2597 1008 2653 1065 Si
2680 1008 2876 1082 linguis
2895 1014 3171 1067 hominum
3202 1012 3391 1084 loquar
3411 1024 3467 1070 et
3492 1017 3837 1087 angelorum,

2249 1107 2304 1154 et
2331 1099 2376 1154 si
2401 1098 2640 1156 habuero
2661 1102 3123 1172 prephetiam,'et
3148 1104 3387 1160 noverim
3427 1106 3695 1178 mysteria
3729 1124 3839 1161 om-

2248 1187 2359 1253 nia,
2389 1198 2444 1242 et
2466 1203 2681 1244 omnem
2711 1190 3017 1259 scientiam,
3043 1202 3097 1249 et
3119 1194 3360 1251 habuero
3388 1211 3604 1252 omnem
3638 1198 3832 1259 fidem,

2249 1278 2323 1332 ita
2364 1286 2421 1332 ut
2465 1288 2679 1336 montes
2707 1282 3059 1351 transferam,
3109 1294 3162 1341 et
3188 1287 3231 1342 si
3269 1287 3596 1344 distribuere
3646 1305 3836 1346 omnes

2247 1366 2533 1423 facultates
2574 1385 2726 1425 meas
2754 1370 2807 1425 in
2834 1372 2984 1428 cibos
3010 1388 3307 1445 pauperum
3327 1417 3342 1439 ,
3387 1386 3442 1431 et
3480 1378 3525 1432 si
3557 1380 3833 1435 tradidero

2246 1479 2443 1534 corpus
2469 1480 2646 1521 meum
2680 1466 2753 1521 ita
2789 1476 2848 1521 ut
2872 1471 3084 1524 ardeam
3108 1511 3123 1535 ,
3148 1471 3470 1526 charitatem
3502 1482 3691 1527 autem
3728 1489 3829 1528 non

2245 1554 2514 1624 habuero,
2546 1558 2679 1612 nihil
2707 1558 2835 1614 mihi
2861 1560 3077 1630 prodest
3111 1560 3161 1633 (I
3187 1560 3308 1615 Cor.
3334 1564 3485 1633 xm);
3522 1583 3540 1614 ι
3574 1563 3831 1617 continuo

2244 1644 2478 1714 ejusdem
2496 1645 3032 1706 eharitatismembra
3050 1651 3404 1718 enumeravit,
3422 1651 3643 1708 dicens:
3658 1671 3678 1703 ι
3700 1651 3830 1707 Cha-

2243 1736 2377 1793 ritas
2402 1738 2612 1809 patiens
2651 1748 2754 1806 est,
2795 1739 3029 1812 benigna
3068 1751 3178 1808 est,
3226 1758 3333 1798 non
3364 1742 3679 1809 aemulatur,
3724 1757 3827 1798 non

565 1827 917 1884 Discumbere
962 1829 1017 1885 in
1043 1828 1246 1900 nuptiis
1272 1836 1356 1883 est
1376 1827 1481 1882 fide
1503 1827 1554 1881 in
1584 1825 1822 1882 Ecclesia
1842 1826 2140 1895 quiescere,
2169 1814 2217 1874 Β
2246 1827 2357 1898 agit
2380 1842 2681 1899 perperam,
2710 1845 2815 1886 non
2842 1830 3080 1898 inﬂatur,
3106 1848 3214 1887 non
3256 1841 3341 1887 est
3380 1832 3695 1900 ambitiosa,
3723 1848 3821 1890 non

558 1918 702 1975 sicut
724 1919 986 1981 Dominus
1014 1908 1143 1973 alibi
1162 1917 1296 1973 dicit
1326 1931 1342 1972 :
1373 1933 1391 1967 ι
1424 1916 1570 1970 Multi
1596 1917 1811 1971 venient
1838 1915 1906 1970 ab
1928 1915 2136 1969 oriente

557 2016 615 2063 et
641 2007 953 2073 occidente,
997 2016 1052 2062 et
1090 2005 1406 2062 recumbent
1435 2022 1556 2063 cum
1585 2004 1855 2061 Abraham
1898 2013 1953 2060 et
1987 2004 2137 2058 Isaac

555 2108 615 2156 et
632 2096 797 2157 Iacob
822 2097 875 2153 in
900 2111 1066 2168 regno
1092 2096 1353 2152 caelorum
1390 2095 1602 2169 (Matth.
1637 2093 1776 2165 vni).
1818 2114 1836 2147 i
1889 2078 2135 2163 Quotidie

553 2197 736 2245 autem
782 2188 893 2246 iste
925 2203 1026 2243 rex
1049 2189 1117 2245 ad
1164 2201 1291 2242 suas
1306 2187 1548 2264 giuptias
1586 2187 1790 2252 intrat,
1820 2185 1946 2257 quia
1988 2185 2133 2241 Deus

548 2280 892 2350 omnipotens
940 2286 1096 2335 actus
1142 2293 1429 2350 moresque
1474 2275 1752 2331 hominum
1798 2275 1978 2332 subtili
2006 2291 2135 2330 exa-

549 2372 697 2431 mine
749 2370 1035 2441 dijudicat,
1081 2378 1137 2424 et
1170 2384 1284 2440 qua
1332 2369 1631 2425 intentione
1679 2367 1907 2438 quisque
1954 2367 2129 2434 vivat,

546 2470 744 2534 pensat
778 2480 792 2518 :
825 2472 881 2518 et
924 2463 970 2519 si
1013 2462 1252 2532 aliquem'
1281 2460 1437 2516 bonis
1477 2460 1730 2532 operibus
1772 2459 1965 2515 viderit
2009 2473 2131 2513 esse

545 2554 867 2611 adornatum
887 2594 909 2621 ,
947 2554 1091 2609 hunc
1117 2552 1271 2623 quasi
1307 2551 1601 2623 spiritalem
1633 2551 1913 2608 convivam
1945 2565 2129 2606 secum

545 2645 736 2701 sedere
759 2654 815 2700 et
840 2642 1115 2700 convivari
1144 2641 1361 2715 gaudet.
1404 2641 1553 2698 Solet
1579 2650 1757 2698 autem
1788 2642 2125 2712 contingere,

541 2747 605 2794 nt
635 2739 758 2795 talis
782 2740 838 2795 in
864 2737 1106 2794 Ecclesia
1128 2736 1450 2802 inveniatur,
1479 2735 1655 2807 qualis
1682 2744 1738 2791 ct
1776 2736 1880 2790 iste
1908 2732 2028 2802 fuit,
2060 2734 2127 2790 de

541 2846 650 2901 quo
681 2833 857 2887 adhuc
903 2831 1192 2887 subditur:
1231 2851 1250 2881 ι
1283 2831 1351 2885 Ει
1376 2830 1512 2885 vidit
1552 2830 1824 2886 hominem
1867 2829 1975 2894 ibi,
2016 2843 2123 2883 non

548 2945 568 2977 ι
603 2925 857 2981 vestitum
900 2932 1048 2978 veste
1089 2914 1348 2994 nuptiali,
1380 2931 1435 2978 et
1463 2922 1540 2976 ait
1570 2922 1646 2976 illi
1675 2937 1689 2975 :
1722 2919 1942 2986 Amice,
1991 2933 2125 2990 quo-

548 3034 567 3066 ι
608 3015 767 3069 modo
790 3015 896 3071 huc
916 3013 1153 3077 intrasti,
1171 3028 1277 3067 non
1300 3011 1506 3067 habens
1518 3017 1724 3065 vestem
1747 3007 2081 3079 nuptialem?
2098 3026 2116 3058 ι

541 3104 813 3173 Quaeritur
840 3113 1019 3158 autem
1047 3118 1165 3172 quae
1207 3102 1281 3158 sit
1312 3102 1479 3156 vestis
1506 3098 1761 3170 nuptialis
1784 3110 1831 3163 δ,
1869 3098 1989 3153 sine
2014 3110 2121 3165 qua

2239 1917 2430 1987 quaerit
2458 1934 2576 1988 qua:
2599 1935 2692 1973 sua
2717 1929 2862 1986 sunt,
2886 1937 2991 1977 non
3024 1922 3288 1987 irritatur,
3328 1939 3434 1978 non
3479 1925 3685 1995 cogitat
3714 1940 3820 1979 ma-

2237 2006 2367 2073 lum,
2398 2023 2502 2063 non
2533 2009 2730 2079 gaudet
2762 2025 2924 2081 super
2957 2012 3261 2081 iniquitate,
3295 2015 3601 2083 congautlet
3645 2025 3813 2068 autem

2236 2097 2450 2153 veritati
2478 2118 2489 2153 :
2516 2100 2695 2156 omnia
2719 2100 2927 2167 suti‘ert,
2951 2102 3129 2157 omnia
3156 2104 3347 2167 credit,
3364 2104 3546 2159 omnia
3572 2105 3813 2169 sustinet,

2234 2191 2470 2247 charitas
2532 2209 2807 2264 nunquam
2865 2196 3066 2252 excidit
3118 2195 3327 2270 (Ιὸίά.).
3401 2217 3420 2252 ι
3480 2199 3613 2253 Sive
3660 2198 3799 2252 aliter

2232 2287 2379 2335 recte
2410 2281 2646 2338 charitas
2674 2284 2842 2339 vestis
2871 2285 3125 2356 nuptialis
3167 2296 3282 2354 est,
3309 2288 3436 2359 quia
3472 2289 3617 2343 sicut
3654 2288 3811 2343 vestis

2231 2383 2337 2423 non
2365 2369 2539 2424 solum
2567 2371 2839 2428 nuditates
2868 2389 3157 2447 corporum
3179 2376 3376 2447 operit,
3409 2377 3501 2431 sed
3531 2376 3699 2431 etiam
3725 2377 3804 2431 de-

2230 2479 2411 2521 corem
2443 2463 2654 2531 tribuit,
2683 2466 2762 2522 sic
2784 2467 3023 2523 charitas
3046 2484 3153 2524 non
3184 2468 3356 2524 solum
3388 2478 3621 2524 caeteras
3650 2469 3806 2523 virtu-

2232 2562 2313 2610 tes
2340 2566 2580 2627 generat,
2597 2557 2678 2611 vel
2709 2559 3104 2616 multitudinem
3127 2571 3471 2632 peccatorum
3494 2563 3696 2632 operit,
3721 2560 3801 2615 sed

2229 2647 2390 2701 etiam
2415 2656 2590 2711 ornat,
2621 2648 2851 2705 Domino
2877 2651 3091 2705 dicente
3122 2670 3134 2705 :
3175 2670 3194 2703 ι
3226 2651 3383 2707 Omni
3414 2651 3639 2707 babenti
3666 2651 3801 2705 dabie

2230 2747 2339 2806 tur,
2367 2747 2423 2794 et
2452 2739 2784 2795 abundabit:
2820 2742 2868 2796 ei
2896 2752 3076 2797 autem
3105 2743 3195 2812 qui
3228 2757 3331 2797 non
3366 2742 3549 2807 habet,
3590 2752 3644 2796 et
3670 2741 3801 2813 quod

2224 2830 2435 2887 videtur
2472 2831 2692 2897 habere,
2731 2831 3008 2888 auferetur
3043 2836 3111 2889 ab
3141 2850 3207 2889 eo
3247 2832 3461 2906 (Matth.
3495 2835 3647 2904 xxv).
3682 2854 3700 2885 ι
3743 2834 3802 2888 Et

2221 2920 2537 2992 Apostolus:
2562 2942 2579 2973 ι
2600 2921 2749 2979 Nunc
2781 2932 2978 2990 manet,
3012 2924 3166 2991 fides,
3189 2939 3333 2994 spes,
3357 2925 3600 2979 charitas
3622 2924 3794 2997 (ἶσον.

2222 3011 2365 3084 xm).
2402 3032 2420 3065 ›
2455 3013 2645 3068 Mirum
2669 3023 2846 3071 autem
2868 3016 3136 3085 quomodo
3162 3017 3394 3071 amicum
3424 3023 3589 3071 vocat
3612 3058 3628 3083 ,
3649 3006 3795 3087 quem

2226 3118 2349 3158 cum
2379 3110 2525 3175 tanta
2556 3104 2870 3161 confusione
2909 3122 2937 3159 a
2970 3105 3213 3161 convivio
3249 3107 3518 3177 repudiat.
3550 3107 3635 3161 Ad
3665 3107 3792 3178 quod

538 3169 785 3266 quisquis
798 3169 1094 3249 Ecclesiam
1123 3191 1429 3256 intraverit,
1448 3206 1555 3245 non
1578 3169 1870 3258 reeipietur
1892 3189 1956 3242 ad
1982 3202 2112 3243 con-
2141 3169 2188 3231 (ἶ
2219 3169 2527 3259 dicendum,
2561 3194 2687 3263 quia
2722 3196 2925 3265 tropice
2957 3194 3200 3266 loquens,
3227 3169 3330 3265 per
3361 3169 3720 3266 antiphrasin,
3744 3196 3791 3250 id

533 3285 770 3348 vivium,
806 3282 902 3339 sed
928 3298 1050 3338 cum
1084 3296 1278 3353 magno
1310 3279 1572 3336 dedecore
1602 3279 1867 3351 ejicietur.
1895 3279 2113 3334 Vestem

509 3375 830 3453 .nuptialem
850 3389 955 3429 non
984 3381 1129 3428 recte
1151 3373 1308 3428 fidem
1337 3371 1635 3443 intelligere
1657 3385 1962 3441 possumus,
1986 3368 2124 3439 quia.

530 3469 652 3527 sine
699 3467 792 3522 illa
834 3465 1131 3541 Ecclesiam
1177 3464 1381 3519 intrare
1428 3477 1533 3516 non
1572 3460 1833 3517 valemus.
1881 3459 2016 3513 Nam
2059 3465 2116 3513 et

528 3561 857 3632 baptismum
893 3568 1098 3613 vestem
1135 3555 1431 3627 nuptialem
1468 3570 1575 3609 non
1604 3553 1903 3624 accipimus
1930 3591 1944 3618 ,
1986 3550 2112 3622 quia

528 3653 753 3711 sineillo
768 3651 1065 3708 Ecclesiam
1088 3665 1196 3706 non
1217 3648 1502 3704 intramus.
1522 3645 1870 3702 Fiducialiter
1884 3660 2031 3716 ergo,
2057 3653 2113 3700 et

534 3743 742 3815 absque
772 3743 879 3798 ulla
905 3741 1352 3805 contradictione,
1391 3749 1598 3794 vestem
1635 3737 1926 3809 nuptialem
1954 3736 2112 3792 intel-

528 3836 761 3904 ligamus
803 3834 1166 3899 cbaritatem,
1214 3833 1330 3888 sine
1366 3848 1472 3903 qua
1519 3832 1745 3901 quisque
1786 3831 1840 3887 in
1880 3845 2108 3885 vacuum

528 3924 830 3980 Ecclesiam
871 3924 1071 3990 intrat,
1117 3923 1330 3978 etiamsi
1377 3929 1580 3976 rectam
1613 3920 1772 3975 fidem
1810 3934 1869 3975 se
1908 3919 2109 3974 habere

529 4012 769 4070 simulat.
819 4012 991 4068 Recte
1034 4027 1164 4083 ergo
1204 4020 1410 4067 vestem
1439 4008 1734 4080 nuptialem
1762 4009 2109 4080 intelligimus

527 4103 884 4170 charitatem,
933 4102 1059 4173 quia
1102 4102 1244 4160 sicut
1280 4117 1371 4158 ves
1399 4102 1445 4157 is
1485 4101 1694 4156 duobus
1738 4098 1838 4155 illis
1882 4099 2102 4166 texitur,

525 4195 794 4267 superiori
828 4202 884 4252 et
907 4193 1150 4250 inferiori
1169 4233 1184 4260 ,
1215 4193 1294 4248 sic
1322 4192 1559 4248 charitas
1588 4191 1796 4247 duobus
1822 4189 2106 4260 praeceptis

525 4284 801 4357 impletur,
839 4284 1128 4341 dilectione
1171 4285 1265 4340 Dei
1293 4284 1543 4339 videlicet
1565 4292 1618 4340 et
1646 4281 1899 4355 proximi.
1930 4282 2104 4337 Filum

523 4390 654 4446 ergo
698 4374 949 4441 inferius,
976 4373 1316 4431 dilectionem
1340 4372 1573 4445 proximi
1601 4389 1615 4427 :
1644 4371 1791 4426 tilum
1831 4360 2100 4440 superius,

520 4473 864 4530 dilectionem
901 4471 1169 4544 significat
1208 4471 1324 4526 Dei.
1372 4468 1737 4535 Minusenim,
1768 4482 1929 4538 quam
1961 4468 2104 4524 inter

520 4565 659 4622 duos
682 4564 869 4621 haberi
896 4563 1138 4619 charitas
1167 4578 1274 4619 non
1300 4570 1508 4634 potest,
1551 4559 1678 4631 quia
1707 4575 1809 4616 nec
1831 4574 1957 4615 vere
1981 4558 2100 4615 dili-

520 4657 697 4727 gimus
721 4657 892 4713 Deum
916 4656 1035 4712 sine
1056 4655 1305 4727 proximo
1322 4695 1337 4720 ,
1367 4668 1470 4710 nec
1488 4668 1616 4709 vere
1649 4652 1955 4724 proximum
1983 4652 2099 4709 sine

514 4750 633 4805 Deo
680 4749 905 4821 diligere
954 4763 1263 4820 possumus.
1309 4747 1462 4804 Unde
1507 4747 1650 4805 inter
1697 4756 1894 4804 castera
1938 4763 2100 4803 orna-

518 4848 701 4895 menta
723 4840 777 4894 in
797 4846 947 4896 veste
968 4838 1241 4909 pontificis
1262 4852 1457 4895 coecns
1481 4837 1566 4893 bis
1587 4837 1786 4894 tinctus
1803 4838 1927 4907 poni
1958 4854 2096 4909 pra:-

520 4930 719 4999 cipitur
742 4927 1137 5001 (Exedunt),
1162 4934 1223 4982 ut
1245 4927 1452 4983 scilicet
1475 4927 1528 4981 in
1554 4936 1741 4985 nostro
1763 4928 1905 4983 bono
1932 4943 2097 5000 Opere

520 5020 763 5075 charitas
801 5019 1122 5090 geminetur,
1156 5027 1218 5074 ut
1252 5018 1535 5090 diligamus
1572 5020 1743 5075 Deum
1776 5028 1887 5075 toto
1914 5020 2091 5083 corde,

521 5120 634 5166 tota
662 5109 862 5175 anima,
913 5111 1026 5166 tota
1066 5118 1267 5176 mente,
1295 5119 1349 5166 et
1372 5111 1649 5180 proximos
1684 5111 1823 5166 sicut
1864 5120 2097 5166 nosmet-

517 5202 695 5270 ipsos,
738 5200 879 5256 sicut
919 5198 1154 5256 Joannes
1198 5201 1473 5272 apostolus
1520 5203 1639 5258 ait:
1668 5222 1693 5265 Vc
1730 5202 1940 5267 Filioli,
1990 5202 2093 5257 hoc

517 5290 829 5344 mandatum
854 5289 1117 5345 habemus
1140 5305 1171 5344 a
1195 5292 1327 5357 Deo,
1355 5292 1527 5362 utqui
1554 5293 1726 5363 diligit
1751 5292 1917 5347 Deum
1933 5333 1947 5356 ,
1978 5293 2093 5348 dili-

518 5388 607 5452 gat
636 5390 690 5436 et
712 5379 936 5434 fratrem
968 5394 1145 5434 suum.
1176 5379 1241 5434 Et
1268 5381 1357 5451 qui
1391 5381 1620 5447 dixerit,
1648 5382 1902 5452 quoniam
1930 5383 2095 5453 diligo

515 5471 713 5535 Demn,
741 5480 796 5526 et
822 5470 1044 5525 fratrem
1079 5486 1233 5526 suum
1258 5472 1456 5540 oderit,
1484 5475 1717 5530 mendax
1745 5482 1829 5530 est
1853 5473 1906 5547 (Ι
1927 5475 2088 5530 Joan.

516 5564 612 5635 tv).
649 5584 667 5617 ι
712 5562 810 5620 Vel
848 5570 996 5619 certe
1038 5562 1195 5619 aliter
1229 5578 1326 5637 per
1366 5575 1572 5622 vestem
1605 5567 1897 5636 nuptialem
1946 5577 2093 5623 recte

2130 4516 2181 4577 D

2216 3292 2301 3339 est
2324 3298 2420 3353 per
2445 3284 2755 3340 irrisionem
2784 3285 3016 3341 amicum
3049 3287 3311 3358 appellat,
3358 3288 3446 3358 qui
3485 3303 3595 3342 non
3627 3300 3787 3341 mere-

2217 3384 2307 3430 tur
2332 3375 2499 3448 diligi.
2527 3375 2607 3432 Ac
2628 3376 2673 3431 si
2703 3376 2936 3433 diceret:
2960 3377 3171 3443 Amice,
3189 3386 3245 3432 et
3270 3393 3372 3432 non
3401 3380 3595 3433 amice.
3619 3373 3787 3431 Amice

2214 3480 2313 3537 per
2342 3466 2526 3532 fidem,
2559 3468 2655 3523 sed
2703 3483 2807 3523 non
2834 3468 3006 3523 amice
3028 3483 3124 3538 per
3148 3468 3536 3537 operationem.
3588 3465 3780 3527 Amice,

2215 3556 2339 3627 quia
2369 3558 2438 3613 ad
2464 3558 2677 3629 nuptias
2707 3559 2898 3614 venisti
2923 3577 2939 3627 ;
2975 3560 3067 3615 sed
3097 3575 3202 3613 non
3231 3559 3424 3626 amice,
3451 3558 3580 3628 quia
3596 3552 3783 3613 vestem

2214 3649 2506 3719 nuptialem
2536 3665 2639 3705 non
2672 3650 2923 3706 attulisti.

2290 3758 2309 3791 ι
2353 3739 2424 3794 At
2460 3741 2548 3798 ille
2585 3742 2870 3796 obmutuit.
2918 3762 2937 3796 ι
2994 3741 3308 3812 lncrepatus
3356 3754 3388 3794 a
3430 3752 3548 3812 rege
3597 3738 3640 3792 is
3682 3737 3774 3800 qui

2212 3829 2329 3886 sine
2379 3839 2528 3885 veste
2580 3831 2805 3900 nuptiali
2861 3832 3077 3901 nuptias
3139 3831 3459 3896 intraverat,
3501 3827 3781 3890 obmutuit,

2211 3920 2336 3992 quia
2366 3920 2416 3974 in
2447 3920 2535 3977 illa
2579 3920 2917 3977 discussione
2947 3922 3175 3977 districti
3222 3922 3507 3986 examinis,
3554 3934 3657 3973 nec
3704 3916 3783 3971 fu-

2208 4012 2414 4081 giendi,
2440 4026 2540 4068 nec
2568 4012 2897 4079 mentiendi,
2931 4028 3031 4069 nec
3077 4013 3327 4084 cuiquam
3381 4026 3440 4067 se
3486 4006 3783 4065 occultandi

2208 4099 2360 4157 locus
2386 4101 2511 4169 erit,
2534 4102 2749 4171 quando
2779 4116 2887 4158 non
2922 4101 3096 4157 solum
3126 4102 3221 4157 Dei
3258 4101 3564 4173 praesentia,
3595 4106 3652 4155 et
3696 4112 3784 4153 an-

2208 4191 2445 4263 gelorum
2483 4200 2647 4262 atque
2672 4200 2984 4248 sanctorum
3009 4190 3296 4247 multitudo
3334 4191 3486 4247 testis
3529 4191 3659 4255 erit,
3696 4187 3781 4244 sed

2207 4283 2369 4339 etiam
2428 4283 2545 4356 ipsa
2602 4285 2929 4340 conscientia
2970 4284 3243 4356 peccatrix
3285 4284 3668 4353 semetipsam,
3695 4296 3784 4337 cur

2204 4377 2531 4447 peccaverit,
2563 4376 2862 4443 accusabit,
2887 4385 3020 4432 teste
3049 4377 3211 4432 beato
3248 4375 3372 4439 Job,
3395 4375 3483 4445 qui
3510 4375 3587 4429 ait
3619 4394 3631 4429 :
3670 4393 3689 4425 ι
3722 4373 3783 4428 Et

2211 4476 2357 4524 terra
2395 4468 2680 4524 adversum
2728 4483 2814 4523 me
2863 4468 3062 4525 clamat
3102 4467 3225 4540 (Job
3253 4467 3426 4538 xxxi).
3465 4487 3484 4519 ι
3522 4466 3680 4522 Unde
3731 4464 3780 4519 in

2204 4572 2436 4630 persona
2460 4558 2610 4614 Judre
2638 4559 2951 4630 proditoris,
2979 4560 3091 4616 sive
3128 4558 3416 4630 cujuslibet
3460 4558 3610 4628 impii
3657 4557 3781 4613 dici-

2204 4659 2332 4705 tur:
2372 4670 2391 4702 t
2438 4651 2771 4707 Revelabunt
2820 4651 2941 4706 coeli
2987 4649 3501 4722 iniquitatem‘ejus,
3534 4658 3592 4703 et
3641 4656 3778 4703 terra

2201 4742 2458 4797 adversus
2485 4757 2606 4797 eum
2637 4751 2952 4812 consurget,
2984 4751 3039 4798 ct
3068 4744 3411 4797 manifestum
3452 4742 3556 4795 erit
3586 4756 3776 4810 pecca-

2200 4838 2314 4885 tum
2366 4830 2511 4886 illius
2556 4832 2611 4886 in
2662 4832 2749 4887 die
2803 4830 3000 4887 furoris
3030 4833 3241 4887 Domini
3281 4832 3402 4903 (Job
3428 4833 3539 4897 xx).
3580 4850 3603 4883 ι
3633 4830 3779 4885 Hanc

2199 4923 2395 4993 quippe
2456 4922 2848 4977 districtionem
2898 4922 3275 4978 considerabat
3320 4919 3609 4993 Pmpheta,
3658 4935 3778 4975 cum

2202 5016 2458 5071 dicebat:
2490 5035 2508 5067 ι
2552 5014 2736 5085 Neque
2779 5016 2847 5072 ab
2899 5016 3136 5082 oriente,
3163 5031 3341 5085 neque
3382 5016 3451 5069 ab
3475 5015 3776 5079 occidente,

2201 5123 2374 5178 neque
2396 5124 2425 5162 a
2453 5108 2691 5164 desertis.
2710 5108 2985 5163 montibus
3005 5108 3344 5180 (subauditur
3365 5107 3514 5162 locus
3538 5103 3778 5177 fugiendi

2201 5201 2360 5274 erit),
2409 5202 2664 5271 quoniam
2704 5199 2846 5256 Deus
2900 5199 3064 5270 judex
3124 5212 3207 5256 est
3257 5197 3438 5271 (Psal.
3490 5199 3715 5269 LXXIV).
3748 5216 3772 5249 ι

2195 5293 2334 5363 Quid
2379 5306 2559 5352 autem
2600 5303 2722 5367 post
2766 5295 2883 5351 haze
2912 5304 3200 5366 sequatur,
3229 5295 3606 5365 manifestatur
3651 5309 3783 5349 cum

2195 5384 2443 5440 subditur
2475 5404 2488 5439 :

2272 5494 2289 5527 ι
2336 5476 2537 5547 Ligatis
2560 5476 2781 5546 pedibus
2804 5484 2861 5532 et
2887 5477 3156 5542 manibus,
3190 5476 3387 5531 mittite
3424 5474 3651 5531 eum'in
3696 5482 3779 5527 te-

2202 5586 2220 5619 t
2255 5566 2450 5624 nebras
2483 5568 2796 5623 exteriores.
2836 5588 2858 5621 ι
2898 5567 2959 5623 Si
2977 5569 3099 5639 quis
3134 5576 3313 5623 autem
3338 5568 3452 5622 mit
3484 5565 3624 5622 scire
3654 5565 3778 5635 qui-

587 5772 613 5800 ι
653 5759 778 5816 Haec
798 5777 918 5818 cum
939 5762 1142 5832 judicio
1170 5767 1445 5837 legantur:
1469 5768 1687 5822 videtur
1703 5768 1927 5824 subesse
1951 5766 2200 5823 mendum
2219 5809 2234 5833 ,
2262 5769 2476 5823 tametsi
2505 5768 2798 5841 archetypa
2826 5771 3180 5827 concordent.
