4002 6348
176 343 296 400 7ὲῇ

1414 333 1721 396 ιιοδιιιιιιῑ
1764 330 1852 385 DE
1888 331 2230 391 TEMPORE.

3336 338 3441 396 726

175 459 294 511 ‘l.us
323 453 572 509 funiculis
603 460 943 521 peccatorum
970 468 1161 509 manus
1187 460 1242 508 et
1267 452 1427 523 pedes
1451 451 1680 524 ligentur
1709 446 1763 500 in
1794 444 1838 504 Α
1868 452 2114 512 paratum
2140 447 2287 502 vobis
2310 451 2966 517 regnumaconstitutione
2986 450 3392 521 tnundi.(lbid.)
3421 474 3437 502 ι

178 562 375 618 gimna,
403 543 659 599 Salomon
717 542 1064 608 manifestat,
1099 559 1222 599 cum
1267 542 1343 598 ait
1391 559 1402 596 :
1464 560 1481 593 ι
1539 538 1771 597 Funicu—

178 637 261 689 iis
313 642 656 705 peccatorum
709 647 929 690 suorum
977 634 1343 704 unusquisque
1378 624 1773 702 constringetur

1872 535 2027 604 Quod
2052 537 2167 608 ipse
2197 546 2453 607 praestare
2482 542 2750 610 dignetur,
2775 542 2864 611 qui
2901 557 3021 596 cum
3059 540 3218 596 l‘atre
3243 552 3298 596 et
3324 541 3445 611 Spi-

1875 627 1980 683 ritu
2010 637 2198 685 sancto
2224 631 2355 685 vivit
2380 639 2433 686 et
2473 643 2660 703 regnat
2694 633 2832 689 Dens
2880 633 2931 688 in
2980 634 3175 690 szecula
3218 634 3443 689 secula-

181 726 379 795 (Prov.
414 725 485 793 v).
521 742 538 774 ι
583 723 649 777 Et
674 722 959 780 Psalmista
992 726 1057 783 de
1083 725 1214 796 ipsis
1242 726 1513 796 loquitur:
1549 743 1566 774 ι
1597 723 1773 778 Funes
1872 738 2013 776 rum.
2039 722 2224 777 Amen.

186 818 541 887 peccatorum
600 812 948 883 circumplexi
986 826 1110 871 sunt
1160 831 1245 872 me
1291 813 1463 887 (Psal.
1501 814 1708 885 cxvtu).
1749 835 1766 865 ι

185 903 364 958 Funis
392 903 535 958 enim
567 905 863 974 torquendo
880 906 1324 977 compnnitur,ut
1346 905 1557 978 longior
1579 905 1768 961 cilicia-

191 1006 333 1049 tur:
366 1000 422 1050 et
448 993 754 1064 quicunque
799 996 1035 1065 peccatis
1082 1004 1305 1066 peccata
1346 995 1573 1063 addunt,
1620 994 1771 1065 quasi

189 1082 382 1138 funem
407 1081 632 1150 faciunt,
663 1098 770 1154 quo
795 1085 847 1139 in
874 1100 1032 1154 poena
1061 1084 1313 1157 ligentur.
1355 1084 1560 1153 Quibus
1608 1084 1776 1141 lsaias

191 1171 525 1228 terribiliter
551 1172 751 1229 clamat
778 1193 789 1227 :
824 1193 844 1225 ι
878 1175 968 1230 Vae
996 1175 1085 1245 qui
1116 1175 1327 1230 trahitis
1357 1172 1692 1245 iniquitatem
1722 1173 1775 1228 in

192 1264 456 1319 funiculis
481 1264 751 1329 vanitatis,
767 1274 820 1318 et
844 1266 996 1335 quasi
1023 1265 1316 1321 funiculum
1345 1265 1568 1335 plaustri
1595 1280 1778 1334 pecca-

190 1366 315 1410 tum
343 1356 355 1408 !
395 1376 413 1408 ι
452 1354 588 1427 (ha.
621 1355 699 1427 v.)
729 1354 956 1411 Ministri
984 1356 1071 1411 isti
1103 1357 1363 1412 immundi
1407 1363 1531 1411 sunt
1560 1355 1780 1426 spiritus

182 1446 560 1515 intelligendi,
611 1446 678 1502 de
725 1447 922 1517 quibus
972 1462 1071 1518 per
1117 1446 1455 1502 Psalmistam
1517 1447 1713 1501 dicitur
1762 1463 1775 1499 :

195 1557 220 1589 e
270 1536 634 1593 lmmissiones
662 1552 757 1608 per
783 1537 1002 1609 angelos
1048 1537 1218 1593 ma‘los
1260 1536 1439 1609 (Prol.
1492 1536 1717 1607 Lxxvn).
1756 1555 1774 1586 ι

188 1628 415 1699 Ligatio
460 1628 656 1698 pedum
689 1628 819 1682 vitia
847 1637 901 1683 et
928 1640 1146 1699 peccata
1172 1628 1495 1699 significant.
1529 1625 1782 1696 Quisquis

2354 858 2636 918 HOMILIA
2672 863 2957 920 CXXXVI.

1943 986 2197 1029 DOIIMCA
2240 988 2488 1030 VlGESlIA
2525 991 2760 1032 SECUth
2807 995 2934 1035 POS‘I'
2982 994 3378 1036 PENTECOSTEN.

1948 1082 2119 1155 (πολλα.
2152 1084 2253 1158 tv.)
2285 1104 2303 1138 ι
2334 1084 2393 1140 in
2423 1085 2511 1142 illo
2532 1095 2791 1158 tempore.
2817 1089 2946 1145 Erat
2975 1091 3191 1161 quidam
3238 1089 3454 1161 regulus

1882 1190 1904 1224 ι
1944 1172 2099 1242 cujus
2125 1172 2266 1229 filius
2292 1174 2667 1232 infirmabatur
2700 1176 3099 1248 Capharnaum.
3160 1200 3177 1231 ι
3224 1180 3289 1235 Et
3332 1180 3456 1236 reli-

1877 1278 2005 1333 qua.
2030 1262 2332 1333 Aliquoties
2353 1266 2667 1337 contingere
2696 1268 2852 1333 solet,
2875 1278 2934 1322 ut
2956 1270 3197 1324 nonnulli
3224 1286 3255 1325 a
3287 1270 3458 1340 quali-

1882 1362 1990 1408 tate
2012 1354 2229 1419 mentis,
2251 1369 2413 1426 quam
2439 1355 2638 1411 habent
2661 1357 2907 1423 interius,
2924 1360 3136 1414 nomina
3164 1362 3461 1416 sortiantur

1879 1442 2139 1509 exterius,
2162 1444 2301 1499 sicut
2327 1443 2510 1500 Simon
2538 1445 2712 1501 dictus
2733 1455 2814 1502 est
2835 1447 3028 1503 Petrus
3050 1448 3117 1504 ob
3149 1449 3464 1504 firmitatem

1883 1531 2028 1598 fldei,
2058 1549 2125 1588 eo
2165 1536 2309 1605 quod
2345 1534 2514 1590 firma:
2555 1545 2722 1606 petrae
2752 1537 3048 1602 inhaeserit,
3076 1547 3130 1593 et
3166 1537 3255 1593 filii
3296 1538 3463 1594 lebe-

1883 1623 1980 1679 dwi
2009 1620 2337 1697 Boanerges,
2368 1626 2419 1680 id
2450 1635 2551 1690 est,
2585 1620 3092 1694 filii'tonitrui,sunt
3116 1630 3313 1692 vocati,
3336 1630 3460 1698 quia

182 1729 383 1775 autem
418 1720 507 1775 ltic
543 1720 733 1791 ligatas
758 1720 919 1775 liabet
945 1737 1137 1774 manus
1167 1721 1251 1775 vel
1278 1720 1464 1789 pedes,
1490 1735 1558 1774 ne
1582 1720 1779 1774 bonum
1885 1714 1951 1769 de
1978 1714 2205 1785 spiritali
2228 1715 2365 1772 coelo
2390 1716 2667 1773 intonituri
2692 1727 2848 1773 erant
2874 1738 2899 1773 :t
2925 1737 2943 1771 ι
2980 1719 3036 1774 1η
3060 1718 3324 1790 principio
3345 1729 3467 1775 erat

184 1819 477 1880 operetur,
504 1826 571 1866 ne
596 1811 736 1866 viam
765 1812 1143 1867 mandatorum
1178 1811 1269 1866 Dei
1313 1819 1529 1874 currat,
1560 1824 1781 1866 necesse
1812 1797 1855 1856 Β
1883 1804 2144 1874 Verbum,
2179 1816 2231 1863 et
2257 1805 2495 1864 Verbum
2523 1816 2640 1865 erat
2666 1810 2806 1881 apud
2834 1809 3036 1876 Deum,
3068 1820 3124 1867 et
3161 1812 3301 1867 Deus
3350 1820 3467 1885 erat.

191 1911 288 1958 est
313 1910 372 1956 ut
400 1902 508 1957 illic
552 1903 745 1974 ligatas
773 1903 969 1958 habeat
994 1919 1186 1958 manus
1225 1902 1308 1958 vel
1358 1901 1521 1973 pedes
1555 1918 1570 1954 :
1599 1908 1653 1956 et
1687 1898 1779 1969 qui

195 1992 443 2063 undique
483 2008 543 2048 se
589 1993 833 2048 dilatavit
871 1993 928 2048 in
980 1993 1121 2048 malo
1156 2009 1341 2064 opere,
1366 1992 1601 2062 undique
1648 2006 1782 2046 con-

193 2083 501 2154 stringatur
530 2083 582 2137 in
611 2082 965 2138 retributione
996 2083 1264 2138 vindictae.
1312 2083 1479 2154 Digne
1502 2098 1629 2138 vero
1660 2097 1785 2152 pec-

194 2173 408 2226 catoris
434 2186 628 2226 manus
654 2181 708 2227 et
735 2172 898 2243 pedes
942 2171 1175 2240 ligantur
1221 2171 1272 2225 in
1317 2187 1499 2242 poena,
1534 2187 1668 2241 quos
1699 2172 1787 2226 bie

196 2262 399 2317 habuit
423 2262 635 2317 solutos
650 2263 716 2317 ad
746 2262 984 2332 culpam.
1015 2263 1149 2317 Cum
1182 2262 1416 2317 tenebrae
1440 2277 1655 2333 semper
1682 2263 1789 2317 sint

198 2351 514 2415 interiores,
546 2361 599 2407 et
635 2366 909 2423 nunquam
936 2351 1252 2419 exteriores,
1287 2367 1384 2406 cur
1413 2351 1513 2407 istc
1542 2352 1595 2406 in
1640 2361 1791 2406 tene-

200 2441 339 2496 bras
362 2443 658 2498 exteriores
688 2443 843 2497 mitti-
876 2442 1111 2497 dicitur?
1158 2441 1239 2498 Ad
1295 2442 1439 2513 quod
1483 2441 1787 2504 dicendum,

196 2533 337 2602 quia
378 2535 609 2589 tenebra:
648 2534 932 2590 interiores
959 2533 1176 2590 caecitas
1231 2542 1313 2589 est
1350 2534 1543 2589 mentis
1590 2550 1602 2586 :
1643 2543 1793 2590 exle-

204 2625 387 2679 riores
422 2620 569 2691 vero,
598 2639 756 2695 pmna
793 2624 1092 2680 infernalis.
1134 2620 1343 2679 Justum
1388 2622 1555 2694 igitur
1597 2632 1681 2677 est
1735 2630 1793 2677 ut

202 2722 337 2786 post
362 2724 589 2768 mortem
621 2716 674 2768 in
725 2726 1024 2770 exteriores
1078 2715 1323 2769 tenebras
1375 2714 1624 2768 mittatur
1674 2712 1790 2783 qui,

205 2806 343 2859 dum
366 2804 590 2870 viveret,
618 2804 669 2858 in
698 2804 1044 2859 interioribus
1075 2803 1332 2871 tenebris,
1365 2804 1417 2860 id
1455 2811 1567 2868 est,
1599 2804 1650 2857 in
1693 2818 1796 2858 ete-

208 2895 385 2949 citate
407 2894 601 2949 mentis
631 2909 690 2949 se
721 2893 1004 2948 conclusit.
1054 2893 1194 2960 Quid
1248 2901 1428 2949 antem
1475 2893 1546 2949 ibi
1598 2892 1795 2947 missus

210 2987 475 3057 p.:tiatur,
528 2984 902 3040 manifestatur
948 3001 1069 3041 cum
1107 2985 1480 3042 subinfertur:
1520 3005 1537 3035 ι
1572 2985 1653 3041 lbi
1694 2986 1798 3040 erit

216 3097 240 3128 ι
291 3079 445 3133 fletus
468 3086 521 3131 et
544 3077 743 3132 stridor
767 3078 1026 3132 dentium.
1070 3096 1087 3128 ι
1126 3077 1226 3132 Ubi
1256 3093 1353 3149 per
1381 3077 1599 3132 nomina
1629 3093 1798 3132 mem-

1886 1896 2121 1954 Verbum
2165 1899 2343 1970 (Joan.
2374 1900 2435 1972 t).
2476 1920 2507 1953 ι.
2530 1900 2596 1956 Et
2638 1897 2804 1956 .‘t'udas
2838 1901 3037 1957 zelotes
3059 1901 3235 1956 dictus
3263 1911 3367 1968 est,
3398 1917 3463 1956 eu

1886 1988 2027 2058 quod
2054 1988 2167 2043 zelo
2198 1988 2397 2044 amoris
2421 1989 2514 2044 Dei
2544 1988 2831 2059 plurimum
2863 1989 3112 2045 ferveret.
3142 1989 3234 2046 Sic
3262 2006 3390 2062 ergo
3410 2000 3468 2045 et

1887 2077 1989 2134 iste
2011 2078 2227 2149 regulus
2248 2079 2553 2135 fortassisa
2585 2080 2847 2149 qualitate
2875 2079 3070 2135 mentis
3098 2095 3255 2149 quant
3302 2080 3468 2134 babe-

1888 2170 1980 2224 bat
2029 2169 2279 2235 interius,
2318 2184 2511 2226 nomen
2552 2170 2720 2226 traxit
2752 2171 3009 2226 exterius.
3055 2170 3290 2241 Regulus
3322 2170 3465 2224 enim

1890 2259 2266 2315 diminutivum
2315 2275 2509 2317 nomen
2555 2271 2635 2317 est
2682 2270 2711 2315 a
2752 2276 2898 2332 rege,
2926 2262 3080 2333 quasi
3129 2262 3339 2317 dicatur
3367 2260 3471 2315 sub

1892 2367 2018 2422 rege
2042 2351 2271 2421 primus,
2298 2350 2384 2407 vel
2414 2368 2610 2422 parvus
2638 2368 2753 2408 rex.
2782 2353 2850 2408 Et
2876 2353 2994 2408 ideo
3040 2353 3162 2423 quia
3207 2368 3272 2408 ex
3321 2360 3471 2421 parte

1892 2442 2166 2508 credebat,
2189 2450 2241 2498 et
2263 2457 2332 2497 ex
2354 2452 2510 2513 parte
2540 2457 2643 2498 non
2674 2442 2949 2507 credebat,
2976 2457 3081 2496 non
3112 2456 3226 2504 rex,
3252 2442 3346 2495 sed
3381 2455 3467 2493 re~

1894 2533 2053 2604 gulus
2076 2535 2272 2591 meruit
2307 2533 2585 2605 appellari.
2618 2533 2724 2590 Sed
2752 2534 2894 2604 quod
2917 2549 3015 2589 nos
3037 2534 3215 2588 verbis
3264 2533 3331 2587 de
3379 2532 3471 2586 illo

1895 2623 2144 2692 dicimus,
2171 2624 2273 2680 hoc
2314 2625 2428 2695 ipse
2461 2625 2525 2681 de
2566 2639 2625 2681 se
2664 2624 2918 2694 operibus
2949 2621 3281 2693 comprobat.
3335 2620 3468 2676 Nam

1893 2717 2142 2773 subditur
2168 2736 2184 2773 :

1972 2827 1990 2858 ‹
2037 2807 2135 2870 Hic
2164 2823 2286 2864 cum
2316 2808 2553 2864 audisset
2581 2809 2703 2880 quia
2731 2807 2886 2865 Jesus
2918 2808 3198 2864 adveniret
3225 2822 3254 2862 a
3289 2805 3472 2863 Iudaea

1901 2916 1919 2948 ι
1966 2898 2020 2952 in
2045 2897 2341 2964 Galilaeam,
2370 2899 2501 2953 abiit
2527 2900 2596 2953 ad
2624 2915 2770 2963 eum,
2796 2908 2850 2955 ct
2870 2899 3090 2971 rogabat
3113 2914 3238 2953 cum
3283 2907 3343 2953 ut
3378 2898 3471 2955 de-

1904 3005 1921 3038 ι
1969 2988 2251 3044 scenderet
2278 2997 2332 3043 et
2355 2997 2573 3044 sanaret
2595 2989 2764 3045 tilium
2810 2988 2947 3059 ejus.
2991 2989 3282 3061 lncipiebat
3323 2990 3466 3044 enim

1906 3096 1923 3128 ι
1973 3077 2128 3132 mori.
2161 3096 2178 3129 ι
2223 3077 2352 3146 Qua:
2378 3079 2555 3133 omnia
2578 3077 2732 3149 juxta
2782 3079 3014 3135 litteram
3066 3079 3137 3134 ita
3188 3079 3471 3136 manifesta

212 3168 463 3232 brorum,
515 3168 748 3239 qualitas
796 3169 1100 3224 ostenditur
1142 3169 1792 3224 tormentorum.-Acriori
1821 3159 1866 3221 C
1898 3178 2043 3233 sunt,
2074 3179 2132 3224 ut
2158 3171 2492 3239 expositione
2517 3187 2623 3226 non
2644 3171 2933 3242 indigeant.
2960 3170 3071 3227 Hoc
3101 3170 3474 3227 tantummodo

209 3258 366 3312 enim
416 3258 562 3313 fumo
611 3258 755 3314 oeuli
794 3257 923 3313 tacti
965 3257 1248 3328 laetymari
1284 3258 1475 3322 solent,
1530 3266 1583 3313 et
1634 3258 1800 3312 nimio

222 3349 420 3418 uigore
448 3348 638 3403 dentes
660 3350 1001 3404 stridescere.
1031 3347 1164 3403 Cum
1186 3364 1315 3419 ergo
1336 3348 1465 3403 dicit
1496 3366 1508 3401 :
1546 3367 1564 3399 ι
1597 3347 1671 3402 lbi
1699 3347 1803 3402 erit

221 3438 380 3493 ﬂetus
404 3451 457 3493 et
486 3440 685 3501 stridor
732 3442 994 3505 dentium,
1027 3462 1045 3493 ι
1088 3441 1246 3496 datur
1296 3441 1515 3512 intelligi
1550 3441 1673 3512 quia
1714 3457 1798 3496 re-

222 3531 377 3602 probi
406 3542 608 3589 :eterno
641 3533 904 3604 supplicio
935 3533 1171 3589 damnati
1201 3543 1255 3589 et
1297 3534 1464 3603 frigus
1517 3533 1802 3589 inaestima-

220 3626 333 3681 bile
384 3638 439 3681 et
483 3627 718 3683 calorem
777 3627 1166 3683 intolerabilem
1216 3628 1595 3693 sustinebunt,
1645 3627 1808 3682 beato

220 3714 327 3770 Job
376 3706 529 3780 tEste,
577 3718 666 3787 qui
718 3717 793 3772 ait
822 3734 835 3771 :
870 3736 888 3767 ι
931 3717 972 3769 Α
999 3717 1179 3772 calore
1212 3716 1378 3771 nimio
1406 3716 1711 3772 transibunt
1736 3718 1802 3770 ad

223 3826 396 3878 aquas
432 3809 645 3867 nivium
679 3807 801 3880 (Job
832 3810 999 3881 μιν).
1041 3828 1058 3859 ι
1095 3806 1194 3863 Ubi
1249 3809 1410 3863 etiam
1454 3807 1804 3883 consideran-

223 3902 357 3955 dum
405 3902 527 3972 quia
561 3917 667 3957 non
702 3892 874 3957 solmn
902 3909 1211 3957 sanctorum
1240 3916 1487 3973 corpora,
1520 3899 1614 3954 sed
1641 3900 1803 3954 etiam

225 3989 583 4060 reproborum
634 3992 687 4047 in
738 3991 943 4062 judicio
993 4001 1363 4048 resurrectura
1413 4001 1800 4048 monstrantur.

224 4085 387 4143 Unde
412 4103 510 4158 per
541 4089 756 4145 beatum
782 4088 881 4146 Iob
916 4089 1043 4145 alibi
1076 4091 1273 4147 dicitur
1311 4109 1324 4145 :
1374 4110 1393 4144 ι
1442 4092 1619 4149 Credo
1664 4092 1805 4163 quod

227 4175 563 4249 Redemptor
584 4193 734 4233 meus
761 4179 912 4246 vivit,
938 4185 992 4234 et
1026 4178 1078 4233 in
1112 4179 1406 4235 novissimo
1440 4179 1525 4235 die
1557 4182 1624 4236 de
1662 4190 1806 4237 terra

225 4254 637 4322 resurrecturus
674 4283 816 4334 sum,
843 4276 898 4323 et
939 4268 993 4324 in
1037 4284 1204 4324 carne
1240 4284 1359 4325 mea
1401 4269 1597 4325 videbo
1638 4269 1806 4326 Deum

225 4356 356 4429 (Job
401 4358 535 4428 xux).
575 4378 595 4411 ι
627 4357 780 4415 Oculi
811 4358 954 4414 enim
994 4361 1174 4415 carnei
1218 4368 1363 4424 sunt,
1410 4370 1464 4414 et
1509 4360 1696 4416 dentes
1741 4376 1808 4415 ex

227 4449 445 4505 ossibus
473 4464 487 4503 :
521 4449 683 4522 igitur
706 4465 828 4506 cum
858 4451 1028 4505 dicit:
1069 4470 1087 4500 ι
1123 4450 1197 4504 lbi
1221 4451 1325 4504 erit
1350 4448 1505 4505 fletus
1530 4459 1583 4505 et
1607 4450 1811 4507 stridor

229 4541 495 4607 dentium,
529 4561 550 4595 ι
579 4542 816 4598 ostendit
853 4556 1079 4612 corpora
1118 4541 1488 4614 reprobomm,
1515 4559 1634 4614 qua:
1680 4560 1807 4601 con-

230 4639 381 4686 stant
419 4647 485 4687 ex
527 4649 691 4688 carne
735 4641 790 4688 et
837 4632 1071 4699 ossibus,
1099 4634 1366 4689 veraciter
1411 4647 1532 4688 esse
1562 4650 1807 4691 resurre-

229 4730 389 4775 ctura
447 4740 459 4777 :
521 4733 579 4779 ut
634 4723 725 4793 qui
787 4724 841 4778 in
888 4737 1053 4779 carne
1095 4732 1149 4778 et
1190 4723 1367 4778 anima
1415 4733 1807 4796 peccaverunt,

232 4810 292 4865 in
323 4827 485 4868 carne
519 4822 573 4869 et
614 4813 794 4870 anima
831 4814 1035 4884 pariter
1080 4814 1391 4883 puniantur.
1436 4815 1586 4884 Quod
1628 4825 1807 4871 autem

232 4900 314 4954 ait
345 4920 358 4954 :

313 5008 332 5041 ι
386 4991 536 5047 Multi
582 4992 726 5049 enim
768 5003 894 5049 sunt
937 4995 1146 5056 vocati,
1192 4994 1349 5062 pauci
1392 5007 1522 5047 vero
1559 4992 1734 5049 electi.
1786 5012 1805 5044 ι

238 5079 409 5153 Magis
438 5083 733 5139 timendum
760 5093 844 5139 est
875 5099 1035 5154 quam
1064 5083 1458 5153 exponendum.
1487 5082 1638 5149 Quod
1667 5084 1810 5138 enim

241 5184 426 5227 omnes
445 5174 622 5227 vocati
651 5188 857 5239 sumus,
889 5174 1132 5229 novimus
1157 5189 1172 5239 ;
1201 5183 1381 5227 utrum
1404 5183 1580 5227 autem
1608 5173 1674 5227 ad
1695 5175 1808 5229 ele-

243 5269 448 5315 ctorum
476 5270 677 5317 sortem
702 5263 1084 5331 pertineamus,
1102 5262 1275 5315 adhuc
1295 5263 1616 5332 ignoramus.
1637 5260 1812 5317 Tanto

274 5365 371 5421 rgo
405 5348 617 5406 solliciti
648 5367 767 5407 esse
801 5352 1058 5406 debemus
1104 5352 1155 5405 in
1203 5352 1343 5405 bono
1383 5364 1567 5420 opere,
1609 5358 1810 5418 quanto

261 5445 638 5500 nexeusabiles
672 5458 770 5499 nos
797 5459 918 5500 esse
942 5445 1143 5499 scimus
1176 5446 1242 5499 de
1270 5442 1572 5506 vocatione,
1601 5451 1660 5495 ut
1703 5456 1810 5497 non

256 5550 367 5589 :um
391 5534 573 5591 multis
594 5534 837 5605 reprobis
861 5535 1142 5591 audiamus
1174 5552 1188 5591 :
1226 5554 1245 5586 ι
1280 5535 1374 5599 lte,
1426 5531 1717 5600 maledicti,
1763 5534 1816 5588 in

262 5645 423 5701 gnem
447 5639 703 5689 aeternum
728 5629 941 5701 (Matth.
957 5628 1106 5701 xxv),
1129 5648 1147 5680 ι
1173 5628 1264 5685 sed
1287 5644 1409 5685 cum
1434 5627 1618 5684 electis
1634 5627 1820 5683 audire

243 5737 588 5779 mercamur:
624 5744 641 5773 σ
682 5722 891 5788 Venite,
916 5720 1178 5779 benedicti
1201 5720 1376 5778 Patris
1404 5721 1529 5790 mei,
1555 5719 1819 5790 possidete

1900 3259 2096 3315 mirum
2140 3262 2351 3316 videtur
2373 3277 2544 3332 quare
2574 3262 2619 3318 is
2647 3262 2736 3332 qui
2767 3278 2866 3333 pro
2900 3263 3007 3318 filio
3046 3272 3332 3335 rogaturus
3377 3278 3469 3320 ve-

1900 3360 2057 3405 nerat
2082 3367 2111 3405 a
2144 3351 2366 3406 Domino
2394 3352 2597 3407 audivit
2635 3371 2652 3406 :

1976 3463 1994 3494 ι
2040 3443 2150 3498 Nisi
2183 3444 2337 3515 signa
2364 3452 2414 3499 et
2451 3444 2693 3515 prodigia
2734 3445 2995 3508 videritis,
3026 3461 3131 3501 non
3160 3446 3401 3500 creditis.
3444 3465 3464 3497 ι

1902 3533 2035 3590 Cum
2065 3535 2247 3606 utique
2273 3536 2374 3591 nisi
2404 3536 3091 3609 credidisset,nequaquam
3120 3553 3219 3607 pro
3243 3537 3475 3592 sanitate

1905 3624 2001 3679 ﬁlii
2029 3636 2314 3698 rogaturus
2334 3626 2401 3681 ad
2426 3624 2707 3682 Dominum
2731 3628 3085 3684 accessisset?
3129 3628 3208 3682 Ad
3235 3629 3375 3697 quod
3398 3628 3475 3683 di-

1904 3713 2131 3770 cendum
2170 3717 2292 3787 quia
2342 3716 2595 3771 credebat
2640 3724 2697 3772 et
2738 3730 2842 3771 non
2888 3715 3159 3771 credebat.
3208 3714 3475 3771 Credebat

1906 3807 2047 3874 quod
2081 3804 2135 3858 D.
2162 3805 2339 3860 minus
2360 3820 2457 3875 per
2480 3807 2821 3876 praesentiam
2868 3805 3202 3876 corporalem
3246 3803 3474 3859 salutem

1908 3896 2016 3951 lilio
2044 3912 2139 3951 suo
2174 3897 2457 3953 restituere
2479 3904 2681 3967 posset,
2700 3896 2794 3952 sed
2823 3911 2926 3951 non
2957 3895 3212 3951 credebat
3234 3910 3355 3951 eum
3385 3910 3484 3964 per

1906 3988 2249 4044 Divinitatem
2278 3990 2473 4060 ubique
2495 4003 2616 4044 esse
2644 3984 3149 4059 pr:esentem,cnjus
3180 3996 3290 4042 tam
3318 3985 3468 4043 solli-

1907 4078 2011 4134 cite
2034 4079 2366 4150 corporalem
2402 4079 2687 4135 adventum
2714 4078 3038 4150 requirebat,
3070 4077 3256 4135 dicens
3285 4096 3301 4132 :

1985 4188 2004 4222 ι
2075 4172 2317 4238 Domine,
2364 4170 2631 4227 descende
2675 4171 2986 4243 priusquam
3037 4171 3298 4225 moriatur
3340 4168 3480 4225 filius

1917 4277 1937 4311 ι
1984 4276 2154 4315 meus.
2203 4281 2221 4314 ι
2258 4261 2393 4330 Quia
2431 4277 2560 4334 ergo
2602 4261 2879 4328 credebat,
2905 4268 3191 4333 rogaturus
3232 4276 3328 4331 pro
3375 4260 3483 4315 filio

1913 4351 2161 4416 accessit,
2187 4352 2280 4407 sed
2302 4351 2426 4421 quia
2453 4368 2557 4406 non
2595 4350 2832 4422 perfecte
2859 4350 3134 4415 credebat,
3161 4350 3346 4404 audire
3370 4363 3483 4404 me-
3524 4383 3538 4394 -

1914 4444 2050 4499 ruit:
2086 4463 2104 4494 ι
2134 4442 2244 4499 Nisi
2270 4443 2421 4515 signa
2451 4452 2502 4499 et
2528 4443 2767 4514 prodigia
2792 4441 3052 4503 videritis,
3069 4456 3172 4495 non
3194 4439 3432 4494 creditis.
3459 4456 3478 4489 ι

1911 4534 2071 4590 Fides
2090 4536 2231 4589 enim
2264 4543 2605 4605 augmentum
2639 4532 2824 4593 habet,
2849 4532 2989 4587 sicut
3009 4530 3235 4600 apostoli
3260 4528 3488 4585 Domino

1913 4624 2165 4678 dixerunt
2196 4639 2207 4675 :
2238 4641 2255 4672 ι
2294 4622 2534 4685 Domine,
2563 4635 2694 4691 auge
2729 4618 2885 4674 nobis
2915 4618 3070 4672 fidem
3093 4616 3244 4686 (Luc.
3271 4617 3424 4686 xvu).
3457 4635 3477 4669 ι

1914 4712 1981 4767 Et
2003 4711 2249 4765 centurio
2297 4708 2401 4776 ille,
2446 4709 2535 4778 qui
2579 4723 2677 4777 pro
2721 4723 2885 4776 puero
2925 4706 3158 4762 lunatico
3199 4714 3481 4778 rogaturus

1915 4809 2157 4866 venerat,
2196 4817 2316 4857 cum
2363 4800 2599 4855 audisset
2639 4814 2669 4853 a
2717 4799 2983 4853 Domino:
3014 4818 3033 4849 ι
3070 4797 3280 4865 Credis,
3304 4799 3487 4858 omnia

1917 4892 2192 4963 possibilia
2240 4891 2501 4955 credenti,
2538 4910 2556 4943 ι
2594 4889 2907 4960 respondit:
2944 4906 2962 4941 ι
2994 4888 3189 4954 Credo,
3237 4889 3484 4956 Domine,

1916 4985 2107 5056 adjuva
2136 4984 2561 5040 incredulitatem
2580 4997 2755 5038 meam
2778 4981 2970 5054 (Marc.
2989 4980 3086 5052 rx).
3119 5002 3140 5035 ι
3165 4981 3309 5040 Inter
3328 4981 3479 5051 signa

1918 5091 2096 5134 autem
2123 5088 2171 5135 et
2202 5077 2438 5150 prodigia
2470 5077 2569 5131 hoc
2598 5077 2837 5138 interest,
2862 5074 2986 5146 quia
3034 5073 3184 5145 signa
3231 5072 3482 5129 dicuntur

1918 5171 2175 5225 miracula
2206 5169 2416 5224 insolita
2446 5185 2457 5220 :
2484 5165 2723 5236 prodigia
2767 5180 2895 5220 vero
2938 5179 3000 5218 ea
3044 5164 3316 5228 dicuntur,
3363 5177 3481 5231 quae

1918 5277 2038 5316 cum
2066 5259 2474 5330 praesrntialiter
2495 5258 2625 5312 mira
2648 5264 2789 5317 sunt,
2817 5253 2979 5311 etiam
3004 5254 3057 5309 in
3081 5253 3261 5308 futuro
3283 5251 3485 5321 aliquid

1919 5356 2353 5423 praemonstrant.
2404 5346 2557 5403 Unde
2606 5345 2903 5418 prodigium
2948 5343 3149 5398 dictum
3194 5349 3302 5407 est,
3328 5338 3485 5409 quasi

1919 5457 2081 5514 porro
2108 5440 2327 5509 digium.
2354 5437 2459 5493 Sed
2489 5438 2542 5491 in
2586 5437 2687 5491 bac
2730 5434 2960 5490 lectione
3004 5439 3187 5489 nostra
3235 5427 3487 5498 superbia

1920 5534 2282 5597 confunditur,
2310 5532 2355 5587 si
2385 5545 2504 5587 eam
2531 5544 2651 5585 cum
2682 5527 2784 5581 alia
2826 5525 3181 5582 conferamus.
3237 5518 3488 5589 Legimus

1920 5628 2061 5681 enim
2084 5627 2135 5680 in
2159 5623 2445 5693 Evangelio
2467 5618 2857 5687 Mattbmiqnia
2888 5631 3007 5672 cum
3032 5610 3306 5667 introisset
3332 5607 3488 5663 Jesus

1923 5717 1975 5771 in
2000 5714 2401 5786 Capharnaum,
2428 5709 2654 5768 accessit
2701 5708 2768 5765 ad
2814 5719 2934 5762 eum
2982 5699 3245 5765 centurio,
3288 5712 3486 5770 rogans
