4002 6348
606 354 715 416 727

1247 356 1599 414 HAYMONIS
1637 324 2113 412 HALBERSTAT.
2147 328 2359 404 EPISC.
2402 349 2551 406 OPP.
2594 350 2773 406 PARS
2812 350 2873 404 ll.
2903 381 2973 389 —
3009 348 3241 405 HOMIL.

3787 334 3925 408 7231

588 472 753 543 'eum,
781 487 838 533 et
870 477 1056 532 dicens
1080 490 1095 528 :
1128 491 1145 525 ι
1174 473 1418 537 Domine,
1447 488 1581 543 puer
1605 470 1917 539 meusjacct
1938 469 1992 523 in
2023 469 2182 523 domo
2211 470 2257 528 Α
2284 465 2472 520 eodem
2499 448 2824 534 evangelista
2845 460 3051 517 Joanne
3075 470 3348 528 narrante,
3374 465 3495 530 quia
3521 482 3665 522 cum
3696 467 3869 524 mulier
3926 528 3927 553 ι

584 566 951 641 'paralyticus,
977 574 1031 622 et
1053 564 1194 620 male
1221 572 1521 634 torquetur.
1568 583 1587 616 ι
1631 563 1700 617 Et
1742 562 1818 616 ait
1857 561 1929 616 illi
1974 559 2129 615 Jesus
2165 576 2178 612 :

611 681 633 716 ε
670 662 784 733 Ego
816 659 1029 715 veniam
1070 666 1126 713 et
1162 657 1365 714 curabo
1406 671 1528 711 eum
1572 654 1791 727 (Matth.
1820 652 1957 725 VIII).
1996 672 2015 706 ι
2049 651 2182 733 Quis

608 752 753 809 enim
785 751 998 821 ignorat
1045 748 1286 821 regulum
1319 746 1541 816 majoris
1564 760 1683 802 esse
1710 744 1991 817 potestatis
2018 751 2180 813 quam

602 839 1014 898 centurionem?
1052 839 1121 905 Et
1145 839 1271 909 quid
1304 846 1389 894 est
1424 838 1567 908 quod
1593 836 1853 892 Dominus
1902 832 1968 888 ad
2013 832 2180 887 ﬁlium

600 931 771 1003 reguli
796 939 1015 1003 rogatus
1044 930 1124 987 ire
1154 928 1345 995 noluit,
1376 937 1431 985 et
1472 929 1542 983 ad
1588 942 1805 983 servum
1850 923 2181 981 centurionis

599 1018 760 1078 etiam
785 1036 893 1077 non
922 1029 1142 1091 rogatus
1169 1019 1250 1073 ire
1285 1026 1508 1089 paratus
1535 1013 1971 1083 fuit‘lq'Nimirum
1997 1022 2181 1070 nostra

598 1102 876 1183 superbia,
900 1120 961 1167 ut
987 1110 1240 1175 diximus,
1256 1102 1629 1173 confunditur,
1657 1108 1747 1178 qui
1779 1107 1832 1161 in
1875 1105 2182 1163 hominibus

598 1217 708 1256 non
733 1190 1003 1266 naturam,
1035 1216 1141 1271 qua
1167 1199 1234 1256 ad
1266 1199 1550 1270 imaginem
1576 1199 1668 1252 Dei
1722 1197 1851 1253 facti
1900 1206 2044 1262 sunt,
2087 1184 2182 1252 sed

597 1293 893 1362 potentiam
925 1291 1353 1347 consideramus.
1378 1290 1524 1359 Quos
1560 1292 1700 1345 enim
1733 1299 1980 1360 potentes
2007 1289 2185 1345 cerni-

570 1374 720 1439 Imus
769 1384 1101 1438 bonoramus
1140 1401 1153 1437 :
1196 1392 1251 1438 et
1294 1398 1429 1452 quos
1478 1383 1766 1437 metuimus
1804 1395 2125 1437 veneramur
2164 1396 2178 1434 :

596 1491 863 1548 pauperes
901 1484 1082 1530 autem
1118 1473 1535 1538 contemnimus,
1564 1472 1886 1543 despicimus
1928 1480 1980 1525 et
2025 1470 2184 1541 negli-

598 1560 795 1634 gimus.
824 1563 1055 1619 Econtra
1084 1561 1254 1617 Filius
1282 1562 1397 1627 Dei,
1426 1561 1516 1631 qui
1548 1561 1614 1615 de
1642 1561 1780 1617 caelo
1806 1560 2084 1615 descendit
2127 1558 2180 1613 in

602 1642 798 1723 terras,
822 1657 887 1711 ad
930 1642 1094 1710 ﬁlium
1125 1655 1295 1726 reguli
1324 1663 1541 1725 rogatus
1569 1654 1647 1709 ire
1672 1653 1863 1719 noluit,
1886 1663 1940 1707 et
1962 1652 2028 1706 ad
2068 1665 2182 1706 ser-

599 1763 726 1803 vum
776 1738 1127 1813 centurionis,
1156 1747 1319 1803 etiam
1352 1763 1476 1802 cum
1515 1762 1618 1801 non
1652 1753 1953 1816 rogaretur,
1981 1744 2060 1799 ire
2087 1733 2182 1814 pa-

600 1846 755 1893 ratus
783 1838 902 1894 fuit.
934 1838 1070 1907 Quia
1106 1840 1248 1895 sicut
1290 1837 1483 1894 Petrus
1509 1839 1573 1893 de
1612 1854 1676 1892 eo
1713 1837 2059 1892 veracissime
2098 1845 2178 1891 te-
2208 1822 2256 1882 Β

570 1922 805 1986 ἐιειωτε
840 1949 860 1983 ‹
897 1929 1013 1987 Νοη
1035 1939 1118 1986 est
1146 1922 1500 2002 personarum
1531 1938 1785 1999 acceptor
1809 1930 1972 1994 Deus,
2002 1928 2095 1984 sed
2126 1927 2178 1982 in
2256 1926 2260 1933 '

566 2026 569 2027 ⁷
598 2024 746 2079 omni
774 2032 935 2096 gente
961 2023 1053 2095 qui
1083 2033 1338 2095 operatur
1362 2022 1648 2094 justitiam,
1678 2029 1932 2093 acceptus
1970 2029 2054 2075 est
2106 2018 2178 2074 illi

566 2105 739 2182 ’(Αει.
764 2112 843 2185 x).
883 2132 902 2165 ι
944 2114 1222 2170 Imitemur
1247 2128 1376 2185 ergo
1406 2121 1462 2167 et
1502 2128 1602 2168 nos
1633 2123 1793 2184 caput
1823 2119 2067 2166 nostrum
2087 2151 2101 2175 ,
2127 2118 2182 2165 et

599 2215 759 2269 quem
784 2200 904 2271 plus
927 2201 1096 2256 Deum
1138 2216 1321 2256 amare
1353 2201 1667 2267 viderimus,
1704 2201 1851 2254 illum
1888 2198 2181 2254 studiosius

566 2282 902 2360 'diligamus.
950 2292 1017 2345 Et
1062 2292 1177 2347 haec
1206 2278 1462 2351 dicentes,
1497 2305 1602 2344 non
1634 2290 1978 2360 prohibemus
2007 2290 2178 2344 bono.

601 2393 725 2435 rare
751 2390 1019 2450 potentes,
1041 2383 1277 2437 maxime
1298 2397 1419 2437 cum
1449 2380 1643 2435 Petrus
1677 2380 1950 2450 apostolus
1990 2380 2137 2435 dicat
2163 2399 2175 2434 :

494 2534 501 2539 ε
603 2489 622 2521 ε
659 2471 825 2527 Deum
876 2472 1081 2540 timete,
1135 2488 1313 2545 regem
1365 2472 1718 2528 bonoriﬁcate
1782 2471 1833 2543 (1
1866 2470 2008 2527 Petr.
2032 2466 2173 2543 11).)

564 2552 569 2563 ’
599 2560 708 2618 Sed
749 2562 889 2618 sicut
928 2563 1140 2619 illorum
1184 2578 1509 2619 veneramur
1538 2564 1854 2634 potentiam,
1883 2563 1961 2617 sic
1986 2576 2180 2632 paupe-

595 2666 716 2711 rum
746 2644 994 2723 supplere
1021 2654 1279 2709 debemus
1327 2653 1698 2723 indigentiam,
1737 2662 1797 2706 ut
1844 2652 1896 2705 in
1938 2651 2178 2705 Ecclesia

596 2742 694 2796 Dei
725 2744 1017 2813 unicuique
1047 2759 1318 2814 congruus
1346 2744 1519 2798 honor
1544 2744 1880 2799 exhibeatur.
1917 2742 2026 2796 Sed
2052 2741 2178 2811 quia

567 2820 896 2900 'inerepatio
951 2832 1054 2901 piis
1098 2831 1368 2887 mentibus
1419 2831 1646 2885 multum
1704 2831 1962 2901 prodesse
2008 2822 2175 2897 solet,

570 2922 882 2990 postquam
937 2919 1155 2993 regulus
1199 2937 1230 2975 a
1280 2920 1506 2976 Domino
1557 2921 1869 2991 increpatus
1913 2910 2175 2976 audivit:

572 3008 617 3063 ἰ
665 3011 833 3077 Vade,
866 3013 1005 3069 ﬁlius
1061 3021 1185 3068 tuus
1237 3013 1387 3067 vivit.
1440 3012 1679 3068 Credidit
1727 3014 1888 3069 homo
1938 3014 2176 3070 sermoni

568 3092 617 3154 ί(
665 3118 826 3173 quem
857 3103 992 3159 dixit
1012 3105 1061 3161 ei
1103 3104 1261 3160 Jesus
1290 3112 1344 3159 et
1368 3103 1498 3158 ibat.
1536 3124 1553 3155 ι
1595 3104 1746 3161 Unde
1775 3104 1907 3161 ﬁdes
1931 3106 2178 3176 protinus

565 3186 845 3250 'ell'ectum
873 3203 1164 3250 consecuta
1193 3203 1295 3250 est.

570 3290 575 3295 ‘
669 3308 685 3338 ι
728 3286 847 3343 Jam
879 3296 1059 3343 autem
1091 3303 1156 3344 eo
1201 3288 1598 3353 descendente,
1629 3290 1772 3344 servi
1818 3300 2175 3345 occurrerunt

596 3399 615 3432 ι
657 3382 732 3446 ei,
761 3390 814 3436 et
839 3382 1224 3436 nuntiaverunt
1252 3382 1494 3437 dicentes
1522 3382 1645 3452 quia
1676 3381 1819 3437 lilius
1861 3383 1977 3453 ejus
2021 3376 2172 3437 vive-

574 3468 612 3523 ἰ
661 3481 761 3528 ret.
801 3496 818 3524 ι
852 3473 932 3528 Ex
961 3490 1025 3529 eo
1060 3489 1206 3545 ergo,
1231 3473 1375 3543 quod
1406 3474 1656 3544 superius
1696 3474 1800 3529 iste
1826 3474 2045 3545 regulus
2074 3475 2176 3529 Do-

564 3552 740 3619 nnino
769 3565 905 3620 dixit
934 3583 946 3619 :
984 3584 1002 3617 ι
1042 3565 1316 3622 Descende
1343 3566 1659 3635 priusquam
1695 3566 1959 3621 moriatur
2004 3564 2174 3622 Filius

590 3671 765 3723 meus,
788 3678 809 3711 ι
829 3665 884 3713 et
908 3658 998 3713 hic
1023 3658 1220 3713 dicitur
1238 3676 1255 3711 τ
1273 3675 1291 3708 ι
1312 3655 1431 3711 1am
1455 3666 1633 3713 autem
1656 3674 1721 3713 eo
1744 3657 2121 3723 descendente,
2148 3678 2166 3709 ι

590 3750 753 3803 datur
777 3750 1022 3821 intelligi,
1055 3751 1180 3820 quia
1210 3748 1588 3820 Capharnaum
1620 3750 1675 3805 in
1718 3749 1858 3805 valle
1895 3758 2012 3805 erat
2046 3751 2169 3816 sita,

557 3908 565 3915 _
589 3858 709 3910 qum
735 3842 890 3897 vallis
923 3843 1130 3912 pinguis
1158 3844 1271 3897 sive
1300 3841 1424 3896 villa
1450 3843 1800 3911 pulcherrima
1849 3843 2173 3913 interpreta-

593 3943 700 3986 tur.
730 3933 802 3986 At
841 3933 926 3987 ille
953 3932 1138 3989 volens
1172 3934 1311 3988 scire
1339 3942 1518 3988 utrum
1542 3949 1607 3988 ea
1633 3935 1767 3989 hora
1795 3935 2002 3990 sanitas
2026 3943 2172 3990 esset

574 4010 793 4081 reddita
829 4024 955 4091 ﬁlio,
986 4026 1037 4079 in
1071 4041 1174 4094 qua
1216 4025 1462 4081 audierat
1486 4042 1515 4079 a
1539 4026 1767 4081 Domino
1791 4045 1804 4080 ε
1828 4026 1997 4081 Filius
2049 4034 2173 4083 tuus

564 4112 749 4187 vvivit,‘
803 4115 1205 4187 «interrogavit
1241 4115 1432 4171 horam
1480 4116 1548 4171 ab
1596 4116 1676 4171 eis
1723 4116 1776 4171 in
1822 4132 1928 4187 qua
1977 4117 2171 4174 melius

592 4230 613 4263 ι
656 4209 925 4265 habuerit.
950 4209 1023 4287 Et
1053 4209 1303 4265 dixerunt
1330 4208 1380 4264 ei
1415 4228 1428 4263 :
1462 4206 1598 4277 Quia
1631 4208 1751 4265 beri
1782 4209 1917 4265 hora
1940 4192 2169 4281 septima

558 4284 565 4297 ’
591 4322 610 4354 ι
657 4301 875 4371 reliquit
900 4284 1022 4355 eum
1051 4298 1235 4355 febris.
1270 4319 1287 4351 ι
1321 4297 1553 4355 Pulchre
1579 4308 1758 4355 autem
1782 4301 1916 4356 hora
1940 4303 2169 4372 septima

558 4374 733 4448 iﬁlius
755 4390 927 4462 reguli
954 4397 1198 4456 sanatur,
1224 4390 1347 4459 quia
1383 4398 1587 4460 septem
1617 4398 1743 4445 sunt
1768 4391 1907 4447 dona
1935 4391 2168 4462 Spiritus

562 4466 783 4549 sancti,
813 4482 967 4553 cujus
995 4481 1168 4553 gratia
1195 4489 1251 4535 et
1278 4481 1493 4543 virtute,
1542 4495 1649 4535 non
1696 4481 1867 4537 solum
1917 4484 2167 4541 remissio

2256 556 2264 561 ’
2289 557 2626 612 Samaritana
2662 555 2898 611 audisset
2923 572 2951 608 a
2975 555 3199 610 Domino
3220 557 3397 611 omnia
3420 573 3543 627 quae
3569 559 3732 625 fecit,
3759 560 3868 618 abiit
3926 558 3927 599 ἶ

2254 636 2260 643 ’
2287 649 2339 702 in
2366 648 2660 713 civitatem,
2687 656 2743 702 et
2763 646 2898 700 dixit
2926 646 3030 701 illis
3052 647 3333 701 omnibus:
3354 666 3372 698 ι
3396 646 3601 704 Venite
3626 660 3685 705 et
3712 654 3867 709 videte
3926 704 3927 713 χ

2285 739 2554 794 hominem
2601 739 2693 808 qui
2739 738 2872 793 dixit
2919 738 3049 792 mihi
3109 739 3291 793 omnia
3352 754 3708 811 quaecunque
3752 743 3862 799 feci.

2284 830 2532 899 Nunquid
2578 830 2691 899 ipse
2727 837 2812 882 cst
2848 827 3135 883 Christus?
3163 843 3285 882 cum
3316 830 3603 886 venissent
3641 844 3774 902 ergo
3811 837 3864 887 ad
3927 820 3929 905 γ

2284 921 2430 976 illum
2465 921 2823 986 Samaritani,
2865 929 3188 990 rogaverunt
3231 936 3356 976 cum
3392 931 3454 976 ut
3492 923 3574 978 ibi
3608 934 3858 978 maneret.

2283 1013 2350 1066 Et
2391 1013 2586 1067 mansit
2634 1011 2707 1067 ibi
2752 1012 2887 1067 duos
2928 1012 3072 1077 dies,
3104 1020 3160 1067 et
3193 1012 3363 1067 multo
3402 1013 3596 1082 plures
3638 1014 3862 1070 credide-

2286 1111 2410 1156 runt
2459 1114 2677 1174 propter
2711 1117 3015 1158 sermonem
3054 1101 3189 1172 ejus.
3220 1103 3288 1159 Et
3326 1105 3540 1160 mulieri
3574 1106 3856 1161 dicebant:

2283 1192 2415 1258 Quia
2432 1194 2544 1263 jam
2587 1208 2693 1249 non
2733 1202 2955 1263 propter
2976 1200 3120 1248 tuam
3146 1193 3411 1264 loquelam
3432 1196 3743 1261 credimus,
3776 1198 3855 1265 ipsi

2284 1285 2424 1340 enim
2454 1286 2777 1364 audivimus,
2798 1295 2853 1342 et
2872 1287 3072 1342 scimus
3092 1287 3219 1357 quia
3245 1287 3333 1343 hic
3356 1297 3441 1343 est
3468 1305 3604 1344 vere
3630 1288 3855 1346 Salvator

2283 1375 2466 1430 mundi
2492 1375 2671 1447 (Joan.
2701 1375 2795 1448 ιν).
2830 1396 2848 1428 ι
2869 1376 2945 1431 lbi
2974 1377 3114 1431 enim
3142 1377 3258 1432 sine
3281 1378 3601 1433 ostensione
3628 1380 3851 1436 miraculi

2286 1476 2396 1523 tota
2433 1468 2623 1525 civitas
2646 1468 2895 1535 credidit,
2918 1470 3006 1524 hic
3028 1484 3148 1524 cum
3177 1485 3427 1541 magnum
3451 1471 3679 1541 signum
3702 1483 3851 1527 osten-

2284 1575 2405 1614 sum
2442 1570 2615 1626 esset,
2658 1560 2773 1631 ipse
2814 1569 2971 1631 pater
3013 1568 3220 1615 tantum
3254 1579 3273 1611 ι
3311 1561 3543 1617 credidit
3581 1572 3640 1618 et
3687 1565 3848 1620 domus

2283 1650 2328 1719 ej
2337 1668 2398 1707 us
2430 1660 2558 1708 tota.
2595 1670 2615 1703 ι

2764 1784 3045 1842 HOMILIA
3082 1786 3391 1845 CXXXVII.

2560 1914 2815 1959 υοιικιω.
2851 1917 2985 1956 XXIII
3022 1916 3150 1957 POST
3188 1918 3595 1959 PENTECOSTEN.

2252 2009 2257 2012 ’
2353 2010 2595 2080 (Mum.
2629 2008 2808 2082 xvm.)
2843 2028 2861 2061 ί
2886 2009 2942 2064 ln
2977 2010 3068 2065 illo
3099 2018 3340 2081 tempore
3361 2012 3505 2067 dixit
3524 2010 3687 2068 Jesus
3707 2013 3839 2069 disci-

2286 2120 2305 2153 α
2348 2101 2485 2171 pulis
2532 2102 2644 2157 suis
2690 2101 2999 2171 parabolam
3048 2104 3184 2158 hanc
3232 2102 3467 2159 :Simile
3514 2114 3604 2161 est
3648 2121 3837 2175 regnum

2287 2208 2307 2243 ι
2352 2191 2612 2247 cmlorum
2642 2191 2845 2247 homini
2875 2192 2986 2263 regi
3018 2194 3108 2262 qui
3145 2192 3315 2249 voluit
3368 2194 3642 2250 rationem
3676 2212 3838 2266 ponere

2287 2299 2303 2331 τ
2349 2297 2471 2337 cum
2498 2281 2670 2337 servis
2703 2282 2838 2337 suis.
2880 2302 2898 2334 ι
2927 2283 2994 2338 Ει
3031 2282 3257 2353 reliqua.
3284 2282 3473 2340 Virtus
3505 2294 3566 2341 et
3609 2287 3833 2356 sapientia

2281 2372 2378 2428 Dei
2422 2374 2680 2430 Dominus
2722 2374 2880 2431 Jesus
2925 2374 3204 2441 Christus,
3253 2377 3508 2434 humanas
3558 2379 3832 2450 ignoranti:

2280 2464 2737 2530 condescendens,
2771 2465 3083 2536 frequenter
3124 2467 3237 2521 suis
3278 2468 3484 2523 sanctis
3529 2469 3833 2523 sermonibus

2280 2559 2659 2615 similitudines
2682 2560 2934 2629 dignatus
2954 2570 3038 2616 est
3062 2555 3380 2632 adjungere,‘
3406 2569 3466 2615 ut
3496 2562 3646 2631 quod
3675 2576 3759 2630 per

2279 2650 2639 2705 militudinem
2669 2649 2976 2706 sermonum
3023 2651 3297 2706 auditores
3339 2667 3539 2722 capere
3580 2667 3682 2706 non
3717 2660 3832 2720 pou»

2244 2746 2253 2755 ‘
2281 2752 2421 2809 rant,
2456 2742 2647 2799 saltem
2678 2758 2774 2813 per
2804 2742 3091 2812 parabolas
3111 2750 3167 2796 et
3193 2741 3393 2814 ﬁguras
3419 2751 3687 2797 tenerent.
3713 2741 3828 2797 Unde

2280 2836 2419 2891 sicut
2437 2835 2563 2890 alihi
2589 2835 2873 2890 Matthteus
2889 2834 2989 2888 ait:
3010 2853 3027 2884 ι
3042 2832 3383 2902 Loqucbatur
3393 2832 3557 2889 Je‘sus
3569 2849 3689 2889 cum
3708 2831 3829 2885 disci-

2242 2918 2247 2923 ’
2278 2927 2417 2999 pulis
2446 2928 2499 2983 in
2523 2927 2809 2997 parabolis,
2840 2936 2896 2981 et
2933 2924 3051 2982 sine
3093 2926 3364 2996 parabolis
3406 2932 3517 2981 'non
3551 2926 3825 2996 loquebatur

2242 3018 2245 3021 ⁷
2277 3020 2386 3085 eis,
2416 3028 2475 3073 ut
2502 3019 2887 3090 adimpleretur
2929 3019 3071 3089 quod
3103 3033 3202 3088 per
3246 3018 3580 3089 Prophetam
3629 3018 3822 3073 dicitur:

2240 3099 2247 3103 ’
2277 3110 2529 3182 Aperiam
2558 3112 2612 3166 in
2640 3111 2908 3182 parabolis
2944 3127 3007 3167 os
3036 3126 3213 3166 meum
3258 3110 3474 3182 (Matth.
3502 3126 3609 3166 xm
3635 3120 3684 3166 et
3707 3107 3820 3162 Psal.

2203 3188 2247 3252 C
2279 3201 2516 3273 Lxxvn),
2548 3222 2567 3254 ι
2613 3201 2808 3272 loquar
2847 3202 3245 3273 propositiones
3290 3201 3359 3256 ab
3406 3201 3587 3255 initio.
3620 3200 3749 3267 Quod
3780 3198 3817 3251 in

2275 3294 2380 3348 hac
2406 3292 2636 3349 lectione
2666 3309 2789 3348 eum
2831 3292 3025 3349 fecisse
3067 3291 3435 3363 cognovimus,
3470 3291 3516 3346 si
3553 3289 3812 3362 diligentius

2240 3380 2245 3387 ’
2277 3386 2553 3454 superiora
2586 3384 2746 3453 hujus
2773 3382 3049 3457 Evangelii
3091 3384 3514 3440 consideremus.
3540 3381 3674 3439 Cum
3707 3381 3810 3435 enim

2274 3484 2601 3547 praeceptum
2632 3476 2936 3533 dimittendi
2963 3475 3223 3531 fratribus
3250 3476 3305 3529 in
3334 3468 3489 3531 nbbis
3510 3471 3807 3544 peccantibus

2276 3565 2533 3632 dedisset,
2564 3582 2632 3623 ne
2657 3566 2792 3622 dura
2829 3567 2945 3622 haec
2976 3566 3289 3622 viderentur
3319 3574 3376 3622 et
3414 3581 3633 3637 aspera,
3664 3563 3816 3633 adjecit

2276 3656 2682 3713 similitudinem
2713 3658 2780 3713 de
2826 3673 2953 3729 rege
2976 3657 3069 3727 qui
3096 3657 3325 3712 debitori
3357 3672 3457 3712 suo
3482 3657 3657 3712 decem
3680 3652 3818 3709 millia

2277 3746 2474 3803 talenta
2511 3748 2577 3804 ad
2603 3764 2764 3804 uuam
2791 3748 3236 3819 supplicationem
3278 3748 3505 3803 dimisit.
3533 3743 3814 3818 Spiritaliter

2275 3841 2439 3895 homo
2467 3840 2569 3895 iste
2612 3857 2705 3895 rex
2736 3840 2997 3896 Dominus
3019 3839 3175 3896 Jesus
3214 3840 3460 3895 Christus
3489 3842 3555 3895 de
3582 3832 3683 3911 quo
3704 3837 3816 3892 scri-

2274 3942 2425 4004 ptum
2455 3943 2540 3990 est
2569 3951 2581 3986 :
2615 3955 2635 3987 ‹
2664 3934 2800 3989 Ecce
2825 3934 3005 3990 veniet
3033 3936 3176 3991 Deus
3205 3945 3260 3991 et
3288 3936 3451 3991 homo
3473 3936 3540 3991 de
3571 3933 3724 3991 David
3746 3930 3816 4001 qui

2240 4026 2245 4029 ’
2274 4035 2359 4083 est
2391 4043 2483 4083 rex
2509 4043 2693 4100 regum
2712 4036 2765 4085 et
2793 4027 3051 4085 Dominus
3077 4029 3470 4085 dominantium
3487 4027 3541 4100 (Ι
3562 4028 3691 4083 Tim.
3710 4026 3814 4095 vi)».

2236 4130 2239 4131 '
2274 4125 2328 4173 et
2354 4117 2508 4187 cujus
2536 4120 2686 4190 regni
2712 4135 2819 4176 non
2847 4121 2953 4176 erit
2981 4120 3122 4175 ﬁnis.
3149 4119 3319 4191 Hujus
3342 4120 3485 4191 regis
3510 4121 3654 4177 servi
3682 4116 3814 4174 homi-

2274 4223 2373 4264 nes
2399 4219 2523 4264 sunt
2552 4224 2689 4280 quos
2710 4211 2780 4265 ad
2816 4210 2918 4266 sibi
2944 4211 3306 4277 serviendum,
3338 4225 3505 4281 seque
3530 4208 3815 4266 laudandum

2236 4369 2240 4373 4
2273 4302 2340 4357 ad
2362 4319 2515 4359 suam
2545 4300 2832 4374 imaginem
2860 4303 3116 4369 condidit,
3142 4303 3339 4374 quibus
3362 4304 3529 4391 etiam
3554 4318 3755 4359 sensum
3777 4308 3816 4353 ct

2238 4398 2241 4401 ’
2275 4392 2680 4463 intelligentiam
2710 4394 2957 4464 przebuit.
2997 4393 3133 4449 Huic
3170 4395 3247 4448 rei
3292 4395 3502 4450 servire
3532 4409 3734 4451 summa
3751 4400 3815 4447 est

2272 4485 2516 4552 libertas,
2533 4486 2599 4541 ab
2622 4484 2738 4554 ejus
2760 4485 2980 4540 servitio
2995 4485 3251 4541 recedere
3272 4477 3584 4556 turpissima
3603 4502 3706 4543 seu
3717 4484 3813 4538 itus.

552 4553 955 4646 'peccatorum,
985 4575 1078 4629 sed
1104 4573 1267 4628 etiam
1309 4572 1483 4626 virtus
1524 4583 1579 4626 et
1628 4574 1834 4629 sanitas
1888 4574 2159 4641 tribuitur,
2195 4546 2244 4604 ί)
2270 4577 2439 4648 Hujus
2465 4592 2678 4633 servum
2701 4593 2758 4633 se
2778 4577 3111 4649 gloriabatur
3133 4546 3434 4641 Psalmista,
3461 4574 3587 4632 cum
3610 4575 3811 4634 dicebat:

579 4667 838 4738 Apostolo
871 4674 1034 4731 teste,
1054 4664 1145 4735 qui
1172 4664 1284 4719 ait:
1316 4683 1333 4716 ι
1365 4663 1617 4720 Charitas
1645 4665 1739 4720 Dei
1766 4665 1959 4722 dill'usa
1993 4676 2078 4723 est
2111 4668 2165 4723 in

582 4759 837 4815 cordibus
863 4760 1061 4814 nostris
1089 4773 1185 4827 per
1214 4755 1475 4827 Spiritum
1505 4766 1753 4812 sanctum
1779 4759 1870 4829 qui
1898 4760 2055 4816 datus
2084 4746 2166 4817 est

582 4847 927 4919 nobis(Rom.
958 4848 1032 4919 v).
1049 4868 1066 4899 ι
1093 4848 1219 4903 Sive
1240 4855 1387 4903 certe
1417 4849 1551 4903 hora
1579 4850 1807 4920 septima
1832 4849 1973 4907 ﬁlius
1994 4836 2162 4924 reguli

583 4946 808 4991 sanatus
826 4946 928 5003 est,
947 4948 1005 4992 ut
1029 4938 1392 5009 intelligamus
1404 4939 1530 5008 quia
1558 4938 1612 4994 in
1635 4940 1889 5009 praesenti
1910 4943 2018 4997 vita
2042 4959 2163 5013 qua:

580 5041 681 5096 per
700 5036 906 5097 septem
929 5028 1047 5083 dies
1077 5028 1326 5094 volvitur,
1342 5029 1571 5086 salutem
1594 5032 1786 5087 animae
1808 5040 2008 5088 nostra:
2028 5034 2164 5089 bene

581 5116 855 5189 operando
883 5133 1126 5188 qumrere
1155 5120 1432 5176 debemus.
2113 5182 2117 5187 ,

658 5228 677 5260 ι
708 5207 970 5281 Cognovit
999 5225 1127 5281 ergo
1151 5210 1311 5266 Pater
1338 5212 1463 5282 quia
1499 5212 1586 5268 illa
1627 5214 1761 5270 hora
1783 5226 1929 5273 esset
1964 5219 2019 5272 in
2060 5196 2163 5289 qua

558 5318 609 5383 ,ι
656 5299 794 5356 dixit
818 5299 868 5355 ei
894 5298 1052 5356 Jesus
1094 5315 1108 5354 :
1134 5300 1303 5357 Filius
1332 5310 1457 5359 tuus
1488 5305 1650 5370 vivit,
1688 5317 1742 5361 et
1771 5308 1999 5363 credidit
2030 5311 2159 5379 ipsc,

558 5412 608 5471 ι(
650 5400 706 5447 et
743 5390 935 5448 domus
977 5392 1094 5463 ejus
1137 5399 1269 5448 tota.
1319 5412 1338 5446 ι
1375 5393 1431 5449 ln
1478 5396 1663 5452 multis
1690 5383 1841 5453 locis
1884 5398 2162 5472 Evangelii

579 5484 881 5555 promptior
925 5485 1059 5540 ﬁdes
1100 5485 1337 5556 gentium
1376 5488 1445 5543 ad
1495 5490 1822 5546 credendum
1861 5492 2162 5547 ostenditur

582 5590 743 5642 quam
790 5572 1128 5639 Iudaeorum,
1175 5575 1289 5645 ipso
1341 5577 1569 5635 Domino
1611 5580 1678 5634 de
1727 5583 2039 5637 centurione
2085 5584 2162 5639 di-
2228 5640 2231 5643 ,
2343 5607 2361 5638 ι
2406 5588 2617 5642 Etcum
2650 5572 2907 5661 empisset
2934 5583 3198 5638 rationem
3229 5596 3405 5652 ponert

2226 5734 2231 5739 ,
2270 5696 2289 5729 ι
2328 5693 2466 5732 unus
2497 5676 2587 5747 qui
2614 5676 2844 5732 debebat
2867 5675 2918 5730 ei
2947 5675 3133 5731 decem
3169 5674 3335 5728 millia
3365 5672 3583 5731 talenta.
3612 5692 3632 5722 ι
3651 5668 3820 5725 Taleu-

581 5674 737 5719 cente
765 5681 777 5716 :
810 5685 826 5716 ‹
861 5666 1053 5731 Amen,
1080 5668 1200 5747 dico
1233 5670 1404 5735 vobis,
1431 5685 1538 5725 non
1562 5671 1738 5727 inveni
1772 5682 1973 5729 tantam
2002 5676 2161 5731 ﬁdem

585 5757 638 5811 in
688 5756 849 5814 Israel
890 5758 1102 5825 (Manli.
1155 5764 1293 5829 vui).
1332 5783 1349 5816 ι
1396 5762 1851 5834 Legimus’paulo
1894 5769 2158 5837 superius,

2234 4658 2243 4664 ’
2274 4687 2293 4719 ς
2313 4668 2424 4739 Ego
2445 4683 2632 4723 servus
2657 4678 2781 4723 tuus
2803 4675 2857 4723 et
2877 4667 3019 4723 ﬁlius
3038 4667 3246 4722 ancilla:
3273 4677 3375 4723 tuae
3397 4666 3571 4736 (Psal.
3590 4666 3813 4735 CXVIII}!

2233 4761 2239 4767 ’
2269 4759 2336 4814 Et
2375 4760 2567 4814 iterum
2602 4776 2616 4813 :
2658 4776 2676 4811 ι
2712 4758 2913 4815 Servus
2939 4768 3061 4815 tuus
3092 4775 3195 4830 ego
3238 4775 3392 4825 sum,
3421 4761 3489 4815 da
3535 4753 3669 4816 mihi
3697 4755 3817 4814 intel-

2269 4852 2467 4907 lectum
2503 4849 2689 4922 (Psal.
2716 4852 2895 4922 cxvt),
2926 4870 2943 4903 ι
2973 4852 3220 4908 Domine.
3247 4852 3405 4908 Ponit
3433 4862 3614 4908 autem
3642 4868 3726 4908 rex
3749 4864 3816 4905 ra-

2238 5014 2244 5024 ⁸
2275 4944 2473 4999 tionem
2500 4959 2624 4999 eum
2653 4943 2826 4999 servis
2853 4943 2985 5008 suis,
3011 4942 3137 5012 quia
3166 4958 3278 4999 non
3305 4941 3480 4998 solum
3524 4959 3690 5014 opera
3710 4983 3724 5009 ,
3747 4940 3818 4996 sed

2271 5037 2432 5091 etiam
2480 5037 2834 5108 cogitationes
2880 5044 3096 5093 nostras
3149 5026 3267 5121 ejus
3314 5037 3620 5119 rmajestatis
3667 5032 3820 5091 oculus

2234 5112 2241 5201 ί
2272 5128 2541 5184 subtiliter
2565 5128 2841 5183 examinat
2866 5135 3029 5213 atque
3055 5116 3331 5211 discernit.
3358 5125 3466 5181 Sed
3490 5142 3557 5183 eo
3585 5128 3818 5182 rationem

2269 5231 2523 5294 ponente,
2554 5221 2693 5277 solet
2721 5211 3031 5290 contingere
3060 5226 3120 5274 ut
3156 5219 3502 5274 inveniantur
3540 5218 3720 5288 plures
3747 5211 3819 5284 qui

2232 5296 2237 5377 ξ
2267 5330 2372 5369 nou
2402 5313 2574 5369 solum
2607 5314 2660 5367 in
2692 5312 2989 5367 minoribus
3012 5310 3271 5381 peccatis,
3294 5310 3389 5365 sed
3408 5309 3575 5364 etiam
3603 5308 3658 5363 in
3684 5302 3820 5372 majo-

2234 5474 2240 5482 _
2265 5406 2416 5461 ribus
2437 5404 2752 5459 criminibus
2774 5386 2907 5481 sunt»
2920 5399 3161 5471 obligati.
3180 5398 3420 5465 Quorum
3444 5399 3679 5468 speciem
3702 5396 3821 5449 tenet

2265 5499 2391 5565 iste,
2421 5486 2486 5554 de
2510 5512 2618 5571 quo
2645 5494 2937 5575 subditur:
3209 5565 3213 5569 ,
3244 5568 3245 5571 η
3342 5564 3345 5569 .
3808 5571 3818 5582 .

2343 5607 2361 5638 ι
2406 5588 2470 5641 Εῑ
2496 5602 2617 5642 cum
2650 5584 2907 5661 cmpisset
2934 5583 3198 5638 rationem
3229 5596 3427 5652 ponere
3456 5579 3671 5635 oblatus
3690 5579 3822 5631 estet

2266 5778 2377 5824 tum
2408 5769 2458 5823 in
2488 5767 2785 5839 Scripturis
2812 5766 3093 5839 aliquoties
3108 5756 3404 5838 .peccatum
3446 5754 3729 5835 significat,
3754 5765 3823 5817 vel
