4002 6348
148 289 311 348 7'29

1418 292 1719 351 HOMILME
1761 292 1850 348 DE
1889 292 2235 349 TEMPORE.

3374 304 3483 363 730

146 406 446 476 pondus,
475 404 590 462 sive
613 405 1012 461 multitudinem
1048 413 1413 475 peccatorum,
1445 406 1589 461 sicut
1614 407 1669 460 in
1697 405 1798 459 Za-
1826 418 1872 475 Α
1901 418 2116 473 semper
2155 403 2361 473 majora
2400 410 2678 479 consuevit
2718 418 3007 479 prmstare,
3039 427 3200 483 quam
3246 414 3482 471 humana

153 501 399 556 charia
427 501 626 571 legitur
654 515 669 554 :
699 518 720 552 ι
752 498 896 568 Vidi,
928 508 983 554 et
1005 514 1131 555 ecce
1154 499 1410 555 talentum
1440 501 1639 570 plumbi
1669 516 1797 570 por-

157 592 436 647 tabatur
463 589 660 663 (Zach.
689 589 753 661 v)
776 586 795 655 ,’
824 609 842 641 ›
872 598 925 644 et
956 589 1184 660 projeeit
1208 589 1358 644 illum
1393 589 1448 644 in
1479 591 1658 645 medio
1684 606 1798 644 am-

156 682 421 752 phorae,
449 690 505 736 et
529 681 664 737 dixit
693 697 707 734 :
747 699 765 732 ι
799 679 926 736 Haec
948 691 1033 735 est
1058 681 1306 750 impietas
1338 680 1570 753 (lbid.),
1608 701 1627 734 ι
1658 683 1800 736 sicut

159 774 363 829 enim
391 772 649 827 talentum
679 772 907 827 diversis
930 771 1106 828 modis
1129 773 1474 842 ponderatur,
1509 773 1587 827 sic
1613 787 1800 841 pecca-

164 870 396 919 torum
441 862 650 933 species
685 862 912 916 diversa:
945 870 1089 916 sunt.
1120 861 1219 928 Qui
1249 862 1392 916 enim
1425 862 1797 925 homicidium,

170 953 578 1020 adulterium,
607 952 948 1022 sacrilegium
968 992 984 1018 ,
1015 961 1070 1007 et
1100 961 1296 1008 caetera
1337 953 1420 1007 his
1454 952 1650 1007 similia
1679 967 1801 1023 per-

168 1053 413 1116 petrat,
442 1043 596 1114 quasi
623 1044 807 1099 decem
833 1043 995 1097 millia
1026 1044 1223 1099 talenta
1247 1043 1493 1099 debebat.

282 1152 304 1188 ι
349 1136 499 1192 Cum
518 1143 697 1191 autem
741 1134 850 1190 non'
886 1134 1110 1190 haberet
1152 1136 1291 1190 unde
1336 1135 1617 1200 redderet,
1641 1135 1802 1204 jussit

179 1246 208 1278 ο
259 1222 691 1283 εηηϊίιοιῐιίηιιε
724 1226 1043 1290 venundari,
1080 1234 1137 1281 et
1163 1241 1384 1281 uxorem
1416 1223 1532 1292 ejus
1553 1235 1609 1279 et
1641 1225 1800 1289 filios,

181 1338 213 1370 ‹
259 1330 326 1375 et
370 1319 554 1374 omnia
595 1333 716 1388 qua:
760 1317 1025 1383 habebat,
1050 1326 1108 1372 et
1145 1317 1316 1371 reddi.
1354 1336 1374 1368 ι
1407 1315 1524 1370 Non
1569 1316 1803 1371 habebat

174 1426 408 1467 servus
435 1412 575 1465 unde
604 1409 853 1465 redderet
892 1410 1151 1473 debitum,
1182 1408 1308 1478 quia
1347 1408 1523 1479 digne.
1539 1421 1637 1477 pro
1680 1420 1803 1477 pcce

179 1503 354 1557 catis
388 1502 500 1556 Deo
525 1500 840 1556 Satisfa'cere
868 1498 973 1555 non
1003 1507 1181 1570 potest
1214 1514 1314 1569 per
1335 1498 1611 1569 proprium
1643 1495 1804 1551 meri-

178 1603 351 1647 tum.
405 1591 557 1660 Sive,
582 1601 735 1647 certe
778 1606 885 1646 nou
937 1591 1100 1645 habet
1146 1606 1336 1646 servus
1381 1590 1521 1645 unde
1565 1589 1803 1644 debitum

182 1686 429 1752 reddat,
468 1684 593 1755 quia
622 1692 880 1755 peccator
904 1683 1085 1739 indie
1115 1682 1305 1752 judicii
1335 1682 1534 1737 nullam
1570 1696 1804 1736 excusa-

1899 495 2164 567 fi-agilitas
2194 498 2330 553 sciat
2375 486 2584 571 rogare.
2618 502 2789 557 Nemo
2838 519 2967 575 ergo
3008 505 3075 559 de
3114 507 3484 576 magnitudine

1896 586 1981 645 vel
2018 586 2368 655 multitudine
2408 600 2753 657 peccatorum
2799 592 3039 649 diffidere
3085 595 3276 662 debet,
3306 612 3372 667 ac
3414 599 3483 654 de

1899 678 2013 747 ipsa
2040 677 2358 748 desperare,
2406 695 2527 747 cum
2574 680 2660 736 ille
2705 682 2799 751 qui
2845 683 3029 738 decem
3065 685 3233 740 millia
3281 686 3483 744 talenta

1898 768 2165 833 debebat,
2201 776 2256 824 et
2298 769 2612 839 patientiam
2658 780 2875 849 rogaret
2906 782 2964 827 ut
3007 774 3259 833 redderet
3302 777 3485 843 omnia

1899 877 1929 914 a
1972 860 2198 915 Domino
2238 860 2564 930 impetravit.
2604 862 2767 916 Amat
2808 864 3485 939 enin1_Deuspeccatorcs

1899 953 2478 1031 pOSLCOHVerSiOHCln,
2499 955 2543 1009 si
2568 956 2780 1025 dignam
2805 955 3003 1012 faciant
3033 937 3481 1031 satisfactionem.

1900 1044 2035 1111 Quia
2055 1044 2194 1100 sicut
2220 1045 2333 1123 ipse
2356 1044 2484 1100 dicit
2507 1060 2601 1115 per
2620 1034 2959 1115 prophetam,
2986 1064 3091 1103 non
3118 1030 3233 1103 vult
3256 1059 3485 1107 mortem

1902 1139 2223 1208 peccatoris,
2259 1156 2277 1189 ι
2300 1140 2393 1194 sed
2420 1147 2480 1193 ut
2499 1149 2847 1205 convertatur
2866 1151 2924 1209 et
2944 1143 3090 1213 vivat
3117 1144 3332 1213 (-Ezerli.
3350 1160 3483 1200 xvut

1901 1239 1948 1284 et
1981 1229 2208 1299 χχχιιι).
2248 1249 2267 1281 ι
2315 1230 2380 1284 Ει
2409 1230 2647 1305 iterum:
2684 1250 2702 1281 ι
2733 1230 3009 1293 l’cecator,
3043 1249 3364 1305 quocunque
3394 1236 3482 1291 die

1903 1334 2192 1375 conversus
2207 1318 2591 1391 fuerit(lbid.),
2616 1340 2634 1373 ›
2654 1329 2759 1376 etc.
2785 1321 3137 1392 Etsicutpius
3160 1318 3487 1397 Redemptor

1903 1410 1957 1477 in
1986 1410 2275 1485 Evangelio
2292 1411 2410 1489 ait:
2450 1411 2583 1489 Quia
2621 1432 2639 1464 ‹
2661 1428 2768 1467 non
2801 1413 2920 1468 veni
2946 1429 3142 1469 vocare
3159 1413 3358 1483 justas,
3390 1417 3485 1472 sed

1902 1487 2785 1579 pcecatores(Mattli.-_i3i)'.ire-«Et
2797 1503 3049 1575 gaudium
3074 1504 3223 1559 estin
3239 1506 3379 1561 coelo
3405 1522 3491 1561 su-

1897 1610 2001 1664 per
2021 1609 2126 1648 uno
2139 1603 2422 1664 peccatore
2435 1595 2809 1664 patuitentiam
2825 1604 3189 1666 ageute'quam
3204 1586 3365 1666 supra
3393 1614 3489 1652 no-

1906 1686 2125 1757 naginta
2165 1702 2356 1743 novem
2393 1687 2575 1756 justis’,
2604 1688 2697 1758 qui
2745 1704 2849 1743 non
2898 1689 3137 1760 indigent
3174 1690 3492 1759 pozuiteutia

183 1774 421 1830 tionem
465 1790 564 1846 pro
609 1775 848 1846 peccatis
895 1775 1009 1831 suis
1054 1774 1310 1830 inveniet.
1357 1774 1464 1829 Sed
1502 1773 1629 1844 quia
1658 1773 1800 1827 Deus
1829 1783 1875 1843 Β
1905 1773 2056 1847 (Luc.
2088 1775 2208 1848 vn).
2238 1795 2261 1830 ι
2296 1776 2471 1832 Unum
2511 1785 2709 1841 autem.
2738 1792 3079 1848 summopere
3123 1779 3490 1833 necessarium

184 1866 558 1932 misericors,
612 1881 713 1922 nec
751 1865 865 1920 vult
918 1866 1458 1936 peccatoresperire
1514 1871 1795 1935 perpetuo,

177 1953 367 2023 jubet
392 1972 616 2012 servum
640 1957 962 2025 vcnundari,
988 1973 1110 2013 cum
1137 1965 1477 2029 peccatorem
1506 1971 1601 2026 per
1626 1956 1800 2026 pruni-

187 2047 443 2102 tentiam
491 2047 734 2119 praecipit
770 2048 1066 2102 immutari.
1104 2048 1163 2101 lu
1207 2046 1605 2102 venundatione
1653 2045 1797 2100 enim

190 2138 324 2193 hoc
351 2139 548 2208 agitur,
581 2149 639 2192 ut
681 2137 903 2193 alterius
931 2154 1019 2194 res
1047 2137 1114 2192 ad
1143 2138 1367 2194 alterius
1405 2145 1642 2213 transeat
1671 2150 1801 2207 pos-

193 2230 540 2284 sessionem.
587 2229 656 2283 Et
702 2238 828 2284 tunc
873 2229 1187 2300 spiritaliter
1215 2244 1402 2285 servus
1440 2230 1798 2292 venundatur,

193 2323 438 2393 quando
465 2320 737 2392 peccator
763 2323 830 2378 de
858 2323 1198 2393 possessione
1225 2321 1446 2389 diaboli,
1488 2335 1601 2392 per,
1620 2322 1800 2392 ptent:-

192 2415 446 2470 tentiam
480 2415 551 2470 ad
594 2415 989 2485 poSsessionem
1036 2415 1391 2471 convertitur.
1421 2414 1533 2487 Dei.
1587 2413 1803 2469 Venun—
1892 2448 1897 2451 ς

198 2506 380 2561 datur
408 2518 622 2575 quoque
650 2520 793 2560 uxor
819 2513 874 2575 et
921 2504 1015 2560 ﬁlii
1053 2521 1176 2560 cum
1219 2520 1378 2570 caro,
1407 2519 1528 2575 qua:
1568 2506 1802 2575 peccatis

200 2595 322 2649 fuit
353 2594 606 2657 subdita,
638 2602 693 2650 et
721 2594 1077 2665 cogitationes
1101 2594 1346 2649 carnales
1376 2595 1428 2648 in
1458 2595 1677 2650 servitio
1705 2595 1800 2670 Dei

186 2686 488 2741 immutat.
517 2685 585 2739 Et
608 2686 698 2755 qui
727 2685 952 2741 servivit
981 2686 1332 2740 immunditiaa
1358 2686 1702 2755 et'iniquitati
1732 2688 1800 2746 ad

204 2776 593 2846 iniquitatem,
617 2776 818 2832 serviat
853 2776 1081 2851 iustitiae
1113 2776 1168 2831 in
1207 2776 1716 2843 sanctificationem,
1747 2786 1802 2837 et

204 2884 319 2937 pro
358 2867 606 2938 superbia
628 2866 1037 2935 humilitatem,
1066 2882 1167 2937 pro
1214 2866 1424 2921 luxuria
1453 2867 1794 2933 castitatem,

205 2973 319 3030 pro
344 2958 573 3012 avaritia
592 2957 783 3029 diligat
800 2956 1124 3027 largitatem.
1142 2956 1210 3011 Et
1233 2955 1325 3026 qui
1356 2963 1515 3031 antea
1540 2970 1798 3026 procrea-

210 3058 373 3106 verat
419 3049 558 3106 filios
600 3048 798 3105 diaboli
831 3046 969 3103 male
1017 3046 1262 3103 vivendo.
1308 3046 1374 3100 Et
1412 3062 1508 3116 per
1536 3061 1796 3125 uxorem,

1901 1874 1985 1923 est
2013 1867 2419 1938 paenitentibus,
2450 1874 2508 1920 ut
2536 1868 2677 1929 sicut
2701 1867 2804 1931 sibi
2842 1883 2937 1922 sua
2975 1868 3144 1931 aDeo
3170 1867 3369 1935 dimitti
3398 1883 3494 1923 vo-

1901 1956 2019 2012 lunt
2034 1964 2278 2027 peccata,
2301 1957 2372 2012 ita
2396 1956 2654 2012 fratribus
2674 1957 2728 2011 iu
2751 1971 2809 2011 se
2830 1958 3180 2026 peccantibus
3198 1956 3495 2013 clementer

1902 2047 2203 2116 ignoscant.
2235 2044 2374 2101 Sunt
2397 2047 2544 2101 enim
2590 2045 2833 2102 nonnulli
2860 2046 2951 2115 qui
2999 2062 3121 2103 cum
3168 2047 3334 2101 Deum
3362 2060 3492 2117 erga

1904 2151 1963 2193 se
1989 2136 2280 2207 benignum
2326 2151 2447 2193 esse
2480 2136 2812 2201 desiderant,
2848 2136 3284 2209 fratribusxduri,
3314 2137 3493 2209 asperi

1904 2237 1963 2284 et
1985 2228 2157 2282 amari
2183 2227 2442 2289 existunt.
2467 2227 2705 2295 Quorum
2726 2223 3136 2283 similitudinem
3158 2226 3368 2283 videtur
3389 2227 3490 2284 iste

1894 2327 2110 2384 jtencre,
2139 2318 2207 2373 de
2235 2333 2342 2398 quo
2366 2319 2614 2399 subditur
2642 2335 2660 2372 :
2736 2336 2737 2339 η
2918 2368 2919 2371 η
3102 2378 3107 2382 ,
3225 2378 3231 2384 ,

1986 2430 2005 2463 ι
2039 2410 2108 2465 Ει
2141 2422 2393 2481 egressus
2419 2409 2774 2475 servusiille,
2815 2408 3019 2471 invenit
3060 2424 3224 2463 unum
3267 2408 3335 2464 de
3367 2423 3498 2464 con-

1894 2520 1942 2556 -σ,
1967 2502 2143 2557 servis
2190 2503 2339 2569 suis,
2371 2501 2462 2571 qui
2507 2500 2736 2556 debebat
2767 2500 2814 2555 ei
2861 2506 3076 2553 centum
3125 2498 3406 2565 denarios,
3439 2512 3496 2557 es

1890 2612 1931 2645 4
1968 2604 2156 2649 tenens
2178 2592 2634 2657 sull‘ocabateum,
2657 2591 2875 2646 dicens:
2896 2589 3079 2645 Redde
3095 2589 3237 2659 quod
3259 2589 3442 2653 debes.
3469 2608 3489 2640 ι

1904 2688 2193 2759 Egreditur
2236 2702 2466 2751 servus,
2511 2685 2726 2755 quando
2758 2684 2895 2738 liber
2928 2682 3090 2757 abire
3134 2681 3489 2752 permittitur.

1890 2778 2324 2843 «Sullocationcm
2339 2776 2705 2847 supra-dictam
2731 2772 3104 2829 tribulationes
3118 2780 3171 2826 et
3192 2771 3493 2842 angustias,

1890 2887 2039 2943 quas
2064 2872 2114 2927 ei
2141 2870 2442 2940 ingerebat,
2471 2868 2775 2936 intelligere
2801 2880 3112 2936 possumus.
3138 2862 3492 2934 Spiritaliter,

1904 2962 2273 3033 unuSquisque
2301 2966 2548 3015 uestrum
2582 2959 2798 3020 exiens,
2828 2955 3034 3012 invenit
3066 2970 3236 3023 unum
3264 2955 3332 3011 de
3361 2970 3494 3011 con-

1888 3055 2077 3110 servis
2118 3054 2231 3107 suis
2261 3050 2543 3106 debentem
2585 3048 2686 3105 sibi
2726 3056 2943 3104 centum
2975 3045 3248 3121 denarios,
3277 3045 3492 3112 quando

142 3208 153 3216 ,
202 3140 495 3211 propriam
535 3154 763 3196 carnem.
784 3138 1090 3209 intelligere
1127 3148 1458 3208 possumus:
1502 3154 1597 3207 per
1628 3138 1874 3204 ἢιὶοε,ι(ἶ
1907 3144 2273 3201 reminiscitur
2302 3158 2360 3198 se
2390 3143 2458 3197 ab
2484 3141 2589 3196 alio
2611 3155 2732 3197 esse
2756 3140 2965 3195 trusum.
3034 3191 3039 3197 ,

220 3233 352 3288 vitia
380 3240 435 3289 et
469 3234 713 3302 peccata.
745 3229 841 3286 Vel
883 3238 1033 3284 certe
1072 3228 1228 3283 aliter
1258 3245 1271 3281 :
1310 3229 1647 3282 venundatur
1684 3244 1802 3284 ser.-

220 3340 345 3391 vus,
371 3340 495 3380 eum
543 3322 815 3394 peccatori
864 3318 1223 3389 impmniteuti
1273 3327 1532 3373 :cteruum
1573 3320 1798 3377 commi-

217 3402 747 3488 natur'suppliciu'm,
776 3422 833 3469 et
855 3413 1131 3469 declinare
1160 3427 1193 3466 a
1223 3410 1386 3476 malo,
1416 3420 1472 3465 et
1499 3410 1676 3465 facere
1706 3412 1801 3472 bo-

217 3527 349 3567 num
375 3511 427 3567 ei
441 3508 769 3581 praecipitur;
785 3506 1179 3563 Venundant'ur
1201 3518 1413 3574 quoque
1443 3518 1580 3559 uxor
1604 3513 1661 3559 et
1682 3503 1797 3571 filii,

216 3603 434 3675 quando
460 3598 566 3657 non
608 3598 782 3656 solum
815 3596 1012 3653 animae
1055 3611 1154 3667 pro
1196 3595 1471 3665 peccatis,-
1512 3594 1615 3649 sed
1633 3594 1796 3650 etiam

212 3693 369 3750 carni
398 3690 891 3763 peccatrici'poena
937 3688 1123 3743 aeterni
1167 3685 1439 3742 cruciatus
1466 3684 1794 3754 praedicitur.

203 3785 371 3853 Quod
400 3781 523 3840 cum
546 3780 778 3837 audierit
805 3794 994 3835 servus
1018 3778 1328 3848 frequenter
1346 3789 1467 3848 post
1491 3786 1794 3848 peccatum,

219 3876 421 3930 timore
458 3871 768 3928 concutitur
800 3869 878 3923 ‘ad
920 3869 1327 3938 paenitendum,
1357 3871 1447 3942 qui
1490 3885 1588 3941 pro
1615 3881 1799 3936 amore

219 3966 316 4023 Dei
347 3965 511 4021 noluit
538 3961 1055 4033 cavere'peccatum.
1086 3960 1317 4018 Unde‘et
1340 3962 1628 4018 subditur:
1760 3998 1777 4019 .-.

209 4088 217 4099 ο
299 4073 317 4106 ο
348 4053 638 4110 Procidens
667 4061 846 4107 autem
890 4050 1241 4116 servusjlle‘,
1289 4050 1514 4122 rogabat
1539 4065 1664 4105 eum
1696 4048 1796 4104 .di-

208 4167 246 4201 'c
283 4161 407 4204 cens
438 4163 451 4199 :
478 4141 802 4201 Patientiam
844 4141 986 4197 habe
1027 4142 1082 4197 in
1130 4156 1249 4208 me,
1278 4150 1333 4197 et
1362 4142 1545 4196 omnia
1574 4140 1797 4196 reddam

225 4261 245 4295 ι
286 4240 396 4297 tibi.
432 4259 451 4293 ι
476 4237 718 4294 Procidit
743 4236 922 4290 autem
949 4239 1285 4291 servus'ante’
1310 4238 1500 4306 Deum,
1528 4256 1649 4301 cum
1672 4244 1798 4309 pec-

211 4322 582 4397 ’calor,'suam
633 4326 983 4399 fragilitatem
1038 4340 1462 4397 recognoscens,
1513 4330 1800 4385 humiliter

214 4424 429 4480 veniam
460 4414 725 4493 postulat,
762 4418 952 4474 dicens
976 4432 1099 4473 cum
1128 4418 1397 4490 Propheta
1426 4436 1440 4474 :
1472 4441 1491 4474 ι
1529 4421 1792 4490 Quoniam
1826 4466 1837 4493 _.

223 4490 561 4589 iniquitatem
600 4529 778 4570 meam
803 4506 903 4582 ego
929 4507 1199 4580 cognosco
1231 4522 1287 4567 et
1311 4524 1585 4584 peccatum
1616 4512 1792 4575 meum
1812 4490 1873 4550 ’θ

223 4619 405 4668 contra
430 4623 517 4663 me
541 4615 628 4662 est
671 4596 901 4675 semper.
935 4601 1057 4657 Tibi
1102 4602 1200 4658 soli
1228 4606 1481 4674 peccavi,
1509 4614 1565 4662 et
1595 4606 1794 4661 malum

226 4718 401 4759 coram
433 4710 485 4757 te
512 4701 645 4767 feci,’
678 4707 739 4755 ut
769 4698 1088 4769 justificeris
1127 4698 1179 4753 in
1207 4697 1546 4753 sermonibus
1575 4698 1711 4761 tuis,
1742 4705 1798 4753 et

226 4796 404 4851 vincas
431 4794 551 4851 cum
587 4794 851 4871 iudicaris
879 4780 1051 4865 (ρέαι.
1081 4792 1156 4864 1.).
1197 4812 1215 4844 ι
1248 4792 1660 4863 Rogat‘quoqne
1699 4807 1797 4863 pa-

216 4887 500 4952 tientiam,
542 4893 603 4941 ut
627 4886 842 4957 dignam
889 4884 1057 4955 possit
1097 4883 1356 4939 exhibere
1399 4881 1795 4951 ptenitentiam,

232 4974 483 5050 quatenus
516 4979 799 5050 praesentis
828 4978 952 5033 vitae
983 4977 1101 5033 dies
1127 4976 1195 5032 ad
1225 4975 1467 5031 inducias
1500 4975 1796 5046 paenitendi

234 5069 470 5140 accipiat,
507 5077 562 5125 et
606 5064 901 5125 secundum
946 5067 1285 5139 Apestolum,
1336 5052 1796 5135 per‘patientiam

218 5152 319 5217 Dei
362 5161 426 5217 ad
470 5162 845 5233 paenitentiam
875 5167 1259 5237 convertatur.
1301 5156 1572 5225 Quantum
1616 5158 1797 5211 autem

235 5242 531 5309 misericors
559 5252 699 5308 Deus
735 5266 860 5323 erga
892 5248 1203 5323 peccatores
1245 5248 1538 5304 converSos
1574 5247 1798 5314 existat,

222 5336 598 5401 manifestatur
618 5360 742 5401 cum
775 5338 1063 5401 subditur.
1650 5368 1653 5371 η
1751 5346 1755 5371 ί

224 5426 233 5456 ί
305 5426 1122 5491 ιΜίεθτωέήὺῑθῐπ(Ιόηιὶιιιιε
1170 5433 1308 5489 servi
1360 5433 1533 5497 illius,
1590 5429 1799 5486 dimisit

224 5528 261 5599 ’ᾳ
291 5522 505 5590 θυιη,”οι
527 5522 764 5581 debitum
786 5524 989 5580 dimisit
1012 5525 1081 5579 ei.
1111 5543 1129 5576 ι
1158 5525 1297 5579 Ecce
1323 5525 1467 5579 enim
1494 5538 1599 5578 non
1626 5522 1797 5578 selum

222 5614 554 5685 patientiam,
589 5630 751 5695 quam
783 5622 1083 5686 rogaverat,
1121 5615 1346 5681 invenit,
1378 5615 1472 5671 sed
1503 5615 1668 5670 etiam
1701 5610 1792 5669 de-

239 5707 328 5767 biti
371 5705 774 5769 absolutionem
805 5708 1026 5782 accepit.
1083 5708 1218 5776 Quia
1275 5707 1455 5766 divina
1515 5706 1797 5766 clementia

1894 3284 1899 3291 .
1979 3258 1997 3289 ι
2033 3237 2327 3293 Procideus
2361 3244 2541 3289 autem
2580 3248 2772 3288 servus
2813 3232 2937 3297 ille,
2969 3232 3195 3303 rogabat
3232 3245 3384 3294 eum,
3414 3228 3494 3282 di—

1890 3346 1925 3381 i
1964 3343 2095 3383 cens
2126 3343 2139 3378 :
2171 3322 2676 3380 Datientia’m‘habe
2717 3321 2771 3375 in
2801 3335 2906 3385 me,
2954 3329 3009 3375 et
3037 3320 3218 3392 omnia
3256 3318 3489 3377 reddam

1906 3440 1925 3472 ι
1972 3419 2090 3473 tihi.
2126 3436 2145 3469 ›
2176 3415 2369 3471 Iisdem
2403 3427 2534 3484 ergo
2577 3412 2756 3467 verbis
2804 3411 2999 3481 quibus
3042 3409 3319 3473 dominum
3364 3422 3493 3475 sup-

1898 3510 2209 3581 plicaverat
2238 3522 2268 3559 a
2311 3496 2577 3563 conservo
2608 3510 2828 3572 rogatus
2874 3509 2991 3565 est,
3176 3495 3489 3563 nontalcm

1900 3598 2328 3657 misericordiam
2364 3609 2629 3653 conservo
2658 3593 2904 3668 exhibuit
2939 3591 3154 3668 qualem
3200 3604 3232 3643 a
3258 3588 3488 3643 Domino

1890 3688 2204 3765 acceperat.
2232 3691 2385 3749 Unde
2407 3699 2463 3745 et
2487 3687 2779 3760 subditur;
2854 3736 2859 3741 .
2934 3732 2941 3742 .
3130 3712 3139 3743 ;
3248 3736 3257 3745 .

1886 3817 1897 3824 -
1977 3805 1996 3838 ι
2029 3785 2123 3841 llle
2150 3793 2331 3838 autem
2363 3781 2556 3848 noluit,
2584 3780 2678 3837 sed
2707 3779 2841 3835 abiit
2867 3786 2921 3832 ct
2958 3775 3255 3835 misitcum
3284 3773 3337 3828 in
3371 3786 3492 3827 car-

1906 3896 1929 3931 ι
1964 3892 2166 3941 cerem,
2201 3875 2376 3931 do'nec
2402 3873 2655 3928 redderet
2692 3870 3009 3941 debitum.)
3035 3865 3158 3920 Mali
3193 3873 3374 3920 autem
3404 3878 3490 3935 re-

1880 3966 2128 4026 stributio
2171 3966 2409 4023 careeris
2457 3963 2803 4020 eonelu'sionc
2833 3960 2919 4031 vel
2961 3957 3317 4013 sutl‘ocatione
3349 3954 3492 4011 ἀθεί-

1898 4068 2115 4133 gnatur.
2139 4057 2308 4129 lgitur
2341 4071 2530 4121 carcer
2556 4054 2745 4110 in'hnc
2784 4053 2905 4108 loco
2948 4048 3197 4113 alllictio,
3229 4061 3336 4117 qua
3365 4061 3491 4101 eum

1899 4150 2237 4213 coarctabat,
2264 4145 2614 4216 intelligitur.
2648 4142 2898 4198 Debitum
2945 4139 2999 4194 iu
3041 4135 3339 4206 scripturis
3365 4149 3492 4204 pec-

1884 4250 2080 4297 catum
2112 4237 2345 4302 vocari,
2368 4238 2545 4292 exeo
2576 4232 2931 4303 intelligimus
2982 4228 3124 4298 quod
3164 4225 3404 4299 quotidie
3434 4224 3490 4277 in

1884 4335 2143 4392 oratione
2178 4331 2468 4402 poscimus,
2498 4328 2740 4391 dicentes
2767 4342 2781 4378 :
2814 4343 2832 4376 ‹
2864 4323 3083 4378 Dimitte
3116 4319 3272 4373 nobis
3308 4316 3490 4371 debita

1901 4434 2086 4481 nostra
2112 4420 2503 4494 (Matth.:vi).gi
2537 4417 2691 4474 Unde
2714 4417 2767 4471 in
2803 4415 2920 4484 lege
2953 4411 3266 4482 prmcipitur
3289 4424 3305 4464 :
3331 4407 3463 4462 Debi

1903 4529 2014 4574 tum
2061 4508 2223 4570 debet
2267 4512 2362 4566 tibi
2388 4506 2676 4580 'quispia'm
2724 4505 2893 4560 frater
2922 4511 3074 4566 tuus,
3113 4500 3157 4555 si
3200 4495 3489 4553 abstuleris

1904 4629 1923 4661 α
1960 4610 2153 4679 pignus
2191 4606 2261 4660 ab
2287 4619 2387 4668 eo,
2414 4611 2540 4656 ante
2561 4599 2717 4654 solis“
2739 4610 2990 4652 occasum
3032 4589 3231 4664 (Exod.
3290 4586 3424 4658 χχιι)
3460 4607 3480 4638 ι

1885 4705 2096 4775 'pignus
2116 4699 2365 4755 restitue.
2389 4694 2580 4751 Omnis
2597 4692 2738 4746 enim
2764 4691 2925 4745 homo
2942 4686 3151 4742 debitor
3163 4680 3256 4738 'est
3274 4689 3328 4737 et
3348 4680 3493 4737 debi-
3522 4716 3525 4719 ν

1882 4773 2073 4851 'torem
2087 4793 2276 4849 habet.
2302 4791 2434 4858 Quis
2459 4775 2602 4843 enim
2630 4778 2713 4840 est
2737 4783 2841 4859 qui
2873 4796 2980 4837 non
3011 4779 3082 4835 sit
3103 4773 3336 4834 debitor
3364 4774 3486 4841 Dei,

1900 4903 2022 4945 cum
2047 4886 2222 4941 nullus
2252 4884 2324 4940 sit
2351 4882 2469 4939 sine
2506 4866 2761 4950 peccato?
2788 4874 2865 4953 Et
2884 4873 3115 4944 quis‘cst
3149 4864 3245 4940 qui
3280 4867 3491 4925 debito-
3529 4862 3536 4870 ’

1905 4995 2020 5035 rem
2061 4993 2168 5033 non
2217 4972 2680 5030 habeat-fratrem
2717 4960 2919 5031 suum,
2955 4964 3059 5019 nisi
3099 4962 3188 5018 ille
3231 4962 3283 5016 in
3328 4975 3489 5031 quem

1905 5049 2085 5129 nullus
2114 5066 2361 5141 peccavit
2374 5067 2412 5119 ?'
2426 5050 2697 5133 Quantum
2715 5050 2913 5141 autem,
2928 5058 3069 5141 inter
3081 5048 3305 5141 fdecetn'
3321 5052 3488 5141 millia

1908 5136 2190 5217 talenta—et
2218 5167 2433 5214 centum
2461 5139 2721 5209 denarios.
2743 5140 2926 5213 distat,
2958 5137 3107 5202 tanto
3128 5136 3337 5215 majora
3362 5151 3491 5199 sunt

1905 5269 2025 5325 qum
2053 5252 2107 5306 in
2140 5251 2306 5305 Deum
2333 5244 2742 5310 committimus,
2774 5255 2938 5313 quam
2960 5254 3025 5295 ea
3051 5253 3172 5308 qua:
3209 5237 3408 5291 fratres
3434 5234 3490 5288 in

1906 5347 2062 5403 nobis
2086 5340 2332 5414 peccant;
2358 5339 2435 5396 Ea
2460 5342 2590 5409 ergo
2616 5327 2949 5408 benignitate
2965 5330 3226 5387 fratribus
3255 5328 3308 5382 in
3334 5325 3491 5382 nobis

1904 5433 2252 5508 peccantibus
2277 5431 2486 5486 minora
2523 5427 2796 5483 dimittere
2822 5424 3114 5485 debemus,
3145 5433 3249 5488 qua
3282 5415 3486 5508 majora

1886 5505 2061 5580 nobis
2085 5540 2113 5579 a
2147 5521 2256 5576 Deo
2283 5519 2478 5574 dimitti
2504 5508 2768 5589 optamus.
2815 5513 2967 5582 Quod
3008 5510 3200 5565 melius
3235 5505 3488 5577 agnosci-

1906 5632 2026 5671 mus
2071 5616 2114 5670 si
2162 5613 2496 5685 suparidrem
2541 5610 2753 5667 Domini
2800 5604 3249 5664 admonitionem,
3278 5615 3342 5654 ex
3382 5612 3489 5668 qua

1907 5707 2020 5764 hzec
2069 5706 2361 5764 similitudo
2406 5712 2524 5762 orta
2570 5711 2680 5771 est,
2725 5687 3146 5758 consideremus.
3183 5691 3317 5750 Cum
3346 5690 3489 5749 enim
