4002 6348
536 319 640 375 ’151

1154 303 1504 363 annosus
1542 262 2021 357 Inmensum
2060 290 2126 347 El

2229 288 2271 344 3.
2310 286 2462 345 OPP.
2502 285 2682 342 PARS
2719 285 2783 341 ll.
2814 317 2885 327 —
2924 284 3156 341 HOMIL.

3724 284 3869 341 732

542 433 797 506 superius
838 429 1183 501 przeeiperet,
1214 422 1402 477 dicens
1431 434 1446 474 :
1473 436 1493 471 ι
1521 417 1581 473 Si
1623 412 1930 487 peccaverit
1966 410 2023 465 in
2069 414 2121 462 te
2147 410 2194 469 Α
2224 403 2279 457 in
2304 401 2463 506 nobis
2508 399 2860 506 peccantibus
2904 397 3182 506 indulgere
3546 397 3869 501 Rm

543 502 717 582 frater
743 533 894 587 tuus,
919 519 1054 573 vade
1096 523 1152 570 et
1179 513 1392 582 corripe
1425 524 1550 566 eum
1591 509 1732 562 inter
1771 512 1825 559 te
1861 510 1919 558 et
1944 502 2121 571 ipsum

544 617 719 673 solum
745 611 960 686 (Matth.
993 605 1168 675 xvm),
1204 623 1222 656 ι
1250 611 1306 659 et
1330 608 1524 657 caetera
1549 612 1671 668 quae
1690 600 2007 664 sequuntur,
2035 590 2119 686 in-

544 681 843 777 terrogavit
869 715 994 756 eum
1033 697 1248 759 Petrus,
1291 694 1479 748 dicens
1516 693 1533 743 ἑ
1572 708 1591 741 ι
1625 687 1883 750 Domine,
1910 681 2121 752 quoties

543 776 791 868 peccabit
830 793 885 848 in
927 803 1015 846 me
1048 788 1216 843 frater
1241 800 1415 849 meus,
1459 790 1513 836 et
1540 780 1806 836 dimittam
1848 776 2121 868 ei?usque

544 863 782 956 septies?
805 882 895 937 Ait
925 880 995 934 illi
1038 877 1199 933 Jesus
1225 892 1238 928 :
1282 874 1396 928 Non
1433 872 1554 926 dico
1584 869 1678 924 tibi
1707 879 1875 936 usque
1899 863 2118 932 septies,

543 977 641 1033 sed
665 988 835 1046 usque
862 970 1167 1042 septuagies
1191 966 1394 1037 septies
1413 961 1622 1035 (Ibid.).
1662 979 1680 1012 ι
1707 958 1786 1013 Ex
1819 971 1922 1027 qua
1956 956 2123 1009 inter-

542 1067 823 1140 rogatione
845 1072 900 1120 et
925 1059 1271 1133 responsione
1293 1058 1397 1112 hoc
1419 1053 1691 1114 discimus,
1724 1049 1850 1120 quia
1883 1049 1929 1104 si
1963 1046 2124 1101 toties

540 1157 851 1231 peccaverit
897 1155 952 1210 in
995 1152 1151 1209 nobis
1195 1149 1364 1204 frater
1403 1151 1617 1210 noster,
1646 1141 1860 1212 quoties
1886 1140 2118 1194 humana

544 1251 810 1322 fragilitas
833 1250 886 1303 in
909 1248 995 1302 die
1019 1259 1245 1316 peccare
1267 1257 1373 1297 non
1396 1239 1545 1304 sinit,
1574 1251 1787 1306 semper
1808 1233 1981 1305 parati
2000 1245 2122 1289 esse

543 1342 803 1397 debemus
822 1338 891 1393 ad
913 1331 1317 1405 ignoscendum.
1340 1331 1448 1385 Sed
1468 1325 1812 1395 dicetaliquis
1832 1342 1847 1379 :
1872 1322 2122 1379 Peccavit

544 1430 599 1484 in
625 1444 710 1484 me
730 1428 902 1482 frater
919 1439 1091 1489 meus,
1116 1422 1294 1478 dimisi
1316 1421 1364 1476 ei
1385 1432 1556 1489 usque
1575 1414 1880 1487 septuagies
1901 1412 2118 1483 septies,

545 1518 788 1589 nunquid
801 1515 1033 1585 amplius
1044 1513 1316 1569 dimittere
1338 1509 1506 1565 debeo
1528 1521 1689 1578 quam
1706 1521 1737 1560 a
1752 1504 1967 1560 Christo
1987 1517 2122 1574 prae-

545 1615 758 1678 ceptum
778 1604 1005 1661 est?Cui
1022 1601 1348 1673 respondere
1358 1597 1637 1663 debemus,
1649 1595 1774 1665 quia
1786 1593 1889 1653 etsi
1911 1602 2124 1662 septua-

547 1696 664 1766 gies
681 1695 870 1760 octies,
884 1693 987 1749 etsi
1009 1691 1230 1755 centies,
1251 1697 1306 1745 et
1323 1687 1534 1759 quoties
1553 1685 1774 1742 omnino
1793 1682 2117 1753 peccaverit,

2221 508 2349 563 ergo
2392 490 2697 547 dimittendi
2734 490 2792 545 in
2835 488 2991 544 nobis
3037 486 3172 557 ipsis
3222 486 3520 553 discamus,
3559 497 3629 541 ut
3686 489 3861 543 sicut

2220 586 2388 641 Deum
2442 591 2567 655 post
2614 589 2896 653 peccatum
2937 579 3186 635 volumus
3221 577 3461 633 invenire
3489 578 3858 649 propitium,

2220 676 2301 733 sic
2322 675 2380 730 in
2410 673 2565 731 nobis
2592 673 2943 744 peccantibus
2974 671 3267 727 clementes
3288 678 3344 725 et
3370 670 3591 742 benigni
3620 671 3859 731 simus,

2220 768 2338 839 ipso
2375 766 2654 827 Salvatore
2704 773 2994 822 monente:
3049 784 3067 817 ι
3109 764 3244 820 Cum
3290 764 3504 820 stabitis
3544 764 3617 818 ad
3652 779 3855 819 oran-

2219 858 2369 925 dum,
2397 857 2650 913 dimittite
2675 857 2720 913 si
2747 855 2879 926 quid
2920 854 3125 910 habetis
3165 853 3424 910 adversus
3458 853 3743 923 aliquem,
3786 862 3857 907 ut

2217 959 2272 1004 et
2299 948 2457 1011 Pater
2484 956 2685 1013 vester,
2709 948 2801 1017 qni
2832 948 2887 1001 in
2914 945 3067 1003 ccelis
3094 954 3200 1012 est,
3246 946 3484 1001 dimittat
3502 947 3673 1001 vobis
3700 959 3851 1015 pec-

2219 1049 2336 1095 cata
2368 1048 2547 1095 vestra
2587 1037 2800 1110 (Matth.
2835 1037 2937 1109 xi).
2980 1057 2998 1090 ι
3052 1035 3187 1091 Nam
3215 1035 3307 1106 qui
3338 1036 3505 1093 divini
3558 1034 3851 1089 beneﬁcii

2217 1129 2441 1195 oblitus,
2491 1144 2617 1184 suas
2664 1128 2779 1183 vult
2803 1126 3079 1183 vindicare
3108 1126 3352 1197 injurias,
3391 1141 3495 1183 non
3521 1125 3713 1181 solum
3769 1126 3847 1178 de

2218 1220 2416 1276 futuris
2453 1220 2689 1291 peccatis
2737 1218 2954 1274 veniam
3008 1233 3114 1273 non
3148 1216 3463 1281 merebitur,
3648 1216 3840 1271 etiam

2217 1313 2490 1385 praeterita
2522 1320 2741 1382 peccata
2763 1327 2886 1382 quae
2909 1310 3011 1366 sibi
3033 1311 3255 1366 dimissa
3283 1310 3567 1379 credebat,
3598 1310 3676 1365 ad
3709 1311 3839 1363 vin—

2218 1406 2418 1461 dictam
2455 1405 2505 1460 ei
2545 1404 2964 1476 replicabuntur.
2998 1403 3150 1458 Unde
3173 1410 3229 1457 et
3255 1402 3503 1459 subditur
3531 1419 3548 1457 :

2296 1514 2316 1547 ι
2353 1496 2615 1553 Videntes
2648 1510 2779 1565 ergo
2825 1493 3070 1550 conservi
3100 1491 3223 1562 ejus
3261 1508 3381 1562 quae
3409 1491 3635 1559 ﬁebant,
3695 1508 3833 1548 con-

2224 1605 2246 1641 ι
2293 1587 2488 1642 tristati
2538 1593 2663 1643 sunt
2709 1585 2905 1651 valde,
2949 1594 3004 1640 et
3032 1592 3299 1641 venerunt
3347 1593 3404 1640 et
3453 1594 3837 1640 narraverunt

2225 1696 2245 1729 ι
2288 1677 2469 1734 omnia
2499 1675 2717 1731 domino
2740 1691 2838 1733 suo
2867 1690 2987 1744 quae
3034 1673 3177 1730 facta
3209 1674 3441 1730 fuerant.
3476 1695 3496 1729 ι
3528 1674 3835 1739 Conscrvi,

544 1804 760 1858 semper
791 1786 1167 1842 dimittendum
1216 1790 1321 1839 est.
1359 1780 1495 1848 Quia
1530 1780 1671 1835 sicut
1698 1792 1729 1833 a
1760 1776 1987 1833 Domino
2012 1789 2118 1830 non
2148 1778 2194 1837 Β
2220 1768 2313 1839 qui
2336 1768 2451 1823 haec
2476 1766 2723 1835 videntes
2744 1766 2971 1822 Domino
2998 1765 3289 1831 nuntiant,
3332 1766 3511 1837 angeli
3542 1775 3679 1821 sunt
3727 1768 3829 1838 qui

548 1897 615 1937 cx
646 1889 817 1951 parte,
850 1880 943 1934 sed
989 1892 1059 1933 ex
1090 1877 1300 1946 integro
1343 1873 1586 1930 volumus
1630 1870 1826 1927 dimitti
1855 1876 2073 1939 peccata
2104 1883 2119 1921 :

547 1974 625 2030 sic
652 1987 718 2027 ex
758 1979 870 2027 toto
898 1970 1063 2027 corde
1096 1968 1358 2023 fratribus
1400 1967 1455 2021 in
1493 1964 1648 2020 nobis
1673 1960 2020 2033 peccantibus
2044 1959 2126 2014 di-

543 2062 760 2117 mittere
778 2059 1055 2123 debemus,
1081 2064 1334 2112 moncnte
1361 2055 1529 2111 Paulo
1559 2051 1799 2124 apostolo
1829 2068 1844 2105 :
1873 2069 1892 2102 t
1919 2051 2126 2107 Donate

542 2152 700 2208 vobis
724 2151 907 2207 omnia
951 2150 1181 2205 invicem
1204 2190 1218 2213 ,
1251 2149 1296 2203 si
1321 2147 1442 2217 quis
1477 2146 1732 2202 adversus
1770 2144 2000 2214 aliquem
2031 2143 2126 2198 ha-

512 2238 638 2297 bet
664 2238 961 2310 querelam,
991 2239 1131 2293 sicut
1155 2245 1210 2292 et
1232 2237 1284 2291 in
1307 2236 1524 2291 Christo
1550 2234 1773 2291 donavit
1799 2233 1955 2289 nobis
1985 2230 2122 2303 (Col.

543 2328 651 2399 ιιι).
697 2348 716 2381 ι
780 2326 1047 2382 Numerus
1093 2326 1237 2382 enim
1274 2326 1377 2381 iste
1418 2339 1527 2380 non
1552 2340 1652 2396 pro
1680 2323 2001 2394 quantitate,
2026 2323 2128 2379 sed

541 2433 646 2489 pro
679 2418 936 2488 mysterio
964 2416 1174 2486 positus
1210 2424 1311 2471 est.
1362 2414 1532 2485 Hujus
1566 2415 1774 2469 numeri
1814 2426 2128 2469 sacramen-

545 2515 663 2561 tum
702 2506 877 2561 Lueas
903 2504 1230 2575 evangelista
1264 2505 1548 2560 ostendere
1577 2502 1807 2569 curavit,
1854 2516 1978 2557 cum
2028 2500 2127 2556 hu-

544 2610 722 2651 manae
744 2594 1107 2666 generationis
1153 2593 1353 2650 Christi
1389 2594 1632 2651 ordinem
1681 2593 2010 2658 describens,
2042 2606 2128 2647 se-

545 2684 826 2757 ptuaginta
887 2693 1093 2755 septem
1148 2685 1525 2755 generationes
1583 2685 1939 2739 enumeravit.
1993 2683 2127 2739 Cmn

546 2768 693 2831 enim
707 2775 989 2830 Matthants
1018 2776 1086 2830 ab
1098 2775 1370 2831 Abraham
1395 2774 1658 2845 incipiens
1685 2789 1855 2844 usque
1883 2775 1949 2829 ad
1978 2774 2129 2830 Chri-

548 2877 693 2921 stum
742 2867 1134 2932 descendendo,
1186 2866 1542 2937 quadraginta
1593 2866 1726 2923 duas
1753 2866 2129 2937 generationes

552 2970 952 3025 enumerasset,
994 2975 1025 3015 e
1049 2967 1240 3015 contra
1278 2958 1452 3014 Lucas
1478 2974 1511 3013 a
1535 2957 1751 3013 Christo
1791 2960 2129 3017 ascendendo

2223 1875 2386 1932 opera
2412 1869 2599 1914 nostra
2626 1858 2717 1913 die
2754 1867 3026 1929 noctuque
3055 1856 3250 1914 [actori
3276 1866 3465 1913 nostro
3493 1859 3833 1915 annuntiare

2221 1955 2537 2019 creduntur,
2564 1953 2723 2009 sicut
2742 1952 2968 2025 angelus
2996 1953 3064 2007 ad
3087 1951 3314 2008 Tobiam
3339 1952 3417 2007 ait
3448 1969 3462 2006 :
3495 1953 3664 2006 «Dum
3690 1969 3817 2007 ora~

2222 2048 2374 2113 retis,
2423 2062 2539 2121 ego
2555 2046 2725 2104 obtuli
2748 2046 3035 2101 orationes
3052 2053 3263 2101 vestras
3291 2053 3415 2099 ante
3438 2043 3616 2098 Deum
3655 2043 3815 2114 (T06.

2224 2140 2343 2213 xu).
2383 2158 2401 2192 ι
2434 2139 2536 2207 Qui
2584 2153 2681 2210 pro
2732 2153 2798 2194 eo
2839 2137 3091 2194 conservi
3142 2136 3423 2200 dicuntur,
3459 2134 3588 2204 quia
3620 2135 3821 2188 mstris

2224 2230 2619 2286 bumilitatihus
2648 2228 2977 2293 ministrant,
3010 2227 3151 2283 sicut
3171 2225 3461 2296 Apostolus
3484 2226 3565 2280 ait
3594 2242 3609 2254 -
3640 2245 3661 2275 ι
3684 2223 3821 2278 Sunt

2225 2320 2674 2379 administratorii
2701 2319 2943 2391 spiritus,
2987 2319 3045 2373 in
3083 2317 3461 2375 ministerium
3493 2316 3652 2372 missi
3694 2331 3814 2384 pro-

2222 2426 2344 2490 pter
2367 2431 2462 2472 cos
2497 2416 2589 2486 qui
2618 2414 2988 2470 hereditatem
3014 2412 3237 2483 cupiunt
3264 2410 3458 2467 salutis
3483 2408 3680 2479 (Hebr.
3709 2408 3765 2478 t).
3794 2427 3815 2458 ι

2224 2508 2541 2565 Contristati
2572 2514 2753 2562 autem
2789 2505 3045 2562 dicuntur
3066 2544 3083 2567 ,
3130 2504 3255 2575 quia
3285 2503 3426 2558 sicut
3450 2503 3697 2573 gaudent
3726 2516 3812 2555 su-

2224 2614 2326 2670 per
2350 2600 2489 2655 bene
2525 2607 2768 2670 agentes,
2822 2599 2905 2655 sic
2933 2598 3118 2653 dolere
3165 2596 3420 2652 dicuntur
3470 2611 3645 2667 super
3687 2594 3821 2649 male

2227 2700 2467 2762 agentes.
2510 2689 2636 2745 Sive
2665 2690 2840 2755 aliter,
2867 2689 3112 2745 conservi
3155 2688 3246 2758 qui
3274 2688 3388 2743 haec
3427 2688 3656 2741 domino
3688 2702 3809 2739 nun-

2230 2783 2370 2838 tiant
2393 2822 2409 2848 ,
2452 2782 2703 2838 doctores
2732 2791 2786 2837 et
2828 2780 3070 2853 magistri
3121 2766 3376 2835 Ecclesia
3420 2778 3808 2848 intelliguntur,

2226 2873 2321 2942 qui
2362 2872 2602 2927 videntes
2654 2871 2892 2928 minores
2939 2888 2969 2925 a
3003 2868 3302 2940 majoribus
3338 2868 3580 2939 opprimi
3630 2866 3713 2922 vel
3739 2865 3809 2920 af-

2230 2961 2362 3034 ﬂigi,
2393 2962 2797 3033 compatiuntur
2829 2961 2944 3017 eis:
2976 2969 3033 3016 et
3055 2959 3182 3015 dum
3212 2960 3291 3015 cis
3318 2957 3642 3022 condolent,
3670 2957 3813 3027 quasi

547 3066 720 3122 usque
755 3051 823 3106 ad
871 3051 1104 3122 primum
1143 3049 1419 3104 hominem
1465 3048 1638 3103 Adam
1669 3048 2001 3115 describens,
2047 3066 2126 3107 se-

2231 3070 2330 3127 per
2350 3054 2603 3110 all'ectum
2649 3057 2846 3108 mentis
2872 3053 3051 3109 omnia
3084 3052 3197 3107 haec
3228 3049 3457 3105 Domino
3492 3050 3759 3103 nuntiant.

549 3143 824 3216 ptuagiuta
871 3150 1076 3212 septem
1123 3140 1499 3212 generationes
1549 3141 1917 3206 enumeravit,
1951 3151 2013 3196 ut
2049 3142 2131 3197 in-
2156 3118 2202 3181 (ἶ
2232 3118 2251 3127 ’
2310 3166 2337 3198 ι
2372 3147 2523 3202 Tunc
2571 3145 2784 3201 vocavit
2834 3143 2983 3198 illum
3022 3141 3272 3196 dominus
3316 3155 3468 3203 suus,
3498 3146 3563 3192 et
3600 3138 3677 3192 ait
3702 3137 3801 3191 illi:

548 3235 875 3306 telligamus,
904 3233 1209 3304 septuagies
1238 3248 1343 3288 non
1372 3233 1441 3287 ad
1485 3232 1844 3302 quantitatem
1894 3235 2126 3302 numeri,
2237 3257 2257 3291 ι
2299 3237 2467 3295 Serve
2499 3251 2730 3305 nequam
2758 3275 2773 3300 ,
2806 3249 2968 3288 omne
3000 3234 3238 3289 debitum
3273 3231 3453 3287 dimisi
3512 3230 3613 3285 tibi
3636 3270 3657 3293 ,
3687 3243 3803 3299 quo-

547 3327 644 3382 sed
695 3326 763 3382 ad
813 3335 1091 3395 peccatum
1123 3324 1417 3394 pertinuere.
1473 3324 1521 3379 Α
1548 3324 1764 3380 Christo
1802 3339 1931 3397 ergo
1958 3341 2131 3396 usque
2235 3350 2255 3382 ι
2296 3329 2441 3385 niam
2472 3328 2671 3399 rogasti
2700 3341 2819 3391 me;
2867 3339 3045 3380 nonne
3086 3338 3216 3393 ergo
3265 3321 3505 3392 oportuit
3530 3330 3590 3375 et
3632 3329 3683 3374 te
3719 3318 3800 3373 uti-

549 3422 720 3476 Adam
751 3420 1088 3490 septuaginta
1126 3427 1329 3487 septem
1358 3419 1732 3487 generationes
1755 3429 2129 3485 numerantur,
2235 3440 2255 3474 ι
2299 3423 2467 3479 sereri
2521 3420 2764 3477 conservi
2818 3420 2916 3488 tui,
2972 3418 3119 3474 sicut
3166 3424 3221 3472 et
3267 3431 3369 3487 ego
3420 3415 3496 3469 tui
3568 3415 3798 3469 misertus

548 3512 675 3583 quia
706 3511 835 3565 illud
887 3516 1168 3580 peccatum
1197 3510 1339 3577 quod
1369 3510 1576 3577 primus
1599 3509 1760 3563 homo
1784 3510 1849 3565 de
1878 3511 2130 3579 paradiso
2236 3533 2255 3567 ι
2300 3514 2469 3569 sum?
2502 3532 2521 3565 ι
2576 3511 2717 3569 Ecce
2774 3509 2995 3580 qualem
3046 3522 3261 3579 poenam
3314 3504 3639 3568 merebitur,
3691 3503 3801 3572 quia

548 3601 915 3671 perpetravit,
952 3613 1061 3668 per
1118 3602 1456 3669 septuaginta
1506 3607 1710 3669 septem
1759 3602 2131 3671 gemrationes
2230 3620 2357 3662 suas
2391 3603 2511 3658 vult
2541 3602 2816 3659 vindicare
2867 3599 3114 3670 injurias.
3150 3598 3243 3653 Ait
3268 3596 3462 3652 enim:
3503 3594 3666 3650 Serve
3710 3608 3800 3647 ne-

553 3706 726 3762 usque
754 3690 821 3745 ad
870 3688 1162 3753 Christum,
1216 3690 1309 3758 qui
1339 3689 1455 3745 sine
1483 3698 1705 3759 peccato
1727 3690 1893 3756 venit,
1944 3692 2127 3763 viguit.
2228 3712 2416 3768 quam,
2444 3703 2551 3750 etc.
2574 3694 2651 3749 Ac
2672 3693 2719 3748 si
2746 3693 2950 3748 diceret
2974 3710 2986 3745 :
3011 3689 3179 3747 Serve
3207 3688 3370 3753 male,
3402 3687 3795 3762 ingrataserve.

555 3780 714 3836 Unde
768 3781 905 3835 bene
959 3778 1100 3836 idem
1137 3779 1314 3835 Lucas
1350 3796 1381 3836 a
1417 3781 1740 3849 baptismate
1790 3781 1989 3838 Christi
2028 3800 2132 3839 nu-
2229 3802 2353 3844 cum
2379 3787 2447 3841 ad
2474 3800 2638 3841 unam
2658 3784 2974 3853 petitionem
3005 3795 3167 3837 omne
3191 3779 3431 3835 debitum
3464 3777 3562 3832 tibi
3600 3775 3800 3831 dimise-

554 3882 767 3923 merare
796 3868 978 3939 erepit,
1017 3869 1147 3939 quia
1195 3871 1375 3925 omnia
1404 3880 1624 3940 peccata
1654 3872 1709 3926 in
1742 3872 2010 3942 baptismo
2040 3875 2135 3929 ab-
2232 3877 2357 3942 rim,
2384 3889 2553 3946 quare
2599 3888 2707 3929 non
2748 3871 3102 3928 considerasti
3129 3870 3255 3939 quia
3290 3867 3534 3939 oportuit
3558 3874 3617 3921 et
3645 3874 3697 3920 te
3722 3863 3801 3919 mi-

554 3956 860 4013 solvuntur.
905 3956 1061 4024 Quod
1089 3959 1314 4030 mystice
1342 3959 1577 4014 Lamecb
1606 3960 1720 4015 suis
1759 3961 1938 4017 verbis
1958 3972 2134 4019 osten-
2231 3966 2399 4023 sereri
2425 3964 2665 4020 conservi
2695 3963 2792 4027 tui,
2823 3963 2961 4017 sicut
2984 3968 3040 4016 et
3066 3974 3166 4024 ego
3199 3959 3276 4013 tui
3306 3959 3574 4013 misertus
3601 3954 3758 4010 sum!

556 4045 658 4110 dit,
685 4046 902 4115 quando
930 4047 1190 4103 uxoribus
1208 4048 1323 4103 suis
1342 4048 1454 4103 ait:
1487 4047 1802 4120 Septuplum
1833 4051 1966 4106 ultio
1987 4052 2131 4108 dabi-
2306 4077 2326 4109 ι
2364 4056 2431 4111 Ει
2465 4056 2636 4109 iratus
2663 4052 2925 4110 Dominus
2947 4049 3064 4119 ejus
3092 4049 3318 4105 tradidit
3352 4063 3475 4105 eum
3499 4045 3803 4108 tortorithS.

556 4145 645 4192 tur
678 4138 744 4194 de
779 4138 931 4201 Cain,
984 4139 1052 4196 dc
1083 4139 1318 4197 Lamecb
1368 4156 1497 4197 vero
1552 4143 1853 4213 septuagies
1915 4144 2132 4214 septies.
2238 4165 2260 4200 ι
2300 4144 2652 4216 quoadusque
2680 4142 2932 4198 redderet
2960 4141 3273 4195 universum
3308 4138 3575 4197 debitum.
3609 4158 3629 4190 ι
3665 4135 3803 4204 Qun

558 4225 691 4281 Nam
721 4237 981 4297 quantum
1030 4231 1099 4285 ad
1144 4231 1378 4287 litteram
1426 4232 1677 4300 pertinet,
1711 4234 2011 4303 septuagies
2044 4249 2126 4290 se-

2233 4239 2392 4304 ritur,
2421 4236 2691 4307 quomodo
2727 4235 2981 4291 Dominus
3009 4233 3185 4289 iratus
3209 4232 3439 4297 dicatur,
3465 4246 3592 4292 cum
3644 4230 3704 4284 in
3729 4242 3803 4289 na-

556 4317 697 4387 pties
724 4319 792 4374 de
817 4318 951 4375 Cain
982 4320 1116 4375 ultio
1141 4321 1265 4377 data
1299 4330 1402 4388 est,
1434 4321 1560 4390 quia
1604 4320 1929 4388 vindictam,
1973 4338 2135 4393 quam
2234 4336 2354 4383 tura
2412 4326 2508 4382 Dei
2546 4325 2688 4381 nulla
2739 4326 2843 4390 ira,
2889 4323 3035 4378 nulla
3080 4322 3408 4379 mutabilitas
3456 4321 3642 4387 cadat,
3687 4328 3807 4375 testo

554 4421 654 4474 ρνο
680 4406 865 4465 fratris
890 4419 1065 4467 ιηοτιθ
1093 4412 1413 4480 promeruit.
1442 4426 1614 4481 ιιείιιιθ
1640 4412 1710 4466 ad
1731 4414 2132 4484 generationem
2163 4459 2213 4485 η
2235 4418 2540 4481 Psalmista,
2592 4416 2681 4485 qui
2731 4415 2806 4470 ait
2832 4430 2847 4469 :
2900 4432 2920 4465 ι
2948 4412 3090 4468 Deus
3118 4413 3282 4483 judex
3309 4412 3490 4483 justus
3508 4453 3525 4475 ,
3581 4412 3739 4466 fortis
3760 4416 3805 4465 et

557 4497 613 4550 in
656 4497 772 4567 ipso
798 4499 1037 4568 pertulit.
1073 4501 1147 4554 De
1177 4500 1412 4556 Lamecb
1454 4515 1585 4556 vero
1606 4502 1907 4572 septuagies
1933 4503 2132 4573 septies
2166 4497 2213 4522 ν
2236 4509 2466 4579 patiens,
2490 4504 2729 4575 nunquid
2754 4503 3003 4559 irascitur
3022 4516 3120 4572 per
3153 4501 3390 4572 singulos
3411 4502 3563 4556 dies?
3591 4522 3611 4554 ι
3640 4497 3797 4571 (Paul.

559 4586 692 4642 ultio
722 4589 847 4643 data
884 4598 985 4652 est,
1020 4590 1144 4660 quia
1197 4591 1532 4662 septuaginta
1588 4599 1792 4662 septem
1831 4593 2023 4648 animae
2065 4594 2135 4650 de
2237 4597 2356 4667 vn.)
2401 4595 2483 4652 Ad
2526 4594 2668 4666 quod
2700 4593 3006 4658 dicendum,
3034 4592 3159 4661 quia
3195 4590 3376 4646 multis
3422 4591 3475 4645 in
3506 4590 3644 4646 locis
3672 4588 3802 4645 Scri-

558 4676 764 4734 fcmorc
802 4678 921 4747 ejus
947 4695 1178 4751 egressae
1213 4691 1359 4746 sunt,
1405 4697 1527 4751 qua:
1556 4697 1746 4738 omnes
1776 4682 1974 4739 diluvio
2008 4699 2132 4753 ρει·-
2239 4699 2397 4761 plura
2426 4703 2581 4743 sacra
2634 4701 2785 4741 more
2831 4695 3017 4743 nostro
3068 4684 3324 4754 loquitur,
3362 4690 3424 4737 ut
3457 4683 3672 4738 occulta
3725 4678 3804 4734 Dei

556 4765 760 4824 ierunt.
820 4768 1147 4839 Spiritaliter
1188 4786 1320 4826 vero
1348 4772 1413 4827 de
1450 4771 1687 4828 Lamecb
1717 4774 2018 4844 septuagies
2048 4788 2135 4828 se—

560 4858 703 4929 pties
726 4860 858 4916 ultio
913 4863 1037 4925 data
1092 4871 1195 4928 est,
1238 4863 1362 4933 quia
1408 4873 1689 4933 peccatum
1741 4864 1883 4933 quod
1930 4865 2136 4935 primus

562 4950 727 5007 homo
747 4955 1012 5022 peccavit,
1051 4963 1110 5009 ut
1136 4956 1387 5021 diximus,
1424 4971 1521 5024 per
1550 4955 1882 5029 septuaginta
1929 4964 2137 5025 septem

562 5042 939 5109 generationes
995 5060 1166 5115 usque
1210 5046 1277 5100 ad
1335 5046 1536 5100 Christi
1598 5044 1885 5099 adventum
1939 5044 2129 5116 viguit.

567 5128 720 5185 Unde
757 5131 890 5187 bene
918 5132 1058 5188 idem
1086 5134 1321 5189 Lamcch
1352 5133 1683 5203 percutiens.
1714 5132 1829 5188 sive
1848 5147 2136 5202 percussus

566 5220 973 5292 interpretatur,
1010 5226 1137 5296 quia
1160 5227 1367 5296 primus
1395 5226 1554 5281 homo
1578 5224 1805 5296 peccati,
1839 5233 1895 5278 et
1922 5240 2135 5281 omnem

564 5331 723 5373 suam
764 5318 983 5389 stirpem
1015 5318 1203 5376 eodem
1246 5322 1461 5373 vulnere
1508 5327 1793 5389 percussu.
1846 5319 1973 5374 Haec
1998 5319 2136 5374 dixi-

566 5425 711 5473 mus,
754 5418 811 5464 ut
856 5413 1260 5466 ostenderemus
1308 5412 1611 5479 septuagies
1649 5411 1868 5480 septies,
1928 5426 2035 5466 non
2071 5410 2138 5465 ad

564 5504 922 5572 quantitatem
968 5502 1198 5573 numeri,
1260 5501 1355 5557 sed
1409 5503 1478 5557 ad
1522 5512 1799 5573 peccatum
1844 5502 2132 5573 pertinere.

564 5591 762 5647 Omnia
790 5607 916 5663 ergo
953 5607 1074 5662 qua:
1108 5590 1306 5646 fratres
1334 5591 1389 5646 in
1433 5591 1586 5648 nobis
1630 5607 1858 5663 peccare
1886 5601 2134 5663 possunt,

563 5684 839 5741 dimittere
868 5684 1043 5753 jussit,
1076 5684 1289 5753 quando
1318 5685 1621 5756 septuagies
1651 5685 1849 5753 septies
1884 5684 2138 5740 fratribus

2234 4779 2434 4851 judicia
2488 4791 2584 4847 per
2620 4776 2861 4832 visibiles
2910 4791 2996 4831 res
3044 4775 3429 4846 intelligantur.
3479 4772 3637 4829 Sicut
3678 4772 3805 4829 etum

2243 4876 2490 4924 terrenus
2518 4880 2613 4920 rex
2645 4866 2813 4921 iratus
2841 4866 3057 4929 dicitur,
3087 4864 3301 4934 quando
3329 4864 3383 4918 in
3414 4863 3677 4933 subjectis
3704 4861 3800 4917 vin-

2243 4957 2444 5013 dictam
2473 4964 2713 5023 exercet,
2741 4955 2820 5011 sic
2861 4955 3000 5010 Deus
3034 4954 3373 5022 onmipotens
3402 4952 3506 5006 illis
3540 4952 3715 5006 iratus
3740 4948 3802 5003 vi.

2234 5030 2427 5113 detur,
2472 5064 2607 5118 quos
2630 5049 2773 5119 justo
2796 5047 2999 5119 judicio
3024 5053 3246 5117 propter
3269 5052 3489 5115 peccata
3519 5044 3736 5098 damnat
3758 5049 3801 5094 et

2239 5139 2415 5209 punit,
2465 5147 2718 5195 caeterum
2754 5138 2807 5193 in
2855 5151 2952 5192 sua
2982 5146 3173 5190 natura
3205 5149 3420 5206 semper
3466 5130 3803 5191 immutabilis

2243 5244 2563 5299 semperque
2602 5228 2918 5297 tranquillus
2944 5235 3244 5297 permanet,
3271 5225 3359 5280 cui
3408 5240 3507 5294 per
3529 5226 3797 5294 quemdam

2251 5323 2549 5391 sapientem
2579 5320 2774 5375 dicitur
2806 5317 2957 5389 (Sap.
2991 5319 3089 5388 xu)
3119 5334 3133 5374 :
3177 5336 3194 5369 ι
3230 5317 3310 5371 Tu
3338 5314 3560 5380 autem,
3595 5315 3803 5372 Domine

2246 5410 2506 5476 Sabaoth,
2533 5425 2654 5466 cum
2694 5407 3079 5478 tranquillitate
3114 5406 3347 5476 judicas,
3375 5416 3434 5464 et
3468 5422 3594 5465 cum
3625 5416 3798 5473 magna

2235 5501 2538 5564 reverentia
2587 5500 2824 5571 disponis
2862 5515 2979 5556 nos.
3020 5518 3039 5551 ι
3074 5500 3360 5567 Tortores,
3401 5499 3600 5571 quibus
3646 5499 3798 5568 ingra-

2240 5604 2329 5650 tus
2357 5609 2545 5650 servus
2571 5593 2831 5657 traditur,
2862 5592 3120 5657 immundi
3168 5601 3294 5648 sunt
3324 5593 3575 5665 spiritus,
3613 5592 3680 5647 de
3697 5584 3795 5658 qui-

2241 5686 2342 5741 bus
2376 5684 2633 5743 scriptum
2673 5692 2752 5737 est
2784 5680 2953 5738 (Psal.
3004 5683 3202 5736 vav'li
3233 5701 3247 5715 -
3289 5704 3299 5713 ·
3332 5684 3696 5736 'mmissinnec
3717 5692 3797 5728 aer
