4002 6348
109 317 250 372 733

1355 310 1497 368 110M
1505 308 1660 365 iLL‘E
1701 307 1788 363 DE
1825 308 2168 368 TEMPOBE.

3312 324 3418 379 754

113 431 381 503 angelos
414 426 583 484 malos
607 442 622 479 :
654 446 675 479 ι
716 425 807 497 qui
843 425 1080 497 graviter
1104 440 1135 479 a
1164 426 1325 482 nobis
1347 426 1569 497 exigunt
1596 425 1739 496 quod
1766 426 1818 485 Α
1841 432 1896 479 et
1950 424 2196 482 Romano
2242 436 2459 498 pareret
2495 430 2745 501 imperio.
2795 430 2943 503 Ergo
2968 433 3297 503 medicante
3323 435 3436 491 Do-

115 523 356 580 blande
398 528 454 575 et
483 519 676 576 leniter
703 528 1110 589 persuaserunt.
1148 519 1297 589 ipsos
1322 520 1467 575 enim
1495 528 1751 589 peccator

121 624 225 669 lor
237 622 396 669 tores
424 611 586 667 habet
618 610 669 665 in
692 624 876 680 poena,
900 626 1039 680 quos
1067 611 1251 665 habuit
1278 626 1528 666 suasurus
1550 611 1617 664 ad
1640 610 1751 665 cul-

124 721 302 778 pam.
340 703 497 771 Quod
531 709 711 757 autem
749 701 977 757 dicitur:
1034 720 1054 753 ι
1085 701 1445 772 Quoadusque
1496 700 1749 757 redderet

132 798 485 851 universum
515 793 775 849 debitum.
814 812 835 845 ι
876 793 1113 847 Finitum
1159 792 1474 847 adverbium
1534 807 1635 863 pro
1675 792 1753 847 iu-

130 888 315 943 ﬁnito
344 896 586 955 tempore
611 885 812 956 posuit,
866 885 1119 954 quoniam
1147 885 1361 955 reprobi
1392 893 1597 940 aeterno
1624 896 1750 954 ευρ-

127 979 324 1050 plicio
346 976 608 1042 damnati,
630 977 714 1032 sic
735 977 978 1046 quotidie
1005 976 1240 1032 debitum
1270 977 1478 1046 peccati
1507 976 1562 1030 in
1590 989 1751 1046 ptena

134 1068 466 1133 exsolvent,
493 1076 552 1122 ut
566 1076 747 1123 tamen
776 1082 1054 1138 poenarum
1075 1069 1349 1125 cruciatus
1372 1082 1651 1139 nunquam
1670 1069 1752 1123 eis

136 1162 401 1226 deﬁciat,
427 1161 657 1215 Domino
685 1159 815 1215 alibi
853 1160 1068 1216 dicente
1092 1159 1264 1233 (Paul.
1294 1161 1443 1232 xxvi)
1471 1178 1486 1214 :
1522 1180 1542 1213 ‹
1576 1160 1750 1217 Amen

142 1254 287 1308 dico
344 1252 519 1317 vobis,
555 1267 664 1306 non
694 1252 844 1306 exies
892 1252 1016 1306 inde
1062 1250 1234 1307 donec
1283 1253 1481 1307 reddas
1516 1251 1751 1307 novissi-

138 1356 313 1397 mum
337 1341 716 1412 quadrantem.
756 1360 779 1393 ι
819 1340 934 1396 Νοη
959 1355 1092 1412 ergo
1141 1342 1215 1395 ita
1241 1349 1326 1397 est
1355 1340 1750 1411 accipiendum,

144 1434 311 1504 quod
362 1440 487 1504 post
511 1433 818 1488 universale
844 1432 1110 1503 judicium
1138 1434 1375 1489 vindicta
1401 1441 1750 1504 peccatorum

144 1534 409 1597 peracta,
444 1526 657 1595 reprobi
682 1526 897 1580 veniam
924 1526 1183 1596 consequi
1214 1526 1445 1597 possint,
1477 1526 1604 1581 licet
1631 1524 1754 1582 Ori-

143 1616 391 1687 genistze
437 1623 737 1682 testentur,
792 1632 1023 1687 quorum
1064 1618 1329 1673 sententia
1372 1632 1479 1673 non
1530 1626 1614 1674 est
1667 1630 1752 1675 se-

145 1708 406 1778 quenda,
451 1708 583 1779 quia‘
599 1718 881 1780 postquam
929 1709 1101 1765 semel
1142 1710 1376 1764 damnati
1406 1708 1623 1770 fuerint,
1661 1725 1752 1765 ve-

1854 518 1999 573 mino
2024 526 2081 573 et
2108 517 2387 575 Salvatore
2423 532 2632 587 nostro,
2661 523 2919 578 continuo
2951 538 3143 593 magna
3169 524 3311 579 inter
3334 524 3439 580 Ju-

1849 607 1996 661 dseos
2029 615 2155 661 nata
2183 609 2409 677 quaestio
2438 609 2634 675 fuerat,
2675 620 2897 681 propter
2932 613 3288 669 redditionem
3307 627 3438 668 cen-

1848 713 1965 762 sus,
2012 698 2134 753 aliis
2178 699 2481 754 dicentibus
2523 716 2621 771 pro
2667 703 2956 759 securitate
2982 711 3040 759 et
3059 703 3263 773 quiete,
3306 704 3437 773 quia

1851 788 2080 843 Romani
2108 789 2381 859 principes
2406 790 2613 860 procis
2651 791 2970 859 militarent,
3010 794 3207 850 debere
3234 794 3437 850 tributa

1849 880 2002 944 solvi,
2056 896 2091 937 ο
2138 891 2329 937 contra
2366 883 2560 938 scribis
2582 891 2640 938 et
2663 883 2953 941 Pharisaeis
2977 886 3304 954 dicentibus,
3330 903 3438 943 non

1852 973 2049 1029 debere
2100 973 2354 1044 populum
2408 973 2500 1029 Dei
2538 975 2791 1031 humanis
2829 974 3037 1046 legibus
3083 992 3208 1035 esse
3255 978 3437 1047 subje-

1851 1074 2024 1129 ctum,
2051 1066 2289 1121 maxime
2308 1081 2431 1121 cum
2454 1065 2714 1131 decimas,
2746 1074 2800 1120 et
2826 1067 3117 1135 primitias,
3136 1076 3193 1123 et
3215 1078 3439 1139 sponta-

1853 1170 1984 1209 neas
2002 1153 2303 1211 oblationes
2328 1154 2437 1209 Deo
2461 1154 2699 1210 offerret.
2748 1156 2814 1210 Et
2854 1156 2977 1225 quia
3008 1158 3197 1213 scribae
3217 1167 3272 1213 et
3297 1158 3439 1213 Pha-

1853 1244 2016 1310 risaai,
2043 1254 2105 1299 ut
2123 1259 2263 1316 sape
2282 1244 2544 1311 diximus,
2573 1246 2639 1300 ad
2666 1245 2770 1301 hoc
2810 1246 3097 1302 Dominum
3132 1250 3438 1319 sequeban-

1854 1342 1965 1403 tur,
1991 1346 2055 1391 ut
2082 1350 2207 1392 eum
2235 1336 2320 1392 vel
2353 1337 2405 1392 in
2435 1352 2622 1408 opere,
2667 1336 2751 1392 vel
2791 1336 2845 1391 in
2873 1353 3123 1393 sermone
3153 1342 3442 1410 reprehen—

1853 1425 1984 1482 dere
2007 1434 2250 1496 possent,
2274 1426 2375 1481 sub
2397 1428 2499 1483 hac
2523 1427 2814 1483 occasione
2839 1428 3124 1485 consilium
3166 1429 3441 1494 ineuntes,

1928 1534 1952 1570 ο
1980 1515 2275 1573 Mittuntei
2321 1517 2611 1588 discipulos
2650 1532 2779 1573 suos
2818 1534 2940 1574 cum
2969 1518 3315 1585 llerodianis,
3354 1520 3444 1573 di-

1856 1626 1881 1660 c
1920 1615 2144 1666 centes:
2182 1608 2459 1680 Magister,
2498 1608 2700 1664 scimus
2727 1610 2850 1678 quia
2877 1625 3042 1665 verax
3075 1625 3150 1674 es,
3197 1618 3253 1665 et
3300 1610 3447 1667 viam

1860 1720 1880 1755 ο
1926 1701 2021 1757 Dei
2048 1702 2105 1757 in
2150 1701 2381 1759 veritate
2399 1700 2564 1757 doces
2591 1741 2606 1767 ,
2633 1709 2691 1759 et
2725 1717 2831 1756 non
2862 1709 2943 1756 est
2978 1701 3070 1756 tibi
3099 1715 3230 1755 cura
3255 1700 3320 1755 de
3348 1700 3445 1754 ali-

147 1771 313 1854 niam
339 1771 444 1856 non
468 1771 886 1871 consequentur.
917 1800 1207 1870 EXponens
1238 1800 1496 1855 Dominus
1521 1801 1665 1872 quod
1694 1800 1748 1854 in
1780 1771 1828 1832 Β
1861 1812 1885 1845 ι
1925 1809 2054 1865 quo.
2085 1792 2203 1849 Non
2229 1793 2374 1849 enim
2413 1792 2639 1862 respicis
2663 1807 2948 1861 personam
2990 1791 3289 1847 hominum.
3346 1791 3443 1845 Dic

144 1889 570 1945 similitudinem
599 1890 937 1960 praemiserat
963 1889 1232 1958 adiunxit,
1258 1889 1446 1944 dicens
1471 1907 1488 1944 :

236 2002 258 2036 ι
286 1982 393 2039 «εἰς
449 1983 619 2039 Pater
655 1998 807 2039 meus
842 1984 1080 2038 caelestis
1124 1982 1285 2038 faciet
1321 1984 1509 2048 vobis,
1569 1984 1614 2038 si
1647 1996 1751 2037 non

151 2096 177 2130 α
229 2078 557 2133 remiseritis
576 2076 942 2146 unusquisque
982 2061 1141 2130 fratri
1164 2090 1264 2131 suo
1292 2075 1363 2130 de
1385 2074 1640 2130 cordibus
1660 2089 1754 2129 ve-

152 2188 177 2221 ε
231 2170 384 2225 stris.
429 2188 448 2219 ι
506 2170 562 2222 In
608 2170 804 2239 quibus
830 2169 1010 2223 verbis
1061 2168 1384 2233 ostenditur,
1429 2167 1576 2238 quia,
1616 2169 1756 2223 sicut

146 2260 421 2328 superius
471 2258 729 2321 diximus,
778 2257 876 2327 ‘qui
929 2257 1188 2313 fratribus
1227 2259 1282 2312 in
1310 2273 1370 2313 se
1409 2258 1756 2328 peccantibus

149 2346 447 2401 dimittere
472 2361 579 2401 non
605 2345 740 2411 vult,
769 2346 932 2400 etiam
962 2346 1049 2400 illa
1089 2354 1341 2416 peccata,
1374 2360 1494 2416 quae
1538 2346 1640 2401 sibi
1674 2346 1757 2398 di-

148 2435 338 2491 missa
374 2435 660 2493 credebat.
707 2436 774 2491 ad
818 2436 1108 2490 vindictam
1147 2436 1203 2491 ei
1229 2436 1652 2506 replicahuntur.
1687 2436 1757 2491 Et

154 2527 295 2597 quia
328 2526 471 2581 Deus
527 2527 803 2597 inspector
830 2534 913 2581 cst
960 2528 1176 2593 cordis,
1218 2529 1496 2599 signauter
1537 2529 1755 2595 dicitur,

166 2637 189 2668 ι
224 2616 296 2671 de
320 2616 577 2671 cordibus
608 2617 822 2672 vestris.
856 2636 873 2668 ι
906 2616 1044 2672 Sunt
1066 2617 1209 2672 enim
1231 2618 1494 2684 nonnulli,
1518 2619 1755 2689 quicum

161 2707 242 2760 ab
294 2705 413 2759 aliis
460 2704 570 2760 laesi
616 2706 853 2771 fuerint,
889 2720 983 2761 ore
1025 2706 1296 2762 dimittere
1342 2708 1612 2773 videntur,
1662 2708 1757 2764 sed

164 2797 336 2851 corde
362 2793 586 2864 injurias
613 2805 909 2861 reservant,
954 2797 1096 2865 quod
1130 2796 1249 2852 ideo
1274 2797 1498 2862 faciunt,
1529 2798 1653 2867 quia
1688 2797 1757 2851 ab

168 2889 299 2944 aliis
323 2898 587 2959 coguntur
614 2896 673 2943 ut
699 2889 1005 2944 dimittant:
1038 2897 1132 2943 aut
1154 2898 1303 2944 certe
1324 2888 1613 2945 defendere
1646 2903 1754 2944 non

170 2995 235 3037 se
265 2980 559 3051 praevalent
588 2981 656 3035 ab
706 2981 795 3036 his
842 2995 878 3035 a
917 2981 1112 3050 quibus
1159 2979 1269 3035 laesi
1306 2988 1451 3044 sunt,
1497 2979 1582 3036 vel
1608 2988 1757 3035 certe

1854 1902 1877 1937 ι
1921 1898 2059 1953 ergo
2081 1883 2253 1947 nobis,
2299 1882 2430 1952 quid
2478 1882 2576 1936 tibi
2617 1881 2874 1937 videtur?
2913 1881 3043 1937 licet
3064 1894 3284 1935 censum
3317 1881 3447 1936 dare

1857 1995 1876 2028 ‹
1922 1973 2144 2040 Caesari,
2174 1990 2244 2029 an
2291 1976 2488 2029 non?»
2534 1974 2688 2040 Quod
2736 1973 2857 2028 ideo
2910 1973 3335 2042 interrogabant.
3385 1980 3446 2026 ut.

1851 2066 1984 2121 dum
2007 2080 2172 2122 unum
2217 2080 2284 2120 ex
2332 2067 2415 2123 eis
2443 2067 2721 2137 quodlibet
2746 2066 3059 2133 affirmaret,
3096 2074 3190 2123 aut
3230 2066 3445 2122 illorum

1854 2168 1948 2213 aut
1975 2158 2199 2214 istorum
2220 2160 2403 2215 odium
2424 2159 2746 2217 incurreret.
2777 2158 2848 2215 Ut
2871 2159 3100 2223 scilicet,
3126 2159 3173 2213 si
3196 2159 3441 2213 diceret:

1854 2247 2026 2313 Licet,
2075 2250 2556 2318 reprehenderetur
2603 2251 2675 2306 ab
2721 2250 2864 2315 aliis,
2906 2251 2998 2321 qui
3046 2264 3271 2307 censum
3313 2249 3446 2305 dare

1855 2343 2137 2408 nolebant,
2167 2343 2251 2399 vel
2297 2344 2575 2399 videretur
2597 2359 2719 2401 esse
2750 2345 3058 2400 contrarius
3101 2344 3203 2414 legi
3235 2343 3348 2399 Dei.
3384 2341 3443 2397 Si

1854 2448 1985 2490 vero
2029 2435 2232 2490 diceret
2283 2452 2298 2489 :
2341 2433 2458 2489 Non
2511 2435 2669 2502 licet,
2730 2436 2884 2505 quasi
2952 2435 3043 2504 qui
3093 2434 3443 2490 rebellionem

1856 2532 2045 2580 contra
2074 2524 2344 2581 Caesarem
2384 2540 2601 2581 movere
2644 2527 2931 2598 cogitaret,
2959 2541 2991 2580 a
3036 2526 3302 2581 ministris
3326 2525 3436 2579 He—

1856 2616 2005 2670 rodis
2035 2616 2457 2685 comprehensus
2484 2625 2776 2683 teneretur,
2803 2617 3140 2673 Herodianus
3158 2624 3337 2672 autem
3360 2616 3447 2670 vel

1857 2706 2137 2761 ministros
2178 2706 2407 2762 Herodis
2441 2715 2617 2772 vocat,
2648 2706 2742 2776 qui
2779 2707 2993 2776 publice
3021 2707 3301 2777 vectigalia
3328 2707 3448 2761 exi-

1856 2796 2077 2866 gebant,
2100 2796 2185 2851 vel
2206 2805 2353 2851 certe
2385 2797 2509 2852 illos
2540 2812 2676 2868 quos
2718 2799 2912 2853 scribae
2940 2806 2997 2853 et
3015 2798 3289 2862 Pharisaei,
3318 2798 3446 2868 quia

1857 2900 2047 2963 sponte
2076 2890 2271 2947 Herodi
2303 2893 2503 2947 tributa
2532 2893 2828 2959 solverent,
2882 2893 3165 2950 illudentes
3191 2893 3450 2948 Herodia—

1856 2997 1956 3038 nos
1985 2982 2265 3037 vocabant.
2321 2983 2388 3036 Et
2432 2984 2576 3054 quia,
2609 2992 2667 3039 ut
2714 2984 2973 3040 Dominus
3016 2986 3110 3049 ait,
3151 2986 3345 3040 scrihze
3386 2993 3441 3040 et

174 3082 400 3175 tempus
424 3072 751 3175 vindicandi!
770 3079 1317 3175 aptum‘exsp‘ectant,
1342 3072 1408 3126 de
1427 3072 1621 3141 quibus
1658 3086 1757 3171 per
1786 3112 1832 3175 Ο
1860 3071 2118 3175 Pharisaei
2143 3071 2345 3175 similes
2377 3081 2535 3175 erant
2562 3073 2822 3175 sepulcris
2862 3073 3126 3175 dealbatis
3146 3115 3160 3139 ,
3178 3075 3443 3175 blandam

176 3161 493 3230 prophetam
515 3159 712 3215 dicitur
733 3159 865 3231 (Jer.
891 3158 1005 3228 ix):
1043 3176 1061 3208 ‹
1089 3157 1197 3214 Ore
1225 3172 1412 3227 pacem
1432 3173 1561 3213 cum
1585 3158 1761 3212 amico

184 3264 284 3305 suo
308 3250 561 3320 loquitur,
592 3260 647 3306 et
679 3248 897 3323 occulte
912 3248 1064 3318 ponit
1095 3249 1143 3303 ei
1182 3248 1424 3302 insidias.
1464 3265 1482 3299 ι
1524 3247 1643 3302 Sed
1674 3246 1762 3301 isti

185 3337 338 3403 tales,
367 3337 578 3409 qualem
606 3338 899 3399 vindictam
925 3337 1245 3407 percipiant,
1274 3336 1557 3390 Psalmista
1583 3334 1764 3391 decla-

182 3440 291 3496 rat,
317 3430 498 3485 dicens
548 3427 720 3502 (Psal.
755 3429 967 3498 xxvii):
1030 3446 1050 3479 ‹
1086 3428 1186 3495 Qui
1237 3427 1528 3497 loquuntur
1573 3442 1765 3500 pacem

181 3537 304 3578 cum
334 3522 579 3592 proximo
598 3536 720 3585 suo.
751 3521 888 3575 mala
927 3530 1107 3575 autem
1135 3520 1187 3575 in
1214 3520 1466 3576 cordibus
1489 3534 1705 3577 eorum.
1739 3537 1759 3572 ι

182 3612 251 3667 Et
278 3612 468 3666 iterum
499 3629 513 3665 :
550 3629 570 3663 ι
600 3610 677 3665 Da
722 3610 830 3665 illis
854 3608 1147 3665 secundum
1166 3623 1331 3679 opera
1359 3624 1569 3673 eorum,
1600 3617 1655 3663 et
1681 3623 1766 3663 sc-

183 3706 419 3761 cundum
443 3719 604 3776 opera
634 3718 899 3758 manuum
934 3718 1123 3757 eorum
1154 3703 1329 3757 tribue
1356 3701 1462 3757 illis
1491 3700 1701 3772 (Ibid.).
1740 3717 1760 3752 ι

186 3799 427 3866 Quorum
477 3795 733 3867 patientia
775 3808 882 3848 non
932 3793 1211 3863 praemium
1256 3792 1484 3863 accipiet
1528 3791 1763 3854 virtutis,

187 3890 311 3961 quia
341 3888 698 3943 vclamentum
723 3894 808 3941 est
838 3884 1061 3942 luroris.
1087 3883 1232 3939 Nihil
1257 3899 1388 3956 ergo
1430 3883 1646 3954 prodest
1672 3897 1768 3939 ore

188 3982 478 4045 dimittere,
525 3979 618 4049 qui
645 3977 758 4034 vult
802 3977 1135 4033 iracundiam
1172 3976 1336 4031 corde
1363 3990 1600 4031 servare.
1634 3974 1771 4029 Pro-

188 4081 312 4141 pter
334 4071 455 4138 hoc,
496 4085 621 4125 eum
650 4069 874 4125 dixisset
900 4067 1157 4123 Dominus
1193 4084 1206 4120 :
1240 4085 1259 4117 ι
1290 4065 1384 4122 Sic
1409 4073 1565 4137 pater
1592 4074 1769 4120 vester

190 4162 427 4219 cmlestis
472 4162 634 4216 faciet
661 4160 851 4227 vobis,
895 4160 945 4215 si
990 4175 1095 4215 non
1126 4157 1451 4213 remiseritis
1479 4158 1769 4226 unusquis-

192 4267 297 4324 que
322 4250 472 4306 fratri
514 4266 631 4307 suo.
671 4268 692 4303 ›
721 4251 1000 4321 adiunxit:
1039 4268 1063 4300 ι
1099 4249 1165 4304 de
1193 4248 1444 4303 cordibus
1471 4248 1684 4303 vestris.
1717 4268 1747 4300 ι

644 4378 927 4436 HOMILIA
984 4378 1306 4435 CXXXVIII.
1354 4384 1361 4390 ’

486 4506 740 4549 DOMI’SICL
768 4507 896 4546 XXIV
923 4506 1055 4547 POST
1083 4508 1474 4551 PENTECOSTEN.

264 4604 500 4675 (Manu.
530 4602 695 4672 xxii.)
738 4620 758 4655 ι
791 4601 849 4657 lu
878 4600 970 4657 illo
1017 4592 1291 4672 tempore,
1325 4603 1585 4661 abeuntes
1626 4602 1771 4658 Pha-

196 4717 220 4749 ι
263 4695 398 4751 riszel
429 4694 711 4751 consilium
763 4694 1031 4760 inierunt,
1078 4702 1138 4750 ut
1185 4704 1440 4764 caperent
1482 4693 1666 4751 Iesum
1713 4696 1768 4751 in

205 4808 223 4840 ι
268 4801 533 4844 sermone.
570 4807 589 4840 ι
628 4786 697 4841 Et
724 4786 948 4857 reliqua.
1003 4786 1088 4841 Ab
1120 4801 1188 4843 eo
1209 4796 1450 4857 tempore
1475 4802 1584 4857 quo
1605 4788 1769 4843 totius

198 4879 378 4934 mundi
398 4877 711 4934 monarchia
739 4879 839 4934 sub
865 4877 1023 4932 unius
1048 4877 1283 4933 hominis
1309 4879 1612 4948 principatu
1643 4878 1768 4933 red-

203 4981 318 5025 acta
362 4979 469 5036 est,
495 4978 727 5040 propter
759 4983 947 5038 pacem
990 4975 1045 5023 et
1071 4969 1413 5025 concordiam
1454 4968 1772 5024 servandam

203 5067 257 5122 in
290 5064 517 5135 populis,
572 5069 831 5119 statutum
872 5069 979 5128 est,
1020 5070 1080 5116 ut
1130 5062 1501 5133 unusquisque
1553 5076 1775 5117 censum

200 5156 390 5225 capitis
414 5154 497 5209 sui
529 5153 797 5208 redderet.
825 5151 988 5221 Cujus
1014 5152 1092 5207 rei
1124 5152 1278 5207 testis
1301 5161 1386 5207 est
1412 5152 1588 5207 Lucas
1608 5167 1776 5207 evan-

205 5246 407 5319 gelista,
437 5245 530 5315 qui
560 5252 798 5315 tempore
823 5258 930 5313 quo
958 5244 1221 5300 Dominus
1247 5253 1303 5299 ct
1325 5244 1572 5300 Salvator
1594 5253 1782 5300 noster

207 5344 359 5391 natus
405 5346 510 5400 est,
543 5337 682 5391 hanc
723 5335 895 5403 legem
924 5334 979 5389 in
1011 5335 1265 5404 populum
1294 5334 1597 5390 ludaturqu
1646 5335 1777 5390 alla-

207 5439 312 5485 tam
368 5429 668 5499 descripsit,
724 5427 945 5482 dicens:
1003 5445 1022 5478 c
1053 5427 1199 5481 Exiit
1235 5428 1471 5483 edictum
1502 5443 1532 5482 a
1562 5427 1773 5485 Cazsare

208 5518 460 5587 Augusto,
486 5528 544 5571 ut
572 5516 971 5582 describeretur
984 5517 1266 5572 universus
1286 5518 1436 5573 orbis
1458 5517 1608 5589 (Luc.
1634 5518 1715 5591 ll).
1754 5539 1773 5573 ›

198 5606 378 5675 Super
400 5607 535 5660 hanc
559 5622 669 5661 rem
696 5615 874 5662 autem
897 5605 1076 5661 Cmsar
1093 5605 1362 5677 Augustus
1384 5607 1645 5664 Herodem
1666 5610 1777 5665 An-

212 5696 387 5765 tipatri
408 5696 572 5765 filium
599 5695 794 5753 Iudaeis
822 5696 1079 5768 praefecit,
1109 5704 1165 5751 ut
1199 5706 1251 5753 et
1285 5698 1483 5754 tributa
1515 5699 1770 5770 exigeret,

1864 3169 1919 3216 et
1949 3159 2347 3215 fraudulentam
2395 3162 2873 3233 interrogationem
2910 3164 3309 3232 praemittebant
3333 3203 3350 3229 ,
3397 3164 3447 3218 ei

1862 3252 2141 3308 dicentes:
2174 3272 2194 3304 ι
2224 3253 2498 3324 Magister,
2537 3246 2741 3310 scimus
2767 3255 2892 3324 quia
2923 3269 3085 3309 verax
3128 3270 3188 3311 es
3227 3262 3282 3310 et
3306 3256 3450 3309 viam

1864 3342 1962 3397 Dei
1987 3343 2039 3396 in
2067 3343 2294 3399 veritate
2319 3343 2505 3409 doces,
2535 3352 2592 3398 et
2620 3358 2726 3398 non
2755 3351 2840 3399 est
2868 3344 2962 3398 tibi
2991 3359 3118 3398 cura
3146 3345 3214 3399 de
3249 3344 3452 3413 aliquo.

1864 3430 1981 3488 Non
2020 3431 2164 3486 enim
2194 3432 2420 3502 respicis
2456 3447 2742 3502 personam
2775 3433 3077 3487 hominum.
3120 3452 3139 3484 ι
3165 3433 3451 3502 Proprium

1865 3530 1951 3578 est
1977 3523 2121 3578 enim
2152 3523 2364 3578 illorum
2408 3523 2499 3595 qui
2525 3523 2662 3579 alios
2682 3522 2870 3579 fraude
2892 3523 3141 3594 decipere
3163 3533 3452 3588 conantur,

1865 3625 1926 3671 ut
1951 3616 2101 3686 prius
2123 3625 2357 3672 mentem
2380 3615 2650 3671 audientis
2672 3615 3069 3671 adulationibus
3089 3615 3453 3677 demulceam,

1868 3714 1929 3761 ut
1971 3706 2357 3762 blandimentis
2405 3714 2754 3777 provocatus,
2805 3720 2913 3761 non
2957 3705 3099 3775 quod
3144 3719 3332 3760 verum
3372 3710 3458 3759 est

1865 3796 2220 3867 respondeat,
2260 3796 2355 3851 sed
2402 3795 2548 3866 quod
2576 3795 2676 3861 illi,
2729 3795 2822 3866 qui
2875 3794 3196 3865 interrogat,
3241 3792 3460 3864 placere

1867 3885 2195 3955 probaverit.
2241 3884 2397 3953 Quod
2444 3898 2575 3939 rem
2618 3883 2694 3939 illi
2723 3882 3097 3939 fraudulenter
3134 3883 3205 3938 de
3231 3883 3459 3941 Domino

1868 3975 2136 4041 dicebant,
2160 3991 2259 4031 nos
2278 3975 2418 4031 firmi
2438 3982 2494 4031 et
2513 3973 2773 4030 immobili
2798 3973 2905 4030 fide
2926 3974 3149 4030 credere
3170 3974 3455 4041 debemus,

1869 4067 2018 4123 illum
2040 4066 2249 4122 scilicet
2272 4080 2458 4121 verum
2486 4080 2551 4121 ac
2586 4064 2919 4137 singularem
2943 4079 3065 4122 esse
3110 4066 3451 4135 magistrum,

1869 4173 2030 4228 aquo
2058 4157 2301 4227 procedit
2348 4157 2527 4213 omnis
2574 4156 2863 4227 sapientia,
2921 4163 2978 4211 et
3023 4171 3151 4212 cum
3202 4170 3311 4227 quo
3359 4154 3461 4210 fuit

1871 4261 2085 4317 semper
2111 4254 2168 4302 et
2214 4254 2300 4304 est
2348 4255 2478 4309 ante
2524 4261 2718 4310 :evum,
2761 4245 2853 4315 qui
2903 4246 2980 4300 ait
3016 4245 3087 4300 in
3117 4243 3411 4313 Evangelia
3442 4261 3461 4298 :

1880 4356 1901 4390 ο
1937 4336 2046 4393 Vos
2092 4338 2303 4394 vocatis
2324 4353 2412 4392 me
2437 4335 2705 4406 Magister
2734 4343 2790 4395 et.
2832 4336 3077 4400 Domine,
3112 4342 3170 4389 et
3210 4334 3349 4389 bene
3373 4332 3458 4388 di.

1798 4459 1853 4520 Β
1877 4429 2039 4486 citis:
2072 4444 2191 4484 sum
2220 4428 2421 4484 etenim
2455 4426 2638 4498 (Joau.
2664 4425 2816 4497 xm).
2839 4446 2861 4483 ›
2902 4426 2972 4480 Ει
3018 4426 3254 4481 iterum:
3290 4443 3310 4476 ο
3351 4422 3461 4478 Nec

1877 4520 2141 4576 vocemini
2186 4518 2452 4588 magistri,
2498 4518 2625 4586 quia
2672 4517 2934 4588 magister
2993 4524 3171 4571 vester
3197 4530 3337 4571 unus
3374 4523 3461 4570 est

1877 4611 2125 4669 Christus
2146 4608 2363 4681 (Matth.
2388 4608 2567 4680 χχιιι).
2595 4627 2617 4660 ›
2644 4608 2764 4678 Ipse
2784 4614 2964 4662 autem
2991 4622 3157 4662 verax
3180 4613 3282 4671 est,
3311 4606 3459 4676 quia,

1875 4711 1936 4759 ut
1953 4703 2028 4757 ait
2053 4702 2354 4771 Scriptura,
2381 4719 2401 4751 ί
2429 4699 2610 4756 omnis
2625 4698 2786 4755 homo
2805 4698 3037 4753 mendax
3061 4695 3235 4769 (Ρωι.
3258 4696 3411 4769 cxv),
3432 4716 3457 4750 ι

1876 4794 2001 4865 quia
2027 4792 2103 4847 ait
2133 4792 2186 4846 in
2206 4790 2534 4861 Evangelia:
2562 4808 2581 4843 ι
2615 4790 2726 4860 Ego
2747 4804 2866 4844 sum
2895 4788 3008 4854 via,
3027 4788 3226 4845 veritas
3249 4796 3305 4843 et
3344 4787 3455 4842 vita

1881 4882 2063 4955 (Joau.
2089 4879 2225 4951 xiv).
2257 4899 2276 4933 ι
2313 4899 2332 4930 ι
2375 4877 2532 4935 Viam
2558 4892 2773 4948 quoque
2803 4876 2898 4932 Dei
2922 4877 2977 4933 in
3024 4874 3257 4932 veritate
3282 4876 3466 4932 docuit

1883 4974 2034 5047 (Luc.
2060 4974 2176 5046 xx),
2208 4994 2227 5028 ι
2281 4973 2407 5046 quia
2450 4988 2550 5029 nec
2600 4971 2791 5028 fefellit
2821 4971 3078 5042 aliquem,
3117 4985 3217 5027 nec
3255 4971 3369 5031 falli
3394 4972 3465 5027 ab

1881 5066 2065 5138 aliquo
2085 5067 2278 5137 potuit,
2328 5065 2582 5136 quoniam
2632 5064 2975 5120 servantibus
3027 5080 3151 5135 quae
3183 5062 3468 5133 praecepit,

1882 5158 2147 5213 veraciter
2171 5157 2318 5212 dabit
2359 5154 2500 5224 quod
2544 5155 2811 5225 promisit.
2839 5171 2861 5206 ι
2896 5153 3013 5209 Νοη
3044 5154 3189 5209 enim
3239 5153 3465 5224 respicit
3567 5206 3584 5231 .

1881 5264 2166 5320 personam
2214 5248 2491 5303 hominum
2541 5245 2758 5319 (Matth.
2782 5246 2938 5317 xxii),
2973 5266 2996 5300 ι
3027 5247 3153 5317 quia
3188 5261 3289 5302 nec
3337 5259 3466 5314 pro-

1884 5346 2005 5407 pter
2050 5344 2449 5408 paupertatem
2482 5336 2714 5406 aliquem
2783 5334 3012 5405 abiicit,
3073 5351 3175 5392 nec
3244 5341 3473 5405 propter

1874 5428 2090 5484 divitias
2134 5428 2366 5498 aliquem
2415 5426 2585 5497 eligit,
2639 5426 2733 5482 sed
2788 5441 2948 5497 quem
3000 5428 3053 5481 in
3093 5441 3190 5480 suo
3244 5421 3473 5479 servitio

1882 5517 2075 5573 viderit
2101 5516 2451 5581 devotiorem,
2478 5519 2651 5586 ipsum
2680 5514 2845 5571 edicit
2880 5514 3222 5571 sanctiorem.
3257 5510 3332 5565 De
3352 5524 3472 5580 quo

1884 5608 2232 5664 veracissime
2290 5607 2486 5662 Petrus
2539 5607 2814 5678 apostolus
2847 5605 3017 5661 dicit:
3061 5622 3079 5653 ι
3126 5601 3183 5658 lu
3238 5601 3469 5658 veritate

1884 5699 2118 5769 comperi
2192 5698 2446 5768 quoniam
2502 5713 2606 5756 non
2656 5706 2739 5753 est
2789 5710 3140 5766 personarum
3212 5701 3469 5763 acceptor
