4002 6348
632 324 735 381 755

1245 327 1595 385 HAYMONIS
1631 328 2108 385 IIALBERSTAT.
2152 326 2366 382 EPESC.
2408 328 2559 384 OPP.
2600 332 2779 388 PARS
2818 331 2880 387 11.
2913 364 2981 374 --
3018 332 3251 389 llOlliL.
3857 332 3926 386 72:;

631 444 797 510 Deus,
842 444 935 501 sed
957 444 1010 498 in
1035 444 1382 514 mimi-gente,
1406 446 1497 515 qui
1525 454 1803 514 operatur:
1814 444 2099 515 justitiam,
2124 458 2212 497 ac-
2240 444 2288 503 Α
2318 447 2523 514 primus
2540 450 2700 503 homo
2721 447 3009 517 imaginem
3038 449 3129 501 Dei
3161 449 3213 503 in
3240 450 3297 503 se
3324 449 3648 519 peccando
3673 448 3933 503 violasset.

632 544 819 605 ceptus
845 544 928 589 est
978 535 1054 589 illi
1103 534 1239 604 (Act.
1265 534 1340 607 χ).
1373 554 1390 587 ι
1429 534 1696 591 (ἓτεειπειιι
1724 545 1926 600 autem,
1969 551 2071 589 non
2100 533 2211 586 Au-

630 634 871 696 gustum,
919 625 1013 680 sed
1061 624 1337 695 Tiberium
1383 641 1753 682 successorem
1798 627 1934 696 ejus,
1971 627 2071 680 sub
2101 639 2210 694 quo

628 730 820 786 passus
867 722 951 769 est
996 714 1275 779 Dominus,
1335 715 1631 787 intelligere
1685 716 1959 770 d.bcmus.
2008 716 2209 771 Omnes

628 805 774 860 enim
812 805 1165 875 imperatores
1198 805 1563 860 Romanorum
1594 805 1834 861 C:esarcs
1868 806 2208 875 appellaban-

632 886 737 963 tur,
765 913 794 951 a
820 897 996 967 primo
1024 896 1153 953 Caio
1179 897 1412 963 Caesare,
1441 898 1533 968 qui
1563 900 1632 954 ob
1659 900 1791 953 duas
1813 914 2003 953 causas
2028 898 2208 953 C:esar

625 996 710 1045 cst
743 997 1102 1059 nuncupatus,
1140 989 1225 1042 vel
1254 989 1380 1059 quia
1412 999 1564 1044 carso’
1586 989 2014 1061 ventre'matris
2050 990 2201 1055 exiit,

625 1079 711 1133 vel
734 1079 860 1157 quia
889 1095 1012 1135 cum
1055 1079 1275 1135 czcsarie
1307 1080 1520 1151 capitis,
1544 1080 1597 1135 id
1624 1088 1708 1136 est
1743 1096 1865 1135 cum
1887 1080 2095 1149 capillis
2122 1089 2207 1135 est

623 1176 827 1227 natus:
872 1204 877 1211 ν
1032 1208 1037 1213 ι
1114 1183 1118 1187 ⁴
1356 1190 1385 1225 .’
1443 1218 1451 1227 .
1620 1201 1626 1213 -'
2190 1196 2195 1225 ἶ

699 1282 718 1315 ι
755 1264 977 1337 Cognita
999 1274 1174 1320 autem
1202 1264 1358 1321 Iesus
1382 1269 1618 1338 nequitia
1648 1282 1837 1323 eorum
1866 1268 2037 1323 dixit:
2067 1269 2205 1336 Quid

627 1373 647 1404 ι
677 1371 762 1410 me
784 1356 1392 1428 tentatis,hypocrit:e?i
1416 1359 1686 1428 Sapientia
1710 1376 1922 1430 semper
1937 1363 2205 1431 sapienter

621 1445 753 1513 agit.
793 1445 859 1499 Et
877 1447 1117 1514 primum
1141 1448 1497 1519 cogitationes
1524 1456 1851 1504 tentaturum
1886 1448 2199 1517 denudavit;

620 1541 679 1586 ut
699 1535 779 1588 sic
802 1533 990 1589 saltem
1011 1535 1062 1589 in
1076 1550 1141 1590 eo
1160 1545 1483 1597 cogerentur
1495 1552 1822 1608 cognoscere
1841 1540 2198 1595 divinitatem.

621 1622 885 1689 Quoniam
926 1626 1198 1696 proprium
1240 1636 1322 1682 est
1365 1629 1475 1684 Deo
1529 1631 1883 1700 cogitationes
1924 1633 2200 1688 hominum

622 1713 1135 1793 intueri,Scriptura
1162 1727 1315 1784 teste,
1343 1736 1460 1789 quae
1481 1721 1592 1775 ait:
1624 1721 1785 1789 iQuae
1813 1733 1937 1777 sunt
1957 1723 2009 1778 in
2040 1724 2200 1779 corde

621 1804 881 1872 hominis,
911 1807 1051 1862 oculi
1084 1809 1157 1864 tui
1190 1810 1387 1875 vident,
1421 1812 1664 1867 Domine.
1701 1832 1720 1866 ›
1760 1814 1825 1869 Et
1852 1815 1997 1871 reete
2022 1823 2198 1871 tenta-

619 1905 766 1953 tores
792 1914 917 1955 suos
941 1900 1341 1971 hypocritarum
1369 1906 1724 1975 appellatione
1752 1908 2045 1978 redarguit,
2073 1911 2198 1980 quia

618 1987 766 2042 aliud
790 2002 886 2044 ore
908 1991 1276 2060 proferebant,
1323 2002 1377 2049 et
1414 1995 1556 2051 aliud
1586 1997 1641 2050 in
1680 1999 1843 2053 corde
1873 2000 2194 2056 retinebant.

620 2076 907 2150 Hypocrita
926 2083 1069 2138 enim
1095 2084 1302 2150 Graece,
1321 2084 1512 2141 Latine
1531 2087 1821 2155 simulator
1839 2091 2052 2145 dicitur.
2082 2089 2199 2159 Quo

619 2172 836 2226 nomine
882 2176 1032 2230 recte
1080 2175 1155 2230 illi
1202 2186 1493 2233 censeantur
1539 2181 1631 2249 qui
1667 2181 1815 2237 aliud
1866 2193 2086 2239 servant
2117 2187 2200 2240 in-

618 2262 808 2329 terius,
839 2272 893 2320 et
915 2265 1059 2320 aliud
1083 2275 1359 2340 ostentant
1391 2270 1650 2325 exterius.
1675 2271 1873 2338 Quales
1904 2283 2059 2329 erant
2102 2275 2193 2329 isti

617 2350 858 2420 quicum
908 2353 1136 2417 Domino
1167 2357 1410 2413 dicerent
1437 2376 1450 2412 :
1486 2378 1505 2410 ί
1542 2359 1814 2432 Magister,
1846 2363 2048 2419 scimus
2069 2365 2195 2434 quia

616 2455 803 2507 verax_
838 2457 920 2510 es,
948 2463 982 2508 ,ι
1043 2461 1171 2523 eum
1216 2463 1410 2519 capere
1468 2450 1775 2521 cogitabant
1820 2452 1874 2508 in
1923 2468 2195 2511 sermone;

615 2533 821 2602 QllibUS
850 2539 1025 2603 adhuc
1046 2540 1289 2597 dicitur:
1382 2574 1387 2579 .
1457 2570 1465 2581 .

694 2647 712 2677 ι
746 2627 1029 2691 Ostendite
1055 2632 1185 2686 mihi
1213 2635 1478 2690 numisma
1505 2651 1717 2693 census.
1749 2658 1768 2690 ι
1795 2638 2072 2695 Numisma
2090 2649 2195 2709 est,

614 2723 671 2770 ut
693 2714 928 2773 Isidorus
954 2718 1105 2784 dicit,
1134 2721 1339 2796 solidus
1358 2738 1577 2796 aureus,
1609 2726 1693 2781 vel
1734 2737 2041 2798 argenteus,
2070 2730 2197 2784 'sive

612 2820 806 2872 aereus.
832 2806 1040 2871 Dicitur
1064 2810 1209 2863 enim
1249 2812 1536 2879 numisma,
1566 2816 1691 2884 quia
1722 2817 2031 2873 nominibus
2050 2819 2197 2888 prin:

616 2898 797 2967 cipum
829 2900 1129 2971 elligiisque
1175 2902 1510 2974 signabatur.
1542 2926 1559 2958 ι
1594 2907 1665 2962 At
1693 2906 1765 2962 illi
1801 2909 2110 2965 obtulerunt
2146 2911 2195 2966 ei

620 2989 969 3057 (denarium.
998 3011 1033 3058 ι,
1060 2993 1321 3049 Denarius
1349 3010 1519 3069 genus
1558 3005 1677 3073 erat
1706 3000 1932 3066 nummi,
1974 3001 2063 3070 qui
2099 3017 2196 3072 pro

614 3081 801 3137 decem
841 3086 1082 3153 nummis
1121 3086 1507 3163 imputabatur,
1536 3100 1592 3146 et
1632 3092 1866 3148 habebat
1906 3093 2195 3163 imaginem

612 3171 842 3245 Qws'aris
867 3189 1179 3245 expressam
1207 3190 1508 3253 nomenque
1527 3183 1975 3253 supe‘rscriptum.
2069 3228 2099 3234 ..
2178 3222 2185 3235 ε

690 3282 709 3316 ι
739 3264 808 3320 Et
841 3266 919 3321 ait
954 3267 1098 3323 illis:
1147 3268 1311 3339 Cujus
1342 3280 1426 3327 est
1472 3274 1647 3345 imago
1674 3275 1871 3332 liaac'et
1896 3278 2195 3347 superscri-

590 3373 638 3408 «ι
667 3358 820 3427 ptio?
848 3358 1045 3415 Dicunt
1068 3361 1119 3415 ei
1148 3380 1160 3414 :
1188 3361 1433 3419 Czusaris.
1467 3382 1485 3417 ι
1530 3365 1645 3421 Non
1688 3383 1754 3422 ex
1784 3369 2196 3439 ignbrantia'inL

612 3449 907 3527 terrogatio
937 3448 1233 3506 Salvatoris
1259 3452 1557 3520 descendit,
1601 3457 1838 3524 maxime
1863 3473 1984 3511 cum
2026 3459 2197 3511 mani-

609 3537 749 3595 feste
766 3548 997 3610 pateret,
1022 3541 1177 3617 cujus
1204 3552 1347 3598 esset
1376 3552 1631 3614 expressa
1670 3547 1855 3617 imago
1875 3548 1926 3601 iu
1952 3564 2191 3603 nummo;

573 3618 576 3622 Α
612 3630 1038 3691 Sedtentatores
1066 3650 1196 3691 suos
1242 3637 1613 3706 interrogavit,
1642 3646 1705 3693 ut
1740 3639 1844 3695 illis
1870 3640 2022 3710 cujus
2052 3651 2197 3696 esset

612 3721 789 3792 imago
833 3726 1314 3798 respondentibus,
1344 3728 1736 3799 rationabiliter
1779 3738 1835 3784 et
1875 3731 2077 3801 absque
2106 3748 2195 3787 rea-

596 3813 987 3883 prehensione,
1030 3816 1508 3887 quteZDeiDeo‘et
1550 3835 1671 3889 qua:
1701 3820 1953 3883 .‘Caesa‘ris
1996 3821 2194 3878 Cmsari

609 3902 883 3958 reddenda
914 3918 1033 3961 esse
1058 3906 1294 3960 doceret.
1324 3906 1477 3962 Unde
1506 3917 1563 3962 et
1589 3909 1873 3964 subditur:
1999 3934 2005 3941 ι
2173 3930 2180 3973 ε

604 4042 609 4048 .
689 4012 708 4044 ι
741 3994 810 4049 Et
836 3995 916 4050 ait
961 3996 1104 4051 illis:
1155 3996 1388 4054 Reddite
1429 4002 1557 4070 ergo
1601 4017 1723 4070 qua:
1772 4011 1897 4057 sunt
1941 4006 2192 4072 Caesaris,

614 4102 633 4135 ι
664 4084 910 4152 Cresari,
940 4089 1307 4156 ettquaesunt
1354 4089 1468 4156 Dei,
1502 4090 1633 4146 Deo.
1665 4111 1683 4144 ι
1720 4092 1799 4147 Ac
1852 4094 1900 4149 si
1940 4094 2188 4151 diceret:

608 4176 835 4248 Reddite
860 4189 1133 4248 ergoqu‘a:
1175 4180 1301 4236 sunt
1334 4182 1581 4249 Cmsarisl,
1631 4184 1852 4253 Ctesari,
1907 4188 1959 4242 id
1988 4198 2075 4244 est
2101 4190 2195 4245 tri-

598 4268 822 4335 ;liulium,
847 4268 1070 4342 Vceligal
1098 4271 1152 4327 et
1172 4272 1427 4330 censum:
1456 4285 1513 4332 et
1557 4293 1676 4347 qum
1702 4282 1827 4333 sunt
1857 4282 1949 4335 Dei
1981 4281 2110 4348 Deo,
2138 4283 2192 4338 id

604 4369 689 4416 est
737 4360 973 4418 decimas
1000 4378 1018 4429 ί,
1071 4365 1442 4433 ιινίιῆὶιὶειςει
1491 4377 1814 4438 spontaneas
1868 4365 2189 4428 oblationes.

2315 551 2651 607 nequaquam
2702 540 2863 593 homo
2892 539 3094 593 homini
3146 538 3418 607 subjectus
3454 549 3677 595 esset.
3736 544 3926 605 Quiaia

2314 629 2466 683 initio
2519 646 2640 684 cum
2672 631 2891 685 fecisset
2920 632 3060 685 Deus
3092 633 3357 686 hominem
3404 635 3477 688 ad
3546 633 3871 703 imaginem
3891 652 3925 689 ei

2313 718 2716 773 similitudinem
2747 735 2921 785 suam,
2977 736 3081 775 non
3112 722 3189 775 ait
3222 722 3497 777 :‘I’razsit
3557 723 3755 777 homo
3788 724 3921 779 lmeii

2312 808 2489 875 nibus,
2517 811 2610 865 sed
2637 829 2656 861 ‹
2685 810 3033 865 dominamini
3056 812 3291 881 piScibus
3308 814 3492 867 maris
3518 823 3590 866 et
3625 814 3920 869 volatilibus

2310 898 2433 954 coeli
2465 908 2523 954 et
2549 900 2737 954 bestiis
2759 908 2918 955 terra:
2943 898 3172 971 (Germ).
3201 923 3217 952 ι
3259 902 3581 972 Postquam
3651 919 3795 957 vero
3818 922 3915 975 pia"-

2310 998 2488 1064 catum
2514 990 2663 1047 inter
2690 990 2957 1055 homines,
2992 989 3188 1061 iurgia,
3234 992 3385 1056 rixa},
3437 1002 3511 1047 et.
3563 994 3915 1049 seminarium

2309 1077 2591 1155 discordia:
2615 1095 2861 1135 crescere
2886 1082 3071 1151 erepit,
3110 1082 3175 1135 ad
3201 1084 3712 1152 comprizicndam
3744 1100 3911 1153 pravi

2309 1185 2429 1223 rum
2474 1171 2747 1227 hominum
2783 1172 3159 1239 insolentiam,
3193 1177 3472 1244 preposuit
3540 1177 3715 1231 Deus
3764 1179 3911 1233 burni-

2308 1261 2465 1316 nilms
2493 1262 2782 1328 hominem,
2812 1272 2872 1316 ut
2891 1273 3027 1331 quos
3047 1273 3199 1317 amor
3221 1264 3319 1323 Dei
3342 1282 3448 1320 non
3473 1266 3839 1335 provocabat
3858 1272 3907 1323 ad

2309 1349 2537 1415 bonum,
2564 1350 2753 1404 saltem
2815 1352 2976 1405 timor
3033 1352 3266 1407 hominis
3317 1364 3629 1409 coerceret
3680 1358 3902 1410 amatis.

2307 1442 2425 1496 Jam
2455 1459 2584 1497 vero
2631 1442 3057 1499 Christianorum
3100 1447 3434 1514 temporibus
3473 1447 3689 1500 divina
3748 1452 3899 1517 prmi-

2309 1534 2489 1589 dentia
2514 1535 2810 1606 ordinavit,
2828 1545 2905 1614 ut
2927 1545 3073 1614 esset
3102 1536 3169 1600 in,
3187 1537 3430 1599 Ecclesia
3465 1538 3576 1614 Dei
3608 1555 3729 1593 non
3751 1541 3895 1595 solum

2307 1634 2492 1696 pastor
2520 1634 2575 1682 et
2600 1627 2865 1697 pontifex,
2892 1628 2986 1685 sed
3013 1629 3179 1683 etiam
3202 1629 3256 1684 in
3280 1630 3507 1693 seculo:
3538 1642 3828 1703 prmoeps‘,
3853 1646 3895 1688 ut

2308 1716 2410 1771 iste
2429 1717 2726 1773 Ecclesium
2748 1718 2843 1773 Dei
2870 1719 3051 1774 verbis
3076 1720 3325 1785 instruat,
3373 1730 3431 1776 et
3478 1723 3581 1778 ille
3612 1726 3786 1779 armis
3820 1728 3891 1779 de-

2230 1788 2274 1848 Β
2309 1807 2507 1862 fendat.
2538 1808 2607 1863 Et
2630 1811 2770 1879 quod
2800 1810 2920 1873 .iste
2946 1826 3051 1866 non
3083 1819 3260 1881 potest
3282 1813 3577 1884 corrigere
3600 1816 3793 1880 verbo,
3821 1816 3888 1870 ille

2301 1899 2461 1954 feriat
2505 1900 2667 1955 ferro.
2699 1902 2765 1955 Et
2789 1902 2883 1971 qui
2926 1902 3113 1957 nolunt
3154 1904 3597 1963 ecclesiasticam
3634 1907 3882 1976 suscipere

2299 1992 2656 2062 disciplinam,
2704 1995 3095 2063 prohibeantur
3140 2012 3170 2050 a
3224 1997 3383 2052 malis
3429 2013 3539 2068 per
3578 2008 3880 2069 putesnam

2299 2081 2523 2152 regiam.
2556 2082 2623 2137 Et
2646 2083 2737 2152 qui
2768 2085 3020 2154 potcslati
3052 2085 3143 2139 Dei
3181 2102 3286 2163 non
3311 2094 3439 2141 sunt
3481 2087 3705 2151 subditi,
3734 2104 3873 2141 mun-

2298 2172 2452 2228 danis
2474 2172 2684 2245 legibus
2705 2175 3163 2247 constringuntur.
3197 2177 3265 2231 Et
3293 2177 3413 2234 ideo
3441 2179 3714 2240 debemus
3735 2178 3873 2233 Cliti.

2297 2264 2490 2320 stianis
2518 2250 2850 2336 principibus
2876 2280 2996 2321 esse
3039 2267 3397 2339 subditi.(nisi
3438 2268 3765 2329 oontraDei
3791 2283 3863 2322 vo-

2297 2354 2558 2411 luntatem
2610 2356 2767 2411 nobis
2821 2356 3106 2427 imperem)
3136 2366 3191 2413 et
3239 2357 3600 2424 obedientes,
3642 2367 3701 2412 ut
3739 2357 3861 2424 juxta

2298 2443 2596 2508 Salvatoris
2619 2454 2942 2516 praeceptum
2968 2449 3252 2503 reddamus
3282 2469 3300 2499 ι
3328 2464 3449 2518 quae
3496 2458 3636 2504 sunt
3665 2446 3858 2502 Csaris

2298 2535 2517 2602 Caesari,
2550 2544 2604 2592 et
2649 2552 2768 2606 qua:
2794 2546 2923 2592 sunt
2949 2537 3043 2592 Dei
3074 2537 3204 2593 Deo.
3234 2558 3267 2591 ι-
3288 2539 3440 2595 Unde
3470 2539 3765 2609 Apostolus
3787 2538 3857 2591 ad-

2297 2634 2480 2679 monet
2501 2639 2601 2679 nos
2621 2626 2807 2681 dicens
2832 2644 2845 2680 :
2881 2646 2898 2677 ‹
2930 2626 3192 2682 Omnibus
3212 2628 3582 2697 potestatibus
3612 2627 3857 2682 sublimia

2298 2715 2455 2785 ribus.
2476 2704 2513 2783 if
2529 2717 2728 2772 subditi
2758 2726 2955 2780 estote,
2984 2717 3113 2788 quia
3140 2737 3162 2768 ι
3190 2734 3293 2783 non
3318 2728 3404 2773 est
3441 2718 3804 2788 potestas‘nisi
3826 2734 3850 2769 ι

2297 2806 2426 2862 Deo.
2455 2807 2589 2874 Quae
2606 2817 2783 2864 autem
2825 2800 2969 2872 sunt,
2994 2824 3025 2863 a
3055 2809 3165 2887 Deo
3191 2810 3453 2865 ordinatae
3499 2820 3653 2865 sunt;
3699 2810 3759 2863 Et
3781 2808 3853 2877 qui

2293 2900 2547 2968 potestati
2574 2900 2800 2964 resistit,
2814 2900 2907 2954 Dei
2928 2901 3252 2965 ordinationi
3273 2902 3485 2957 resistit
3502 2901 3686 2975 (Rom.
3703 2901 3842 2967 xm)»

2294 2990 2362 3044 Et
2395 2991 2588 3045 iterum
2615 3008 2629 3045 :
2660 3010 2679 3043 ί
2713 2991 2943 3047 Reddite
2970 2992 3221 3048 omnibus
3263 2993 3548 3059 debitum:
3575 3002 3634 3049 et
3653 2994 3731 3047 cui
3768 2992 3844 3045 tri-

2297 3080 2509 3147 butum,
2535 3082 2824 3137 tributum:
2848 3084 2936 3139 cui
2956 3084 3206 3154 vectigal,
3229 3084 3455 3156 vectigal
3480 3100 3497 3139 :
3528 3096 3588 3141 et
3611 3087 3693 3140 cui
3710 3087 3838 3139 Inuio-

2300 3185 2437 3237 rem,
2462 3172 2722 3228 honorem
2750 3192 2762 3227 :
2795 3181 2851 3227 et
2895 3175 2980 3229 cui
3011 3174 3280 3239 timorem,
3312 3176 3567 3233 timorem
3615 3176 3794 3247 (Ibid).
3820 3196 3837 3224 ι

2297 3263 2449 3332 Quod
2478 3280 2585 3319 non
2616 3266 2793 3323 solum
2823 3266 3081 3322 Dominus
3105 3268 3329 3333 verbis;
3359 3271 3456 3325 sed
3503 3272 3681 3325 etiam
3694 3284 3831 3323 esca»

2296 3354 2401 3424 plis
2431 3354 2733 3413 faciendum
2760 3358 3018 3430 ostendit,
3041 3360 3256 3429 quando
3276 3368 3329 3414 et
3355 3361 3465 3423 Deo
3488 3362 3727 3423 reddidit,
3745 3372 3825 3428 qu

2297 3456 2423 3502 sunt
2452 3448 2571 3513 Dei,
2601 3448 2780 3505 Patris
2806 3450 3019 3506 faciens
3033 3452 3361 3509 voluntatem
3393 3472 3406 3507 :
3440 3462 3501 3507 et
3518 3452 3821 3518 Caesarique

2297 3544 2423 3591 sunt
2450 3536 2702 3602 Czesaris,
2737 3542 2952 3610 quando
2972 3556 3071 3610 pro
3096 3556 3155 3597 se
3188 3550 3243 3597 et
3271 3542 3434 3597 Petro
3465 3542 3711 3596 tributum
3736 3541 3831 3591 red-

2290 3628 2427 3683 dere
2449 3629 2635 3700 jussit,
2664 3631 2804 3687 sicut
2845 3632 3104 3702 scriptum
3129 3646 3212 3689 est
3239 3634 3293 3688 in
3324 3634 3611 3705 Evangelia
3643 3629 3827 3700 (Ha/Ib.

2298 3719 2431 3787 xvn)
2456 3735 2470 3774 :
2496 3720 2633 3788 Quia‘
2660 3736 2782 3777 cum
2805 3724 3160 3779 accessissent
3186 3724 3241 3778 bi
3270 3741 3289 3774 ι
3316 3725 3413 3795 qui
3435 3722 3727 3778 didrachma
3748 3732 3830 3771 ac-

2260 3811 2586 3881 ,cipiebant,
2622 3815 2695 3868 ad
2733 3815 2977 3883 Petrum,
3006 3816 3258 3885 dixerunt
3281 3817 3370 3871 ei:
3405 3817 3654 3892 Magister
3684 3820 3834 3866 vester

2296 3918 2403 3957 non
2432 3904 2594 3959 solvit
2617 3905 2969 3961 didrachma?
2996 3907 3062 3961 Et
3083 3907 3161 3962 ait
3185 3922 3199 3961 :
3227 3908 3423 3963 Etiam;
3456 3908 3665 3963 Etcum
3688 3924 3703 3955 ι
3725 3915 3827 3957 cen-

2284 3995 2542 4052 tristatus
2566 3996 2803 4051 Petrus'c
2857 3998 3111 4054 intrasset
3158 3999 3398 4063 domum,
3448 3996 3701 4069 praevenit
3735 4007 3827 4047 eum

2286 4084 2472 4151 ~Je'sus,
2495 4088 2677 4143 dicens
2702 4106 2715 4142 :
2747 4088 2884 4155 Quid
2914 4088 3256 4155 tibi'videtur,
3283 4090 3512 4144 Simon?
3538 4103 3690 4160 reges
3710 4095 3828 4140 lem

2284 4180 2550 4248 .a‘quibus
2600 4179 2875 4250 accipiunt
2924 4181 3181 4236 tributum
3232 4183 3317 4236 vel
3365 4184 3643 4237 censum?
3674 4196 3702 4234 a
3738 4176 3830 4230 ﬁliis

2296 4271 2428 4334 suis,
2444 4287 2511 4325 an
2541 4272 2610 4325 ab
2631 4271 2857 4326 alienis?
2880 4292 2899 4323 ν
2916 4271 2981 4326 Εῑ
2998 4272 3086 4327 illo
3100 4273 3472 4341 respondente,
3493 4292 3523 4327 ιη
3536 4274 3608 4328 ab
3618 4268 3823 4327 alienis.)

2297 4361 2410 4415 ait:
2451 4368 2469 4413 ἀ
2511 4361 2652 4433 Ergo
2678 4361 2832 4421 liberi
2877 4370 3001 4417 sunt
3029 4362 3142 4415 lilii.
3182 4361 3252 4417 Ut
3281 4371 3457 4418 autem
3506 4377 3617 4416 non
3644 4356 3825 4417 scanda-

594 4440 761 4511 Un'de
800 4456 1074 4512 subtiliter
1111 4454 1586 4526 Considerandum,
1642 4460 1790 4531 quia‘
1824 4463 1962 4517 sicut
2014 4462 2193 4518 Caesar
2221 4481 2269 4541 υ
2297 4452 2521 4509 ιίῑθιηυε
2546 4468 2661 4541 89$.
2685 4450 2820 4509 Vade
2849 4452 3106 4541 “dinam,
3137 4461 3190 4509 οἱ
3221 4454 3369 4541 “line
3393 4453 3637 4541 llénlufn-
3666 4450 3824 4504 δίεπ’

606 4544 855 4617 imaginis
881 4562 1017 4602 suae
1046 4546 1285 4611 censum
1332 4561 1373 4604 a'
1394 4550 1497 4605 sibi
1523 4545 1778 4609 subditis
1811 4550 2078 4622 exigebat,
2112 4555 2191 4609 sic

607 4638 749 4703 Dens
776 4638 1118 4709 Omnipotens
1149 4636 1401 4711 imaginis
1426 4636 1537 4697 sua:
1574 4638 1799 4711 ﬁguram
1830 4638 1867 4698 ἐἱ
1894 4645 2055 4699 nobis
2097 4644 2191 4698 eii-

603 4726 951 4784 acturus‘est.
982 4730 1039 4784 lu
1067 4730 1289 4786 denario
1318 4728 1514 4802 quippe
1540 4733 1715 4804 imago
1750 4735 1889 4805 regis
1927 4736 2193 4806 exprime-

606 4817 789 4884 batur;
817 4817 977 4875 homo
994 4820 1186 4877 autem
1213 4824 1527 4877 seCundum.
1552 4820 1860 4880 interiorem
1893 4827 2185 4894 hominem,

606 4903 987 4981 ad‘imaginem
1013 4924 1069 4967 et
1116 4907 1533 4970 Similitudinem‘
1557 4916 1648 4971 Dei
1699 4916 1871 4973 factus
1916 4927 2020 4983 est,
2074 4920 2188 4989 ipso

606 4995 1071 5055 Dominodiccnte
1092 5019 1106 5055 :
1126 5022 1153 5063 γι
1188 5001 1475 5059 Faciamus
1495 5002 1764 5069 hominem
1793 5006 1860 5060 ad
1902 5005 2188 5077 imaginem

601 5097 656 5141 et
681 5085 1090 5149 ,similitudinem
1129 5092 1372 5147 uestram
1405 5091 1647 5165 (Gem't).
1675 5113 1703 5159 ι,
1743 5094 1912 5165 Hujus
1943 5096 2190 5168 imaginis

604 5179 832 5249 ﬁguram
864 5172 1009 5236 inse
1026 5184 1344 5250 expressain
1365 5194 1603 5249 noverat,
1632 5186 1724 5256 qui
1750 5187 2014 5267 .dicehat:
2051 5207 2068 5237 ι
2105 5189 2188 5244 Si-

603 5279 931 5340 gnalum‘est
955 5274 1623 5341 snpernoslumen’vultus
1649 5277 1748 5343 tui,
1773 5277 1993 5331 Domine
2012 5276 2180 5349 (Psal.

604 5361 702 5433 Iv);
735 5382 755 5414 ι
788 5360 1263 5429 Quemadmodum:
1286 5380 1414 5436 ergo
1441 5366 1644 5421 Caesar
1666 5368 1967 5433 denarium,
2000 5368 2051 5422 in
2079 5375 2185 5437 quo
2280 5394 2295 5401 -

604 5453 784 5523 imago
820 5452 1406 5526 ejus‘exprimehatur,‘
1428 5476 1457 5513 a
1485 5456 1710 5516 subditis
1736 5462 2076 5532 exquirebat,
2105 5461 2186 5516 sic
2281 5478 2288 5487 '

603 5545 746 5601 Deus
766 5537 1104 5618 oniuipoteiis
1130 5548 1438 5604 inviolatam
1465 5551 1520 5606 in
1542 5552 1691 5608 urbis
1718 5546 1869 5609 suam
1896 5553 2180 5624 imaginem

545 5702 554 5711 ε
602 5637 717 5711 vult
743 5631 981 5696 invenire
1008 5640 1060 5695 in
1105 5634 1208 5712 piis
1251 5639 1460 5696 actibus
1491 5651 1548 5697 et
1580 5643 1684 5713 piis
1712 5642 1951 5699 moribus
1976 5641 2058 5697 vel
2094 5656 2183 5697 ca-

603 5731 724 5789 stis.
760 5731 1038 5806 Simulque
1063 5733 1225 5792 etiam
1272 5728 1723 5794 considerandum
1775 5744 1853 5792 est
1904 5727 2027 5805 quia
2081 5734 2181 5789 nisi

2295 4544 2497 4613 piscem
2524 4539 2623 4613 qui
2669 4543 2876 4614 primus
2904 4536 3231 4607 ascenderit,
3268 4536 3424 4607 tolle,
3446 4537 3451 4545 ’
3475 4536 3741 4612 etaperto
3760 4547 3828 4588 ore

2292 4632 2429 4701 ejus,
2454 4633 2694 4688 invenies
2716 4641 2973 4689 staterem
2990 4652 3005 4700 ;
3023 4630 3178 4687 illum
3204 4628 3443 4696 sumens,
3468 4634 3535 4687 da
3560 4633 3643 4688 eis
3665 4645 3746 4701 pro
3765 4637 3826 4679 mc

2293 4726 2347 4777 et
2375 4731 2445 4777 te.
2476 4742 2498 4775 ι
2529 4724 2696 4794 Cujus
2715 4724 2878 4779 etiam
2909 4723 3456 4794 exem’plum'secutus
3485 4723 3631 4777 idem
3661 4723 3825 4776 Petrus,

2298 4812 2587 4883 discipulos
2630 4828 2759 4868 suos
2814 4828 2910 4884 per
2958 4812 3263 4883 epistolam
3289 4814 3542 4867 admonet
3568 4852 3585 4877 ,
3645 4810 3826 4865 dicens:

2304 4908 2323 4958 ἀ
2354 4908 2523 4962 Deum
2548 4907 2752 4972 timete,
2786 4921 2966 4977 regem
3008 4906 3358 4961 honorili'cate
3380 4904 3438 4976 '(I
3462 4904 3609 4957 Petr.
3634 4901 3709 4974 ιι).
3733 4918 3748 4949 ι
3783 4894 3829 4947 Et

2300 4996 2534 5051 iterum:
2570 5016 2588 5048 ι
2644 4995 2883 5065 Subjecti
2929 5004 3102 5051 estote
3141 4996 3289 5061 omni
3333 4995 3584 5060 humana:
3611 4995 3829 5047 creatum

2291 5103 2514 5159 propter
2532 5088 2700 5143 Deum
2723 5104 2737 5143 :
2765 5089 2882 5143 sive
2911 5088 3022 5158 regi
3051 5087 3203 5158 qnasi
3225 5086 3575 5156 praecedenti,
3595 5086 3706 5140 sive
3718 5078 3828 5135 duci-

2293 5177 2394 5233 bus
2425 5180 2678 5246 tanquam
2724 5179 2793 5231 ah
2834 5193 2901 5232 eo
2930 5176 3108 5231 missis
3135 5176 3202 5229 ad
3233 5175 3526 5229 vindictam
3560 5173 3829 5229 malefactor

2274 5284 2437 5335 Tum,
2467 5268 2681 5323 laudem
2712 5282 2841 5322 vero
2872 5269 3133 5320 honorum
3162 5265 3377 5336 (Ibid).
3402 5284 3421 5315 ι

2734 5362 2745 5371 ”
2782 5358 3060 5414 ιιθδιιωΑ
3098 5357 3387 5412 CXXXIX.

2571 5465 2820 5507 DOIINICA
2856 5452 3134 5504 xxv'rosr
3189 5462 3584 5505 rsnrscosren.

2282 5574 2293 5591 ι
2358 5542 2600 5615 (Manu.
2635 5542 2780 5614 13.):
2817 5540 2875 5595 ln
2899 5541 2990 5597 illo
3033 5539 3617 5610 temporeflcoqueme

2292 5653 2311 5687 ι
2350 5635 2569 5701 turbas,
2592 5647 2718 5689 ecce
2752 5634 3004 5704 princeps
3047 5647 3187 5687 unus
3223 5633 3473 5695 accessit,
3523 5636 3581 5684 et
3625 5624 3826 5682 adoravit

2293 5747 2312 5779 ι
2343 5728 2487 5798 eum,
2511 5730 2694 5785 dicens
2720 5747 2733 5783 :
2766 5729 3006 5793 Domine,
3036 5728 3140 5783 lilia
3162 5726 3299 5783 mea;
3335 5747 3352 5779 ι
3382 5726 3448 5780 Et
3473 5724 3694 5794 reliqua.
3718 5720 3827 5773 lutet"
