4002 6348
68 299 206 354 τ’ὀῖ

1344 294 1645 351 llOMlLl/E
1684 295 1773 351 DE
1812 293 2156 351 TEMPORE.

3247 301 3357 357 758

68 412 288 465 onmia
324 408 582 465 miracula
628 422 746 477 qua:
790 407 1049 463 Dominus
1098 405 1256 462 Jesus
1303 405 1549 460 Christus
1582 419 1680 473 per
1707 407 1753 465 Α
1784 403 1994 474 Moyses
2029 408 2153 459 dum
2204 406 2365 459 verba
2403 408 2523 460 vitre
2570 408 2690 463 aliis
2738 406 3141 464 ministraturus
3187 425 3217 465 a
3248 412 3359 467 Deo

69 502 452 570 semetipsum
485 499 718 554 ostendit
747 498 800 553 in
848 496 1028 563 terris,
1055 506 1164 551 tres
1197 504 1402 549 tantum
1439 503 1679 548 mortuos

72 592 458 647 resuscitasse
511 588 725 658 legitur.
780 587 1141 645 Resuscitavit
1186 586 1347 641 ﬁliam
1399 585 1680 655 archisyn-

70 682 262 752 agogi
294 681 349 736 in
373 680 530 734 domo
547 679 841 749 jacentem,
872 676 938 731 de
968 691 1071 745 qua
1093 692 1236 731 nunc
1260 691 1438 731 sermo
1466 674 1677 745 agitur;

73 769 453 825 rcsuscitavit
484 767 651 820 ﬁlium
680 765 869 826 viduze,
903 773 1055 820 extra
1099 773 1310 835 portam
1358 763 1592 818 civitatis
1611 761 1679 816 ad

71 861 472 932 sepeliendum
518 859 791 924 delatum;
842 858 1182 913 resuscilavit
1234 857 1580 910 nihilominus
1626 861 1681 908 et

72 952 372 1006 Lazarum
402 949 815 1020 quatriduanum
848 956 1141 1012 mortuum,
1182 945 1297 1015 jam
1323 946 1577 1001 fetentem
1625 945 1680 999 in

71 1050 475 1097 monumento.
497 1036 603 1105 "Qui
634 1054 762 1109 ergo
787 1054 976 1093 omnes
1008 1040 1060 1092 in
1102 1054 1160 1093 se
1204 1038 1487 1092 credentes
1519 1053 1682 1093 vene-

74 1144 175 1188 rat
212 1118 540 1188 resuscitare
570 1131 622 1184 in
660 1130 858 1193 anima,
912 1146 1015 1185 non
1047 1130 1163 1185 sine
1191 1145 1350 1185 causa
1380 1137 1482 1195 est,
1534 1129 1678 1199 quod

76 1234 214 1279 tres
244 1231 454 1277 tantum
485 1230 727 1274 mortuos
757 1219 1109 1274 resuscitasse
1133 1218 1327 1289 legitur
1347 1218 1399 1272 in
1433 1232 1676 1287 corpore.

76 1314 273 1367 Trina
325 1325 559 1380 namque
588 1317 924 1365 mortuorum
976 1307 1319 1363 resuscitatio
1367 1308 1680 1361 varietatem

77 1400 378 1472 signiﬁcat
424 1398 790 1468 peccantium,
838 1404 1000 1466 atque
1046 1406 1169 1467 post
1212 1406 1493 1467 peccaturo
1525 1396 1681 1466 digne

73 1486 506 1560 paenitentiam.
559 1486 785 1540 Moritur
829 1488 974 1542 enim
1012 1487 1196 1540 anima
1222 1503 1325 1557 per
1376 1494 1679 1556 peccatum,

76 1580 253 1650 quia,
301 1574 441 1634 sicut
489 1577 567 1631 ait
618 1576 920 1646 Scriptura,
966 1572 1157 1631 anima
1206 1592 1324 1647 quae
1350 1576 1676 1647 peccaverit,

75 1672 213 1743 ipsa
243 1664 502 1725 morietur
524 1668 738 1741 (Ezech.
776 1669 953 1739 xvnt).
986 1669 1163 1739 ipsum
1194 1678 1374 1723 autem
1402 1678 1677 1739 peccatum

1783 494 2012 563 accepit,
2065 502 2122 547 et
2163 493 2278 562 ipse
2322 494 2649 551 illmninatns
2702 507 2786 551 est
2817 498 3041 567 spiritali
3073 500 3264 568 gratia,
3303 509 3358 553 et

1781 584 1915 639 alios
1940 599 2035 638 sua
2064 585 2307 640 doctrina
2335 585 2660 643 illuminans.
2691 587 2825 643 Filia
2868 589 2987 659 ejus
3015 587 3355 661 Synagogam

1781 674 2071 744 signiﬁcat,
2102 690 2263 745 quam
2287 676 2411 729 dum
2450 678 2655 746 primus
2679 678 2878 733 divinis
2900 680 3183 749 prteccptis
3208 679 3356 751 lcga-

1780 763 1922 819 libus
1945 764 2410 821 observationibus
2454 769 2709 833 erudivit,
2757 770 2909 840 quasi
2949 762 3172 839 Spiritali
3204 779 3358 827 utero

1781 860 1983 927 genuit.
2022 857 2148 925 Sed,
2180 860 2407 915 Domino
2454 860 2704 930 loquente
2748 865 2818 918 ad
2852 864 3055 931 turbas,
3070 866 3360 936 ‘principis

1783 944 1889 1000 ﬁlia
1938 946 2187 1001 defuncta
2236 957 2339 1014 est,
2380 950 2508 1018 quia
2549 957 2791 1021 tempore
2837 967 2942 1021 quo
2988 953 3247 1013 Dominus
3298 955 3351 1009 in

1781 1050 1944 1090 carne
1997 1038 2275 1107 apparuit,
2328 1038 2607 1110 Synagoga
2659 1056 2690 1094 a
2733 1050 2957 1110 paterna
3006 1043 3265 1114 religione
3305 1052 3362 1100 et

1782 1125 1915 1198 legis
1942 1128 2319 1185 observatione
2368 1129 2660 1186 defecerat.
2715 1130 2866 1188 Unde
2913 1134 3113 1188 etenim
3166 1136 3362 1190 tumul-

1783 1218 2059 1291 tuantibus
2097 1220 2258 1274 rebus
2292 1219 2579 1288 pristinam
2620 1220 2801 1275 amisit
2839 1220 3197 1292 dignitatem?
3233 1224 3359 1293 quia

1782 1325 1885 1366 nec
1944 1312 2295 1367 sacerdotalis
2352 1312 2525 1367 honor
2575 1312 2853 1384 proprium
2905 1298 3155 1370 decorem
3194 1315 3360 1370 habe-

1780 1400 1893 1466 bat,
1936 1410 1991 1456 et
2046 1402 2230 1472 templi
2270 1403 2573 1458 reverentia
2626 1411 2681 1458 et
2722 1391 3019 1458 hostiarum
3066 1390 3360 1461 immolatio

1783 1503 1889 1541 non
1917 1488 2087 1544 solum
2116 1505 2222 1544 non
2252 1490 2591 1561 spiritaliter,
2622 1491 2714 1547 sed
2743 1491 2907 1546 etiam
2935 1507 3035 1547 nec
3065 1492 3361 1548 historiali-

1789 1585 1870 1633 ter
1895 1579 2340 1634 observabantur.
2390 1580 2623 1650 Rogavit
2650 1594 2780 1650 ergo
2815 1574 3065 1651 princeps
3085 1595 3185 1649 pro
3214 1580 3320 1634 ﬁlia
3343 1622 3359 1647 ,

1783 1668 1910 1737 quia
1954 1667 2264 1738 frequenter
2310 1669 2521 1742 Moyses
2562 1684 2660 1740 pro
2701 1669 2998 1742 Synagogm
3045 1670 3365 1726 liberatione

78 1761 279 1816 tribus
311 1755 571 1815 modis'in
601 1766 801 1825 mente,
852 1755 1023 1814 tribus
1067 1767 1409 1829 perpetretur
1450 1756 1515 1813 in
1563 1773 1683 1813 cor-
1712 1750 1757 1809 Β
1785 1760 2020 1814 divinam
2044 1761 2658 1826 exoravitclementiam,
2678 1762 3126 1832 quemadmodum
3155 1763 3208 1816 in
3229 1762 3365 1817 mul-

75 1866 234 1922 pore
274 1847 380 1907 :in
418 1859 597 1906 mente
626 1851 803 1921 agitur
833 1851 1194 1924 suggestione,
1236 1849 1590 1905 delectatione
1626 1856 1683 1903 et

79 1960 368 2001 consensu
395 1959 409 1998 :
440 1944 490 1998 in
521 1959 749 2013 corpore
796 1943 1084 2013 aliquando
1109 1943 1342 2009 occulte,
1390 1942 1680 2014 aliquando

76 2029 305 2103 pa'lam,
348 2034 635 2103 aliquando
671 2034 1077 2089 consuetudine.
1131 2032 1234 2100 Qui
1290 2048 1418 2089 vero
1471 2031 1681 2086 occulte

78 2134 317 2195 peccat,
349 2125 500 2195 quasi
528 2124 666 2178 intra
709 2124 924 2179 domum
952 2131 1195 2177 mortuus
1232 2122 1409 2191 jacet:
1442 2121 1533 2176 sed
1560 2136 1681 2175 cum

78 2218 286 2272 divina
316 2216 486 2287 gratia
514 2208 629 2282 ejus
665 2229 760 2270 cor
784 2215 852 2268 ad
890 2210 1270 2283 paenitentiam
1315 2212 1572 2283 agendam
1602 2211 1685 2264 in-

78 2306 373 2371 flammat,
404 2305 557 2375 quasi
584 2305 724 2359 intra
770 2305 986 2358 domum
1017 2313 1263 2357 mortuus
1289 2301 1642 2364 resuscitator
1667 2313 1682 2353 :

80 2397 247 2451 tales
273 2394 597 2466 significavit
625 2395 737 2448 ﬁlia
757 2393 1184 2465 archisynagogi,
1227 2408 1346 2462 qua:
1376 2394 1429 2447 in
1459 2390 1686 2461 puellari

84 2495 270 2541 aetate
301 2486 618 2540 resuscitata
656 2492 761 2539 est.
809 2483 909 2551 Qui
956 2494 1134 2537 autem
1164 2480 1449 2537 manifeste
1477 2485 1681 2550 peccat,

90 2577 264 2647 quasi
291 2586 444 2632 extra
463 2586 681 2648 portam
702 2574 934 2632 civitatis
963 2574 1030 2629 ad
1051 2574 1416 2643 sepeliendum
1440 2582 1687 2628 mortuus

92 2665 438 2737 expellitur;
491 2666 584 2720 scd
612 2680 736 2720 cum
770 2664 902 2720 tales
948 2678 1044 2734 per
1083 2664 1318 2719 divinam
1356 2664 1583 2734 gratiam
1631 2670 1687 2716 et

97 2759 339 2813 aliortun
367 2744 758 2827 correptiouem
801 2755 869 2809 ad
919 2754 1290 2826 paenitentiam
1322 2767 1688 2822 compungun-

98 2860 217 2916 tur,
251 2847 409 2920 quasi
462 2856 750 2918 antequam
800 2847 867 2901 ad
921 2846 1226 2917 sepulcrum
1278 2839 1614 2914 perveniant,
1655 2859 1686 2897 a

102 2941 342 2995 Domino
368 2938 801 2995 resuscitantur:
858 2937 955 2992 hos
1011 2936 1333 3007 significavit
1374 2931 1688 2991 adolescens

106 3032 258 3086 ﬁlius
284 3029 474 3095 viduae,
505 3043 665 3098 quem
709 3026 968 3081 Dominus
1020 3035 1173 3080 extra
1218 3033 1426 3094 portam
1455 3023 1688 3079 civitatis

1785 1851 1853 1906 tis
1886 1850 2017 1907 locis
2053 1851 2344 1923 Scriptura:
2363 1853 2622 1922 scriptum
2642 1852 2869 1917 invenis,
2900 1853 3197 1921 pranertim
3220 1852 3271 1906 in
3298 1868 3366 1906 eo

1782 1943 1932 2010 loco,
1980 1942 2067 1996 ubi
2100 1942 2267 1997 Deum
2313 1958 2483 2013 usque
2524 1943 2658 1997 adeo
2698 1958 2796 2013 pro
2830 1942 3026 2013 populo
3064 1942 3361 1997 Israelitico

1784 2035 2194 2106 deprecabatur,
2234 2042 2296 2086 ut
2320 2033 2480 2087 etiam
2503 2049 2571 2087 ex
2597 2033 2734 2088 libro
2754 2032 2878 2087 vitro
2906 2026 3073 2098 deleri
3111 2023 3364 2102 cuperet,

1786 2125 1946 2180 modo
1971 2132 2150 2194 posset
2174 2122 2268 2177 Dei
2300 2122 2434 2189 iram
2473 2122 2771 2192 deprecari.
2812 2122 2880 2176 Et
2914 2122 3040 2192 quia
3069 2122 3363 2186 intellexit,

1787 2230 1907 2270 eam
1937 2212 2227 2268 nonaliter
2265 2226 2296 2265 a
2338 2220 2510 2267 morte
2538 2213 2731 2267 animae
2769 2227 2925 2282 posse
2966 2211 3221 2278 liberari,
3260 2212 3377 2265 nisi.

1788 2319 1885 2375 per
1908 2302 2333 2358 incarnationem
2362 2302 2622 2372 unigeniti
2655 2301 2746 2356 ﬁlii
2777 2302 2905 2367 Dei,
2956 2311 3100 2358 recte
3126 2302 3368 2373 ejusdem

1788 2394 2046 2466 principis
2073 2407 2203 2448 voce
2232 2391 2427 2447 dicitur
2452 2409 2466 2445 :
2499 2410 2517 2442 ι
2547 2390 2703 2456 Veni,
2731 2392 2946 2461 impone
2976 2407 3189 2446 manum
3221 2400 3367 2445 tuam

1791 2500 1955 2554 super
1981 2498 2130 2544 eam.
2162 2491 2217 2535 et
2247 2482 2407 2536 vivet.
2446 2502 2464 2533 ι
2500 2481 2685 2535 Manus
2712 2481 2853 2536 enim
2889 2478 3099 2536 Domini
3134 2482 3185 2536 in
3212 2481 3365 2536 Scri-

1790 2561 1984 2647 pturis,
2007 2572 2292 2643 aliquando
2318 2570 2739 2625 incarnationem
2765 2570 3034 2641 signiﬁcat
3063 2569 3203 2635 Filii,
3231 2570 3373 2624 sicut

1792 2682 1887 2738 per
1914 2666 2227 2736 prophetam
2250 2663 2446 2717 dicitur
2474 2660 2642 2734 (Psal.
2660 2662 2850 2733 Lxxiu)
2878 2680 2891 2716 :
2922 2681 2941 2713 ε
2968 2661 3037 2718 Ut
3063 2661 3190 2732 quid
3217 2676 3370 2715 aver-

1795 2755 1862 2813 tis
1894 2772 2111 2812 manum
2141 2764 2314 2817 tuam,
2346 2751 2402 2809 et
2442 2752 2717 2807 dexteram
2748 2760 2890 2807 tuam
2930 2753 2995 2807 de
3032 2752 3209 2807 medio
3248 2751 3370 2806 sinu

1794 2848 1927 2903 tuo?
1959 2867 1977 2899 ι
2014 2844 2084 2900 Et
2114 2846 2346 2901 iterum:
2391 2861 2410 2894 ι
2442 2843 2647 2897 Emitte
2688 2858 2904 2896 manum
2945 2850 3093 2897 tuam
3134 2841 3200 2896 de
3241 2841 3371 2905 alto,

1792 2924 1940 3007 eripe
1965 2949 2072 3001 me,
2088 2943 2144 2990 et
2167 2933 2337 2988 libera
2360 2948 2442 2986 me
2461 2932 2527 2987 de
2545 2931 2699 3000 aquis
2717 2930 2896 2984 multis
2921 2930 3092 3001 (Paul.
3114 2931 3323 2998 cxun).
3350 2949 3369 2980 ι

1795 3024 1868 3083 Ut
1894 3042 2023 3098 ergo
2051 3040 2210 3095 super
2240 3022 2546 3079 defunctam
2589 3022 2753 3076 ﬁliam
2783 3037 2999 3076 manum
3042 3021 3374 3091 imponeret,

107 3122 457 3178 resuscitavit
504 3120 655 3191 (Luc.
680 3119 798 3191 vn).
831 3115 969 3173 Sunt
1013 3116 1176 3173 etiam
1220 3114 1405 3186 aliqui,
1448 3115 1540 3185 qui
1582 3130 1687 3168 non
1718 3130 1763 3191 α
1797 3135 1987 3190 rogare
2014 3117 2143 3183 fuit,
2175 3123 2441 3185 quatenus
2471 3130 2566 3184 per
2593 3114 2982 3169 incarnationis
3012 3113 3221 3168 Domini
3249 3130 3369 3183 my-

111 3214 292 3268 solum
336 3212 552 3284 publice
599 3226 831 3283 peccare
864 3226 969 3265 non
997 3202 1342 3272 erubescunt,
1386 3208 1482 3263 sed
1529 3205 1692 3261 etiarn

115 3303 296 3372 ipsum
316 3311 594 3374 peccatum
627 3303 680 3357 in
716 3301 930 3374 longam
961 3302 1407 3357 consuetudinem
1433 3308 1690 3355 vertunt:

117 3395 308 3464 quales
359 3394 680 3467 signiﬁcavit
723 3393 963 3449 Lazarus
1007 3386 1394 3464 quatriduanus
1428 3401 1695 3457 mortuus,

115 3487 182 3540 de
210 3501 321 3557 quo
359 3486 499 3542 bene
538 3485 796 3555 scriptum
821 3495 903 3540 est
934 3501 946 3538 :
995 3503 1013 3537 ‹
1049 3482 1184 3551 Quia
1210 3485 1320 3554 jam
1352 3482 1484 3538 fetet
1513 3481 1691 3553 (Joan.

115 3580 217 3651 xi),
258 3599 278 3632 ι
307 3580 429 3650 quia
458 3578 584 3635 dum
614 3577 828 3648 publice
856 3591 951 3647 per
978 3575 1422 3631 consuetudinem
1469 3585 1697 3644 peccare

115 3688 221 3726 non
253 3672 602 3737 erubescunt,
642 3670 748 3741 piis
796 3669 1066 3725 mentibus
1093 3667 1317 3722 fetorem
1360 3666 1515 3721 malae
1541 3665 1696 3719 fama)

115 3766 410 3836 ingerunt:
438 3764 532 3819 sed
561 3778 662 3819 nec
690 3764 755 3818 de
783 3764 980 3819 talibus
1008 3761 1400 3832 desperandum
1428 3768 1529 3824 est,
1568 3758 1694 3828 quia

113 3855 379 3910 Dominus
428 3854 587 3909 etiam
638 3852 901 3907 Lazarum
956 3838 1372 3922 quatriduanum
1423 3835 1695 3904 mortuum

120 3948 378 4002 fetentem
409 3946 523 4001 solo
545 3946 699 4017 jussu
730 3945 1090 4008 resuscitavit,
1121 3944 1187 3999 de
1217 3959 1322 4012 quo
1370 3941 1697 4013 lacrymasse

118 4037 322 4108 legitur
340 4035 519 4101 Jesus,
542 4044 598 4092 et
620 4051 751 4092 voce
766 4051 955 4107 magna
984 4036 1274 4089 clamasse:
1300 4053 1317 4083 ι
1334 4033 1464 4089 Veni
1486 4032 1649 4097 foras,
1673 4049 1691 4083 ι

118 4131 248 4198 quia
279 4127 413 4183 tales
442 4143 472 4181 a
510 4128 819 4184 doctoribus
844 4142 948 4181 non
989 4125 1160 4181 solum
1210 4122 1696 4186 exhortationibus,

122 4236 315 4275 verum
354 4220 521 4275 etiam
574 4217 908 4274 orationibus
945 4226 1071 4273 sunt
1123 4215 1441 4278 instruendi,
1471 4222 1527 4269 et
1577 4227 1700 4267 cum

125 4326 320 4381 magna
342 4296 594 4365 instantia
616 4307 1014 4379 prmdicationis
1040 4321 1170 4377 voce
1192 4319 1381 4375 magna
1409 4302 1697 4358 clamandi.

125 4402 465 4474 Frequenter
484 4403 626 4456 enim
650 4417 748 4471 per
776 4401 1011 4455 divinam
1050 4399 1276 4470 gratiam
1299 4395 1604 4465 compuncti
1634 4393 1703 4447 ab

1796 3208 2018 3264 sterium
2075 3207 2271 3260 mundo
2320 3203 2600 3259 visibiliter
2646 3211 2948 3272 appareret.
3005 3201 3168 3268 Quasi
3227 3203 3375 3257 extim

1795 3297 2109 3368 spiritaliter
2138 3294 2346 3365 Moyses
2393 3308 2611 3347 manum
2652 3308 2813 3361 super
2836 3291 3030 3345 Filiam
3066 3291 3374 3347 defunctam

1797 3387 2073 3456 imponere
2096 3384 2324 3455 rogavit,
2357 3382 2571 3452 quando
2598 3381 2984 3437 incarnationis
3016 3382 3228 3436 Domini
3262 3398 3376 3453 my-

1795 3477 2018 3532 sterium
2063 3473 2260 3529 Judmis
2306 3471 2668 3542 praedicabat,
2715 3469 2949 3524 dicens:
2995 3488 3014 3520 ‹
3050 3469 3376 3539 Pruphetam

1797 3570 1948 3626 vehis
1997 3561 2277 3623 susbitahit
2310 3564 2453 3619 Dens
2488 3564 2568 3619 de
2593 3562 2851 3618 fratribus
2878 3562 3072 3617 vestris
3120 3572 3376 3633 tanquam

1797 3648 1917 3729 me,
1971 3660 2144 3729 ipsum
2203 3660 2435 3715 audietis
2493 3659 2671 3731 (Deut.
2702 3640 2901 3728 xviiii,
2942 3677 2961 3709 ι
2992 3658 3149 3728 juxta
3196 3658 3379 3711 omnia

1797 3740 1917 3819 qua:
1945 3748 2156 3803 locutus
2212 3747 2373 3803 fuerit
2417 3748 2591 3804 vobis.
2632 3748 2699 3803 Et
2740 3750 2863 3818 quia
2913 3748 3233 3802 adveniente
3267 3745 3382 3816 ple-

1797 3839 2040 3895 nitudine
2077 3839 2374 3907 temporis,
2425 3854 2530 3892 non
2582 3838 2754 3893 solum
2810 3839 2876 3896 de
2921 3839 3202 3909 Synagoga
3259 3848 3381 3889 car-

1799 3946 1920 3985 nem
1978 3942 2288 3992 assumere,
2348 3928 2441 3984 sed
2508 3928 2672 3983 etiam
2717 3930 2884 3983 Deum
2934 3928 3075 3981 inter
3134 3925 3381 3980 homines

1797 4020 2084 4077 visibilitcr
2112 4032 2171 4073 se
2203 4018 2456 4089 dignatus
2497 4027 2582 4075 cst
2618 4018 2991 4074 demonstrare
3014 4058 3029 4083 ,
3065 4025 3211 4073 recte
3251 4017 3380 4072 sub-

1794 4116 2078 4188 jnngitur:
2706 4182 2707 4185 η
2814 4178 2817 4181 _
3048 4158 3051 4161 .
3376 4111 3393 4179 λ

1878 4231 1894 4263 ι
1925 4212 1991 4266 Et
2014 4227 2239 4285 surgens
2277 4209 2433 4265 Jesus
2484 4205 2809 4276 sequebatur
2852 4218 2998 4267 eum,
3027 4209 3082 4256 et
3132 4199 3379 4270 discipuli

1807 4320 1825 4378 ς
1866 4300 2001 4370 ejus.
2026 4303 2232 4358 Etecce
2249 4300 2458 4362 mulier,
2476 4312 2597 4367 qua:
2623 4293 2898 4364 sanguinis
2912 4292 3111 4346 ﬂuxum
3134 4289 3381 4358 patieba-

1808 4375 1826 4445 r
1863 4402 1948 4447 tur
1975 4393 2254 4448 duodecim
2284 4390 2464 4455 annis,
2503 4385 2732 4443 accessit
2762 4392 2924 4441 retro.
2967 4390 3021 4435 et
3051 4378 3226 4450 tetigit
3253 4375 3377 4458 ﬁm-

127 4463 272 4563 ipsis.
295 4495 532 4564 peccatis
562 4463 902 4562 resipiscam,
943 4463 1107 4559 sequia
1140 4492 1286 4559 ipsos
1339 4463 1570 4543 assiduis
1610 4484 1702 4540 ﬁe-
1728 4476 1778 4535 D
1810 4502 1828 4534 ι
1866 4484 2036 4538 briam
2065 4482 2370 4538 vestimenti
2399 4479 2532 4549 ejus.
2568 4495 2589 4529 ι
2638 4474 2791 4529 Sicut
2827 4466 3236 4564 archisypagogi
3270 4463 3382 4556 ﬁlia

128 4585 275 4639 tibus
325 4592 376 4637 et
432 4582 763 4653 longioribus
807 4579 1028 4650 jejuuiis
1088 4583 1384 4641 macerant,
1442 4575 1700 4653 largiores

129 4673 499 4742 eleemnsynas
522 4672 784 4735 tribuunt,
814 4678 869 4724 et
897 4686 914 4719 ι
946 4667 1037 4722 ubi
1068 4666 1358 4721 abundavit
1397 4675 1699 4734 peccatum,

132 4750 581 4833 supcrabdndavit
609 4763 779 4831 gratia
833 4759 1010 4824 (Rom.
1033 4756 1111 4827 v),
1142 4775 1161 4808 ι
1207 4764 1263 4811 et
1307 4755 1447 4810 sicut
1472 4754 1705 4825 prompti

134 4852 352 4907 fuerunt
371 4852 435 4905 ad
462 4850 814 4921 peccandum,
843 4842 1299 4916 sic‘promptiores
1320 4843 1428 4898 sint
1450 4845 1516 4897 ad
1538 4843 1708 4913 ptcni-

137 4944 376 4998 tenilum.
410 4942 517 4997 Sed
558 4956 699 4995 nunc
745 4939 872 5009 quid
920 4938 1170 5009 princeps
1197 4935 1279 4991 vel
1310 4935 1415 4989 ﬁlia
1442 4937 1576 5002 ejus,
1606 4949 1707 5003 pro

133 5050 240 5118 qua
272 5043 555 5103 rogaturus
581 5040 825 5095 venerat,
857 5020 1141 5100 allegorice
1171 5026 1494 5097 signiﬁcent,
1528 5027 1705 5081 videa-

139 5140 277 5179 mus.
310 5124 400 5176 Ait
430 5123 573 5178 enim
604 5121 975 5191 Evangelista:

214 5216 550 5286 «Loquente
581 5214 709 5271 Jesu
760 5213 826 5267 ad
884 5212 1088 5275 turbas,
1124 5224 1250 5266 ecce
1296 5209 1547 5279 princeps
1574 5224 1711 5263 unus

1806 4572 2143 4645 Synagogam
2173 4570 2459 4642 signiﬁcat,
2487 4568 2565 4622 sic
2604 4585 2621 4615 ι
2645 4563 2860 4625 mulier,
2886 4573 3005 4628 qum
3028 4556 3230 4611 fluxum
3256 4551 3385 4610 san-

1806 4643 1981 4739 guinis
2007 4643 2315 4733 patiebatur
2345 4656 2626 4712 duodecim
2653 4651 2829 4715 annis,
2859 4669 2877 4699 ι
2907 4645 3177 4717 signiﬁcat
3203 4643 3387 4699 Eccle-

1813 4734 1948 4807 siam
1975 4768 2041 4808 ex
2074 4751 2344 4823 gentibus.
2381 4747 2584 4802 Fluxus
2612 4743 2754 4797 enim
2786 4736 3064 4807 sanguinis
3092 4734 3383 4789 immundi-

1813 4846 1944 4898 tiam
1973 4843 2241 4915 signiﬁeat
2269 4849 2636 4912 peccatorum,
2669 4834 2809 4889 sicut
2834 4845 2929 4901 per
2959 4828 3274 4898 prophetam
3305 4825 3389 4880 di-

1811 4939 1953 4995 citur
1978 4955 1990 4991 ε
2029 4954 2048 4988 ‹
2074 4936 2324 4998 Furtum,
2348 4930 2787 4992 homicidium,et
2812 4922 3138 4978 adulterium
3164 4919 3392 4974 inunda-

1811 5038 2021 5095 verunt,
2039 5036 2094 5083 et
2117 5026 2333 5095 sanguis
2356 5022 2671 5094 sanguinem
2698 5015 2873 5086 tetigit
2889 5012 3034 5084 (Ose.
3058 5011 3155 5083 tv).
3181 5030 3200 5062 ι
3221 5010 3265 5063 Α
3287 5024 3395 5079 quo

1814 5118 1958 5173 ﬂuxu
1989 5116 2263 5187 sanguinis
2292 5130 2350 5169 se
2381 5110 2598 5167 liberari
2637 5107 2858 5177 optabat
2886 5103 2973 5157 ille
3000 5101 3093 5172 qui
3123 5099 3338 5155 dicebat
3378 5114 3392 5150 :

1820 5228 1837 5261 α
1875 5209 2068 5263 Libera
2098 5221 2182 5260 me
2208 5207 2271 5260 de
2298 5202 2667 5278 sanguinibus,
2693 5199 2851 5263 Deus,
2881 5197 3022 5250 Deus
3048 5192 3237 5249 salutis
3261 5203 3396 5245 meae

1816 5298 1996 5372 (Psal.
2047 5298 2184 5370 1.).»
2234 5297 2349 5352 Non
2395 5305 2572 5350 autem
2619 5289 3138 5363 prmterntittendum
3183 5283 3399 5339 videtur

147 5412 165 5443 ς
198 5397 377 5450 functa
412 5395 570 5449 modo
598 5403 698 5455 est,
725 5414 741 5443 ι
774 5402 829 5446 et
855 5392 1076 5461 reliqua.
1124 5388 1421 5460 Allegorice
1462 5376 1715 5457 princeps
1815 5371 1955 5460 quod
1988 5392 2100 5445 haec
2134 5408 2152 5440 ι
2185 5388 2378 5444 mulier
2401 5385 2683 5456 duodecim
2708 5382 2864 5436 annis
2888 5380 3089 5434 ﬂuxum
3116 5371 3397 5444 sanguinis

146 5482 244 5535 iste
270 5482 483 5554 Moysen
507 5482 790 5553 signiﬁcat.
826 5479 975 5535 Unde
998 5480 1135 5533 bene
1161 5477 1313 5546 juxta
1339 5476 1538 5532 Lucam
1561 5490 1717 5529 evan-
1815 5482 2145 5553 patiebatur,
2167 5499 2184 5532 ι
2214 5490 2271 5532 ιιι
2296 5479 2440 5533 enim
2466 5476 2553 5529 alii
2582 5473 2922 5543 evangelista:
2948 5468 3393 5524 commemorant,

147 5551 390 5644 gelistam
416 5551 596 5630 Jairus
633 5585 716 5629 est
743 5575 938 5636 dictus,
968 5573 1059 5642 qui
1105 5572 1488 5642 interpretatur
1516 5569 1719 5623 illumi-
1815 5551 1991 5645 puclla
2021 5572 2136 5626 lucc
2165 5566 2570 5640 archisynagogi
2602 5566 2706 5620 ﬁlia
2735 5559 3205 5645 duodecim'annos
3226 5551 3397 5637 habet

149 5678 322 5731 nans,
372 5660 889 5729 siveillumiuatus;
941 5663 1191 5732 quoniam
1242 5663 1378 5717 idem
1448 5661 1723 5732 legislator
1818 5664 1911 5719 bat
1937 5663 2128 5721 relatis.
2153 5660 2491 5715 considerata
2515 5674 2644 5719 ergo
2676 5666 2901 5720 utraque
2923 5644 3173 5708 lcclion'e.
3201 5654 3397 5715 008ηο-

146 5328 163 5355 ί
197 5306 446 5371 accessit,
479 5314 532 5360 ct
558 5305 800 5359 adoravit
843 5318 986 5361 eum,
1030 5302 1215 5357 dicens
1239 5290 1269 5353 τ’
1304 5299 1437 5353 Filia
1469 5314 1582 5352 mea
1622 5300 1714 5352 de-
