4002 6348
632 320 736 374 759

631 430 831 485 scimus
873 429 1016 497 quia,
1058 426 1273 496 quando
1320 429 1493 498 puella
1522 438 1645 482 nata
1679 436 1787 492 est,
1840 435 1968 481 tunc
2022 425 2216 480 mulier
2242 432 2291 486 Α

632 521 797 591 coepit
846 519 1127 573 inﬁrmari.
1184 516 1448 584 Quoniam
1492 526 1547 572 et
1591 518 1679 571 illa
1727 517 2007 572 duodecim
2046 530 2215 570 annos

630 612 866 666 habebat
896 609 1089 673 aetatis,
1125 617 1179 664 et
1219 610 1318 664 ista
1353 610 1636 664 duodecim
1666 608 2016 663 inﬁrmitatis.
2056 608 2217 661 Juxta

628 716 760 756 vero
790 699 1084 770 spiritalem
1107 700 1536 771 intelligentiam,
1555 700 1766 771 quando
1791 697 2069 770 Synagoga
2093 708 2217 753 nata

629 801 731 856 est,
757 790 997 845 Ecclesia
1026 805 1089 844 ex
1121 792 1370 860 gentibus
1391 784 1556 860 erepit
1584 791 1844 844 inﬁrmari
1870 804 1884 842 :
1910 791 2035 860 quia
2060 788 2217 844 facile

627 890 1027 949 cognoscuntur
1057 881 1185 935 vitia
1218 881 1271 935 in
1318 881 1719 951 comparatione
1744 879 2023 934 virtutum.
2069 878 2214 934 Cen-

630 973 737 1026 tilis
772 987 901 1042 ergo
947 972 1177 1042 pepulus
1212 987 1278 1026 ex
1327 988 1393 1027 eo
1419 972 1575 1026 vilior
1603 986 1723 1026 esse
1766 971 1951 1039 coepit,
2002 987 2065 1026 ex
2109 984 2217 1040 quo

626 1061 855 1130 populus
883 1059 1189 1115 Iudaeorum
1218 1062 1420 1117 electus
1447 1070 1548 1117 est.
1576 1063 1634 1116 Si
1666 1048 1829 1129 enim,
1863 1072 1922 1117 ut
1953 1063 2209 1128 diximus,

625 1152 803 1221 puella
835 1136 1154 1208 duodecimo
1185 1169 1329 1208 anno
1354 1155 1530 1208 aetatis
1560 1152 1812 1210 defuncta
1842 1164 1943 1219 est,
1979 1163 2214 1225 tempore

624 1245 925 1313 pubertatis
957 1246 1416 1316 appropinquante
1444 1246 1607 1299 vitam
1639 1245 1838 1312 ﬁnivit;
1888 1246 2034 1316 quia,
2073 1254 2208 1301 tem-

624 1349 758 1405 pore
801 1334 1140 1390 liberationis
1184 1335 1269 1390 vel
1306 1335 1691 1405 redemptionis
1737 1335 1990 1402 instante,
2030 1333 2214 1391 Iudaea

628 1443 784 1482 suum
835 1443 940 1482 non
991 1428 1241 1499 cognovit
1281 1428 1642 1493 liberatorem,
1674 1428 1952 1500 magisque
1982 1436 2212 1485 mortem

628 1517 791 1587 elegit
811 1531 974 1586 quam
1001 1517 1188 1570 vitam.
1225 1516 1386 1572 Juxta
1414 1518 1559 1573 hunc
1587 1533 1824 1581 sensum,
1856 1534 1963 1572 non
1993 1526 2150 1572 vacat
2175 1534 2208 1573 a

628 1607 909 1677 mysterio,
938 1608 1081 1677 quod
1113 1604 1575 1680 archisynagogus
1617 1608 1779 1665 ﬁliam
1820 1626 1971 1665 suam
2018 1620 2212 1667 octavo

627 1696 748 1752 loco
774 1697 1156 1754 miraculorum
1186 1713 1216 1752 a
1249 1699 1474 1754 Domino
1500 1701 1805 1756 resuscitari
1836 1703 2058 1773 rogavit.
2101 1700 2209 1758 Re-

629 1788 834 1844 censita
866 1790 1028 1861 igitur
1053 1790 1362 1862 evangeliea
1392 1790 1653 1857 lectione,
1685 1792 1953 1848 invenitur
1974 1794 2212 1865 primum

629 1879 950 1934 miraculum
998 1879 1258 1935 Dominus
1302 1879 1355 1935 in
1392 1880 1613 1937 Galilaea
1642 1878 1869 1949 fecisse,
1913 1884 2119 1938 scilicet
2144 1884 2211 1940 de

627 1982 762 2036 aqua
789 1968 972 2023 vinum
1001 1986 1013 2021 :
1039 1968 1332 2025 secundum
1357 1969 1687 2026 descendens
1713 1972 1778 2027 de
1806 1980 2004 2039 monte,
2032 1972 2210 2047 lepro-

625 2073 745 2113 sum
768 2074 986 2114 curasse
1011 2076 1024 2112 :
1060 2059 1300 2126 tertium,
1327 2076 1549 2130 puerum
1574 2062 1905 2118 centurionis
1926 2080 1954 2116 a
1976 2062 2207 2134 paralysi

610 2144 848 2205 'sanasse
877 2164 891 2204 :
924 2160 1197 2220 quartum,
1226 2167 1440 2207 socrum
1469 2151 1612 2207 Petri
1636 2151 2040 2207 febricitantem
2074 2152 2205 2209 libe-

634 2255 821 2295 rasse:
852 2241 1097 2311 quintum
1117 2283 1133 2309 ,
1172 2257 1321 2298 mare
1353 2242 1627 2297 turbatum
1667 2243 1920 2299 sedasse:
1963 2252 2172 2300 sextum
2193 2284 2206 2311 ,

626 2329 680 2384 in
715 2330 930 2401 regione
961 2328 1357 2386 Gerasenorum
1403 2347 1433 2386 a
1473 2331 1681 2401 legione
1708 2332 2009 2387 daamonum
2039 2333 2210 2388 homi-

625 2435 748 2474 nem
780 2436 999 2476 curasse
1026 2439 1037 2474 :
1065 2421 1375 2491 septimum,
1402 2421 1454 2475 in
1477 2421 1697 2476 civitate
1716 2436 1812 2475 sua
1833 2419 2208 2491 Capharnaum

623 2502 979 2585 paralyticum
1009 2521 1471 2568 sanassezoctavo
1494 2511 1611 2566 loco
1633 2511 1900 2567 subiutrat
1928 2511 2210 2582 archisyn-

624 2616 844 2673 agogus,
873 2617 972 2677 pro
1020 2600 1127 2656 ﬁlia
1181 2612 1487 2674 rogaturus,
1526 2600 1717 2657 nolens
1755 2617 1785 2655 a
1818 2602 2074 2673 mysterio
2099 2600 2208 2656 cir-

625 2694 972 2749 cumcisionis
1020 2692 1253 2749 excludi.
1313 2693 1597 2751 Subintrat
1643 2694 1807 2749 etiam
1835 2702 1890 2749 et
1941 2694 2135 2749 mulier
2177 2710 2209 2750 a

624 2780 767 2838 fluxu
802 2786 1079 2857 sanguinis
1103 2795 1312 2841 curata.
1360 2778 1528 2840 Retro
1576 2795 1754 2840 autem
1788 2785 2053 2851 accessit,
2082 2786 2209 2856 quia

624 2872 730 2929 non
754 2874 981 2930 Domino
998 2884 1248 2949 manente
1263 2876 1316 2929 in
1333 2891 1518 2941 carne,
1538 2877 1631 2932 Sed
1657 2885 1778 2947 post
1799 2877 1916 2947 ejus
1936 2878 2208 2932 ascensio—

624 2977 748 3015 nem
779 2963 1006 3018 credidit
1034 2963 1272 3019 Ecclesia
1298 2980 1365 3020 ex
1391 2966 1660 3037 gentibus.
1682 2965 1776 3021 Vel
1799 2974 1948 3021 certe
1978 2967 2209 3022 accessit

628 3062 797 3117 retro,
826 3054 952 3123 quia
984 3069 1088 3108 non
1119 3055 1289 3109 solum
1317 3055 1705 3111 incarnationis
1742 3054 1856 3123 ejus
1888 3056 2203 3127 mysterium

1264 316 1354 370 HA
1365 313 1618 372 YMONIS
1653 313 2057 370 llALBERSTA
2066 313 2128 367 Τ.
2178 313 2207 366 Ε

2309 311 2389 366 5C.
2429 310 2577 366 OPP.
2640 311 2821 366 PARS
2854 310 2919 367 ΙΙ.
2957 342 3028 353 -
3062 310 3294 369 ΗΟΜΙΙ...

3864 310 3961 364 Ἰέξι

2393 440 2411 473 ι
2449 423 2515 476 At
2540 422 2695 477 Jesus
2723 436 3037 486 conversus,
3071 433 3125 477 et
3152 423 3341 477 videns
3369 438 3487 477 eam
3510 465 3525 489 ,
3552 422 3707 478 dixit
3740 442 3761 476 :
3813 422 3957 477 Con.

2322 533 2341 565 ι
2380 515 2501 581 ﬁde,
2534 514 2661 568 ﬁlia.
2695 533 2712 566 ›
2745 514 3039 569 Conversio
3076 514 3287 568 Domini
3319 515 3385 569 ad
3416 516 3725 569 mulierem
3764 531 3959 585 respe-

2317 612 2462 658 ctum
2488 602 2849 658 miserationis
2870 601 2988 671 eius
3011 603 3283 675 signiﬁcat
3301 604 3369 658 ad
3395 604 3750 659 Ecclesiam.
3786 603 3951 669 Quasi

2317 694 2461 747 enim
2492 705 2638 763 terga
2660 734 2674 758 ,
2726 701 2782 748 et
2809 711 2916 748 non
2945 692 3374 749 faeiemDomini
3405 694 3665 760 videbat,
3717 698 3953 764 quando

2317 795 2436 855 post
2460 783 2600 838 idola
2623 799 2878 839 manuum
2904 800 3123 840 suarum
3150 800 3397 850 currens,
3421 794 3761 842 creatorem
3792 803 3945 841 suum

2320 874 2485 927 Deum
2517 874 2813 945 ignorabat.
2846 875 2912 929 Et
2938 885 3221 944 postquam
3253 875 3358 931 ﬁde
3383 892 3504 932 eum
3540 888 3806 949 tangere
3849 893 3948 932 ee:-

2318 965 2427 1034 pit,
2475 962 2668 1020 faciem
2712 967 2764 1020 ei
2806 968 3074 1034 ostendit,
3121 968 3334 1039 quando
3359 984 3458 1038 per
3486 986 3655 1024 suam
3700 970 3942 1041 grati-air.-

2319 1061 2554 1106 mentem
2583 1053 2837 1109 Ecclesia:
2861 1055 2931 1109 ad
2959 1071 3017 1111 se
3045 1056 3334 1111 videndum
3367 1058 3743 1113 illuminavit.
3798 1060 3941 1124 Quod

2316 1144 2439 1211 quia
2464 1157 2561 1212 per
2588 1143 2749 1198 ﬁdem
2775 1146 3021 1214 accipere
3048 1147 3264 1211 meruit,
3288 1154 3437 1201 recte
3464 1147 3689 1203 dicitur
3720 1165 3739 1199 :
3764 1168 3786 1198 ‹
3814 1147 3936 1203 Con-

2323 1254 2340 1287 ι
2380 1235 2503 1299 ﬁde,
2534 1235 2665 1301 ﬁlia,
2700 1236 2832 1291 ﬁdes
2860 1245 2949 1291 tua
3001 1245 3054 1291 te
3098 1237 3302 1292 salvam
3329 1237 3569 1293 fecit.Et
3592 1240 3773 1293 salva
3808 1239 3934 1293 facta

2323 1344 2340 1378 ι
2374 1335 2457 1382 est
2480 1327 2670 1382 mulier
2697 1344 2762 1383 ex
2792 1328 2878 1383 illa
2909 1327 3063 1384 hora.
3096 1348 3113 1380 ι
3156 1327 3287 1384 Nam
3326 1329 3371 1384 si
3398 1332 3522 1400 quis
3560 1329 3762 1384 solam
3798 1330 3931 1385 litte-

2317 1433 2432 1471 ram
2480 1419 2754 1485 attendat,
2805 1434 2912 1474 non
2959 1434 3181 1489 parvam
3224 1419 3382 1475 ﬁdem
3430 1420 3744 1475 mulierem
3779 1422 3928 1476 istan

2315 1506 2569 1562 habuisse
2610 1502 2904 1579 cognoscit.
2949 1506 3114 1579 Cujus
3142 1507 3528 1577 perfectionem
3566 1508 3713 1564 ﬁdei
3765 1510 3927 1564 Lucas

2317 1599 2455 1671 (cap.
2496 1600 2618 1672 vui)
2651 1599 2990 1670 Evangelista
3029 1599 3373 1654 manifestius
3400 1600 3693 1665 declarat,
3746 1601 3921 1655 dicens

2316 1703 2434 1743 eam
2456 1709 2473 1740 ‹
2495 1704 2710 1744 omnem
2727 1689 3081 1744 substantiam
3098 1705 3251 1744 suam
3282 1688 3335 1742 in
3364 1689 3612 1745 medicos
3632 1705 3918 1760 erogasse,

2242 1778 2286 1838 B
2316 1794 2413 1834 nec
2440 1780 2508 1835 ab
2537 1778 2642 1834 ullo
2671 1789 2884 1851 poterat
2906 1781 3107 1835 curari.
3140 1801 3158 1832 ι
3193 1780 3297 1836 Sed
3319 1797 3445 1836 cum
3473 1782 3719 1838 vidisset
3748 1783 3912 1837 Domi-

2311 1885 2438 1924 num
2462 1870 2513 1924 in
2543 1871 2696 1925 turba
2721 1870 3107 1937 ambulantem,
3132 1871 3245 1927 solo
3272 1879 3419 1927 tactu
3453 1873 3787 1929 vestimenti
3810 1876 3913 1944 ejus

2309 1976 2466 2032 posse
2497 1961 2613 2017 ﬁeri
2640 1963 2912 2029 credebat,
2941 1963 3082 2033 quod
3106 1964 3288 2019 multis
3316 1964 3545 2019 medicis
3578 1966 3908 2036 impossibile

2312 2046 2428 2103 ﬁeri
2477 2052 2926 2121 comprobaverat
2952 2072 2965 2106 :
2996 2073 3013 2103 ι
3045 2052 3198 2109 Unde
3241 2063 3297 2108 et
3345 2056 3586 2110 accessit
3629 2068 3814 2123 retro,
3859 2068 3907 2113 et

2311 2142 2488 2213 tetigit
2529 2142 2795 2199 ﬁmbriam
2821 2146 3129 2201 vestimenti
3157 2145 3306 2216 ejus,
3351 2158 3406 2203 et
3431 2148 3725 2205 confestim
3755 2154 3903 2207 stetit

2310 2231 2485 2289 ﬂuxus
2512 2236 2794 2310 sanguinis
2827 2234 2942 2307 ejus
2969 2236 3184 2310 (Ibid).
3222 2258 3241 2291 ι
3275 2237 3440 2308 Cujus
3466 2242 3733 2296 virtutem
3760 2242 3897 2305 ﬁdei,

2311 2333 2369 2379 ut
2397 2324 2655 2381 Dominus
2685 2329 3171 2397 comprobaret,ait
3192 2347 3204 2383 :
3228 2348 3246 2380 ‹
3267 2329 3400 2398 Quis
3427 2340 3515 2386 est
3545 2334 3647 2402 qui
3679 2351 3769 2388 me
3792 2335 3891 2389 teti-

2310 2416 2420 2488 git?
2439 2436 2457 2467 ι
2487 2414 2818 2486 Negantibus
2834 2428 3011 2473 autem
3036 2420 3306 2488 omnibus,
3331 2423 3468 2478 dixit
3490 2423 3723 2491 Petrus,
3737 2436 3791 2479 et
3816 2427 3889 2495 qni

2309 2521 2432 2561 cum
2468 2506 2557 2563 illo
2593 2519 2747 2562 erant
2791 2528 2805 2562 :
2863 2508 3185 2581 Praeceptor,
3223 2513 3395 2568 turba:
3444 2523 3498 2568 te
3537 2517 3887 2585 comp-imum
3982 2556 3983 2565 η

2309 2603 2364 2650 et
2408 2594 2677 2668 afﬂigunt,
2711 2605 2766 2652 et
2797 2607 2851 2652 tu
2883 2598 3018 2653 dicis
3059 2600 3181 2669 quis
3234 2616 3321 2656 me
3353 2602 3576 2673 tetigit?
3628 2604 3698 2658 Et
3728 2607 3883 2660 dixit:

2310 2686 2511 2759 Tetigit
2538 2702 2624 2743 me
2651 2687 2863 2759 aliquis.
2903 2688 3039 2744 Nam
3071 2701 3127 2745 et
3154 2707 3253 2762 ego
3281 2693 3403 2748 novi
3433 2695 3700 2751 virtutem
3728 2699 3793 2751 de
3817 2714 3884 2753 me

2308 2778 2504 2835 exisse.
2530 2780 2729 2836 Videas
2757 2790 2934 2836 autem
2956 2782 3150 2838 mulier
3169 2785 3292 2854 quia
3317 2802 3423 2840 non
3446 2787 3632 2852 latuit,
3670 2799 3882 2845 tremens

2308 2870 2483 2937 venit,
2510 2880 2565 2925 et
2593 2872 2823 2942 procidit
2849 2882 2973 2928 ante
2998 2875 3161 2947 pedes
3187 2875 3350 2941 illius,
3398 2885 3453 2931 et
3485 2880 3557 2933 ob
3585 2896 3756 2949 quam
3778 2896 3880 2934 ωηο

2310 2974 2425 3014 sam
2455 2960 2693 3030 tetigerit
2726 2979 2846 3017 eum
2866 3004 2881 3029 ,
2911 2964 3167 3018 indicavit
3190 2980 3376 3019 coram
3406 2968 3560 3021 omni
3585 2970 3811 3040 populo,
3837 2982 3876 3025 et

2310 3052 2756 3120 quemadmodum
2800 3053 3082 3110 confestim
3128 3066 3317 3111 sanata
3360 3059 3450 3113 sit.
3500 3060 3577 3115 At
3624 3061 3740 3133 ipse
3765 3064 3875 3117 dixit

624 3144 899 3213 cognovit,
925 3144 1020 3199 sed
1042 3145 1205 3199 etiam
1230 3146 1453 3217 vestigia
1480 3146 1747 3217 passionis
1770 3146 1910 3201 illius
1941 3124 2201 3201 imitatur.
2231 3124 2276 3186 C
2308 3142 2381 3196 illi
2409 3157 2422 3195 :
2457 3161 2474 3192 ι
2505 3141 2637 3198 Filia
2657 3184 2671 3211 ,
2704 3145 2836 3201 ﬁdes
2865 3156 2953 3202 tua
2986 3157 3038 3202 te
3066 3148 3267 3203 salvam
3300 3150 3427 3205 fecit
3454 3124 3709 3223 (Ibid.).»
3738 3155 3872 3208 Recte

623 3232 793 3292 hetro
821 3236 962 3292 enim
993 3244 1116 3307 post
1140 3232 1425 3293 Dominum
1467 3238 1725 3292 accedere
1745 3278 1759 3303 ,
1792 3249 1875 3292 est
1904 3238 2019 3308 ejus
2043 3236 2206 3292 vesti-

623 3328 710 3398 gia
734 3326 952 3393 imitari,
976 3328 1116 3382 sicut
1144 3327 1258 3397 ipse
1283 3328 1413 3383 dicit
1437 3328 1491 3383 in
1517 3324 1808 3400 Evangelia
1829 3329 2040 3402 (ΜαιιΙι.
2061 3327 2201 3399 xu):

628 3436 647 3468 ι
678 3417 734 3473 Si
757 3418 876 3489 quis
898 3417 1012 3475 vult
1034 3420 1220 3474 venire
1241 3431 1363 3489 post
1384 3434 1494 3485 me,
1518 3440 1536 3471 ι
1568 3429 1674 3475 etc.
1698 3421 1765 3475 Et
1790 3421 1983 3475 iterum
2008 3438 2020 3474 :
2052 3439 2070 3473 ι
2104 3420 2204 3490 Qui

622 3509 752 3563 mihi
796 3510 1101 3576 ministrat,
1148 3526 1233 3566 me
1260 3520 1514 3580 sequatur
1546 3506 1728 3583 (Joan.
1756 3511 1876 3584 xu).
1906 3532 1924 3563 ι
1967 3510 2120 3566 Unde
2151 3512 2203 3566 in

620 3596 738 3672 lege
772 3601 1083 3671 praecipitur
1110 3619 1123 3654 :
1166 3599 1292 3655 Post
1326 3601 1609 3656 Dominmn
1640 3600 1812 3656 Deum
1845 3611 1991 3656 tuum
2019 3602 2198 3656 ambu-

621 3691 776 3747 labis.
811 3691 947 3747 Hinc
977 3692 1169 3748 Petrus
1202 3692 1521 3756 Ecclesiam,
1556 3708 1675 3763 qua:
1704 3694 1769 3748 ad
1797 3692 2080 3747 Dominum
2109 3709 2202 3749 ac-

623 3772 825 3845 cessit,”
857 3780 1108 3837 admonet
1150 3782 1371 3838 dicens:
1411 3800 1429 3833 ι
1461 3781 1707 3838 Christus
1754 3799 1945 3854 passus
1990 3792 2071 3839 est
2109 3800 2204 3854 pro

626 3872 817 3938 nobis,
855 3872 1009 3927 vobis
1056 3872 1364 3943 relinquens
1413 3873 1748 3943 exemplum,
1802 3883 1859 3929 ut
1903 3876 2203 3946 sequamini

622 3963 846 4033 vestigia
869 3963 987 4033 ejus
1015 3964 1069 4035 (Ι
1092 3964 1236 4019 Petr.
1263 3964 1344 4037 ιι).
1375 3986 1395 4018 ›
1428 3964 1496 4020 Et
1514 3965 1787 4028 Joannes:
1819 3988 1835 4019 ι
1874 3967 1974 4036 Qui
1998 3969 2205 4026 dicitse

621 4053 677 4106 in
707 4041 920 4107 Christo
945 4068 1185 4119 manere,
1211 4054 1370 4109 debet
1396 4055 1535 4110 sicut
1564 4056 1651 4111 ille
1699 4058 1989 4113 ambulavit
2015 4069 2067 4116 et
2091 4061 2205 4130 ipse

622 4142 898 4199 ambulare
919 4143 970 4214 (Ι
996 4144 1155 4200 Joan.
1182 4144 1263 4213 ιι).
1292 4164 1309 4197 ›
1338 4144 1580 4202 Accessit
1602 4163 1732 4220 ergo
1756 4148 1995 4205 Ecclesia
2017 4151 2200 4217 corde,

622 4249 730 4288 non
759 4228 1006 4307 corpore,
1031 4234 1186 4305 juxta
1216 4234 1343 4291 illud
1367 4239 1738 4308 propheticum
1764 4254 1779 4293 :
1809 4259 1827 4291 ‹
1856 4240 2107 4295 Accedite
2136 4243 2203 4297 ad

594 4341 743 4395 .eum
787 4333 841 4380 et
881 4325 1254 4381 illuminamini
1285 4325 1456 4397 (Psal.
1489 4328 1704 4398 χχχιιι).
1737 4347 1754 4379 ι
1787 4328 2081 4384 Fimbriam
2109 4346 2204 4384 au—

623 4425 729 4470 tem
753 4416 1055 4472 vestimenti
1082 4424 1300 4489 tangere
1344 4427 1427 4473 est
1454 4417 1840 4475 incarnationis
1866 4419 1982 4488 ejus
2003 4431 2203 4491 myste-

621 4506 761 4560 rium
787 4520 1101 4576 agnoscere,
1123 4517 1177 4562 et
1202 4508 1493 4562 secundum
1517 4507 1642 4563 illud
1667 4509 1978 4579 spiritaliter
1997 4511 2195 4566 vivere.

622 4597 758 4662 Quia
785 4597 927 4650 enim
954 4597 1094 4652 Deus
1124 4598 1174 4650 in
1199 4596 1476 4652 divinitate
1504 4599 1650 4669 tangi
1680 4616 1786 4654 non
1817 4610 2015 4670 potest,
2043 4602 2197 4671 quasi

624 4686 891 4742 ﬁmbriam
914 4687 1219 4743 vestimenti
1249 4688 1569 4759 tangendum
1591 4704 1710 4745 esse
1739 4691 2002 4756 exhibuit,
2029 4707 2199 4761 quan-

582 4840 583 4843 η
622 4780 691 4833 do
728 4794 786 4833 se
809 4778 862 4833 in
895 4779 1229 4834 humanitate
1252 4776 1516 4834 visibilem
1548 4781 1954 4837 demonstravit.

622 4938 627 4943 Ξ
701 4887 719 4918 ε
753 4868 974 4925 Dicebat
996 4869 1139 4924 enim
1169 4868 1307 4923 intra
1334 4884 1430 4924 se:
1466 4871 1520 4924 Si
1546 4872 1770 4942 tetigero
1803 4881 2008 4927 tantum
2037 4875 2199 4928 vesti-

632 4977 649 5008 ι
683 4968 921 5013 mentum
941 4958 1072 5028 ejus,
1101 4959 1242 5013 salva
1270 4975 1383 5015 ero.
1407 4980 1424 5011 ι
1450 4959 1680 5016 Pulchre
1706 4961 1818 5029 haec
1845 4963 2035 5017 mulier
2058 4964 2198 5017 intra

626 5064 687 5105 se
731 5049 973 5117 dicebat,
1011 5051 1134 5122 quia
1177 5051 1353 5107 omnis
1393 5051 1648 5107 Ecclesiae
1678 5051 1809 5107 ﬁdes
1836 5052 1917 5105 vel
1958 5053 2199 5124 operatio

627 5140 798 5209 magis
819 5140 871 5194 in
899 5142 1058 5196 corde
1080 5150 1162 5196 est
1192 5157 1353 5210 quam
1375 5142 1428 5195 in
1458 5158 1700 5213 corpore.
1734 5143 1804 5198 Ut
1832 5145 1974 5198 enim
2002 5144 2200 5199 clarior

628 5232 681 5285 in
714 5242 997 5300 conspectu
1024 5232 1115 5286 Dei
1146 5241 1420 5301 appareat,
1454 5248 1550 5287 sua
1577 5235 1714 5289 bona
1746 5250 1911 5305 opera
1944 5236 2197 5306 frequen-

628 5336 711 5379 ter
738 5325 805 5380 ab
830 5325 1078 5380 humanis
1110 5325 1483 5394 conspectibus
1515 5329 1811 5385 abscondit.
1854 5331 1928 5386 De
1957 5348 2060 5402 qua
2101 5348 2198 5403 per

624 5416 942 5484 prophetam
990 5415 1231 5470 dicitur:
1270 5434 1288 5466 ι
1323 5415 1509 5473 Omnis
1555 5419 1722 5489 gloria
1772 5420 1888 5491 ejus
1933 5422 2001 5478 ab
2052 5423 2196 5480 intus

626 5501 797 5574 (Paul.
827 5505 992 5575 xuv).
1026 5524 1044 5555 ι
1070 5504 1127 5559 ln
1156 5513 1296 5560 tactu
1322 5506 1463 5561 enim
1491 5507 1794 5564 vestimenti
1826 5510 2053 5567 salutem
2077 5500 2195 5568 esse

626 5595 889 5660 credidit,
939 5595 1065 5665 quia
1104 5609 1200 5659 per
1236 5595 1623 5653 incarnationis
1670 5601 1982 5669 mysterium
2024 5617 2193 5673 genus

626 5684 917 5739 humanum
944 5684 1136 5740 salvari
1159 5701 1315 5757 posse
1340 5703 1442 5741 non
1467 5685 1747 5742 dubitavit.

2304 3248 2432 3303 ergo
2458 3233 2620 3288 ﬁliam
2636 3232 2868 3301 "vocavit,
2892 3252 3012 3308 quae
3038 3247 3146 3291 tam
3172 3239 3468 3308 perfectam
3496 3243 3691 3297 habuit
3719 3244 3869 3299 ﬁdem.

2306 3322 2668 3394 Spiritualitcr
2692 3335 2894 3394 autem,
2919 3338 2977 3384 ut
2999 3330 3257 3399 diximus,
3273 3323 3548 3404 signiﬁcat
3572 3336 3862 3399 Ecclesiant,

2304 3430 2423 3485 quae
2444 3416 2547 3471 ﬁlia
2572 3426 2655 3474 est
2671 3419 2764 3475 Dei
2787 3434 2884 3490 per
2904 3421 3267 3492 adoptionem,
3291 3427 3435 3496 quia,
3464 3428 3615 3484 sicut
3634 3432 3711 3486 ait
3733 3445 3855 3484 evan-

2303 3505 2492 3574 gelista
2517 3526 2529 3561 :
2562 3528 2579 3560 ι
2614 3508 2888 3580 Quotquot
2908 3521 3087 3567 autem
3114 3526 3438 3586 receperunt
3459 3536 3612 3585 eum,
3641 3522 3779 3576 dedit
3798 3522 3859 3573 eis

2303 3609 2624 3670 potestatem
2666 3602 2804 3658 ﬁlios
2832 3603 2928 3659 Dei
2973 3604 3088 3659 ﬁeri
3123 3606 3305 3678 (Joan.
3336 3608 3399 3679 ι).
3441 3630 3460 3663 ι
3511 3610 3609 3666 Cui
3630 3627 3728 3682 per
3752 3612 3865 3665 Pna-

2302 3689 2518 3760 pbetam
2542 3690 2768 3745 dicitur:
2794 3710 2813 3743 ι
2830 3691 2990 3759 Audi,
3019 3694 3145 3760 ﬁlia,
3161 3704 3214 3749 et
3234 3697 3376 3762 vide,
3400 3708 3460 3753 et
3482 3699 3667 3755 inclina
3689 3716 3869 3753 aurem

2307 3787 2451 3833 tuam
2484 3777 2654 3851 (Psal.
2701 3785 2890 3852 van).
2924 3803 2943 3835 ι
2981 3782 3110 3851 Qua:
3136 3794 3279 3840 recte
3308 3801 3406 3857 per
3443 3788 3599 3842 ﬁdem
3620 3786 3867 3850 salvatur,

2304 3869 2450 3939 quia,
2506 3869 2648 3925 sicut
2702 3870 2964 3941 scriptum
3016 3880 3147 3928 est:
3187 3893 3205 3925 ι
3249 3873 3436 3932 Justus
3486 3892 3556 3931 ex
3604 3876 3705 3931 ﬁde
3756 3877 3865 3929 vivit

2305 3958 2448 4031 (Gal.
2474 3965 2577 4031 Ill),
2610 3980 2628 4014 ι
2658 3970 2713 4016 et
2742 3981 2760 4013 ι
2794 3963 2911 4017 sine
2943 3962 3044 4018 ﬁde
3075 3962 3401 4032 impossibile
3432 3975 3518 4020 est
3546 3966 3757 4038 placere
3773 3965 3864 4020 Deo

2305 4048 2491 4121 (Hebr.
2534 4052 2630 4121 tu).
2661 4070 2681 4104 ι
2713 4051 2862 4107 Unde
2906 4051 3162 4107 Dominus
3189 4054 3397 4109 mulieri
3422 4055 3745 4111 Chanaan-ae
3769 4056 3861 4109 ait:

2310 4161 2328 4194 ι
2363 4141 2407 4199 Ο
2439 4144 2649 4209 mulier,
2703 4159 2896 4213 magna
2927 4157 3012 4201 est
3051 4144 3186 4201 ﬁdes
3217 4155 3337 4212 tua,
3384 4144 3481 4201 ﬁat
3509 4148 3611 4202 tibi
3645 4150 3777 4203 sicut
3799 4149 3862 4200 vis

2305 4235 2518 4307 (Matth.
2548 4235 2660 4306 xv).
2700 4256 2718 4288 ι
2758 4235 3060 4292 Notandum
3095 4248 3275 4293 autem
3302 4238 3428 4308 quia
3456 4253 3586 4293 cum
3633 4239 3862 4295 Dominus

2304 4326 2370 4382 ad
2401 4326 2564 4381 ﬁliam
2587 4326 2999 4397 archisynagogi
3028 4328 3448 4384 resuscitandam
3476 4341 3754 4400 pergeret,
3776 4345 3857 4383 me

2306 4416 2405 4472 lier
2453 4417 2508 4471 in
2555 4416 2748 4471 itinere
2795 4425 2987 4471 sanata
3032 4419 3311 4488 est:quia
3355 4434 3480 4473 eum
3527 4420 3788 4476 Dominus
3810 4418 3859 4471 ad

2230 4476 2284 4539 Β
2309 4507 2645 4581 Synagogam
2678 4507 2970 4563 docendam
3008 4476 3236 4574 veniret,
3272 4509 3515 4564 Ecclesia
3548 4526 3621 4566 ex
3643 4513 3859 4584 gentibus

2305 4599 2572 4652 credendo
2600 4597 2915 4668 anticipavit
2949 4598 3206 4661 salutem,
3244 4599 3397 4668 juxta
3437 4600 3572 4655 illud
3614 4602 3860 4672 propheti-

2305 4706 2425 4745 cum
2457 4706 2471 4743 :
2513 4707 2531 4740 ‹
2568 4686 2838 4761 Ᾱίιιιίορία
2870 4690 3161 4760 praeveniet
3208 4707 3400 4747 manus
3428 4692 3547 4761 ejus
3576 4693 3690 4749 Deo
3714 4691 3858 4765 (Psel.

2308 4777 2530 4850 Lxxvn).
2563 4798 2580 4829 ι
2609 4778 2887 4851 Αῑιιιίορίει
2915 4781 3080 4846 enim,
3112 4795 3232 4851 qua:
3269 4781 3482 4852 nigrum
3518 4783 3697 4854 gignit
3723 4799 3859 4853 popu-

2305 4869 2435 4933 lum,
2467 4868 2759 4924 Ecelesiam
2788 4869 3057 4940 signiﬁcat
3079 4885 3145 4924 ex
3175 4872 3425 4942 gentibus
3448 4874 3737 4944 nigredine
3763 4888 3859 4943 per»-

2303 4969 2543 5016 catorum
2573 4970 2901 5031 coopertam.
2926 4959 3200 5031 IEthiopia
3222 4979 3349 5034 ergo
3372 4980 3567 5019 manus
3600 4967 3718 5036 ejus
3743 4980 3858 5034 ραι-

2300 5053 2497 5115 veniet,
2520 5051 2733 5121 quando
2755 5051 2991 5107 Ecclesia
3014 5068 3079 5107 ex
3105 5054 3373 5122 gentibus,
3392 5065 3517 5109 ante
3537 5055 3855 5127 Synagngam

2302 5141 2546 5196 credidit.
2578 5139 2799 5211 Oportet
2825 5149 3002 5194 autem
3027 5143 3371 5197 considerare
3398 5144 3522 5213 quia
3559 5144 3755 5199 mulier
3778 5157 3859 5197 mc

2303 5232 2356 5287 in
2386 5232 2563 5298 domo,
2588 5246 2685 5286 nec
2708 5230 2762 5284 in
2797 5232 2947 5297 urbe,
2975 5232 3227 5301 quoniam
3259 5234 3325 5288 ab
3353 5236 3483 5288 urbe
3515 5234 3677 5306 longe
3699 5234 3858 5289 exclu‘

2302 5322 2550 5389 debatur,
2573 5322 2667 5378 sed
2692 5318 2856 5378 in'via
2879 5323 2928 5379 ei
2957 5324 3195 5378 occurrit
3218 5338 3234 5377 :
3267 5326 3389 5394 quia
3416 5326 3634 5395 gentilis
3654 5327 3859 5396 populus

2303 5415 2502 5469 nullam
2530 5416 2888 5486 cognitionem
2920 5415 3032 5481 Dei,
3065 5416 3319 5488 neclegis
3352 5418 3597 5472 notitiam
3623 5420 3853 5480 habebat,

2301 5516 2356 5561 et
2388 5507 2509 5562 ideo
2534 5508 2684 5577 quasi
2716 5508 2891 5564 nudus
2919 5517 2973 5563 et
3008 5508 3379 5582 discoopertns
3417 5509 3646 5566 Domino
3680 5527 3851 5566 occur

2300 5597 2471 5653 rebat.
2489 5596 2684 5668 Sicque
2711 5614 2832 5654 cum
2852 5599 3112 5655 Dominus
3127 5599 3192 5654 ad
3215 5600 3443 5670 puellam
3468 5600 3742 5663 tendebat,
3760 5615 3858 5653 niu-

2298 5687 2398 5743 lier
2437 5688 2491 5742 in
2521 5688 2606 5742 via
2643 5700 2828 5743 sanata
2862 5698 2976 5743 est:
3016 5691 3137 5759 quia
3178 5691 3301 5746 dum
3332 5688 3638 5745 Judaaorum
3674 5690 3855 5760 populo
