  <div class='ocr_page' id='page_1' title='image "/cluster/home/n/w/nwhite01/storage/ocr_20150623/118/hvd.32044015466907/376.png"; bbox 0 0 4002 6348; ppageno 0'>
   <div class='ocr_carea' id='block_1_1' title="bbox 199 320 301 374">
    <p class='ocr_par' dir='ltr' id='par_1_1' title="bbox 199 320 301 374">
     <span class='ocr_line' id='line_1_1' title="bbox 199 320 301 374; baseline -0.01 0"><span class='ocrx_word' id='word_1_1' title='bbox 199 320 301 374; x_wconf 74' lang='lat' dir='ltr'><strong>7U</strong></span> 
     </span>
    </p>
   </div>
   <div class='ocr_carea' id='block_1_2' title="bbox 1432 278 2233 360">
    <p class='ocr_par' dir='ltr' id='par_1_2' title="bbox 1432 278 2233 360">
     <span class='ocr_line' id='line_1_2' title="bbox 1432 278 2233 360; baseline -0.01 -1"><span class='ocrx_word' id='word_1_2' title='bbox 1432 301 1735 360; x_wconf 65' lang='lat' dir='ltr'><strong>HOMlLlAi</strong></span> <span class='ocrx_word' id='word_1_3' title='bbox 1772 278 1859 356; x_wconf 74' lang='lat' dir='ltr'><strong>bs</strong></span> <span class='ocrx_word' id='word_1_4' title='bbox 1890 295 2233 355; x_wconf 78' lang='lat' dir='ltr'><strong>TEMPORE.</strong></span> 
     </span>
    </p>
   </div>
   <div class='ocr_carea' id='block_1_3' title="bbox 3362 294 3471 350">
    <p class='ocr_par' dir='ltr' id='par_1_3' title="bbox 3362 294 3471 350">
     <span class='ocr_line' id='line_1_3' title="bbox 3362 294 3471 350; baseline -0.018 0"><span class='ocrx_word' id='word_1_5' title='bbox 3362 294 3471 350; x_wconf 63' lang='lat'><strong>7-52</strong></span> 
     </span>
    </p>
   </div>
   <div class='ocr_carea' id='block_1_4' title="bbox 200 406 3529 499">
    <p class='ocr_par' dir='ltr' id='par_1_4' title="bbox 200 406 3529 499">
     <span class='ocr_line' id='line_1_4' title="bbox 200 406 3529 499; baseline -0.006 -18"><span class='ocrx_word' id='word_1_6' title='bbox 200 423 728 499; x_wconf 64' lang='lat' dir='ltr'><strong>prmdicabatJiJem</strong></span> <span class='ocrx_word' id='word_1_7' title='bbox 748 420 986 491; x_wconf 77' lang='lat' dir='ltr'><strong>gentium</strong></span> <span class='ocrx_word' id='word_1_8' title='bbox 1004 414 1637 488; x_wconf 86' lang='lat' dir='ltr'><strong>approbabat,sicutipse</strong></span> <span class='ocrx_word' id='word_1_9' title='bbox 1657 409 1785 465; x_wconf 87' lang='lat' dir='ltr'><strong>alibi</strong></span> <span class='ocrx_word' id='word_1_10' title='bbox 1813 418 1862 478; x_wconf 82' lang='grc' dir='ltr'>Α</span> <span class='ocrx_word' id='word_1_11' title='bbox 1891 407 2254 499; x_wconf 54' lang='lat' dir='ltr'><strong>(Matt/exn).</strong></span> <span class='ocrx_word' id='word_1_12' title='bbox 2289 426 2305 457; x_wconf 77' lang='grc' dir='ltr'><strong><em>ι</em></strong></span> <span class='ocrx_word' id='word_1_13' title='bbox 2342 406 2447 461; x_wconf 89' lang='lat' dir='ltr'><strong>Sed</strong></span> <span class='ocrx_word' id='word_1_14' title='bbox 2477 408 2740 478; x_wconf 60' lang='lat' dir='ltr'><strong>quaeritur</strong></span> <span class='ocrx_word' id='word_1_15' title='bbox 2766 422 2932 477; x_wconf 88' lang='lat' dir='ltr'><strong>quare</strong></span> <span class='ocrx_word' id='word_1_16' title='bbox 2958 406 3073 477; x_wconf 89' lang='lat' dir='ltr'><strong>ipse</strong></span> <span class='ocrx_word' id='word_1_17' title='bbox 3100 407 3360 463; x_wconf 90' lang='lat' dir='ltr'><strong>Dominus</strong></span> <span class='ocrx_word' id='word_1_18' title='bbox 3386 410 3467 463; x_wconf 86' lang='lat' dir='ltr'><strong>di-</strong></span> <span class='ocrx_word' id='word_1_19' title='bbox 3522 436 3529 448; x_wconf 92' lang='lat'><strong>-</strong></span> 
     </span>
    </p>
   </div>
   <div class='ocr_carea' id='block_1_5' title="bbox 202 504 1787 574">
    <p class='ocr_par' dir='ltr' id='par_1_5' title="bbox 202 504 1787 574">
     <span class='ocr_line' id='line_1_5' title="bbox 202 504 1787 574; baseline -0.011 -2"><span class='ocrx_word' id='word_1_20' title='bbox 202 519 277 574; x_wconf 88' lang='lat' dir='ltr'><strong>de</strong></span> <span class='ocrx_word' id='word_1_21' title='bbox 292 513 607 571; x_wconf 75' lang='lat' dir='ltr'><strong>centurione</strong></span> <span class='ocrx_word' id='word_1_22' title='bbox 620 513 695 566; x_wconf 90' lang='lat' dir='ltr'><strong>ait</strong></span> <span class='ocrx_word' id='word_1_23' title='bbox 711 528 753 565; x_wconf 72' lang='grc' dir='ltr'><strong>ει</strong></span> <span class='ocrx_word' id='word_1_24' title='bbox 764 512 932 564; x_wconf 80' lang='lat' dir='ltr'><strong>Amen</strong></span> <span class='ocrx_word' id='word_1_25' title='bbox 951 509 1071 563; x_wconf 88' lang='lat' dir='ltr'><strong>dico</strong></span> <span class='ocrx_word' id='word_1_26' title='bbox 1086 507 1256 573; x_wconf 91' lang='lat' dir='ltr'><strong>vobis,</strong></span> <span class='ocrx_word' id='word_1_27' title='bbox 1273 521 1378 561; x_wconf 93' lang='lat' dir='ltr'><strong>non</strong></span> <span class='ocrx_word' id='word_1_28' title='bbox 1392 504 1569 560; x_wconf 85' lang='lat' dir='ltr'><strong>inveni</strong></span> <span class='ocrx_word' id='word_1_29' title='bbox 1587 511 1787 558; x_wconf 87' lang='lat' dir='ltr'><strong>tantam</strong></span> 
     </span>
    </p>
   </div>
   <div class='ocr_carea' id='block_1_6' title="bbox 202 596 1789 673">
    <p class='ocr_par' dir='ltr' id='par_1_6' title="bbox 202 596 1789 673">
     <span class='ocr_line' id='line_1_6' title="bbox 202 596 1789 673; baseline -0.008 -13"><span class='ocrx_word' id='word_1_30' title='bbox 202 606 375 662; x_wconf 83' lang='lat' dir='ltr'><strong>ﬁdem</strong></span> <span class='ocrx_word' id='word_1_31' title='bbox 401 607 454 660; x_wconf 92' lang='lat' dir='ltr'><strong>in</strong></span> <span class='ocrx_word' id='word_1_32' title='bbox 474 604 638 661; x_wconf 77' lang='lat' dir='ltr'><strong>Israel</strong></span> <span class='ocrx_word' id='word_1_33' title='bbox 661 602 875 672; x_wconf 80' lang='lat' dir='ltr'><strong>(Matth.</strong></span> <span class='ocrx_word' id='word_1_34' title='bbox 892 600 1035 673; x_wconf 86' lang='lat' dir='ltr'><strong>vm).</strong></span> <span class='ocrx_word' id='word_1_35' title='bbox 1061 619 1078 652; x_wconf 79' lang='grc' dir='ltr'><strong><em>ι</em></strong></span> <span class='ocrx_word' id='word_1_36' title='bbox 1100 599 1251 656; x_wconf 88' lang='lat' dir='ltr'><strong>Unde</strong></span> <span class='ocrx_word' id='word_1_37' title='bbox 1271 608 1327 654; x_wconf 89' lang='lat' dir='ltr'><strong>et</strong></span> <span class='ocrx_word' id='word_1_38' title='bbox 1345 597 1571 669; x_wconf 78' lang='lat' dir='ltr'><strong>apostoli</strong></span> <span class='ocrx_word' id='word_1_39' title='bbox 1591 596 1789 652; x_wconf 62' lang='lat' dir='ltr'><strong>Iudaeis</strong></span> 
     </span>
    </p>
   </div>
   <div class='ocr_carea' id='block_1_7' title="bbox 203 684 1788 761">
    <p class='ocr_par' dir='ltr' id='par_1_7' title="bbox 203 684 1788 761">
     <span class='ocr_line' id='line_1_7' title="bbox 203 684 1788 761; baseline -0.008 -11"><span class='ocrx_word' id='word_1_40' title='bbox 203 694 499 750; x_wconf 81' lang='lat' dir='ltr'><strong>dixerunt:</strong></span> <span class='ocrx_word' id='word_1_41' title='bbox 534 713 552 744; x_wconf 74' lang='grc' dir='ltr'>ι</span> <span class='ocrx_word' id='word_1_42' title='bbox 589 693 751 749; x_wconf 81' lang='lat' dir='ltr'><strong>Vobis</strong></span> <span class='ocrx_word' id='word_1_43' title='bbox 798 692 1013 761; x_wconf 85' lang='lat' dir='ltr'><strong>quidem</strong></span> <span class='ocrx_word' id='word_1_44' title='bbox 1042 697 1353 760; x_wconf 72' lang='lat' dir='ltr'><strong>oportuerat</strong></span> <span class='ocrx_word' id='word_1_45' title='bbox 1384 688 1615 759; x_wconf 88' lang='lat' dir='ltr'><strong>primum</strong></span> <span class='ocrx_word' id='word_1_46' title='bbox 1644 684 1788 755; x_wconf 87' lang='lat' dir='ltr'><strong>loqui</strong></span> 
     </span>
    </p>
   </div>
   <div class='ocr_carea' id='block_1_8' title="bbox 202 777 1791 852">
    <p class='ocr_par' dir='ltr' id='par_1_8' title="bbox 202 777 1791 852">
     <span class='ocr_line' id='line_1_8' title="bbox 202 777 1791 852; baseline -0.006 -12"><span class='ocrx_word' id='word_1_47' title='bbox 202 787 437 842; x_wconf 78' lang='lat' dir='ltr'><strong>verbum</strong></span> <span class='ocrx_word' id='word_1_48' title='bbox 468 786 588 850; x_wconf 88' lang='lat' dir='ltr'><strong>Dei,</strong></span> <span class='ocrx_word' id='word_1_49' title='bbox 616 784 710 839; x_wconf 88' lang='lat' dir='ltr'><strong>sed</strong></span> <span class='ocrx_word' id='word_1_50' title='bbox 730 785 855 852; x_wconf 83' lang='lat' dir='ltr'><strong>quia</strong></span> <span class='ocrx_word' id='word_1_51' title='bbox 884 780 1140 851; x_wconf 86' lang='lat' dir='ltr'><strong>repellitis</strong></span> <span class='ocrx_word' id='word_1_52' title='bbox 1162 779 1315 844; x_wconf 92' lang='lat' dir='ltr'><strong>illud,</strong></span> <span class='ocrx_word' id='word_1_53' title='bbox 1337 786 1391 832; x_wconf 88' lang='lat' dir='ltr'><strong>et</strong></span> <span class='ocrx_word' id='word_1_54' title='bbox 1425 777 1671 847; x_wconf 86' lang='lat' dir='ltr'><strong>indignos</strong></span> <span class='ocrx_word' id='word_1_55' title='bbox 1696 790 1791 830; x_wconf 89' lang='lat' dir='ltr'><strong>vos</strong></span> 
     </span>
    </p>
   </div>
   <div class='ocr_carea' id='block_1_9' title="bbox 201 867 1787 947">
    <p class='ocr_par' dir='ltr' id='par_1_9' title="bbox 201 867 1787 947">
     <span class='ocr_line' id='line_1_9' title="bbox 201 867 1787 947; baseline -0.008 -15"><span class='ocrx_word' id='word_1_56' title='bbox 201 878 465 947; x_wconf 76' lang='lat' dir='ltr'><strong>iudicatis</strong></span> <span class='ocrx_word' id='word_1_57' title='bbox 475 886 689 933; x_wconf 76' lang='lat' dir='ltr'><strong>aeterna:</strong></span> <span class='ocrx_word' id='word_1_58' title='bbox 705 876 977 939; x_wconf 80' lang='lat' dir='ltr'><strong>viue,ecee</strong></span> <span class='ocrx_word' id='word_1_59' title='bbox 991 871 1355 928; x_wconf 83' lang='lat' dir='ltr'><strong>convertimur</strong></span> <span class='ocrx_word' id='word_1_60' title='bbox 1370 870 1434 924; x_wconf 92' lang='lat' dir='ltr'><strong>ad</strong></span> <span class='ocrx_word' id='word_1_61' title='bbox 1450 878 1636 939; x_wconf 80' lang='lat' dir='ltr'><strong>gentes</strong></span> <span class='ocrx_word' id='word_1_62' title='bbox 1652 867 1787 940; x_wconf 79' lang='lat' dir='ltr'><strong>(Act.</strong></span> 
     </span>
    </p>
   </div>
   <div class='ocr_carea' id='block_1_10' title="bbox 207 960 1794 1040">
    <p class='ocr_par' dir='ltr' id='par_1_10' title="bbox 207 960 1794 1040">
     <span class='ocr_line' id='line_1_10' title="bbox 207 960 1794 1040; baseline -0.008 -15"><span class='ocrx_word' id='word_1_63' title='bbox 207 971 360 1040; x_wconf 80' lang='lat' dir='ltr'><strong>xm).</strong></span> <span class='ocrx_word' id='word_1_64' title='bbox 390 990 409 1022; x_wconf 77' lang='grc' dir='ltr'><strong><em>ι</em></strong></span> <span class='ocrx_word' id='word_1_65' title='bbox 439 967 718 1023; x_wconf 79' lang='lat' dir='ltr'><strong>lllanifeste</strong></span> <span class='ocrx_word' id='word_1_66' title='bbox 745 967 907 1023; x_wconf 87' lang='lat' dir='ltr'><strong>etiam</strong></span> <span class='ocrx_word' id='word_1_67' title='bbox 932 964 1101 1036; x_wconf 83' lang='lat' dir='ltr'><strong>major</strong></span> <span class='ocrx_word' id='word_1_68' title='bbox 1126 962 1259 1017; x_wconf 77' lang='lat' dir='ltr'><strong>fides</strong></span> <span class='ocrx_word' id='word_1_69' title='bbox 1284 960 1525 1017; x_wconf 85' lang='lat' dir='ltr'><strong>mulieris</strong></span> <span class='ocrx_word' id='word_1_70' title='bbox 1547 972 1794 1030; x_wconf 87' lang='lat' dir='ltr'><strong>compro-</strong></span> 
     </span>
    </p>
   </div>
   <div class='ocr_carea' id='block_1_11' title="bbox 211 1051 1797 1129">
    <p class='ocr_par' dir='ltr' id='par_1_11' title="bbox 211 1051 1797 1129">
     <span class='ocr_line' id='line_1_11' title="bbox 211 1051 1797 1129; baseline -0.006 -15"><span class='ocrx_word' id='word_1_71' title='bbox 211 1060 402 1124; x_wconf 78' lang='lat' dir='ltr'><strong>batur,</strong></span> <span class='ocrx_word' id='word_1_72' title='bbox 421 1074 580 1129; x_wconf 88' lang='lat' dir='ltr'><strong>quam</strong></span> <span class='ocrx_word' id='word_1_73' title='bbox 603 1055 1015 1129; x_wconf 81' lang='lat' dir='ltr'><strong>archisynagogi</strong></span> <span class='ocrx_word' id='word_1_74' title='bbox 1047 1072 1060 1109; x_wconf 93' lang='lat'><strong>:</strong></span> <span class='ocrx_word' id='word_1_75' title='bbox 1091 1054 1343 1125; x_wconf 90' lang='lat' dir='ltr'><strong>quoniam</strong></span> <span class='ocrx_word' id='word_1_76' title='bbox 1372 1067 1493 1107; x_wconf 88' lang='lat' dir='ltr'><strong>cum</strong></span> <span class='ocrx_word' id='word_1_77' title='bbox 1520 1051 1797 1119; x_wconf 88' lang='lat' dir='ltr'><strong>archisyn-</strong></span> 
     </span>
    </p>
   </div>
   <div class='ocr_carea' id='block_1_12' title="bbox 216 1144 1796 1223">
    <p class='ocr_par' dir='ltr' id='par_1_12' title="bbox 216 1144 1796 1223">
     <span class='ocr_line' id='line_1_12' title="bbox 216 1144 1796 1223; baseline -0.008 -17"><span class='ocrx_word' id='word_1_78' title='bbox 216 1166 427 1223; x_wconf 83' lang='lat' dir='ltr'><strong>agogus</strong></span> <span class='ocrx_word' id='word_1_79' title='bbox 444 1150 730 1205; x_wconf 84' lang='lat' dir='ltr'><strong>Dominum</strong></span> <span class='ocrx_word' id='word_1_80' title='bbox 755 1147 822 1203; x_wconf 87' lang='lat' dir='ltr'><strong>ad</strong></span> <span class='ocrx_word' id='word_1_81' title='bbox 853 1148 1068 1204; x_wconf 88' lang='lat' dir='ltr'><strong>domum</strong></span> <span class='ocrx_word' id='word_1_82' title='bbox 1086 1161 1236 1202; x_wconf 90' lang='lat' dir='ltr'><strong>suam</strong></span> <span class='ocrx_word' id='word_1_83' title='bbox 1259 1144 1443 1199; x_wconf 88' lang='lat' dir='ltr'><strong>venire</strong></span> <span class='ocrx_word' id='word_1_84' title='bbox 1463 1148 1726 1213; x_wconf 77' lang='lat' dir='ltr'><strong>rogasset,</strong></span> <span class='ocrx_word' id='word_1_85' title='bbox 1740 1148 1796 1194; x_wconf 90' lang='lat' dir='ltr'><strong>et</strong></span> 
     </span>
    </p>
   </div>
   <div class='ocr_carea' id='block_1_13' title="bbox 218 1232 1793 1299">
    <p class='ocr_par' dir='ltr' id='par_1_13' title="bbox 218 1232 1793 1299">
     <span class='ocr_line' id='line_1_13' title="bbox 218 1232 1793 1299; baseline -0.005 -6"><span class='ocrx_word' id='word_1_86' title='bbox 218 1240 276 1294; x_wconf 91' lang='lat' dir='ltr'><strong>in</strong></span> <span class='ocrx_word' id='word_1_87' title='bbox 309 1240 502 1295; x_wconf 87' lang='lat' dir='ltr'><strong>itinere</strong></span> <span class='ocrx_word' id='word_1_88' title='bbox 521 1238 699 1297; x_wconf 85' lang='lat' dir='ltr'><strong>eundo</strong></span> <span class='ocrx_word' id='word_1_89' title='bbox 720 1237 803 1292; x_wconf 91' lang='lat' dir='ltr'><strong>vcl</strong></span> <span class='ocrx_word' id='word_1_90' title='bbox 832 1235 1107 1292; x_wconf 88' lang='lat' dir='ltr'><strong>redeundo</strong></span> <span class='ocrx_word' id='word_1_91' title='bbox 1132 1250 1253 1289; x_wconf 91' lang='lat' dir='ltr'><strong>eum</strong></span> <span class='ocrx_word' id='word_1_92' title='bbox 1276 1234 1524 1290; x_wconf 81' lang='lat' dir='ltr'><strong>laborare</strong></span> <span class='ocrx_word' id='word_1_93' title='bbox 1546 1232 1793 1299; x_wconf 83' lang='lat' dir='ltr'><strong>fecisset,</strong></span> 
     </span>
    </p>
   </div>
   <div class='ocr_carea' id='block_1_14' title="bbox 219 1327 1798 1404">
    <p class='ocr_par' dir='ltr' id='par_1_14' title="bbox 219 1327 1798 1404">
     <span class='ocr_line' id='line_1_14' title="bbox 219 1327 1798 1404; baseline -0.006 -15"><span class='ocrx_word' id='word_1_94' title='bbox 219 1332 420 1389; x_wconf 86' lang='lat' dir='ltr'><strong>mulier</strong></span> <span class='ocrx_word' id='word_1_95' title='bbox 458 1332 696 1404; x_wconf 80' lang='lat' dir='ltr'><strong>perfecte</strong></span> <span class='ocrx_word' id='word_1_96' title='bbox 742 1331 990 1395; x_wconf 83' lang='lat' dir='ltr'><strong>credens,</strong></span> <span class='ocrx_word' id='word_1_97' title='bbox 1035 1329 1169 1384; x_wconf 86' lang='lat' dir='ltr'><strong>nihil</strong></span> <span class='ocrx_word' id='word_1_98' title='bbox 1204 1344 1331 1384; x_wconf 92' lang='lat' dir='ltr'><strong>eum</strong></span> <span class='ocrx_word' id='word_1_99' title='bbox 1359 1328 1607 1384; x_wconf 84' lang='lat' dir='ltr'><strong>laborare</strong></span> <span class='ocrx_word' id='word_1_100' title='bbox 1636 1327 1798 1396; x_wconf 86' lang='lat' dir='ltr'><strong>fecit,</strong></span> 
     </span>
    </p>
   </div>
   <div class='ocr_carea' id='block_1_15' title="bbox 217 1420 1798 1491">
    <p class='ocr_par' dir='ltr' id='par_1_15' title="bbox 217 1420 1798 1491">
     <span class='ocr_line' id='line_1_15' title="bbox 217 1420 1798 1491; baseline -0.004 -13"><span class='ocrx_word' id='word_1_101' title='bbox 217 1425 318 1478; x_wconf 86' lang='lat' dir='ltr'><strong>sed</strong></span> <span class='ocrx_word' id='word_1_102' title='bbox 336 1432 540 1479; x_wconf 85' lang='lat' dir='ltr'><strong>tantum</strong></span> <span class='ocrx_word' id='word_1_103' title='bbox 557 1422 822 1479; x_wconf 80' lang='lat' dir='ltr'><strong>fimbriam</strong></span> <span class='ocrx_word' id='word_1_104' title='bbox 846 1422 1148 1477; x_wconf 83' lang='lat' dir='ltr'><strong>vestimenti</strong></span> <span class='ocrx_word' id='word_1_105' title='bbox 1173 1422 1363 1491; x_wconf 89' lang='lat' dir='ltr'><strong>tetigit.</strong></span> <span class='ocrx_word' id='word_1_106' title='bbox 1390 1420 1495 1477; x_wconf 87' lang='lat' dir='ltr'><strong>Sed</strong></span> <span class='ocrx_word' id='word_1_107' title='bbox 1514 1429 1798 1490; x_wconf 90' lang='lat' dir='ltr'><strong>postquam</strong></span> 
     </span>
    </p>
   </div>
   <div class='ocr_carea' id='block_1_16' title="bbox 219 1510 1803 1577">
    <p class='ocr_par' dir='ltr' id='par_1_16' title="bbox 219 1510 1803 1577">
     <span class='ocr_line' id='line_1_16' title="bbox 219 1510 1803 1577; baseline -0.003 -8"><span class='ocrx_word' id='word_1_108' title='bbox 219 1514 483 1569; x_wconf 87' lang='lat' dir='ltr'><strong>Dominus</strong></span> <span class='ocrx_word' id='word_1_109' title='bbox 523 1513 800 1569; x_wconf 84' lang='lat' dir='ltr'><strong>mulierem</strong></span> <span class='ocrx_word' id='word_1_110' title='bbox 836 1513 890 1567; x_wconf 91' lang='lat' dir='ltr'><strong>in</strong></span> <span class='ocrx_word' id='word_1_111' title='bbox 930 1513 1122 1567; x_wconf 88' lang='lat' dir='ltr'><strong>itinere</strong></span> <span class='ocrx_word' id='word_1_112' title='bbox 1147 1513 1385 1577; x_wconf 79' lang='lat' dir='ltr'><strong>curavit,</strong></span> <span class='ocrx_word' id='word_1_113' title='bbox 1433 1511 1596 1566; x_wconf 80' lang='lat' dir='ltr'><strong>filiam</strong></span> <span class='ocrx_word' id='word_1_114' title='bbox 1623 1510 1803 1567; x_wconf 89' lang='lat' dir='ltr'><strong>archi-</strong></span> 
     </span>
    </p>
   </div>
   <div class='ocr_carea' id='block_1_17' title="bbox 221 1602 1800 1678">
    <p class='ocr_par' dir='ltr' id='par_1_17' title="bbox 221 1602 1800 1678">
     <span class='ocr_line' id='line_1_17' title="bbox 221 1602 1800 1678; baseline -0.002 -19"><span class='ocrx_word' id='word_1_115' title='bbox 221 1606 484 1678; x_wconf 84' lang='lat' dir='ltr'><strong>synagogi</strong></span> <span class='ocrx_word' id='word_1_116' title='bbox 533 1606 586 1661; x_wconf 88' lang='lat' dir='ltr'><strong>in</strong></span> <span class='ocrx_word' id='word_1_117' title='bbox 635 1606 795 1660; x_wconf 90' lang='lat' dir='ltr'><strong>domo</strong></span> <span class='ocrx_word' id='word_1_118' title='bbox 838 1605 1183 1660; x_wconf 88' lang='lat' dir='ltr'><strong>resuscitavit</strong></span> <span class='ocrx_word' id='word_1_119' title='bbox 1223 1619 1239 1658; x_wconf 91' lang='lat'><strong>:</strong></span> <span class='ocrx_word' id='word_1_120' title='bbox 1275 1605 1400 1674; x_wconf 87' lang='lat' dir='ltr'><strong>quia</strong></span> <span class='ocrx_word' id='word_1_121' title='bbox 1447 1603 1592 1658; x_wconf 91' lang='lat' dir='ltr'><strong>circa</strong></span> <span class='ocrx_word' id='word_1_122' title='bbox 1641 1602 1800 1657; x_wconf 88' lang='lat' dir='ltr'><strong>finem</strong></span> 
     </span>
    </p>
   </div>
   <div class='ocr_carea' id='block_1_18' title="bbox 221 1695 1801 1769">
    <p class='ocr_par' dir='ltr' id='par_1_18' title="bbox 221 1695 1801 1769">
     <span class='ocr_line' id='line_1_18' title="bbox 221 1695 1801 1769; baseline -0.002 -16"><span class='ocrx_word' id='word_1_123' title='bbox 221 1697 406 1753; x_wconf 64' lang='lat' dir='ltr'><strong>saeculi</strong></span> <span class='ocrx_word' id='word_1_124' title='bbox 436 1697 714 1769; x_wconf 84' lang='lat' dir='ltr'><strong>Synagoga</strong></span> <span class='ocrx_word' id='word_1_125' title='bbox 754 1698 1025 1753; x_wconf 87' lang='lat' dir='ltr'><strong>creditura</strong></span> <span class='ocrx_word' id='word_1_126' title='bbox 1060 1704 1178 1762; x_wconf 83' lang='lat' dir='ltr'><strong>est,</strong></span> <span class='ocrx_word' id='word_1_127' title='bbox 1211 1695 1365 1765; x_wconf 76' lang='lat' dir='ltr'><strong>juxta</strong></span> <span class='ocrx_word' id='word_1_128' title='bbox 1391 1696 1522 1752; x_wconf 90' lang='lat' dir='ltr'><strong>illud</strong></span> <span class='ocrx_word' id='word_1_129' title='bbox 1560 1695 1801 1766; x_wconf 85' lang='lat' dir='ltr'><strong>Apostoli</strong></span> 
     </span>
    </p>
   </div>
   <div class='ocr_carea' id='block_1_19' title="bbox 1888 497 3467 568">
    <p class='ocr_par' dir='ltr' id='par_1_19' title="bbox 1888 497 3467 568">
     <span class='ocr_line' id='line_1_19' title="bbox 1888 497 3467 568; baseline -0.003 -13"><span class='ocrx_word' id='word_1_130' title='bbox 1888 508 2005 555; x_wconf 88' lang='lat' dir='ltr'><strong>cat:</strong></span> <span class='ocrx_word' id='word_1_131' title='bbox 2036 518 2052 548; x_wconf 76' lang='grc' dir='ltr'>ι</span> <span class='ocrx_word' id='word_1_132' title='bbox 2090 497 2202 553; x_wconf 78' lang='lat' dir='ltr'><strong>Non</strong></span> <span class='ocrx_word' id='word_1_133' title='bbox 2223 506 2305 553; x_wconf 87' lang='lat' dir='ltr'><strong>est</strong></span> <span class='ocrx_word' id='word_1_134' title='bbox 2329 499 2489 553; x_wconf 88' lang='lat' dir='ltr'><strong>arbor</strong></span> <span class='ocrx_word' id='word_1_135' title='bbox 2510 498 2650 553; x_wconf 90' lang='lat' dir='ltr'><strong>bona</strong></span> <span class='ocrx_word' id='word_1_136' title='bbox 2677 515 2794 568; x_wconf 81' lang='lat' dir='ltr'><strong>quae</strong></span> <span class='ocrx_word' id='word_1_137' title='bbox 2824 497 2954 552; x_wconf 84' lang='lat' dir='ltr'><strong>facit</strong></span> <span class='ocrx_word' id='word_1_138' title='bbox 2978 497 3211 552; x_wconf 88' lang='lat' dir='ltr'><strong>fructum</strong></span> <span class='ocrx_word' id='word_1_139' title='bbox 3239 497 3467 563; x_wconf 89' lang='lat' dir='ltr'><strong>malum,</strong></span> 
     </span>
    </p>
   </div>
   <div class='ocr_carea' id='block_1_20' title="bbox 1888 587 3465 659">
    <p class='ocr_par' dir='ltr' id='par_1_20' title="bbox 1888 587 3465 659">
     <span class='ocr_line' id='line_1_20' title="bbox 1888 587 3465 659; baseline -0.003 -14"><span class='ocrx_word' id='word_1_140' title='bbox 1888 605 2062 659; x_wconf 89' lang='lat' dir='ltr'><strong>neque</strong></span> <span class='ocrx_word' id='word_1_141' title='bbox 2107 590 2269 644; x_wconf 87' lang='lat' dir='ltr'><strong>arbor</strong></span> <span class='ocrx_word' id='word_1_142' title='bbox 2316 587 2454 643; x_wconf 88' lang='lat' dir='ltr'><strong>mala</strong></span> <span class='ocrx_word' id='word_1_143' title='bbox 2504 587 2705 644; x_wconf 88' lang='lat' dir='ltr'><strong>faciens</strong></span> <span class='ocrx_word' id='word_1_144' title='bbox 2734 587 2968 643; x_wconf 84' lang='lat' dir='ltr'><strong>fructum</strong></span> <span class='ocrx_word' id='word_1_145' title='bbox 3021 588 3250 652; x_wconf 86' lang='lat' dir='ltr'><strong>bonum,</strong></span> <span class='ocrx_word' id='word_1_146' title='bbox 3287 606 3306 639; x_wconf 76' lang='grc' dir='ltr'><strong><em>ι</em></strong></span> <span class='ocrx_word' id='word_1_147' title='bbox 3340 602 3465 642; x_wconf 90' lang='lat' dir='ltr'><strong>cum</strong></span> 
     </span>
    </p>
   </div>
   <div class='ocr_carea' id='block_1_21' title="bbox 1889 677 3471 749">
    <p class='ocr_par' dir='ltr' id='par_1_21' title="bbox 1889 677 3471 749">
     <span class='ocr_line' id='line_1_21' title="bbox 1889 677 3471 749; baseline 0 -17"><span class='ocrx_word' id='word_1_148' title='bbox 1889 680 2118 749; x_wconf 77' lang='lat' dir='ltr'><strong>legimus</strong></span> <span class='ocrx_word' id='word_1_149' title='bbox 2146 679 2364 735; x_wconf 89' lang='lat' dir='ltr'><strong>Petrum</strong></span> <span class='ocrx_word' id='word_1_150' title='bbox 2388 678 2720 749; x_wconf 90' lang='lat' dir='ltr'><strong>apostolum,</strong></span> <span class='ocrx_word' id='word_1_151' title='bbox 2750 678 2997 733; x_wconf 85' lang='lat' dir='ltr'><strong>arborem</strong></span> <span class='ocrx_word' id='word_1_152' title='bbox 3036 678 3220 747; x_wconf 89' lang='lat' dir='ltr'><strong>utique</strong></span> <span class='ocrx_word' id='word_1_153' title='bbox 3269 677 3471 732; x_wconf 88' lang='lat' dir='ltr'><strong>bonam</strong></span> 
     </span>
    </p>
   </div>
   <div class='ocr_carea' id='block_1_22' title="bbox 1890 768 3475 839">
    <p class='ocr_par' dir='ltr' id='par_1_22' title="bbox 1890 768 3475 839">
     <span class='ocr_line' id='line_1_22' title="bbox 1890 768 3475 839; baseline -0.002 -12"><span class='ocrx_word' id='word_1_154' title='bbox 1890 771 2090 827; x_wconf 90' lang='lat' dir='ltr'><strong>malum</strong></span> <span class='ocrx_word' id='word_1_155' title='bbox 2138 770 2373 827; x_wconf 88' lang='lat' dir='ltr'><strong>fructum</strong></span> <span class='ocrx_word' id='word_1_156' title='bbox 2424 768 2651 834; x_wconf 84' lang='lat' dir='ltr'><strong>fecisse,</strong></span> <span class='ocrx_word' id='word_1_157' title='bbox 2694 771 2907 839; x_wconf 90' lang='lat' dir='ltr'><strong>quando</strong></span> <span class='ocrx_word' id='word_1_158' title='bbox 2957 768 3125 824; x_wconf 88' lang='lat' dir='ltr'><strong>Deum</strong></span> <span class='ocrx_word' id='word_1_159' title='bbox 3174 770 3387 838; x_wconf 81' lang='lat' dir='ltr'><strong>negavit</strong></span> <span class='ocrx_word' id='word_1_160' title='bbox 3416 778 3475 824; x_wconf 89' lang='lat' dir='ltr'><strong>et</strong></span> 
     </span>
    </p>
   </div>
   <div class='ocr_carea' id='block_1_23' title="bbox 1891 858 3477 932">
    <p class='ocr_par' dir='ltr' id='par_1_23' title="bbox 1891 858 3477 932">
     <span class='ocr_line' id='line_1_23' title="bbox 1891 858 3477 932; baseline 0.001 -16"><span class='ocrx_word' id='word_1_161' title='bbox 1891 861 2241 932; x_wconf 76' lang='lat' dir='ltr'><strong>magistrum:</strong></span> <span class='ocrx_word' id='word_1_162' title='bbox 2261 870 2310 915; x_wconf 93' lang='lat' dir='ltr'><strong>ct</strong></span> <span class='ocrx_word' id='word_1_163' title='bbox 2322 901 2336 926; x_wconf 92' lang='lat'><strong>,</strong></span> <span class='ocrx_word' id='word_1_164' title='bbox 2355 876 2385 917; x_wconf 92' lang='lat' dir='ltr'><strong>e</strong></span> <span class='ocrx_word' id='word_1_165' title='bbox 2397 868 2608 926; x_wconf 86' lang='lat' dir='ltr'><strong>contra,</strong></span> <span class='ocrx_word' id='word_1_166' title='bbox 2625 858 2650 914; x_wconf 86' lang='lat' dir='ltr'><strong>J</strong></span> <span class='ocrx_word' id='word_1_167' title='bbox 2659 861 2816 914; x_wconf 88' lang='lat' dir='ltr'><strong>udam</strong></span> <span class='ocrx_word' id='word_1_168' title='bbox 2832 861 3076 916; x_wconf 88' lang='lat' dir='ltr'><strong>arborem</strong></span> <span class='ocrx_word' id='word_1_169' title='bbox 3094 860 3290 915; x_wconf 79' lang='lat' dir='ltr'><strong>malam</strong></span> <span class='ocrx_word' id='word_1_170' title='bbox 3307 861 3477 917; x_wconf 88' lang='lat' dir='ltr'><strong>fuisse</strong></span> 
     </span>
    </p>
   </div>
   <div class='ocr_carea' id='block_1_24' title="bbox 1891 948 3476 1019">
    <p class='ocr_par' dir='ltr' id='par_1_24' title="bbox 1891 948 3476 1019">
     <span class='ocr_line' id='line_1_24' title="bbox 1891 948 3476 1019; baseline -0.001 -13"><span class='ocrx_word' id='word_1_171' title='bbox 1891 966 2051 1007; x_wconf 88' lang='lat' dir='ltr'><strong>nemo</strong></span> <span class='ocrx_word' id='word_1_172' title='bbox 2080 951 2310 1016; x_wconf 84' lang='lat' dir='ltr'><strong>dubitat,</strong></span> <span class='ocrx_word' id='word_1_173' title='bbox 2336 960 2389 1007; x_wconf 93' lang='lat' dir='ltr'><strong>et</strong></span> <span class='ocrx_word' id='word_1_174' title='bbox 2421 958 2598 1005; x_wconf 86' lang='lat' dir='ltr'><strong>tamen</strong></span> <span class='ocrx_word' id='word_1_175' title='bbox 2629 948 2862 1005; x_wconf 89' lang='lat' dir='ltr'><strong>fructum</strong></span> <span class='ocrx_word' id='word_1_176' title='bbox 2891 950 3088 1004; x_wconf 90' lang='lat' dir='ltr'><strong>bonum</strong></span> <span class='ocrx_word' id='word_1_177' title='bbox 3114 949 3242 1005; x_wconf 90' lang='lat' dir='ltr'><strong>fecit</strong></span> <span class='ocrx_word' id='word_1_178' title='bbox 3261 951 3476 1019; x_wconf 80' lang='lat' dir='ltr'><strong>quando</strong></span> 
     </span>
    </p>
   </div>
   <div class='ocr_carea' id='block_1_25' title="bbox 1893 1039 3477 1110">
    <p class='ocr_par' dir='ltr' id='par_1_25' title="bbox 1893 1039 3477 1110">
     <span class='ocr_line' id='line_1_25' title="bbox 1893 1039 3477 1110; baseline -0.001 -14"><span class='ocrx_word' id='word_1_179' title='bbox 1893 1056 2015 1096; x_wconf 71' lang='lat' dir='ltr'><strong>cuzn</strong></span> <span class='ocrx_word' id='word_1_180' title='bbox 2063 1040 2273 1096; x_wconf 66' lang='lat' dir='ltr'><strong>caeteris</strong></span> <span class='ocrx_word' id='word_1_181' title='bbox 2319 1039 2596 1110; x_wconf 82' lang='lat' dir='ltr'><strong>discipulis</strong></span> <span class='ocrx_word' id='word_1_182' title='bbox 2640 1039 2925 1094; x_wconf 89' lang='lat' dir='ltr'><strong>Dominum</strong></span> <span class='ocrx_word' id='word_1_183' title='bbox 2978 1049 3195 1095; x_wconf 90' lang='lat' dir='ltr'><strong>secutus</strong></span> <span class='ocrx_word' id='word_1_184' title='bbox 3237 1040 3356 1095; x_wconf 86' lang='lat' dir='ltr'><strong>est?</strong></span> <span class='ocrx_word' id='word_1_185' title='bbox 3394 1040 3477 1094; x_wconf 85' lang='lat' dir='ltr'><strong>Ad</strong></span> 
     </span>
    </p>
   </div>
   <div class='ocr_carea' id='block_1_26' title="bbox 1894 1131 3478 1203">
    <p class='ocr_par' dir='ltr' id='par_1_26' title="bbox 1894 1131 3478 1203">
     <span class='ocr_line' id='line_1_26' title="bbox 1894 1131 3478 1203; baseline 0.003 -18"><span class='ocrx_word' id='word_1_186' title='bbox 1894 1133 2038 1203; x_wconf 89' lang='lat' dir='ltr'><strong>quod</strong></span> <span class='ocrx_word' id='word_1_187' title='bbox 2070 1132 2527 1203; x_wconf 87' lang='lat' dir='ltr'><strong>respondendum,</strong></span> <span class='ocrx_word' id='word_1_188' title='bbox 2553 1132 2681 1202; x_wconf 90' lang='lat' dir='ltr'><strong>quia</strong></span> <span class='ocrx_word' id='word_1_189' title='bbox 2711 1131 2893 1186; x_wconf 90' lang='lat' dir='ltr'><strong>tandiu</strong></span> <span class='ocrx_word' id='word_1_190' title='bbox 2918 1131 3063 1187; x_wconf 85' lang='lat' dir='ltr'><strong>bona</strong></span> <span class='ocrx_word' id='word_1_191' title='bbox 3089 1134 3274 1200; x_wconf 89' lang='lat' dir='ltr'><strong>arbor,</strong></span> <span class='ocrx_word' id='word_1_192' title='bbox 3310 1133 3363 1189; x_wconf 91' lang='lat' dir='ltr'><strong>id</strong></span> <span class='ocrx_word' id='word_1_193' title='bbox 3394 1143 3478 1189; x_wconf 89' lang='lat' dir='ltr'><strong>est</strong></span> 
     </span>
    </p>
   </div>
   <div class='ocr_carea' id='block_1_27' title="bbox 1894 1224 3477 1295">
    <p class='ocr_par' dir='ltr' id='par_1_27' title="bbox 1894 1224 3477 1295">
     <span class='ocr_line' id='line_1_27' title="bbox 1894 1224 3477 1295; baseline 0.001 -15"><span class='ocrx_word' id='word_1_194' title='bbox 1894 1226 2068 1281; x_wconf 85' lang='lat' dir='ltr'><strong>bonus</strong></span> <span class='ocrx_word' id='word_1_195' title='bbox 2114 1226 2310 1291; x_wconf 85' lang='lat' dir='ltr'><strong>homo,</strong></span> <span class='ocrx_word' id='word_1_196' title='bbox 2344 1225 2515 1282; x_wconf 89' lang='lat' dir='ltr'><strong>bonos</strong></span> <span class='ocrx_word' id='word_1_197' title='bbox 2558 1224 2769 1280; x_wconf 86' lang='lat' dir='ltr'><strong>fructus</strong></span> <span class='ocrx_word' id='word_1_198' title='bbox 2794 1224 2954 1291; x_wconf 88' lang='lat' dir='ltr'><strong>facit,</strong></span> <span class='ocrx_word' id='word_1_199' title='bbox 2987 1227 3224 1295; x_wconf 90' lang='lat' dir='ltr'><strong>quandiu</strong></span> <span class='ocrx_word' id='word_1_200' title='bbox 3252 1228 3306 1283; x_wconf 92' lang='lat' dir='ltr'><strong>in</strong></span> <span class='ocrx_word' id='word_1_201' title='bbox 3338 1228 3477 1283; x_wconf 89' lang='lat' dir='ltr'><strong>bona</strong></span> 
     </span>
    </p>
   </div>
   <div class='ocr_carea' id='block_1_28' title="bbox 1897 1315 3481 1387">
    <p class='ocr_par' dir='ltr' id='par_1_28' title="bbox 1897 1315 3481 1387">
     <span class='ocr_line' id='line_1_28' title="bbox 1897 1315 3481 1387; baseline -0.001 -14"><span class='ocrx_word' id='word_1_202' title='bbox 1897 1317 2197 1381; x_wconf 83' lang='lat' dir='ltr'><strong>intentione</strong></span> <span class='ocrx_word' id='word_1_203' title='bbox 2239 1323 2554 1387; x_wconf 89' lang='lat' dir='ltr'><strong>perseverat</strong></span> <span class='ocrx_word' id='word_1_204' title='bbox 2580 1330 2595 1370; x_wconf 88' lang='lat'><strong>:</strong></span> <span class='ocrx_word' id='word_1_205' title='bbox 2618 1323 2677 1371; x_wconf 90' lang='lat' dir='ltr'><strong>et</strong></span> <span class='ocrx_word' id='word_1_206' title='bbox 2702 1315 2845 1371; x_wconf 86' lang='lat' dir='ltr'><strong>mala</strong></span> <span class='ocrx_word' id='word_1_207' title='bbox 2890 1315 3052 1372; x_wconf 89' lang='lat' dir='ltr'><strong>arbor</strong></span> <span class='ocrx_word' id='word_1_208' title='bbox 3089 1317 3271 1371; x_wconf 88' lang='lat' dir='ltr'><strong>tandiu</strong></span> <span class='ocrx_word' id='word_1_209' title='bbox 3308 1318 3481 1372; x_wconf 89' lang='lat' dir='ltr'><strong>malos</strong></span> 
     </span>
    </p>
   </div>
   <div class='ocr_carea' id='block_1_29' title="bbox 1896 1405 3482 1477">
    <p class='ocr_par' dir='ltr' id='par_1_29' title="bbox 1896 1405 3482 1477">
     <span class='ocr_line' id='line_1_29' title="bbox 1896 1405 3482 1477; baseline 0.001 -16"><span class='ocrx_word' id='word_1_210' title='bbox 1896 1406 2106 1462; x_wconf 91' lang='lat' dir='ltr'><strong>fructus</strong></span> <span class='ocrx_word' id='word_1_211' title='bbox 2132 1406 2283 1473; x_wconf 88' lang='lat' dir='ltr'><strong>facit,</strong></span> <span class='ocrx_word' id='word_1_212' title='bbox 2311 1406 2549 1477; x_wconf 90' lang='lat' dir='ltr'><strong>quandiu</strong></span> <span class='ocrx_word' id='word_1_213' title='bbox 2577 1405 2716 1465; x_wconf 84' lang='lat' dir='ltr'><strong>mala</strong></span> <span class='ocrx_word' id='word_1_214' title='bbox 2747 1406 2975 1461; x_wconf 89' lang='lat' dir='ltr'><strong>intentio</strong></span> <span class='ocrx_word' id='word_1_215' title='bbox 3019 1406 3297 1476; x_wconf 89' lang='lat' dir='ltr'><strong>perdurat.</strong></span> <span class='ocrx_word' id='word_1_216' title='bbox 3326 1407 3482 1462; x_wconf 88' lang='lat' dir='ltr'><strong>Sicut</strong></span> 
     </span>
    </p>
   </div>
   <div class='ocr_carea' id='block_1_30' title="bbox 1898 1496 3482 1569">
    <p class='ocr_par' dir='ltr' id='par_1_30' title="bbox 1898 1496 3482 1569">
     <span class='ocr_line' id='line_1_30' title="bbox 1898 1496 3482 1569; baseline -0.001 -15"><span class='ocrx_word' id='word_1_217' title='bbox 1898 1499 2043 1554; x_wconf 88' lang='lat' dir='ltr'><strong>enim</strong></span> <span class='ocrx_word' id='word_1_218' title='bbox 2063 1514 2129 1553; x_wconf 85' lang='lat' dir='ltr'><strong>ex</strong></span> <span class='ocrx_word' id='word_1_219' title='bbox 2148 1498 2330 1554; x_wconf 89' lang='lat' dir='ltr'><strong>radice</strong></span> <span class='ocrx_word' id='word_1_220' title='bbox 2352 1497 2564 1554; x_wconf 89' lang='lat' dir='ltr'><strong>arboris</strong></span> <span class='ocrx_word' id='word_1_221' title='bbox 2592 1497 2833 1569; x_wconf 89' lang='lat' dir='ltr'><strong>procedit</strong></span> <span class='ocrx_word' id='word_1_222' title='bbox 2856 1496 3085 1561; x_wconf 89' lang='lat' dir='ltr'><strong>fructus,</strong></span> <span class='ocrx_word' id='word_1_223' title='bbox 3115 1498 3185 1551; x_wconf 89' lang='lat' dir='ltr'><strong>ita</strong></span> <span class='ocrx_word' id='word_1_224' title='bbox 3212 1512 3279 1551; x_wconf 76' lang='lat' dir='ltr'><strong>ex</strong></span> <span class='ocrx_word' id='word_1_225' title='bbox 3299 1498 3482 1553; x_wconf 89' lang='lat' dir='ltr'><strong>radice</strong></span> 
     </span>
    </p>
   </div>
   <div class='ocr_carea' id='block_1_31' title="bbox 1902 1585 3485 1659">
    <p class='ocr_par' dir='ltr' id='par_1_31' title="bbox 1902 1585 3485 1659">
     <span class='ocr_line' id='line_1_31' title="bbox 1902 1585 3485 1659; baseline 0.001 -17"><span class='ocrx_word' id='word_1_226' title='bbox 1902 1587 2245 1654; x_wconf 84' lang='lat' dir='ltr'><strong>intentionis,</strong></span> <span class='ocrx_word' id='word_1_227' title='bbox 2290 1585 2497 1643; x_wconf 86' lang='lat' dir='ltr'><strong>fructus</strong></span> <span class='ocrx_word' id='word_1_228' title='bbox 2522 1588 2884 1659; x_wconf 87' lang='lat' dir='ltr'><strong>operationis,</strong></span> <span class='ocrx_word' id='word_1_229' title='bbox 2916 1596 2972 1643; x_wconf 89' lang='lat' dir='ltr'><strong>et</strong></span> <span class='ocrx_word' id='word_1_230' title='bbox 3002 1588 3123 1643; x_wconf 92' lang='lat' dir='ltr'><strong>ideo</strong></span> <span class='ocrx_word' id='word_1_231' title='bbox 3151 1603 3371 1643; x_wconf 88' lang='lat' dir='ltr'><strong>necesse</strong></span> <span class='ocrx_word' id='word_1_232' title='bbox 3398 1597 3485 1644; x_wconf 91' lang='lat' dir='ltr'><strong>est</strong></span> 
     </span>
    </p>
   </div>
   <div class='ocr_carea' id='block_1_32' title="bbox 1903 1676 3486 1750">
    <p class='ocr_par' dir='ltr' id='par_1_32' title="bbox 1903 1676 3486 1750">
     <span class='ocr_line' id='line_1_32' title="bbox 1903 1676 3486 1750; baseline -0.001 -15"><span class='ocrx_word' id='word_1_233' title='bbox 1903 1685 1962 1735; x_wconf 90' lang='lat' dir='ltr'><strong>ut</strong></span> <span class='ocrx_word' id='word_1_234' title='bbox 2006 1678 2180 1747; x_wconf 84' lang='lat' dir='ltr'><strong>qualis</strong></span> <span class='ocrx_word' id='word_1_235' title='bbox 2222 1676 2388 1734; x_wconf 80' lang='lat' dir='ltr'><strong>fuerit</strong></span> <span class='ocrx_word' id='word_1_236' title='bbox 2435 1678 2686 1745; x_wconf 88' lang='lat' dir='ltr'><strong>intentio,</strong></span> <span class='ocrx_word' id='word_1_237' title='bbox 2720 1678 2880 1735; x_wconf 87' lang='lat' dir='ltr'><strong>talem</strong></span> <span class='ocrx_word' id='word_1_238' title='bbox 2933 1678 3170 1750; x_wconf 86' lang='lat' dir='ltr'><strong>proferat</strong></span> <span class='ocrx_word' id='word_1_239' title='bbox 3211 1678 3486 1745; x_wconf 90' lang='lat' dir='ltr'><strong>fructum,</strong></span> 
     </span>
    </p>
   </div>
   <div class='ocr_carea' id='block_1_33' title="bbox 221 1770 3491 1859">
    <p class='ocr_par' dir='ltr' id='par_1_33' title="bbox 221 1770 3491 1859">
     <span class='ocr_line' id='line_1_33' title="bbox 221 1770 3491 1859; baseline -0.002 -29"><span class='ocrx_word' id='word_1_240' title='bbox 221 1787 399 1858; x_wconf 69' lang='lat' dir='ltr'><strong>(nam,</strong></span> <span class='ocrx_word' id='word_1_241' title='bbox 431 1788 510 1859; x_wconf 64' lang='grc' dir='ltr'><strong>ιι)</strong></span> <span class='ocrx_word' id='word_1_242' title='bbox 536 1805 550 1842; x_wconf 71' lang='grc' dir='ltr'>ε</span> <span class='ocrx_word' id='word_1_243' title='bbox 574 1788 711 1844; x_wconf 75' lang='lat' dir='ltr'><strong>Cum</strong></span> <span class='ocrx_word' id='word_1_244' title='bbox 747 1807 767 1838; x_wconf 68' lang='grc' dir='ltr'><strong>ς</strong></span> <span class='ocrx_word' id='word_1_245' title='bbox 801 1787 1080 1857; x_wconf 69' lang='grc' dir='ltr'><strong>ριεηῖιυάο</strong></span> <span class='ocrx_word' id='word_1_246' title='bbox 1108 1788 1349 1858; x_wconf 57' lang='lat' dir='ltr'><strong>gentium</strong></span> <span class='ocrx_word' id='word_1_247' title='bbox 1379 1778 1797 1852; x_wconf 55' lang='lat' dir='ltr'><strong>summ-avem,</strong></span> <span class='ocrx_word' id='word_1_248' title='bbox 1832 1782 1875 1842; x_wconf 77' lang='grc' dir='ltr'><strong>Β</strong></span> <span class='ocrx_word' id='word_1_249' title='bbox 1904 1770 2130 1825; x_wconf 91' lang='lat' dir='ltr'><strong>Domino</strong></span> <span class='ocrx_word' id='word_1_250' title='bbox 2157 1770 2367 1827; x_wconf 84' lang='lat' dir='ltr'><strong>dicente</strong></span> <span class='ocrx_word' id='word_1_251' title='bbox 2392 1788 2404 1825; x_wconf 89' lang='lat'><strong>:</strong></span> <span class='ocrx_word' id='word_1_252' title='bbox 2439 1770 2627 1838; x_wconf 84' lang='lat' dir='ltr'><strong>Qualis</strong></span> <span class='ocrx_word' id='word_1_253' title='bbox 2652 1771 2818 1826; x_wconf 90' lang='lat' dir='ltr'><strong>luerit</strong></span> <span class='ocrx_word' id='word_1_254' title='bbox 2843 1771 3071 1827; x_wconf 87' lang='lat' dir='ltr'><strong>intentio</strong></span> <span class='ocrx_word' id='word_1_255' title='bbox 3101 1780 3189 1825; x_wconf 89' lang='lat' dir='ltr'><strong>tua</strong></span> <span class='ocrx_word' id='word_1_256' title='bbox 3210 1810 3224 1835; x_wconf 93' lang='lat'><strong>,</strong></span> <span class='ocrx_word' id='word_1_257' title='bbox 3252 1770 3353 1825; x_wconf 89' lang='lat' dir='ltr'><strong>tale</strong></span> <span class='ocrx_word' id='word_1_258' title='bbox 3382 1771 3491 1826; x_wconf 87' lang='lat' dir='ltr'><strong>erit</strong></span> 
     </span>
    </p>
   </div>
   <div class='ocr_carea' id='block_1_34' title="bbox 222 1877 1799 1935">
    <p class='ocr_par' dir='ltr' id='par_1_34' title="bbox 222 1877 1799 1935">
     <span class='ocr_line' id='line_1_34' title="bbox 222 1877 1799 1935; baseline -0.001 -1"><span class='ocrx_word' id='word_1_259' title='bbox 222 1888 357 1934; x_wconf 89' lang='lat' dir='ltr'><strong>tunc</strong></span> <span class='ocrx_word' id='word_1_260' title='bbox 401 1880 577 1935; x_wconf 88' lang='lat' dir='ltr'><strong>omnis</strong></span> <span class='ocrx_word' id='word_1_261' title='bbox 618 1880 782 1935; x_wconf 85' lang='lat' dir='ltr'><strong>Israel</strong></span> <span class='ocrx_word' id='word_1_262' title='bbox 827 1879 1008 1934; x_wconf 88' lang='lat' dir='ltr'><strong>salvus</strong></span> <span class='ocrx_word' id='word_1_263' title='bbox 1045 1879 1157 1935; x_wconf 84' lang='lat' dir='ltr'><strong>ﬁet.</strong></span> <span class='ocrx_word' id='word_1_264' title='bbox 1193 1898 1214 1930; x_wconf 76' lang='grc' dir='ltr'><strong><em>ι</em></strong></span> <span class='ocrx_word' id='word_1_265' title='bbox 1250 1878 1317 1933; x_wconf 86' lang='grc' dir='ltr'><strong>Ει</strong></span> <span class='ocrx_word' id='word_1_266' title='bbox 1353 1878 1592 1933; x_wconf 83' lang='lat' dir='ltr'><strong>iterum:</strong></span> <span class='ocrx_word' id='word_1_267' title='bbox 1624 1897 1641 1929; x_wconf 79' lang='grc' dir='ltr'>ι</span> <span class='ocrx_word' id='word_1_268' title='bbox 1681 1877 1799 1932; x_wconf 81' lang='lat' dir='ltr'><strong>Non</strong></span> 
     </span>
    </p>
   </div>
   <div class='ocr_carea' id='block_1_35' title="bbox 221 1967 1801 2041">
    <p class='ocr_par' dir='ltr' id='par_1_35' title="bbox 221 1967 1801 2041">
     <span class='ocr_line' id='line_1_35' title="bbox 221 1967 1801 2041; baseline -0.003 -16"><span class='ocrx_word' id='word_1_269' title='bbox 221 1971 376 2041; x_wconf 87' lang='lat' dir='ltr'><strong>prius</strong></span> <span class='ocrx_word' id='word_1_270' title='bbox 397 1973 539 2041; x_wconf 87' lang='lat' dir='ltr'><strong>quod</strong></span> <span class='ocrx_word' id='word_1_271' title='bbox 567 1969 843 2041; x_wconf 88' lang='lat' dir='ltr'><strong>spirituale</strong></span> <span class='ocrx_word' id='word_1_272' title='bbox 868 1978 993 2035; x_wconf 88' lang='lat' dir='ltr'><strong>est,</strong></span> <span class='ocrx_word' id='word_1_273' title='bbox 1036 1968 1130 2024; x_wconf 84' lang='lat' dir='ltr'><strong>sed</strong></span> <span class='ocrx_word' id='word_1_274' title='bbox 1160 1969 1304 2038; x_wconf 88' lang='lat' dir='ltr'><strong>quod</strong></span> <span class='ocrx_word' id='word_1_275' title='bbox 1330 1967 1578 2032; x_wconf 82' lang='lat' dir='ltr'><strong>carnale,</strong></span> <span class='ocrx_word' id='word_1_276' title='bbox 1609 1967 1801 2022; x_wconf 85' lang='lat' dir='ltr'><strong>deinde</strong></span> 
     </span>
    </p>
   </div>
   <div class='ocr_carea' id='block_1_36' title="bbox 221 2058 1804 2132">
    <p class='ocr_par' dir='ltr' id='par_1_36' title="bbox 221 2058 1804 2132">
     <span class='ocr_line' id='line_1_36' title="bbox 221 2058 1804 2132; baseline -0.003 -18"><span class='ocrx_word' id='word_1_277' title='bbox 221 2060 369 2130; x_wconf 89' lang='lat' dir='ltr'><strong>quod</strong></span> <span class='ocrx_word' id='word_1_278' title='bbox 395 2060 673 2130; x_wconf 89' lang='lat' dir='ltr'><strong>spirituale</strong></span> <span class='ocrx_word' id='word_1_279' title='bbox 692 2059 745 2132; x_wconf 91' lang='grc' dir='ltr'><strong>(Ι</strong></span> <span class='ocrx_word' id='word_1_280' title='bbox 769 2058 889 2115; x_wconf 79' lang='lat' dir='ltr'><strong>Cor.</strong></span> <span class='ocrx_word' id='word_1_281' title='bbox 928 2058 1041 2130; x_wconf 79' lang='lat' dir='ltr'><strong>xv),</strong></span> <span class='ocrx_word' id='word_1_282' title='bbox 1076 2078 1094 2111; x_wconf 83' lang='grc'>›</span> <span class='ocrx_word' id='word_1_283' title='bbox 1130 2058 1182 2113; x_wconf 88' lang='lat' dir='ltr'><strong>id</strong></span> <span class='ocrx_word' id='word_1_284' title='bbox 1203 2067 1307 2125; x_wconf 90' lang='lat' dir='ltr'><strong>est,</strong></span> <span class='ocrx_word' id='word_1_285' title='bbox 1337 2073 1443 2113; x_wconf 90' lang='lat' dir='ltr'><strong>non</strong></span> <span class='ocrx_word' id='word_1_286' title='bbox 1492 2058 1642 2128; x_wconf 86' lang='lat' dir='ltr'><strong>prius</strong></span> <span class='ocrx_word' id='word_1_287' title='bbox 1667 2058 1804 2128; x_wconf 60' lang='lat' dir='ltr'><strong>Syn-</strong></span> 
     </span>
    </p>
   </div>
   <div class='ocr_carea' id='block_1_37' title="bbox 224 2150 1806 2224">
    <p class='ocr_par' dir='ltr' id='par_1_37' title="bbox 224 2150 1806 2224">
     <span class='ocr_line' id='line_1_37' title="bbox 224 2150 1806 2224; baseline -0.002 -19"><span class='ocrx_word' id='word_1_288' title='bbox 224 2168 399 2224; x_wconf 82' lang='lat' dir='ltr'><strong>agoga</strong></span> <span class='ocrx_word' id='word_1_289' title='bbox 420 2154 670 2219; x_wconf 89' lang='lat' dir='ltr'><strong>credidit,</strong></span> <span class='ocrx_word' id='word_1_290' title='bbox 690 2168 808 2222; x_wconf 70' lang='lat' dir='ltr'><strong>qua:</strong></span> <span class='ocrx_word' id='word_1_291' title='bbox 829 2151 1125 2222; x_wconf 75' lang='lat' dir='ltr'><strong>spiritualis</strong></span> <span class='ocrx_word' id='word_1_292' title='bbox 1146 2152 1263 2215; x_wconf 86' lang='lat' dir='ltr'><strong>fuit,</strong></span> <span class='ocrx_word' id='word_1_293' title='bbox 1279 2152 1371 2207; x_wconf 85' lang='lat' dir='ltr'><strong>sed</strong></span> <span class='ocrx_word' id='word_1_294' title='bbox 1397 2150 1612 2223; x_wconf 81' lang='lat' dir='ltr'><strong>gentilis</strong></span> <span class='ocrx_word' id='word_1_295' title='bbox 1638 2165 1806 2220; x_wconf 88' lang='lat' dir='ltr'><strong>popu-</strong></span> 
     </span>
    </p>
   </div>
   <div class='ocr_carea' id='block_1_38' title="bbox 222 2232 1807 2314">
    <p class='ocr_par' dir='ltr' id='par_1_38' title="bbox 222 2232 1807 2314">
     <span class='ocr_line' id='line_1_38' title="bbox 222 2232 1807 2314; baseline -0.003 -17"><span class='ocrx_word' id='word_1_296' title='bbox 222 2242 336 2308; x_wconf 90' lang='lat' dir='ltr'><strong>lus,</strong></span> <span class='ocrx_word' id='word_1_297' title='bbox 366 2232 485 2313; x_wconf 73' lang='lat' dir='ltr'><strong>qua:</strong></span> <span class='ocrx_word' id='word_1_298' title='bbox 525 2252 645 2299; x_wconf 89' lang='lat' dir='ltr'><strong>erat</strong></span> <span class='ocrx_word' id='word_1_299' title='bbox 680 2243 954 2299; x_wconf 74' lang='lat' dir='ltr'><strong>animalis&#39;</strong></span> <span class='ocrx_word' id='word_1_300' title='bbox 990 2242 1184 2298; x_wconf 89' lang='lat' dir='ltr'><strong>deinde</strong></span> <span class='ocrx_word' id='word_1_301' title='bbox 1212 2241 1511 2314; x_wconf 82' lang='lat' dir='ltr'><strong>Synagoga,</strong></span> <span class='ocrx_word' id='word_1_302' title='bbox 1544 2255 1661 2312; x_wconf 84' lang='lat' dir='ltr'><strong>quae</strong></span> <span class='ocrx_word' id='word_1_303' title='bbox 1704 2237 1807 2294; x_wconf 84' lang='lat' dir='ltr'><strong>fuit</strong></span> 
     </span>
    </p>
   </div>
   <div class='ocr_carea' id='block_1_39' title="bbox 225 2332 551 2403">
    <p class='ocr_par' dir='ltr' id='par_1_39' title="bbox 225 2332 551 2403">
     <span class='ocr_line' id='line_1_39' title="bbox 225 2332 551 2403; baseline 0.006 -17"><span class='ocrx_word' id='word_1_304' title='bbox 225 2332 551 2403; x_wconf 86' lang='lat' dir='ltr'><strong>spiritualis.</strong></span> 
     </span>
    </p>
   </div>
   <div class='ocr_carea' id='block_1_40' title="bbox 779 2462 1255 2522">
    <p class='ocr_par' dir='ltr' id='par_1_40' title="bbox 779 2462 1255 2522">
     <span class='ocr_line' id='line_1_40' title="bbox 779 2462 1255 2522; baseline 0 -3"><span class='ocrx_word' id='word_1_305' title='bbox 779 2462 1066 2522; x_wconf 77' lang='lat' dir='ltr'><strong>HOMILIA</strong></span> <span class='ocrx_word' id='word_1_306' title='bbox 1101 2462 1255 2521; x_wconf 73' lang='lat' dir='ltr'><strong>CXL.</strong></span> 
     </span>
    </p>
   </div>
   <div class='ocr_carea' id='block_1_41' title="bbox 348 2550 1697 2629">
    <p class='ocr_par' dir='ltr' id='par_1_41' title="bbox 348 2585 1697 2629">
     <span class='ocr_line' id='line_1_41' title="bbox 348 2585 1697 2629; baseline 0.001 -5"><span class='ocrx_word' id='word_1_307' title='bbox 348 2585 603 2627; x_wconf 68' lang='lat' dir='ltr'><strong>DOIIINICA</strong></span> <span class='ocrx_word' id='word_1_308' title='bbox 640 2588 889 2629; x_wconf 69' lang='lat' dir='ltr'><strong>VICESIIA</strong></span> <span class='ocrx_word' id='word_1_309' title='bbox 927 2588 1099 2628; x_wconf 69' lang='lat' dir='ltr'><strong>SEXTA</strong></span> <span class='ocrx_word' id='word_1_310' title='bbox 1133 2587 1262 2628; x_wconf 82' lang='lat' dir='ltr'><strong>POST</strong></span> <span class='ocrx_word' id='word_1_311' title='bbox 1301 2586 1697 2627; x_wconf 71' lang='lat' dir='ltr'><strong>PENTECOSTEN.</strong></span> 
     </span>
    </p>
   </div>
   <div class='ocr_carea' id='block_1_42' title="bbox 308 2677 1811 2754">
    <p class='ocr_par' dir='ltr' id='par_1_42' title="bbox 308 2677 1811 2754">
     <span class='ocr_line' id='line_1_42' title="bbox 308 2677 1811 2754; baseline 0 -20"><span class='ocrx_word' id='word_1_312' title='bbox 308 2678 495 2751; x_wconf 71' lang='lat' dir='ltr'><strong>(Joxn.</strong></span> <span class='ocrx_word' id='word_1_313' title='bbox 531 2677 633 2751; x_wconf 80' lang='grc' dir='ltr'><strong>γι.)</strong></span> <span class='ocrx_word' id='word_1_314' title='bbox 674 2702 692 2735; x_wconf 75' lang='grc' dir='ltr'>ι</span> <span class='ocrx_word' id='word_1_315' title='bbox 722 2681 781 2738; x_wconf 90' lang='lat' dir='ltr'><strong>1n</strong></span> <span class='ocrx_word' id='word_1_316' title='bbox 828 2682 921 2739; x_wconf 87' lang='lat' dir='ltr'><strong>illo</strong></span> <span class='ocrx_word' id='word_1_317' title='bbox 964 2692 1251 2754; x_wconf 87' lang='lat' dir='ltr'><strong>tempore:</strong></span> <span class='ocrx_word' id='word_1_318' title='bbox 1297 2681 1432 2739; x_wconf 88' lang='lat' dir='ltr'><strong>Cum</strong></span> <span class='ocrx_word' id='word_1_319' title='bbox 1478 2680 1811 2737; x_wconf 85' lang='lat' dir='ltr'><strong>sublevasset</strong></span> 
     </span>
    </p>
   </div>
   <div class='ocr_carea' id='block_1_43' title="bbox 239 2771 1811 2840">
    <p class='ocr_par' dir='ltr' id='par_1_43' title="bbox 239 2771 1811 2840">
     <span class='ocr_line' id='line_1_43' title="bbox 239 2771 1811 2840; baseline 0.002 -16"><span class='ocrx_word' id='word_1_320' title='bbox 239 2792 258 2824; x_wconf 76' lang='grc' dir='ltr'>ι</span> <span class='ocrx_word' id='word_1_321' title='bbox 292 2771 477 2828; x_wconf 89' lang='lat' dir='ltr'><strong>oculos</strong></span> <span class='ocrx_word' id='word_1_322' title='bbox 519 2771 711 2840; x_wconf 84' lang='lat' dir='ltr'><strong>Jesus,</strong></span> <span class='ocrx_word' id='word_1_323' title='bbox 744 2781 800 2829; x_wconf 91' lang='lat' dir='ltr'><strong>et</strong></span> <span class='ocrx_word' id='word_1_324' title='bbox 827 2774 1050 2830; x_wconf 90' lang='lat' dir='ltr'><strong>vidisset</strong></span> <span class='ocrx_word' id='word_1_325' title='bbox 1077 2774 1368 2835; x_wconf 77' lang='lat' dir='ltr'><strong>maximam</strong></span> <span class='ocrx_word' id='word_1_326' title='bbox 1413 2771 1811 2828; x_wconf 89' lang='lat' dir='ltr'><strong>multitudinem</strong></span> 
     </span>
    </p>
   </div>
   <div class='ocr_carea' id='block_1_44' title="bbox 240 2865 1810 2937">
    <p class='ocr_par' dir='ltr' id='par_1_44' title="bbox 240 2865 1810 2937">
     <span class='ocr_line' id='line_1_44' title="bbox 240 2865 1810 2937; baseline 0.003 -20"><span class='ocrx_word' id='word_1_327' title='bbox 240 2882 261 2916; x_wconf 75' lang='grc' dir='ltr'>ι</span> <span class='ocrx_word' id='word_1_328' title='bbox 298 2865 602 2922; x_wconf 89' lang='lat' dir='ltr'><strong>venientem</strong></span> <span class='ocrx_word' id='word_1_329' title='bbox 632 2866 700 2921; x_wconf 88' lang='lat' dir='ltr'><strong>ad</strong></span> <span class='ocrx_word' id='word_1_330' title='bbox 729 2881 809 2932; x_wconf 91' lang='lat' dir='ltr'><strong>se,</strong></span> <span class='ocrx_word' id='word_1_331' title='bbox 841 2866 972 2922; x_wconf 89' lang='lat' dir='ltr'><strong>dicit</strong></span> <span class='ocrx_word' id='word_1_332' title='bbox 997 2866 1063 2921; x_wconf 93' lang='lat' dir='ltr'><strong>ad</strong></span> <span class='ocrx_word' id='word_1_333' title='bbox 1093 2866 1397 2937; x_wconf 78' lang='lat' dir='ltr'><strong>Philippum</strong></span> <span class='ocrx_word' id='word_1_334' title='bbox 1426 2882 1441 2921; x_wconf 91' lang='lat'><strong>:</strong></span> <span class='ocrx_word' id='word_1_335' title='bbox 1479 2865 1628 2921; x_wconf 91' lang='lat' dir='ltr'><strong>Unde</strong></span> <span class='ocrx_word' id='word_1_336' title='bbox 1663 2880 1810 2921; x_wconf 83' lang='lat' dir='ltr'><strong>cme-</strong></span> 
     </span>
    </p>
   </div>
   <div class='ocr_carea' id='block_1_45' title="bbox 240 2956 1811 3027">
    <p class='ocr_par' dir='ltr' id='par_1_45' title="bbox 240 2956 1811 3027">
     <span class='ocr_line' id='line_1_45' title="bbox 240 2956 1811 3027; baseline 0.001 -19"><span class='ocrx_word' id='word_1_337' title='bbox 240 2975 260 3008; x_wconf 74' lang='grc' dir='ltr'><strong><em>ι</em></strong></span> <span class='ocrx_word' id='word_1_338' title='bbox 300 2971 422 3019; x_wconf 84' lang='lat' dir='ltr'><strong>mus</strong></span> <span class='ocrx_word' id='word_1_339' title='bbox 441 2958 641 3026; x_wconf 84' lang='lat' dir='ltr'><strong>panes?</strong></span> <span class='ocrx_word' id='word_1_340' title='bbox 663 2977 682 3010; x_wconf 77' lang='grc' dir='ltr'><strong><em>ι</em></strong></span> <span class='ocrx_word' id='word_1_341' title='bbox 700 2956 767 3012; x_wconf 83' lang='grc' dir='ltr'><strong>Ει</strong></span> <span class='ocrx_word' id='word_1_342' title='bbox 791 2957 1015 3027; x_wconf 91' lang='lat' dir='ltr'><strong>reliqua.</strong></span> <span class='ocrx_word' id='word_1_343' title='bbox 1033 2957 1254 3025; x_wconf 86' lang='lat' dir='ltr'><strong>Quoties</strong></span> <span class='ocrx_word' id='word_1_344' title='bbox 1276 2957 1504 3027; x_wconf 63' lang='lat' dir='ltr'><strong>legimus</strong></span> <span class='ocrx_word' id='word_1_345' title='bbox 1524 2956 1811 3012; x_wconf 88' lang='lat' dir='ltr'><strong>Dominum</strong></span> 
     </span>
    </p>
   </div>
   <div class='ocr_carea' id='block_1_46' title="bbox 235 3046 1809 3117">
    <p class='ocr_par' dir='ltr' id='par_1_46' title="bbox 235 3046 1809 3117">
     <span class='ocr_line' id='line_1_46' title="bbox 235 3046 1809 3117; baseline 0.001 -19"><span class='ocrx_word' id='word_1_346' title='bbox 235 3061 302 3099; x_wconf 82' lang='lat' dir='ltr'><strong>ex</strong></span> <span class='ocrx_word' id='word_1_347' title='bbox 331 3046 518 3115; x_wconf 86' lang='lat' dir='ltr'><strong>paucis</strong></span> <span class='ocrx_word' id='word_1_348' title='bbox 554 3047 781 3116; x_wconf 84' lang='lat' dir='ltr'><strong>panibus</strong></span> <span class='ocrx_word' id='word_1_349' title='bbox 812 3047 1009 3102; x_wconf 88' lang='lat' dir='ltr'><strong>multas</strong></span> <span class='ocrx_word' id='word_1_350' title='bbox 1038 3047 1224 3102; x_wconf 87' lang='lat' dir='ltr'><strong>turbas</strong></span> <span class='ocrx_word' id='word_1_351' title='bbox 1252 3048 1530 3103; x_wconf 84' lang='lat' dir='ltr'><strong>hominum</strong></span> <span class='ocrx_word' id='word_1_352' title='bbox 1575 3047 1809 3117; x_wconf 85' lang='lat' dir='ltr'><strong>pavisse,</strong></span> 
     </span>
    </p>
   </div>
   <div class='ocr_carea' id='block_1_47' title="bbox 1905 1859 3485 1933">
    <p class='ocr_par' dir='ltr' id='par_1_47' title="bbox 1905 1859 3485 1933">
     <span class='ocr_line' id='line_1_47' title="bbox 1905 1859 3485 1933; baseline -0.001 -15"><span class='ocrx_word' id='word_1_353' title='bbox 1905 1871 1959 1918; x_wconf 88' lang='lat' dir='ltr'><strong>et</strong></span> <span class='ocrx_word' id='word_1_354' title='bbox 1990 1876 2126 1933; x_wconf 88' lang='lat' dir='ltr'><strong>opus</strong></span> <span class='ocrx_word' id='word_1_355' title='bbox 2153 1870 2323 1916; x_wconf 83' lang='lat' dir='ltr'><strong>tuum.</strong></span> <span class='ocrx_word' id='word_1_356' title='bbox 2350 1860 2616 1918; x_wconf 61' lang='lat' dir='ltr'><strong>Caeterum</strong></span> <span class='ocrx_word' id='word_1_357' title='bbox 2643 1870 2699 1919; x_wconf 88' lang='lat' dir='ltr'><strong>et</strong></span> <span class='ocrx_word' id='word_1_358' title='bbox 2725 1862 2772 1915; x_wconf 89' lang='lat' dir='ltr'><strong>is</strong></span> <span class='ocrx_word' id='word_1_359' title='bbox 2793 1861 2885 1931; x_wconf 92' lang='lat' dir='ltr'><strong>qui</strong></span> <span class='ocrx_word' id='word_1_360' title='bbox 2912 1861 3123 1916; x_wconf 86' lang='lat' dir='ltr'><strong>videtur</strong></span> <span class='ocrx_word' id='word_1_361' title='bbox 3150 1875 3268 1916; x_wconf 86' lang='lat' dir='ltr'><strong>esse</strong></span> <span class='ocrx_word' id='word_1_362' title='bbox 3292 1859 3485 1924; x_wconf 88' lang='lat' dir='ltr'><strong>bonus,</strong></span> 
     </span>
    </p>
   </div>
   <div class='ocr_carea' id='block_1_48' title="bbox 1906 1949 3488 2015">
    <p class='ocr_par' dir='ltr' id='par_1_48' title="bbox 1906 1949 3488 2015">
     <span class='ocr_line' id='line_1_48' title="bbox 1906 1949 3488 2015; baseline -0.002 -10"><span class='ocrx_word' id='word_1_363' title='bbox 1906 1950 1951 2005; x_wconf 91' lang='lat' dir='ltr'><strong>si</strong></span> <span class='ocrx_word' id='word_1_364' title='bbox 1982 1965 2012 2003; x_wconf 88' lang='lat' dir='ltr'><strong>a</strong></span> <span class='ocrx_word' id='word_1_365' title='bbox 2034 1950 2183 2005; x_wconf 82' lang='lat' dir='ltr'><strong>bona</strong></span> <span class='ocrx_word' id='word_1_366' title='bbox 2213 1950 2515 2006; x_wconf 89' lang='lat' dir='ltr'><strong>intentione</strong></span> <span class='ocrx_word' id='word_1_367' title='bbox 2536 1951 2856 2015; x_wconf 88' lang='lat' dir='ltr'><strong>cessaverit,</strong></span> <span class='ocrx_word' id='word_1_368' title='bbox 2883 1950 3055 2005; x_wconf 89' lang='lat' dir='ltr'><strong>malos</strong></span> <span class='ocrx_word' id='word_1_369' title='bbox 3080 1949 3286 2004; x_wconf 90' lang='lat' dir='ltr'><strong>fructus</strong></span> <span class='ocrx_word' id='word_1_370' title='bbox 3309 1949 3488 2004; x_wconf 87' lang='lat' dir='ltr'><strong>facere</strong></span> 
     </span>
    </p>
   </div>
   <div class='ocr_carea' id='block_1_49' title="bbox 1907 2039 3489 2111">
    <p class='ocr_par' dir='ltr' id='par_1_49' title="bbox 1907 2039 3489 2111">
     <span class='ocr_line' id='line_1_49' title="bbox 1907 2039 3489 2111; baseline -0.002 -15"><span class='ocrx_word' id='word_1_371' title='bbox 1907 2051 2084 2110; x_wconf 90' lang='lat' dir='ltr'><strong>potest</strong></span> <span class='ocrx_word' id='word_1_372' title='bbox 2110 2058 2122 2095; x_wconf 90' lang='lat'><strong>:</strong></span> <span class='ocrx_word' id='word_1_373' title='bbox 2150 2049 2206 2096; x_wconf 90' lang='lat' dir='ltr'><strong>et</strong></span> <span class='ocrx_word' id='word_1_374' title='bbox 2232 2041 2279 2096; x_wconf 91' lang='lat' dir='ltr'><strong>is</strong></span> <span class='ocrx_word' id='word_1_375' title='bbox 2305 2041 2398 2110; x_wconf 90' lang='lat' dir='ltr'><strong>qui</strong></span> <span class='ocrx_word' id='word_1_376' title='bbox 2421 2050 2640 2111; x_wconf 89' lang='lat' dir='ltr'><strong>putatur</strong></span> <span class='ocrx_word' id='word_1_377' title='bbox 2667 2039 2839 2094; x_wconf 88' lang='lat' dir='ltr'><strong>malus</strong></span> <span class='ocrx_word' id='word_1_378' title='bbox 2858 2080 2873 2106; x_wconf 91' lang='lat'><strong>,</strong></span> <span class='ocrx_word' id='word_1_379' title='bbox 2903 2040 2947 2095; x_wconf 94' lang='lat' dir='ltr'><strong>si</strong></span> <span class='ocrx_word' id='word_1_380' title='bbox 2985 2054 3081 2109; x_wconf 83' lang='lat' dir='ltr'><strong>per</strong></span> <span class='ocrx_word' id='word_1_381' title='bbox 3116 2039 3489 2109; x_wconf 78' lang='lat' dir='ltr'><strong>pmuitentiam</strong></span> 
     </span>
    </p>
   </div>
   <div class='ocr_carea' id='block_1_50' title="bbox 1908 2127 3492 2204">
    <p class='ocr_par' dir='ltr' id='par_1_50' title="bbox 1908 2127 3492 2204">
     <span class='ocr_line' id='line_1_50' title="bbox 1908 2127 3492 2204; baseline -0.003 -16"><span class='ocrx_word' id='word_1_382' title='bbox 1908 2134 2182 2204; x_wconf 71' lang='lat' dir='ltr'><strong>pneterita</strong></span> <span class='ocrx_word' id='word_1_383' title='bbox 2208 2132 2349 2187; x_wconf 90' lang='lat' dir='ltr'><strong>mala</strong></span> <span class='ocrx_word' id='word_1_384' title='bbox 2392 2131 2722 2197; x_wconf 74' lang='lat' dir='ltr'><strong>correxerit,</strong></span> <span class='ocrx_word' id='word_1_385' title='bbox 2749 2131 2917 2186; x_wconf 88' lang='lat' dir='ltr'><strong>bonos</strong></span> <span class='ocrx_word' id='word_1_386' title='bbox 2946 2129 3153 2185; x_wconf 90' lang='lat' dir='ltr'><strong>fructus</strong></span> <span class='ocrx_word' id='word_1_387' title='bbox 3187 2127 3366 2184; x_wconf 88' lang='lat' dir='ltr'><strong>facere</strong></span> <span class='ocrx_word' id='word_1_388' title='bbox 3394 2144 3492 2198; x_wconf 83' lang='lat' dir='ltr'><strong>po-</strong></span> 
     </span>
    </p>
   </div>
   <div class='ocr_carea' id='block_1_51' title="bbox 1910 2221 3493 2293">
    <p class='ocr_par' dir='ltr' id='par_1_51' title="bbox 1910 2221 3493 2293">
     <span class='ocr_line' id='line_1_51' title="bbox 1910 2221 3493 2293; baseline -0.002 -14"><span class='ocrx_word' id='word_1_389' title='bbox 1910 2234 2031 2280; x_wconf 90' lang='lat' dir='ltr'><strong>test.</strong></span> <span class='ocrx_word' id='word_1_390' title='bbox 2062 2223 2223 2279; x_wconf 83' lang='lat' dir='ltr'><strong>Juxta</strong></span> <span class='ocrx_word' id='word_1_391' title='bbox 2249 2238 2409 2293; x_wconf 91' lang='lat' dir='ltr'><strong>quem</strong></span> <span class='ocrx_word' id='word_1_392' title='bbox 2442 2238 2661 2280; x_wconf 91' lang='lat' dir='ltr'><strong>sensum</strong></span> <span class='ocrx_word' id='word_1_393' title='bbox 2700 2233 2755 2280; x_wconf 91' lang='lat' dir='ltr'><strong>et</strong></span> <span class='ocrx_word' id='word_1_394' title='bbox 2797 2222 2997 2285; x_wconf 88' lang='lat' dir='ltr'><strong>David,</strong></span> <span class='ocrx_word' id='word_1_395' title='bbox 3028 2221 3280 2277; x_wconf 87' lang='lat' dir='ltr'><strong>arborem</strong></span> <span class='ocrx_word' id='word_1_396' title='bbox 3307 2222 3493 2290; x_wconf 90' lang='lat' dir='ltr'><strong>utique</strong></span> 
     </span>
    </p>
   </div>
   <div class='ocr_carea' id='block_1_52' title="bbox 1909 2313 3492 2386">
    <p class='ocr_par' dir='ltr' id='par_1_52' title="bbox 1909 2313 3492 2386">
     <span class='ocr_line' id='line_1_52' title="bbox 1909 2313 3492 2386; baseline -0.004 -14"><span class='ocrx_word' id='word_1_397' title='bbox 1909 2317 2105 2372; x_wconf 88' lang='lat' dir='ltr'><strong>bonam</strong></span> <span class='ocrx_word' id='word_1_398' title='bbox 2137 2315 2335 2371; x_wconf 87' lang='lat' dir='ltr'><strong>malum</strong></span> <span class='ocrx_word' id='word_1_399' title='bbox 2373 2314 2608 2371; x_wconf 88' lang='lat' dir='ltr'><strong>fructum</strong></span> <span class='ocrx_word' id='word_1_400' title='bbox 2642 2314 2834 2371; x_wconf 89' lang='lat' dir='ltr'><strong>fecisse</strong></span> <span class='ocrx_word' id='word_1_401' title='bbox 2860 2314 3120 2386; x_wconf 77' lang='lat' dir='ltr'><strong>legimus,</strong></span> <span class='ocrx_word' id='word_1_402' title='bbox 3153 2313 3365 2384; x_wconf 87' lang='lat' dir='ltr'><strong>quando</strong></span> <span class='ocrx_word' id='word_1_403' title='bbox 3395 2313 3492 2367; x_wconf 90' lang='lat' dir='ltr'><strong>ho-</strong></span> 
     </span>
    </p>
   </div>
   <div class='ocr_carea' id='block_1_53' title="bbox 1912 2405 3489 2477">
    <p class='ocr_par' dir='ltr' id='par_1_53' title="bbox 1912 2405 3489 2477">
     <span class='ocr_line' id='line_1_53' title="bbox 1912 2405 3489 2477; baseline -0.002 -16"><span class='ocrx_word' id='word_1_404' title='bbox 1912 2407 2188 2471; x_wconf 85' lang='lat' dir='ltr'><strong>micidium</strong></span> <span class='ocrx_word' id='word_1_405' title='bbox 2211 2405 2419 2475; x_wconf 87' lang='lat' dir='ltr'><strong>pariter</strong></span> <span class='ocrx_word' id='word_1_406' title='bbox 2438 2416 2493 2461; x_wconf 90' lang='lat' dir='ltr'><strong>ct</strong></span> <span class='ocrx_word' id='word_1_407' title='bbox 2514 2406 2839 2462; x_wconf 88' lang='lat' dir='ltr'><strong>adulterium</strong></span> <span class='ocrx_word' id='word_1_408' title='bbox 2862 2406 3192 2477; x_wconf 87' lang='lat' dir='ltr'><strong>perpetravit</strong></span> <span class='ocrx_word' id='word_1_409' title='bbox 3216 2423 3229 2459; x_wconf 90' lang='lat'><strong>:</strong></span> <span class='ocrx_word' id='word_1_410' title='bbox 3254 2419 3285 2460; x_wconf 89' lang='lat' dir='ltr'><strong>e</strong></span> <span class='ocrx_word' id='word_1_411' title='bbox 3303 2412 3489 2461; x_wconf 88' lang='lat' dir='ltr'><strong>contra</strong></span> 
     </span>
    </p>
   </div>
   <div class='ocr_carea' id='block_1_54' title="bbox 1913 2496 3495 2565">
    <p class='ocr_par' dir='ltr' id='par_1_54' title="bbox 1913 2496 3495 2565">
     <span class='ocr_line' id='line_1_54' title="bbox 1913 2496 3495 2565; baseline -0.004 -9"><span class='ocrx_word' id='word_1_412' title='bbox 1913 2500 2431 2565; x_wconf 79' lang='lat' dir='ltr'><strong>Nabuchodonosor,</strong></span> <span class='ocrx_word' id='word_1_413' title='bbox 2482 2515 2605 2556; x_wconf 90' lang='lat' dir='ltr'><strong>cum</strong></span> <span class='ocrx_word' id='word_1_414' title='bbox 2661 2508 2806 2556; x_wconf 87' lang='lat' dir='ltr'><strong>esset</strong></span> <span class='ocrx_word' id='word_1_415' title='bbox 2855 2500 3017 2554; x_wconf 88' lang='lat' dir='ltr'><strong>arbor</strong></span> <span class='ocrx_word' id='word_1_416' title='bbox 3062 2498 3225 2563; x_wconf 88' lang='lat' dir='ltr'><strong>mala,</strong></span> <span class='ocrx_word' id='word_1_417' title='bbox 3255 2496 3495 2552; x_wconf 89' lang='lat' dir='ltr'><strong>fructum</strong></span> 
     </span>
    </p>
   </div>
   <div class='ocr_carea' id='block_1_55' title="bbox 1912 2591 3496 2664">
    <p class='ocr_par' dir='ltr' id='par_1_55' title="bbox 1912 2591 3496 2664">
     <span class='ocr_line' id='line_1_55' title="bbox 1912 2591 3496 2664; baseline -0.006 -12"><span class='ocrx_word' id='word_1_418' title='bbox 1912 2597 2113 2652; x_wconf 86' lang='lat' dir='ltr'><strong>bonum</strong></span> <span class='ocrx_word' id='word_1_419' title='bbox 2140 2594 2291 2661; x_wconf 90' lang='lat' dir='ltr'><strong>fecit,</strong></span> <span class='ocrx_word' id='word_1_420' title='bbox 2323 2594 2540 2664; x_wconf 85' lang='lat' dir='ltr'><strong>quando</strong></span> <span class='ocrx_word' id='word_1_421' title='bbox 2573 2595 2740 2649; x_wconf 86' lang='lat' dir='ltr'><strong>Deum</strong></span> <span class='ocrx_word' id='word_1_422' title='bbox 2767 2592 3005 2647; x_wconf 87' lang='lat' dir='ltr'><strong>Danielis</strong></span> <span class='ocrx_word' id='word_1_423' title='bbox 3037 2592 3091 2646; x_wconf 88' lang='lat' dir='ltr'><strong>in</strong></span> <span class='ocrx_word' id='word_1_424' title='bbox 3117 2591 3373 2646; x_wconf 89' lang='lat' dir='ltr'><strong>universo</strong></span> <span class='ocrx_word' id='word_1_425' title='bbox 3408 2604 3496 2643; x_wconf 83' lang='lat' dir='ltr'><strong>re-</strong></span> 
     </span>
    </p>
   </div>
   <div class='ocr_carea' id='block_1_56' title="bbox 1913 2680 3498 2758">
    <p class='ocr_par' dir='ltr' id='par_1_56' title="bbox 1913 2680 3498 2758">
     <span class='ocr_line' id='line_1_56' title="bbox 1913 2680 3498 2758; baseline -0.003 -17"><span class='ocrx_word' id='word_1_426' title='bbox 1913 2702 2020 2758; x_wconf 78' lang='lat' dir='ltr'><strong>gno</strong></span> <span class='ocrx_word' id='word_1_427' title='bbox 2038 2700 2138 2741; x_wconf 92' lang='lat' dir='ltr'><strong>suo</strong></span> <span class='ocrx_word' id='word_1_428' title='bbox 2156 2685 2373 2740; x_wconf 89' lang='lat' dir='ltr'><strong>adorari</strong></span> <span class='ocrx_word' id='word_1_429' title='bbox 2397 2684 2580 2755; x_wconf 82' lang='lat' dir='ltr'><strong>jussit.</strong></span> <span class='ocrx_word' id='word_1_430' title='bbox 2599 2684 2859 2739; x_wconf 88' lang='lat' dir='ltr'><strong>Similiter</strong></span> <span class='ocrx_word' id='word_1_431' title='bbox 2880 2691 2938 2739; x_wconf 91' lang='lat' dir='ltr'><strong>et</strong></span> <span class='ocrx_word' id='word_1_432' title='bbox 2962 2682 3169 2746; x_wconf 82' lang='lat' dir='ltr'><strong>Jethro,</strong></span> <span class='ocrx_word' id='word_1_433' title='bbox 3198 2696 3319 2736; x_wconf 91' lang='lat' dir='ltr'><strong>cum</strong></span> <span class='ocrx_word' id='word_1_434' title='bbox 3344 2680 3498 2751; x_wconf 86' lang='lat' dir='ltr'><strong>prius</strong></span> 
     </span>
    </p>
   </div>
   <div class='ocr_carea' id='block_1_57' title="bbox 1915 2769 3495 2840">
    <p class='ocr_par' dir='ltr' id='par_1_57' title="bbox 1915 2769 3495 2840">
     <span class='ocr_line' id='line_1_57' title="bbox 1915 2769 3495 2840; baseline -0.006 -9"><span class='ocrx_word' id='word_1_435' title='bbox 1915 2774 2055 2831; x_wconf 84' lang='lat' dir='ltr'><strong>mala</strong></span> <span class='ocrx_word' id='word_1_436' title='bbox 2101 2783 2244 2831; x_wconf 88' lang='lat' dir='ltr'><strong>esset</strong></span> <span class='ocrx_word' id='word_1_437' title='bbox 2297 2775 2478 2840; x_wconf 89' lang='lat' dir='ltr'><strong>arbor,</strong></span> <span class='ocrx_word' id='word_1_438' title='bbox 2525 2775 2728 2830; x_wconf 89' lang='lat' dir='ltr'><strong>bonum</strong></span> <span class='ocrx_word' id='word_1_439' title='bbox 2780 2772 3017 2828; x_wconf 88' lang='lat' dir='ltr'><strong>fructum</strong></span> <span class='ocrx_word' id='word_1_440' title='bbox 3068 2771 3226 2837; x_wconf 88' lang='lat' dir='ltr'><strong>fecit,</strong></span> <span class='ocrx_word' id='word_1_441' title='bbox 3276 2769 3495 2839; x_wconf 86' lang='lat' dir='ltr'><strong>quando</strong></span> 
     </span>
    </p>
   </div>
   <div class='ocr_carea' id='block_1_58' title="bbox 1914 2863 3499 2939">
    <p class='ocr_par' dir='ltr' id='par_1_58' title="bbox 1914 2863 3499 2939">
     <span class='ocr_line' id='line_1_58' title="bbox 1914 2863 3499 2939; baseline -0.005 -17"><span class='ocrx_word' id='word_1_442' title='bbox 1914 2866 2085 2939; x_wconf 79' lang='lat' dir='ltr'><strong>Moysi</strong></span> <span class='ocrx_word' id='word_1_443' title='bbox 2135 2866 2266 2923; x_wconf 89' lang='lat' dir='ltr'><strong>utile</strong></span> <span class='ocrx_word' id='word_1_444' title='bbox 2315 2866 2604 2922; x_wconf 89' lang='lat' dir='ltr'><strong>consilium</strong></span> <span class='ocrx_word' id='word_1_445' title='bbox 2653 2865 2821 2921; x_wconf 89' lang='lat' dir='ltr'><strong>dedit.</strong></span> <span class='ocrx_word' id='word_1_446' title='bbox 2874 2863 3071 2920; x_wconf 90' lang='lat' dir='ltr'><strong>Paulus</strong></span> <span class='ocrx_word' id='word_1_447' title='bbox 3116 2876 3328 2932; x_wconf 90' lang='lat' dir='ltr'><strong>quoque</strong></span> <span class='ocrx_word' id='word_1_448' title='bbox 3373 2876 3499 2916; x_wconf 89' lang='lat' dir='ltr'><strong>cum</strong></span> 
     </span>
    </p>
   </div>
   <div class='ocr_carea' id='block_1_59' title="bbox 1916 2952 3501 3025">
    <p class='ocr_par' dir='ltr' id='par_1_59' title="bbox 1916 2952 3501 3025">
     <span class='ocr_line' id='line_1_59' title="bbox 1916 2952 3501 3025; baseline -0.005 -11"><span class='ocrx_word' id='word_1_449' title='bbox 1916 2959 2058 3014; x_wconf 89' lang='lat' dir='ltr'><strong>bona</strong></span> <span class='ocrx_word' id='word_1_450' title='bbox 2085 2969 2232 3015; x_wconf 88' lang='lat' dir='ltr'><strong>esset</strong></span> <span class='ocrx_word' id='word_1_451' title='bbox 2259 2960 2444 3025; x_wconf 87' lang='lat' dir='ltr'><strong>arbor,</strong></span> <span class='ocrx_word' id='word_1_452' title='bbox 2473 2958 2645 3013; x_wconf 87' lang='lat' dir='ltr'><strong>malos</strong></span> <span class='ocrx_word' id='word_1_453' title='bbox 2674 2956 2884 3013; x_wconf 87' lang='lat' dir='ltr'><strong>fructus</strong></span> <span class='ocrx_word' id='word_1_454' title='bbox 2904 2955 3052 3021; x_wconf 90' lang='lat' dir='ltr'><strong>fecit,</strong></span> <span class='ocrx_word' id='word_1_455' title='bbox 3078 2954 3292 3025; x_wconf 88' lang='lat' dir='ltr'><strong>quando</strong></span> <span class='ocrx_word' id='word_1_456' title='bbox 3314 2952 3501 3007; x_wconf 86' lang='lat' dir='ltr'><strong>Eccle-</strong></span> 
     </span>
    </p>
   </div>
   <div class='ocr_carea' id='block_1_60' title="bbox 1917 3046 3502 3124">
    <p class='ocr_par' dir='ltr' id='par_1_60' title="bbox 1917 3046 3502 3124">
     <span class='ocr_line' id='line_1_60' title="bbox 1917 3046 3502 3124; baseline -0.007 -13"><span class='ocrx_word' id='word_1_457' title='bbox 1917 3056 2052 3111; x_wconf 88' lang='lat' dir='ltr'><strong>siam</strong></span> <span class='ocrx_word' id='word_1_458' title='bbox 2080 3055 2174 3110; x_wconf 90' lang='lat' dir='ltr'><strong>Dei</strong></span> <span class='ocrx_word' id='word_1_459' title='bbox 2219 3064 2303 3110; x_wconf 87' lang='lat' dir='ltr'><strong>est</strong></span> <span class='ocrx_word' id='word_1_460' title='bbox 2347 3061 2683 3124; x_wconf 87' lang='lat' dir='ltr'><strong>persecutus.</strong></span> <span class='ocrx_word' id='word_1_461' title='bbox 2730 3052 2798 3106; x_wconf 87' lang='lat' dir='ltr'><strong>Et</strong></span> <span class='ocrx_word' id='word_1_462' title='bbox 2841 3051 2966 3121; x_wconf 89' lang='lat' dir='ltr'><strong>quia</strong></span> <span class='ocrx_word' id='word_1_463' title='bbox 2996 3065 3095 3116; x_wconf 87' lang='lat' dir='ltr'><strong>ea,</strong></span> <span class='ocrx_word' id='word_1_464' title='bbox 3124 3063 3245 3118; x_wconf 67' lang='lat' dir='ltr'><strong>qum</strong></span> <span class='ocrx_word' id='word_1_465' title='bbox 3288 3046 3502 3103; x_wconf 89' lang='lat' dir='ltr'><strong>occulta</strong></span> 
     </span>
    </p>
   </div>
   <div class='ocr_carea' id='block_1_61' title="bbox 236 3127 3499 3214">
    <p class='ocr_par' dir='ltr' id='par_1_61' title="bbox 236 3127 3499 3214">
     <span class='ocr_line' id='line_1_61' title="bbox 236 3127 3499 3214; baseline -0.004 -23"><span class='ocrx_word' id='word_1_466' title='bbox 236 3152 346 3191; x_wconf 87' lang='lat' dir='ltr'><strong>non</strong></span> <span class='ocrx_word' id='word_1_467' title='bbox 372 3145 577 3192; x_wconf 87' lang='lat' dir='ltr'><strong>tantum</strong></span> <span class='ocrx_word' id='word_1_468' title='bbox 599 3146 681 3193; x_wconf 90' lang='lat' dir='ltr'><strong>est</strong></span> <span class='ocrx_word' id='word_1_469' title='bbox 699 3138 1000 3193; x_wconf 90' lang='lat' dir='ltr'><strong>mirandum</strong></span> <span class='ocrx_word' id='word_1_470' title='bbox 1017 3146 1274 3208; x_wconf 89' lang='lat' dir='ltr'><strong>quantum</strong></span> <span class='ocrx_word' id='word_1_471' title='bbox 1297 3137 1814 3193; x_wconf 76' lang='lat' dir='ltr'><strong>venerandurn.Non</strong></span> <span class='ocrx_word' id='word_1_472' title='bbox 1842 3127 1888 3190; x_wconf 74' lang='grc' dir='ltr'><strong>Ο</strong></span> <span class='ocrx_word' id='word_1_473' title='bbox 1919 3155 2046 3202; x_wconf 68' lang='lat' dir='ltr'><strong>sum</strong></span> <span class='ocrx_word' id='word_1_474' title='bbox 2072 3145 2403 3211; x_wconf 61' lang='lat' dir='ltr'><strong>hominibus,</strong></span> <span class='ocrx_word' id='word_1_475' title='bbox 2430 3147 2539 3201; x_wconf 66' lang='grc' dir='ltr'><strong>υθο</strong></span> <span class='ocrx_word' id='word_1_476' title='bbox 2564 3144 2809 3214; x_wconf 61' lang='lat' dir='ltr'><strong>placem,</strong></span> <span class='ocrx_word' id='word_1_477' title='bbox 2839 3142 3110 3212; x_wconf 67' lang='lat' dir='ltr'><strong>quomodo</strong></span> <span class='ocrx_word' id='word_1_478' title='bbox 3139 3140 3387 3197; x_wconf 72' lang='lat' dir='ltr'><strong>homines</strong></span> <span class='ocrx_word' id='word_1_479' title='bbox 3418 3139 3499 3192; x_wconf 73' lang='lat' dir='ltr'><strong>in-</strong></span> 
     </span>
    </p>
   </div>
   <div class='ocr_carea' id='block_1_62' title="bbox 236 3229 3501 3300">
    <p class='ocr_par' dir='ltr' id='par_1_62' title="bbox 236 3229 3501 3300">
     <span class='ocr_line' id='line_1_62' title="bbox 236 3229 3501 3300; baseline -0.005 -1"><span class='ocrx_word' id='word_1_480' title='bbox 236 3240 326 3283; x_wconf 73' lang='grc' dir='ltr'><strong>θδι</strong></span> <span class='ocrx_word' id='word_1_481' title='bbox 365 3230 512 3284; x_wconf 69' lang='lat' dir='ltr'><strong>enim</strong></span> <span class='ocrx_word' id='word_1_482' title='bbox 554 3230 781 3295; x_wconf 68' lang='grc' dir='ltr'><strong>ωίτυιη»</strong></span> <span class='ocrx_word' id='word_1_483' title='bbox 814 3230 939 3299; x_wconf 65' lang='lat' dir='ltr'><strong>quia</strong></span> <span class='ocrx_word' id='word_1_484' title='bbox 965 3231 1177 3300; x_wconf 66' lang='grc' dir='ltr'><strong>Ροίυίιτ</strong></span> <span class='ocrx_word' id='word_1_485' title='bbox 1218 3230 1312 3285; x_wconf 71' lang='lat' dir='ltr'><strong>sed</strong></span> <span class='ocrx_word' id='word_1_486' title='bbox 1340 3229 1519 3299; x_wconf 69' lang='grc' dir='ltr'><strong>Ρθιίυε</strong></span> <span class='ocrx_word' id='word_1_487' title='bbox 1544 3245 1810 3284; x_wconf 50' lang='lat' dir='ltr'><strong>Veneram</strong></span> <span class='ocrx_word' id='word_1_488' title='bbox 1913 3248 1998 3294; x_wconf 83' lang='lat' dir='ltr'><strong>ter</strong></span> <span class='ocrx_word' id='word_1_489' title='bbox 2016 3241 2187 3295; x_wconf 86' lang='lat' dir='ltr'><strong>bonas</strong></span> <span class='ocrx_word' id='word_1_490' title='bbox 2205 3246 2262 3293; x_wconf 91' lang='lat' dir='ltr'><strong>et</strong></span> <span class='ocrx_word' id='word_1_491' title='bbox 2286 3238 2457 3292; x_wconf 89' lang='lat' dir='ltr'><strong>malas</strong></span> <span class='ocrx_word' id='word_1_492' title='bbox 2477 3237 2700 3291; x_wconf 87' lang='lat' dir='ltr'><strong>arbores</strong></span> <span class='ocrx_word' id='word_1_493' title='bbox 2725 3234 3034 3290; x_wconf 87' lang='lat' dir='ltr'><strong>discernere</strong></span> <span class='ocrx_word' id='word_1_494' title='bbox 3058 3232 3292 3295; x_wconf 87' lang='lat' dir='ltr'><strong>valeant,</strong></span> <span class='ocrx_word' id='word_1_495' title='bbox 3316 3230 3501 3285; x_wconf 85' lang='lat' dir='ltr'><strong>Domi-</strong></span> 
     </span>
    </p>
   </div>
   <div class='ocr_carea' id='block_1_63' title="bbox 238 3319 2842 3395">
    <p class='ocr_par' dir='ltr' id='par_1_63' title="bbox 238 3319 2842 3395">
     <span class='ocr_line' id='line_1_63' title="bbox 238 3319 2842 3395; baseline 0 -21"><span class='ocrx_word' id='word_1_496' title='bbox 238 3319 389 3385; x_wconf 90' lang='lat' dir='ltr'><strong>dum,</strong></span> <span class='ocrx_word' id='word_1_497' title='bbox 419 3322 545 3392; x_wconf 89' lang='lat' dir='ltr'><strong>quia</strong></span> <span class='ocrx_word' id='word_1_498' title='bbox 573 3321 753 3377; x_wconf 87' lang='lat' dir='ltr'><strong>facere</strong></span> <span class='ocrx_word' id='word_1_499' title='bbox 784 3320 970 3376; x_wconf 89' lang='lat' dir='ltr'><strong>voluit.</strong></span> <span class='ocrx_word' id='word_1_500' title='bbox 1014 3319 1115 3387; x_wconf 92' lang='lat' dir='ltr'><strong>Qui</strong></span> <span class='ocrx_word' id='word_1_501' title='bbox 1150 3321 1294 3376; x_wconf 87' lang='lat' dir='ltr'><strong>enim</strong></span> <span class='ocrx_word' id='word_1_502' title='bbox 1329 3335 1395 3376; x_wconf 84' lang='lat' dir='ltr'><strong>ex</strong></span> <span class='ocrx_word' id='word_1_503' title='bbox 1426 3320 1595 3375; x_wconf 88' lang='lat' dir='ltr'><strong>nihilo</strong></span> <span class='ocrx_word' id='word_1_504' title='bbox 1616 3328 1814 3375; x_wconf 83' lang='lat' dir='ltr'><strong>cuncta</strong></span> <span class='ocrx_word' id='word_1_505' title='bbox 1914 3344 2019 3384; x_wconf 74' lang='lat' dir='ltr'><strong>nus</strong></span> <span class='ocrx_word' id='word_1_506' title='bbox 2046 3328 2378 3392; x_wconf 76' lang='lat' dir='ltr'><strong>manifestat,</strong></span> <span class='ocrx_word' id='word_1_507' title='bbox 2411 3342 2532 3382; x_wconf 86' lang='lat' dir='ltr'><strong>cum</strong></span> <span class='ocrx_word' id='word_1_508' title='bbox 2564 3326 2842 3395; x_wconf 75' lang='lat' dir='ltr'><strong>adjungit:</strong></span> 
     </span>
    </p>
   </div>
   <div class='ocr_carea' id='block_1_64' title="bbox 237 3403 3499 3487">
    <p class='ocr_par' dir='ltr' id='par_1_64' title="bbox 237 3403 3499 3487">
     <span class='ocr_line' id='line_1_64' title="bbox 237 3403 3499 3487; baseline -0.003 -23"><span class='ocrx_word' id='word_1_509' title='bbox 237 3410 465 3477; x_wconf 74' lang='lat' dir='ltr'><strong>creavit,</strong></span> <span class='ocrx_word' id='word_1_510' title='bbox 493 3425 599 3465; x_wconf 89' lang='lat' dir='ltr'><strong>non</strong></span> <span class='ocrx_word' id='word_1_511' title='bbox 628 3420 712 3466; x_wconf 90' lang='lat' dir='ltr'><strong>est</strong></span> <span class='ocrx_word' id='word_1_512' title='bbox 740 3411 937 3466; x_wconf 91' lang='lat' dir='ltr'><strong>mirum</strong></span> <span class='ocrx_word' id='word_1_513' title='bbox 978 3411 1023 3466; x_wconf 92' lang='lat' dir='ltr'><strong>si</strong></span> <span class='ocrx_word' id='word_1_514' title='bbox 1051 3426 1120 3467; x_wconf 83' lang='lat' dir='ltr'><strong>ex</strong></span> <span class='ocrx_word' id='word_1_515' title='bbox 1144 3412 1331 3480; x_wconf 89' lang='lat' dir='ltr'><strong>paucis</strong></span> <span class='ocrx_word' id='word_1_516' title='bbox 1358 3403 1590 3483; x_wconf 72' lang='lat' dir='ltr'><strong>panibus</strong></span> <span class='ocrx_word' id='word_1_517' title='bbox 1616 3412 1816 3467; x_wconf 90' lang='lat' dir='ltr'><strong>multas</strong></span> <span class='ocrx_word' id='word_1_518' title='bbox 1993 3437 2012 3471; x_wconf 84' lang='grc'><strong>‹</strong></span> <span class='ocrx_word' id='word_1_519' title='bbox 2059 3418 2412 3487; x_wconf 68' lang='lat' dir='ltr'><strong>Unaqumque</strong></span> <span class='ocrx_word' id='word_1_520' title='bbox 2465 3416 2609 3471; x_wconf 89' lang='lat' dir='ltr'><strong>enim</strong></span> <span class='ocrx_word' id='word_1_521' title='bbox 2655 3414 2819 3469; x_wconf 91' lang='lat' dir='ltr'><strong>arbor</strong></span> <span class='ocrx_word' id='word_1_522' title='bbox 2873 3427 2940 3468; x_wconf 80' lang='lat' dir='ltr'><strong>ex</strong></span> <span class='ocrx_word' id='word_1_523' title='bbox 2989 3410 3166 3467; x_wconf 90' lang='lat' dir='ltr'><strong>fructu</strong></span> <span class='ocrx_word' id='word_1_524' title='bbox 3212 3408 3499 3481; x_wconf 75' lang='lat' dir='ltr'><strong>cognosci-</strong></span> 
     </span>
    </p>
   </div>
   <div class='ocr_carea' id='block_1_65' title="bbox 240 3499 3499 3573">
    <p class='ocr_par' dir='ltr' id='par_1_65' title="bbox 240 3499 3499 3573">
     <span class='ocr_line' id='line_1_65' title="bbox 240 3499 3499 3573; baseline 0.001 -20"><span class='ocrx_word' id='word_1_525' title='bbox 240 3499 431 3555; x_wconf 91' lang='lat' dir='ltr'><strong>turbas</strong></span> <span class='ocrx_word' id='word_1_526' title='bbox 452 3501 617 3573; x_wconf 89' lang='lat' dir='ltr'><strong>pavit.</strong></span> <span class='ocrx_word' id='word_1_527' title='bbox 642 3499 747 3556; x_wconf 93' lang='lat' dir='ltr'><strong>Sed</strong></span> <span class='ocrx_word' id='word_1_528' title='bbox 773 3500 901 3557; x_wconf 91' lang='lat' dir='ltr'><strong>illud</strong></span> <span class='ocrx_word' id='word_1_529' title='bbox 929 3500 1380 3557; x_wconf 88' lang='lat' dir='ltr'><strong>considerandum</strong></span> <span class='ocrx_word' id='word_1_530' title='bbox 1403 3509 1506 3572; x_wconf 84' lang='lat' dir='ltr'><strong>est,</strong></span> <span class='ocrx_word' id='word_1_531' title='bbox 1539 3501 1681 3571; x_wconf 92' lang='lat' dir='ltr'><strong>quod</strong></span> <span class='ocrx_word' id='word_1_532' title='bbox 1713 3501 1816 3556; x_wconf 84' lang='lat' dir='ltr'><strong>Do-</strong></span> <span class='ocrx_word' id='word_1_533' title='bbox 1920 3528 1939 3561; x_wconf 71' lang='lat' dir='ltr'><strong><em>c</em></strong></span> <span class='ocrx_word' id='word_1_534' title='bbox 1985 3518 2094 3565; x_wconf 85' lang='lat' dir='ltr'><strong>tur.</strong></span> <span class='ocrx_word' id='word_1_535' title='bbox 2135 3528 2153 3562; x_wconf 73' lang='grc' dir='ltr'><strong><em>ι</em></strong></span> <span class='ocrx_word' id='word_1_536' title='bbox 2187 3508 2340 3565; x_wconf 93' lang='lat' dir='ltr'><strong>Sicut</strong></span> <span class='ocrx_word' id='word_1_537' title='bbox 2366 3508 2510 3563; x_wconf 91' lang='lat' dir='ltr'><strong>enim</strong></span> <span class='ocrx_word' id='word_1_538' title='bbox 2552 3506 2789 3562; x_wconf 85' lang='lat' dir='ltr'><strong>visibiles</strong></span> <span class='ocrx_word' id='word_1_539' title='bbox 2830 3505 3052 3560; x_wconf 90' lang='lat' dir='ltr'><strong>arbores</strong></span> <span class='ocrx_word' id='word_1_540' title='bbox 3090 3518 3156 3558; x_wconf 78' lang='lat' dir='ltr'><strong>ex</strong></span> <span class='ocrx_word' id='word_1_541' title='bbox 3178 3501 3358 3557; x_wconf 87' lang='lat' dir='ltr'><strong>fructu</strong></span> <span class='ocrx_word' id='word_1_542' title='bbox 3387 3501 3499 3556; x_wconf 85' lang='lat' dir='ltr'><strong>dis-</strong></span> 
     </span>
    </p>
   </div>
   <div class='ocr_carea' id='block_1_66' title="bbox 236 3593 3493 3674">
    <p class='ocr_par' dir='ltr' id='par_1_66' title="bbox 236 3593 3493 3674">
     <span class='ocr_line' id='line_1_66' title="bbox 236 3593 3493 3674; baseline -0.003 -27"><span class='ocrx_word' id='word_1_543' title='bbox 236 3593 423 3649; x_wconf 83' lang='lat' dir='ltr'><strong>minus</strong></span> <span class='ocrx_word' id='word_1_544' title='bbox 450 3593 751 3650; x_wconf 87' lang='lat' dir='ltr'><strong>refecturus</strong></span> <span class='ocrx_word' id='word_1_545' title='bbox 783 3596 967 3651; x_wconf 88' lang='lat' dir='ltr'><strong>turbas</strong></span> <span class='ocrx_word' id='word_1_546' title='bbox 989 3635 1005 3661; x_wconf 83' lang='lat'><strong>,</strong></span> <span class='ocrx_word' id='word_1_547' title='bbox 1047 3595 1197 3666; x_wconf 89' lang='lat' dir='ltr'><strong>prius</strong></span> <span class='ocrx_word' id='word_1_548' title='bbox 1235 3594 1527 3651; x_wconf 90' lang='lat' dir='ltr'><strong>sublevatis</strong></span> <span class='ocrx_word' id='word_1_549' title='bbox 1558 3594 1729 3650; x_wconf 91' lang='lat' dir='ltr'><strong>oculis</strong></span> <span class='ocrx_word' id='word_1_550' title='bbox 1759 3594 1814 3648; x_wconf 89' lang='lat' dir='ltr'><strong>in</strong></span> <span class='ocrx_word' id='word_1_551' title='bbox 1916 3603 2207 3667; x_wconf 59' lang='lat' dir='ltr'><strong>cemimus,</strong></span> <span class='ocrx_word' id='word_1_552' title='bbox 2236 3601 2390 3672; x_wconf 76' lang='lat' dir='ltr'><strong>cujus</strong></span> <span class='ocrx_word' id='word_1_553' title='bbox 2417 3600 2631 3674; x_wconf 65' lang='lat' dir='ltr'><strong>generis</strong></span> <span class='ocrx_word' id='word_1_554' title='bbox 2671 3598 2756 3653; x_wconf 76' lang='lat' dir='ltr'><strong>vel</strong></span> <span class='ocrx_word' id='word_1_555' title='bbox 2793 3598 3007 3668; x_wconf 62' lang='lat' dir='ltr'><strong>saporis</strong></span> <span class='ocrx_word' id='word_1_556' title='bbox 3031 3603 3178 3661; x_wconf 58' lang='lat' dir='ltr'><strong>sunt,</strong></span> <span class='ocrx_word' id='word_1_557' title='bbox 3213 3595 3285 3650; x_wconf 59' lang='lat' dir='ltr'><strong>ita</strong></span> <span class='ocrx_word' id='word_1_558' title='bbox 3328 3594 3493 3665; x_wconf 72' lang='lat' dir='ltr'><strong>spirj-</strong></span> 
     </span>
    </p>
   </div>
   <div class='ocr_carea' id='block_1_67' title="bbox 238 3684 3498 3756">
    <p class='ocr_par' dir='ltr' id='par_1_67' title="bbox 238 3684 3498 3756">
     <span class='ocr_line' id='line_1_67' title="bbox 238 3684 3498 3756; baseline 0 -17"><span class='ocrx_word' id='word_1_559' title='bbox 238 3688 440 3739; x_wconf 83' lang='lat' dir='ltr'><strong>ccelum</strong></span> <span class='ocrx_word' id='word_1_560' title='bbox 490 3687 789 3755; x_wconf 79' lang='lat' dir='ltr'><strong>respexisse</strong></span> <span class='ocrx_word' id='word_1_561' title='bbox 829 3686 1048 3743; x_wconf 90' lang='lat' dir='ltr'><strong>dicitur.</strong></span> <span class='ocrx_word' id='word_1_562' title='bbox 1099 3685 1253 3742; x_wconf 90' lang='lat' dir='ltr'><strong>Oculi</strong></span> <span class='ocrx_word' id='word_1_563' title='bbox 1298 3686 1447 3741; x_wconf 89' lang='lat' dir='ltr'><strong>enim</strong></span> <span class='ocrx_word' id='word_1_564' title='bbox 1493 3685 1705 3741; x_wconf 84' lang='lat' dir='ltr'><strong>Domini</strong></span> <span class='ocrx_word' id='word_1_565' title='bbox 1760 3684 1817 3739; x_wconf 91' lang='lat' dir='ltr'><strong>in</strong></span> <span class='ocrx_word' id='word_1_566' title='bbox 1918 3691 2053 3747; x_wconf 70' lang='lat' dir='ltr'><strong>tales</strong></span> <span class='ocrx_word' id='word_1_567' title='bbox 2082 3692 2327 3756; x_wconf 76' lang='lat' dir='ltr'><strong>arbores,</strong></span> <span class='ocrx_word' id='word_1_568' title='bbox 2348 3691 2401 3745; x_wconf 81' lang='lat' dir='ltr'><strong>id</strong></span> <span class='ocrx_word' id='word_1_569' title='bbox 2426 3698 2512 3745; x_wconf 66' lang='lat' dir='ltr'><strong>est</strong></span> <span class='ocrx_word' id='word_1_570' title='bbox 2531 3688 2803 3753; x_wconf 87' lang='lat' dir='ltr'><strong>homines,</strong></span> <span class='ocrx_word' id='word_1_571' title='bbox 2822 3702 2887 3742; x_wconf 79' lang='lat' dir='ltr'><strong>ex</strong></span> <span class='ocrx_word' id='word_1_572' title='bbox 2908 3686 3165 3756; x_wconf 85' lang='lat' dir='ltr'><strong>operibus</strong></span> <span class='ocrx_word' id='word_1_573' title='bbox 3186 3686 3498 3740; x_wconf 81' lang='lat' dir='ltr'><strong>discernere</strong></span> 
     </span>
    </p>
   </div>
   <div class='ocr_carea' id='block_1_68' title="bbox 240 3774 1708 3848">
    <p class='ocr_par' dir='ltr' id='par_1_68' title="bbox 240 3774 1708 3848">
     <span class='ocr_line' id='line_1_68' title="bbox 240 3774 1708 3848; baseline 0.001 -18"><span class='ocrx_word' id='word_1_574' title='bbox 240 3774 541 3845; x_wconf 83' lang='lat' dir='ltr'><strong>Seripturis</strong></span> <span class='ocrx_word' id='word_1_575' title='bbox 567 3777 831 3847; x_wconf 86' lang='lat' dir='ltr'><strong>duplicem</strong></span> <span class='ocrx_word' id='word_1_576' title='bbox 866 3778 1064 3833; x_wconf 89' lang='lat' dir='ltr'><strong>habent</strong></span> <span class='ocrx_word' id='word_1_577' title='bbox 1088 3776 1571 3848; x_wconf 82' lang='lat' dir='ltr'><strong>signiﬁcationem,</strong></span> <span class='ocrx_word' id='word_1_578' title='bbox 1603 3787 1708 3833; x_wconf 92' lang='lat' dir='ltr'><strong>etc.</strong></span> 
     </span>
    </p>
   </div>
   <div class='ocr_carea' id='block_1_69' title="bbox 234 3871 1601 3944">
    <p class='ocr_par' dir='ltr' id='par_1_69' title="bbox 234 3871 1601 3944">
     <span class='ocr_line' id='line_1_69' title="bbox 234 3871 1601 3944; baseline 0.002 -21"><span class='ocrx_word' id='word_1_579' title='bbox 234 3920 239 3923; x_wconf 86' lang='lat'><strong><em>_</em></strong></span> <span class='ocrx_word' id='word_1_580' title='bbox 327 3871 457 3927; x_wconf 74' lang='lat' dir='ltr'><strong>Vide</strong></span> <span class='ocrx_word' id='word_1_581' title='bbox 486 3872 816 3928; x_wconf 83' lang='lat' dir='ltr'><strong>Dominicam</strong></span> <span class='ocrx_word' id='word_1_582' title='bbox 844 3872 1051 3928; x_wconf 79' lang='lat' dir='ltr'><strong>Laetare</strong></span> <span class='ocrx_word' id='word_1_583' title='bbox 1082 3874 1137 3927; x_wconf 84' lang='lat' dir='ltr'><strong>in</strong></span> <span class='ocrx_word' id='word_1_584' title='bbox 1164 3872 1601 3944; x_wconf 73' lang='lat' dir='ltr'><strong>Quadragesima.</strong></span> 
     </span>
    </p>
   </div>
   <div class='ocr_carea' id='block_1_70' title="bbox 786 4004 1284 4063">
    <p class='ocr_par' dir='ltr' id='par_1_70' title="bbox 786 4004 1284 4063">
     <span class='ocr_line' id='line_1_70' title="bbox 786 4004 1284 4063; baseline 0.002 -2"><span class='ocrx_word' id='word_1_585' title='bbox 786 4004 1066 4062; x_wconf 78' lang='lat' dir='ltr'><strong>llOMlLlA</strong></span> <span class='ocrx_word' id='word_1_586' title='bbox 1104 4005 1284 4063; x_wconf 80' lang='lat' dir='ltr'><strong>CXLI.</strong></span> 
     </span>
    </p>
   </div>
   <div class='ocr_carea' id='block_1_71' title="bbox 655 4136 1416 4177">
    <p class='ocr_par' dir='ltr' id='par_1_71' title="bbox 655 4136 1416 4177">
     <span class='ocr_line' id='line_1_71' title="bbox 655 4136 1416 4177; baseline -0.001 -2"><span class='ocrx_word' id='word_1_587' title='bbox 655 4137 707 4176; x_wconf 76' lang='lat' dir='ltr'><strong>1N</strong></span> <span class='ocrx_word' id='word_1_588' title='bbox 747 4136 1097 4177; x_wconf 71' lang='lat' dir='ltr'><strong>DEDICA&#39;UONE</strong></span> <span class='ocrx_word' id='word_1_589' title='bbox 1132 4136 1416 4177; x_wconf 65' lang='grc' dir='ltr'><strong>εεειεειάῖ.</strong></span> 
     </span>
    </p>
   </div>
   <div class='ocr_carea' id='block_1_72' title="bbox 321 4231 1824 4307">
    <p class='ocr_par' dir='ltr' id='par_1_72' title="bbox 321 4231 1824 4307">
     <span class='ocr_line' id='line_1_72' title="bbox 321 4231 1824 4307; baseline 0 -17"><span class='ocrx_word' id='word_1_590' title='bbox 321 4234 471 4307; x_wconf 87' lang='lat' dir='ltr'><strong>(an.</strong></span> <span class='ocrx_word' id='word_1_591' title='bbox 501 4233 601 4307; x_wconf 83' lang='lat' dir='ltr'><strong>vt.)</strong></span> <span class='ocrx_word' id='word_1_592' title='bbox 637 4251 657 4285; x_wconf 72' lang='grc' dir='ltr'><strong><em>ι</em></strong></span> <span class='ocrx_word' id='word_1_593' title='bbox 691 4232 750 4288; x_wconf 89' lang='lat' dir='ltr'><strong>ln</strong></span> <span class='ocrx_word' id='word_1_594' title='bbox 780 4234 871 4289; x_wconf 90' lang='lat' dir='ltr'><strong>illo</strong></span> <span class='ocrx_word' id='word_1_595' title='bbox 912 4242 1153 4305; x_wconf 86' lang='lat' dir='ltr'><strong>tempore</strong></span> <span class='ocrx_word' id='word_1_596' title='bbox 1185 4233 1322 4289; x_wconf 80' lang='lat' dir='ltr'><strong>dixit</strong></span> <span class='ocrx_word' id='word_1_597' title='bbox 1359 4232 1517 4289; x_wconf 70' lang='lat' dir='ltr'><strong>Iesus</strong></span> <span class='ocrx_word' id='word_1_598' title='bbox 1547 4231 1824 4303; x_wconf 89' lang='lat' dir='ltr'><strong>discipulis</strong></span> 
     </span>
    </p>
   </div>
   <div class='ocr_carea' id='block_1_73' title="bbox 252 4322 1823 4395">
    <p class='ocr_par' dir='ltr' id='par_1_73' title="bbox 252 4322 1823 4395">
     <span class='ocr_line' id='line_1_73' title="bbox 252 4322 1823 4395; baseline -0.001 -17"><span class='ocrx_word' id='word_1_599' title='bbox 252 4343 274 4378; x_wconf 70' lang='grc' dir='ltr'><strong><em>ι</em></strong></span> <span class='ocrx_word' id='word_1_600' title='bbox 310 4324 454 4381; x_wconf 89' lang='lat' dir='ltr'><strong>suis:</strong></span> <span class='ocrx_word' id='word_1_601' title='bbox 480 4323 596 4379; x_wconf 78' lang='lat' dir='ltr'><strong>Non</strong></span> <span class='ocrx_word' id='word_1_602' title='bbox 636 4332 720 4380; x_wconf 90' lang='lat' dir='ltr'><strong>est</strong></span> <span class='ocrx_word' id='word_1_603' title='bbox 747 4325 908 4380; x_wconf 87' lang='lat' dir='ltr'><strong>arbor</strong></span> <span class='ocrx_word' id='word_1_604' title='bbox 929 4324 1068 4380; x_wconf 90' lang='lat' dir='ltr'><strong>bona</strong></span> <span class='ocrx_word' id='word_1_605' title='bbox 1111 4339 1231 4395; x_wconf 84' lang='lat' dir='ltr'><strong>quae</strong></span> <span class='ocrx_word' id='word_1_606' title='bbox 1267 4322 1395 4379; x_wconf 87' lang='lat' dir='ltr'><strong>facit</strong></span> <span class='ocrx_word' id='word_1_607' title='bbox 1437 4322 1671 4379; x_wconf 82' lang='lat' dir='ltr'><strong>fructum</strong></span> <span class='ocrx_word' id='word_1_608' title='bbox 1706 4338 1823 4376; x_wconf 87' lang='lat' dir='ltr'><strong>ma-</strong></span> 
     </span>
    </p>
   </div>
   <div class='ocr_carea' id='block_1_74' title="bbox 1915 3774 3504 3856">
    <p class='ocr_par' dir='ltr' id='par_1_74' title="bbox 1915 3774 3504 3856">
     <span class='ocr_line' id='line_1_74' title="bbox 1915 3774 3504 3856; baseline -0.006 -17"><span class='ocrx_word' id='word_1_609' title='bbox 1915 3799 2223 3856; x_wconf 87' lang='lat' dir='ltr'><strong>possnmus,</strong></span> <span class='ocrx_word' id='word_1_610' title='bbox 2245 3780 2399 3851; x_wconf 91' lang='lat' dir='ltr'><strong>cujus</strong></span> <span class='ocrx_word' id='word_1_611' title='bbox 2425 3780 2741 3836; x_wconf 87' lang='lat' dir='ltr'><strong>intentionis</strong></span> <span class='ocrx_word' id='word_1_612' title='bbox 2759 3780 2891 3835; x_wconf 87' lang='lat' dir='ltr'><strong>sint.</strong></span> <span class='ocrx_word' id='word_1_613' title='bbox 2913 3777 3048 3833; x_wconf 85' lang='lat' dir='ltr'><strong>Nam</strong></span> <span class='ocrx_word' id='word_1_614' title='bbox 3078 3778 3123 3834; x_wconf 85' lang='lat' dir='ltr'><strong>si</strong></span> <span class='ocrx_word' id='word_1_615' title='bbox 3153 3776 3338 3846; x_wconf 85' lang='lat' dir='ltr'><strong>quales</strong></span> <span class='ocrx_word' id='word_1_616' title='bbox 3358 3774 3504 3830; x_wconf 86' lang='lat' dir='ltr'><strong>mala</strong></span> 
     </span>
    </p>
   </div>
   <div class='ocr_carea' id='block_1_75' title="bbox 1919 3869 3505 3946">
    <p class='ocr_par' dir='ltr' id='par_1_75' title="bbox 1919 3869 3505 3946">
     <span class='ocr_line' id='line_1_75' title="bbox 1919 3869 3505 3946; baseline -0.005 -15"><span class='ocrx_word' id='word_1_617' title='bbox 1919 3878 2082 3932; x_wconf 86' lang='lat' dir='ltr'><strong>arbor</strong></span> <span class='ocrx_word' id='word_1_618' title='bbox 2109 3874 2355 3946; x_wconf 89' lang='lat' dir='ltr'><strong>proferat</strong></span> <span class='ocrx_word' id='word_1_619' title='bbox 2378 3873 2617 3938; x_wconf 88' lang='lat' dir='ltr'><strong>fructus,</strong></span> <span class='ocrx_word' id='word_1_620' title='bbox 2642 3871 2727 3927; x_wconf 87' lang='lat' dir='ltr'><strong>vel</strong></span> <span class='ocrx_word' id='word_1_621' title='bbox 2754 3886 2823 3926; x_wconf 84' lang='lat' dir='ltr'><strong>ex</strong></span> <span class='ocrx_word' id='word_1_622' title='bbox 2851 3869 3047 3941; x_wconf 90' lang='lat' dir='ltr'><strong>quibus</strong></span> <span class='ocrx_word' id='word_1_623' title='bbox 3082 3869 3334 3940; x_wconf 83' lang='lat' dir='ltr'><strong>cognosci</strong></span> <span class='ocrx_word' id='word_1_624' title='bbox 3352 3890 3357 3895; x_wconf 56' lang='grc' dir='ltr'><strong><em>ο</em></strong></span> <span class='ocrx_word' id='word_1_625' title='bbox 3374 3884 3505 3938; x_wconf 83' lang='lat' dir='ltr'><strong>pos-</strong></span> 
     </span>
    </p>
   </div>
   <div class='ocr_carea' id='block_1_76' title="bbox 1919 3958 3506 4038">
    <p class='ocr_par' dir='ltr' id='par_1_76' title="bbox 1919 3958 3506 4038">
     <span class='ocr_line' id='line_1_76' title="bbox 1919 3958 3506 4038; baseline -0.008 -11"><span class='ocrx_word' id='word_1_626' title='bbox 1919 3970 2008 4035; x_wconf 91' lang='lat' dir='ltr'><strong>sit,</strong></span> <span class='ocrx_word' id='word_1_627' title='bbox 2026 3968 2231 4025; x_wconf 89' lang='lat' dir='ltr'><strong>Paulus</strong></span> <span class='ocrx_word' id='word_1_628' title='bbox 2260 3966 2532 4038; x_wconf 86' lang='lat' dir='ltr'><strong>apostolus</strong></span> <span class='ocrx_word' id='word_1_629' title='bbox 2560 3963 2842 4020; x_wconf 89' lang='lat' dir='ltr'><strong>denuntiat</strong></span> <span class='ocrx_word' id='word_1_630' title='bbox 2870 3976 2993 4018; x_wconf 87' lang='lat' dir='ltr'><strong>cum</strong></span> <span class='ocrx_word' id='word_1_631' title='bbox 3032 3961 3142 4016; x_wconf 87' lang='lat' dir='ltr'><strong>ait:</strong></span> <span class='ocrx_word' id='word_1_632' title='bbox 3173 3980 3193 4012; x_wconf 75' lang='grc' dir='ltr'><strong><em>ι</em></strong></span> <span class='ocrx_word' id='word_1_633' title='bbox 3222 3958 3506 4015; x_wconf 79' lang='lat' dir='ltr'><strong>Manifesta</strong></span> 
     </span>
    </p>
   </div>
   <div class='ocr_carea' id='block_1_77' title="bbox 1878 4049 3500 4131">
    <p class='ocr_par' dir='ltr' id='par_1_77' title="bbox 1878 4049 3500 4131">
     <span class='ocr_line' id='line_1_77' title="bbox 1878 4049 3500 4131; baseline -0.009 -14"><span class='ocrx_word' id='word_1_634' title='bbox 1878 4094 1887 4103; x_wconf 90' lang='lat'><strong>-</strong></span> <span class='ocrx_word' id='word_1_635' title='bbox 1920 4070 2098 4116; x_wconf 88' lang='lat' dir='ltr'><strong>autem</strong></span> <span class='ocrx_word' id='word_1_636' title='bbox 2134 4066 2262 4114; x_wconf 89' lang='lat' dir='ltr'><strong>sunt</strong></span> <span class='ocrx_word' id='word_1_637' title='bbox 2300 4072 2463 4131; x_wconf 79' lang='lat' dir='ltr'><strong>opera</strong></span> <span class='ocrx_word' id='word_1_638' title='bbox 2507 4056 2719 4121; x_wconf 87' lang='lat' dir='ltr'><strong>carnis,</strong></span> <span class='ocrx_word' id='word_1_639' title='bbox 2749 4068 2870 4124; x_wconf 86' lang='lat' dir='ltr'><strong>quae</strong></span> <span class='ocrx_word' id='word_1_640' title='bbox 2903 4059 3030 4109; x_wconf 90' lang='lat' dir='ltr'><strong>sunt</strong></span> <span class='ocrx_word' id='word_1_641' title='bbox 3064 4049 3371 4114; x_wconf 87' lang='lat' dir='ltr'><strong>fornicatio,</strong></span> <span class='ocrx_word' id='word_1_642' title='bbox 3397 4049 3500 4104; x_wconf 88' lang='lat' dir='ltr'><strong>im-</strong></span> 
     </span>
    </p>
   </div>
   <div class='ocr_carea' id='block_1_78' title="bbox 1922 4137 3507 4213">
    <p class='ocr_par' dir='ltr' id='par_1_78' title="bbox 1922 4137 3507 4213">
     <span class='ocr_line' id='line_1_78' title="bbox 1922 4137 3507 4213; baseline -0.008 -7"><span class='ocrx_word' id='word_1_643' title='bbox 1922 4150 2217 4213; x_wconf 87' lang='lat' dir='ltr'><strong>munditia,</strong></span> <span class='ocrx_word' id='word_1_644' title='bbox 2268 4147 2530 4212; x_wconf 86' lang='lat' dir='ltr'><strong>avaritia,</strong></span> <span class='ocrx_word' id='word_1_645' title='bbox 2579 4144 2849 4200; x_wconf 87' lang='lat' dir='ltr'><strong>idolorum</strong></span> <span class='ocrx_word' id='word_1_646' title='bbox 2892 4140 3157 4202; x_wconf 88' lang='lat' dir='ltr'><strong>servitus,</strong></span> <span class='ocrx_word' id='word_1_647' title='bbox 3206 4137 3507 4203; x_wconf 78' lang='lat' dir='ltr'><strong>veneficia,</strong></span> 
     </span>
    </p>
   </div>
   <div class='ocr_carea' id='block_1_79' title="bbox 1924 4229 3504 4307">
    <p class='ocr_par' dir='ltr' id='par_1_79' title="bbox 1924 4229 3504 4307">
     <span class='ocr_line' id='line_1_79' title="bbox 1924 4229 3504 4307; baseline -0.009 -9"><span class='ocrx_word' id='word_1_648' title='bbox 1924 4242 2243 4307; x_wconf 68' lang='lat' dir='ltr'><strong>inimicitiar,</strong></span> <span class='ocrx_word' id='word_1_649' title='bbox 2269 4240 2647 4295; x_wconf 89' lang='lat' dir='ltr'><strong>contentiones</strong></span> <span class='ocrx_word' id='word_1_650' title='bbox 2676 4243 2733 4291; x_wconf 89' lang='lat' dir='ltr'><strong>et</strong></span> <span class='ocrx_word' id='word_1_651' title='bbox 2755 4233 3162 4297; x_wconf 66' lang='lat' dir='ltr'><strong>aemulationes,</strong></span> <span class='ocrx_word' id='word_1_652' title='bbox 3185 4231 3310 4295; x_wconf 67' lang='lat' dir='ltr'><strong>irae,</strong></span> <span class='ocrx_word' id='word_1_653' title='bbox 3344 4229 3504 4292; x_wconf 69' lang='lat' dir='ltr'><strong>rixae,</strong></span> 
     </span>
    </p>
   </div>
   <div class='ocr_carea' id='block_1_80' title="bbox 1925 4318 3506 4397">
    <p class='ocr_par' dir='ltr' id='par_1_80' title="bbox 1925 4318 3506 4397">
     <span class='ocr_line' id='line_1_80' title="bbox 1925 4318 3506 4397; baseline -0.011 -8"><span class='ocrx_word' id='word_1_654' title='bbox 1925 4332 2310 4397; x_wconf 87' lang='lat' dir='ltr'><strong>dissensiones,</strong></span> <span class='ocrx_word' id='word_1_655' title='bbox 2344 4338 2527 4393; x_wconf 62' lang='lat' dir='ltr'><strong>sectae,</strong></span> <span class='ocrx_word' id='word_1_656' title='bbox 2554 4327 2789 4393; x_wconf 79' lang='lat' dir='ltr'><strong>invidiae,</strong></span> <span class='ocrx_word' id='word_1_657' title='bbox 2821 4325 3131 4387; x_wconf 89' lang='lat' dir='ltr'><strong>ebrietates,</strong></span> <span class='ocrx_word' id='word_1_658' title='bbox 3157 4318 3506 4376; x_wconf 82' lang='lat' dir='ltr'><strong>comessatio-</strong></span> 
     </span>
    </p>
   </div>
   <div class='ocr_carea' id='block_1_81' title="bbox 254 4407 3509 4491">
    <p class='ocr_par' dir='ltr' id='par_1_81' title="bbox 254 4407 3509 4491">
     <span class='ocr_line' id='line_1_81' title="bbox 254 4407 3509 4491; baseline -0.002 -22"><span class='ocrx_word' id='word_1_659' title='bbox 254 4435 275 4469; x_wconf 77' lang='grc' dir='ltr'>ι</span> <span class='ocrx_word' id='word_1_660' title='bbox 314 4415 446 4470; x_wconf 88' lang='lat' dir='ltr'><strong>lum.</strong></span> <span class='ocrx_word' id='word_1_661' title='bbox 483 4436 502 4469; x_wconf 79' lang='grc' dir='ltr'><strong><em>ι</em></strong></span> <span class='ocrx_word' id='word_1_662' title='bbox 535 4416 604 4470; x_wconf 88' lang='grc' dir='ltr'><strong>Ει</strong></span> <span class='ocrx_word' id='word_1_663' title='bbox 633 4414 857 4485; x_wconf 90' lang='lat' dir='ltr'><strong>reliqua.</strong></span> <span class='ocrx_word' id='word_1_664' title='bbox 885 4414 1145 4470; x_wconf 89' lang='lat' dir='ltr'><strong>Dominus</strong></span> <span class='ocrx_word' id='word_1_665' title='bbox 1181 4413 1337 4470; x_wconf 72' lang='lat' dir='ltr'><strong>Iesus</strong></span> <span class='ocrx_word' id='word_1_666' title='bbox 1360 4412 1610 4468; x_wconf 88' lang='lat' dir='ltr'><strong>Christus</strong></span> <span class='ocrx_word' id='word_1_667' title='bbox 1653 4410 1825 4467; x_wconf 80' lang='lat' dir='ltr'><strong>:edill-</strong></span> <span class='ocrx_word' id='word_1_668' title='bbox 1852 4488 1890 4491; x_wconf 93' lang='lat'>_</span> <span class='ocrx_word' id='word_1_669' title='bbox 1928 4436 2043 4487; x_wconf 63' lang='lat' dir='ltr'><strong>&quot;es,</strong></span> <span class='ocrx_word' id='word_1_670' title='bbox 2075 4436 2195 4491; x_wconf 59' lang='lat' dir='ltr'><strong>qua;</strong></span> <span class='ocrx_word' id='word_1_671' title='bbox 2221 4418 2452 4491; x_wconf 50' lang='lat' dir='ltr'><strong>praedico</strong></span> <span class='ocrx_word' id='word_1_672' title='bbox 2473 4416 2625 4472; x_wconf 74' lang='lat' dir='ltr'><strong>vobis</strong></span> <span class='ocrx_word' id='word_1_673' title='bbox 2649 4417 2789 4472; x_wconf 81' lang='lat' dir='ltr'><strong>sicut</strong></span> <span class='ocrx_word' id='word_1_674' title='bbox 2815 4412 3063 4484; x_wconf 59' lang='lat' dir='ltr'><strong>pradixi,</strong></span> <span class='ocrx_word' id='word_1_675' title='bbox 3092 4410 3235 4481; x_wconf 89' lang='lat' dir='ltr'><strong>quod</strong></span> <span class='ocrx_word' id='word_1_676' title='bbox 3263 4409 3357 4478; x_wconf 92' lang='lat' dir='ltr'><strong>qui</strong></span> <span class='ocrx_word' id='word_1_677' title='bbox 3385 4407 3509 4462; x_wconf 88' lang='lat' dir='ltr'><strong>talia</strong></span> 
     </span>
    </p>
   </div>
   <div class='ocr_carea' id='block_1_82' title="bbox 234 4488 3511 4588">
    <p class='ocr_par' dir='ltr' id='par_1_82' title="bbox 234 4488 3511 4588">
     <span class='ocr_line' id='line_1_82' title="bbox 234 4488 3511 4588; baseline -0.002 -28"><span class='ocrx_word' id='word_1_678' title='bbox 234 4515 406 4573; x_wconf 70' lang='lat' dir='ltr'><strong>,cator</strong></span> <span class='ocrx_word' id='word_1_679' title='bbox 431 4514 486 4561; x_wconf 90' lang='lat' dir='ltr'><strong>et</strong></span> <span class='ocrx_word' id='word_1_680' title='bbox 511 4513 859 4561; x_wconf 88' lang='lat' dir='ltr'><strong>conservator</strong></span> <span class='ocrx_word' id='word_1_681' title='bbox 885 4519 996 4559; x_wconf 69' lang='lat' dir='ltr'><strong>suae</strong></span> <span class='ocrx_word' id='word_1_682' title='bbox 1023 4501 1294 4568; x_wconf 66' lang='lat' dir='ltr'><strong>Ecclesiae,</strong></span> <span class='ocrx_word' id='word_1_683' title='bbox 1325 4502 1512 4573; x_wconf 89' lang='lat' dir='ltr'><strong>quales</strong></span> <span class='ocrx_word' id='word_1_684' title='bbox 1548 4502 1616 4558; x_wconf 89' lang='lat' dir='ltr'><strong>ad</strong></span> <span class='ocrx_word' id='word_1_685' title='bbox 1651 4502 1825 4557; x_wconf 76' lang='lat' dir='ltr'><strong>mdill-</strong></span> <span class='ocrx_word' id='word_1_686' title='bbox 1852 4488 1903 4548; x_wconf 84' lang='lat' dir='ltr'><strong>D</strong></span> <span class='ocrx_word' id='word_1_687' title='bbox 1930 4488 2118 4584; x_wconf 53' lang='lat' dir='ltr'><strong>agunt;</strong></span> <span class='ocrx_word' id='word_1_688' title='bbox 2145 4488 2371 4583; x_wconf 42' lang='lat' dir='ltr'><strong>regnum</strong></span> <span class='ocrx_word' id='word_1_689' title='bbox 2404 4509 2499 4564; x_wconf 81' lang='lat' dir='ltr'><strong>Dei</strong></span> <span class='ocrx_word' id='word_1_690' title='bbox 2530 4523 2636 4563; x_wconf 83' lang='lat' dir='ltr'><strong>non</strong></span> <span class='ocrx_word' id='word_1_691' title='bbox 2656 4513 3055 4588; x_wconf 58' lang='lat' dir='ltr'><strong>consequentur</strong></span> <span class='ocrx_word' id='word_1_692' title='bbox 3093 4500 3240 4569; x_wconf 87' lang='lat' dir='ltr'><strong>(Gal.</strong></span> <span class='ocrx_word' id='word_1_693' title='bbox 3272 4499 3348 4570; x_wconf 87' lang='lat' dir='ltr'><strong>v).</strong></span> <span class='ocrx_word' id='word_1_694' title='bbox 3378 4517 3399 4551; x_wconf 74' lang='grc' dir='ltr'><strong>ι</strong></span> <span class='ocrx_word' id='word_1_695' title='bbox 3438 4498 3511 4554; x_wconf 85' lang='lat' dir='ltr'><strong>At</strong></span> 
     </span>
    </p>
   </div>
   <div class='ocr_carea' id='block_1_83' title="bbox 249 4591 1828 4665">
    <p class='ocr_par' dir='ltr' id='par_1_83' title="bbox 249 4591 1828 4665">
     <span class='ocr_line' id='line_1_83' title="bbox 249 4591 1828 4665; baseline -0.001 -15"><span class='ocrx_word' id='word_1_696' title='bbox 249 4595 520 4651; x_wconf 89' lang='lat' dir='ltr'><strong>cationem</strong></span> <span class='ocrx_word' id='word_1_697' title='bbox 550 4595 773 4665; x_wconf 84' lang='lat' dir='ltr'><strong>arbores</strong></span> <span class='ocrx_word' id='word_1_698' title='bbox 799 4600 1027 4664; x_wconf 49' lang='lat' dir='ltr'><strong>qua‘rat,</strong></span> <span class='ocrx_word' id='word_1_699' title='bbox 1056 4592 1111 4647; x_wconf 88' lang='lat' dir='ltr'><strong>in</strong></span> <span class='ocrx_word' id='word_1_700' title='bbox 1140 4593 1363 4650; x_wconf 80' lang='lat' dir='ltr'><strong>exordio</strong></span> <span class='ocrx_word' id='word_1_701' title='bbox 1391 4591 1551 4663; x_wconf 87' lang='lat' dir='ltr'><strong>hujus</strong></span> <span class='ocrx_word' id='word_1_702' title='bbox 1584 4592 1828 4650; x_wconf 90' lang='lat' dir='ltr'><strong>lectionis</strong></span> 
     </span>
    </p>
   </div>
   <div class='ocr_carea' id='block_1_84' title="bbox 251 4682 1829 4755">
    <p class='ocr_par' dir='ltr' id='par_1_84' title="bbox 251 4682 1829 4755">
     <span class='ocr_line' id='line_1_84' title="bbox 251 4682 1829 4755; baseline -0.001 -14"><span class='ocrx_word' id='word_1_703' title='bbox 251 4686 526 4752; x_wconf 84' lang='lat' dir='ltr'><strong>declarat,</strong></span> <span class='ocrx_word' id='word_1_704' title='bbox 582 4685 765 4742; x_wconf 87' lang='lat' dir='ltr'><strong>dicens</strong></span> <span class='ocrx_word' id='word_1_705' title='bbox 795 4702 808 4738; x_wconf 91' lang='lat'><strong>:</strong></span> <span class='ocrx_word' id='word_1_706' title='bbox 842 4704 859 4735; x_wconf 73' lang='grc' dir='ltr'>ι</span> <span class='ocrx_word' id='word_1_707' title='bbox 893 4682 1009 4739; x_wconf 81' lang='lat' dir='ltr'><strong>Non</strong></span> <span class='ocrx_word' id='word_1_708' title='bbox 1036 4691 1120 4739; x_wconf 91' lang='lat' dir='ltr'><strong>est</strong></span> <span class='ocrx_word' id='word_1_709' title='bbox 1154 4684 1297 4739; x_wconf 91' lang='lat' dir='ltr'><strong>enim</strong></span> <span class='ocrx_word' id='word_1_710' title='bbox 1335 4682 1498 4739; x_wconf 90' lang='lat' dir='ltr'><strong>arbor</strong></span> <span class='ocrx_word' id='word_1_711' title='bbox 1529 4686 1667 4740; x_wconf 89' lang='lat' dir='ltr'><strong>bona</strong></span> <span class='ocrx_word' id='word_1_712' title='bbox 1710 4698 1829 4755; x_wconf 73' lang='lat' dir='ltr'><strong>qua:</strong></span> 
     </span>
    </p>
   </div>
   <div class='ocr_carea' id='block_1_85' title="bbox 252 4777 957 4835">
    <p class='ocr_par' dir='ltr' id='par_1_85' title="bbox 252 4777 957 4835">
     <span class='ocr_line' id='line_1_85' title="bbox 252 4777 957 4835; baseline -0.009 -1"><span class='ocrx_word' id='word_1_713' title='bbox 252 4779 389 4835; x_wconf 82' lang='lat' dir='ltr'><strong>facit</strong></span> <span class='ocrx_word' id='word_1_714' title='bbox 418 4778 648 4834; x_wconf 90' lang='lat' dir='ltr'><strong>fructum</strong></span> <span class='ocrx_word' id='word_1_715' title='bbox 679 4777 903 4833; x_wconf 90' lang='lat' dir='ltr'><strong>malum.</strong></span> <span class='ocrx_word' id='word_1_716' title='bbox 939 4795 957 4828; x_wconf 78' lang='grc' dir='ltr'><strong><em>ι</em></strong></span> 
     </span>
    </p>
   </div>
   <div class='ocr_carea' id='block_1_86' title="bbox 335 4863 1824 4941">
    <p class='ocr_par' dir='ltr' id='par_1_86' title="bbox 335 4863 1824 4941">
     <span class='ocr_line' id='line_1_86' title="bbox 335 4863 1824 4941; baseline -0.006 -19"><span class='ocrx_word' id='word_1_717' title='bbox 335 4889 353 4922; x_wconf 73' lang='grc' dir='ltr'><strong>α</strong></span> <span class='ocrx_word' id='word_1_718' title='bbox 396 4868 580 4941; x_wconf 73' lang='lat' dir='ltr'><strong>Neque</strong></span> <span class='ocrx_word' id='word_1_719' title='bbox 621 4867 781 4923; x_wconf 90' lang='lat' dir='ltr'><strong>arbor</strong></span> <span class='ocrx_word' id='word_1_720' title='bbox 838 4866 976 4923; x_wconf 89' lang='lat' dir='ltr'><strong>mala</strong></span> <span class='ocrx_word' id='word_1_721' title='bbox 1020 4865 1223 4922; x_wconf 82' lang='lat' dir='ltr'><strong>faciens</strong></span> <span class='ocrx_word' id='word_1_722' title='bbox 1263 4863 1497 4921; x_wconf 82' lang='lat' dir='ltr'><strong>fructum</strong></span> <span class='ocrx_word' id='word_1_723' title='bbox 1540 4866 1760 4921; x_wconf 91' lang='lat' dir='ltr'><strong>bonum.</strong></span> <span class='ocrx_word' id='word_1_724' title='bbox 1805 4882 1824 4913; x_wconf 71' lang='grc' dir='ltr'><strong><em>ι</em></strong></span> 
     </span>
    </p>
   </div>
   <div class='ocr_carea' id='block_1_87' title="bbox 254 4957 1829 5034">
    <p class='ocr_par' dir='ltr' id='par_1_87' title="bbox 254 4957 1829 5034">
     <span class='ocr_line' id='line_1_87' title="bbox 254 4957 1829 5034; baseline -0.007 -15"><span class='ocrx_word' id='word_1_725' title='bbox 254 4963 494 5019; x_wconf 80' lang='lat' dir='ltr'><strong>Arbores</strong></span> <span class='ocrx_word' id='word_1_726' title='bbox 514 4959 826 5034; x_wconf 87' lang='lat' dir='ltr'><strong>spiritaliter</strong></span> <span class='ocrx_word' id='word_1_727' title='bbox 847 4960 902 5014; x_wconf 93' lang='lat' dir='ltr'><strong>in</strong></span> <span class='ocrx_word' id='word_1_728' title='bbox 926 4957 1219 5029; x_wconf 90' lang='lat' dir='ltr'><strong>Scripturis</strong></span> <span class='ocrx_word' id='word_1_729' title='bbox 1237 4957 1485 5013; x_wconf 88' lang='lat' dir='ltr'><strong>homines</strong></span> <span class='ocrx_word' id='word_1_730' title='bbox 1505 4957 1829 5028; x_wconf 79' lang='lat' dir='ltr'><strong>significant,</strong></span> 
     </span>
    </p>
   </div>
   <div class='ocr_carea' id='block_1_88' title="bbox 258 5044 1832 5119">
    <p class='ocr_par' dir='ltr' id='par_1_88' title="bbox 258 5044 1832 5119">
     <span class='ocr_line' id='line_1_88' title="bbox 258 5044 1832 5119; baseline -0.007 -11"><span class='ocrx_word' id='word_1_731' title='bbox 258 5055 403 5109; x_wconf 90' lang='lat' dir='ltr'><strong>sicut</strong></span> <span class='ocrx_word' id='word_1_732' title='bbox 447 5052 535 5106; x_wconf 89' lang='lat' dir='ltr'><strong>ille</strong></span> <span class='ocrx_word' id='word_1_733' title='bbox 561 5066 767 5116; x_wconf 74' lang='lat' dir='ltr'><strong>czecus,</strong></span> <span class='ocrx_word' id='word_1_734' title='bbox 797 5050 950 5119; x_wconf 87' lang='lat' dir='ltr'><strong>quia</strong></span> <span class='ocrx_word' id='word_1_735' title='bbox 976 5047 1202 5103; x_wconf 91' lang='lat' dir='ltr'><strong>Domino</strong></span> <span class='ocrx_word' id='word_1_736' title='bbox 1248 5046 1578 5102; x_wconf 91' lang='lat' dir='ltr'><strong>illuminatus</strong></span> <span class='ocrx_word' id='word_1_737' title='bbox 1624 5044 1832 5109; x_wconf 86' lang='lat' dir='ltr'><strong>fuerat,</strong></span> 
     </span>
    </p>
   </div>
   <div class='ocr_carea' id='block_1_89' title="bbox 258 5136 1829 5212">
    <p class='ocr_par' dir='ltr' id='par_1_89' title="bbox 258 5136 1829 5212">
     <span class='ocr_line' id='line_1_89' title="bbox 258 5136 1829 5212; baseline -0.005 -15"><span class='ocrx_word' id='word_1_738' title='bbox 258 5144 476 5199; x_wconf 90' lang='lat' dir='ltr'><strong>dicebat</strong></span> <span class='ocrx_word' id='word_1_739' title='bbox 498 5162 509 5196; x_wconf 94' lang='lat'><strong>:</strong></span> <span class='ocrx_word' id='word_1_740' title='bbox 533 5160 550 5192; x_wconf 80' lang='grc' dir='ltr'>ι</span> <span class='ocrx_word' id='word_1_741' title='bbox 576 5142 743 5198; x_wconf 86' lang='lat' dir='ltr'><strong>Video</strong></span> <span class='ocrx_word' id='word_1_742' title='bbox 759 5141 1003 5196; x_wconf 90' lang='lat' dir='ltr'><strong>homines</strong></span> <span class='ocrx_word' id='word_1_743' title='bbox 1017 5140 1411 5212; x_wconf 88' lang='lat' dir='ltr'><strong>quasiarbores</strong></span> <span class='ocrx_word' id='word_1_744' title='bbox 1433 5136 1627 5210; x_wconf 79' lang='lat' dir='ltr'><strong>(Marc.</strong></span> <span class='ocrx_word' id='word_1_745' title='bbox 1646 5137 1783 5209; x_wconf 87' lang='lat' dir='ltr'><strong>vm).</strong></span> <span class='ocrx_word' id='word_1_746' title='bbox 1811 5158 1829 5189; x_wconf 76' lang='grc' dir='ltr'><strong><em>ι</em></strong></span> 
     </span>
    </p>
   </div>
   <div class='ocr_carea' id='block_1_90' title="bbox 260 5233 1835 5305">
    <p class='ocr_par' dir='ltr' id='par_1_90' title="bbox 260 5233 1835 5305">
     <span class='ocr_line' id='line_1_90' title="bbox 260 5233 1835 5305; baseline -0.003 -14"><span class='ocrx_word' id='word_1_747' title='bbox 260 5237 329 5291; x_wconf 85' lang='grc' dir='ltr'><strong>Ει</strong></span> <span class='ocrx_word' id='word_1_748' title='bbox 360 5236 540 5290; x_wconf 87' lang='lat' dir='ltr'><strong>Daniel</strong></span> <span class='ocrx_word' id='word_1_749' title='bbox 570 5239 620 5290; x_wconf 92' lang='lat' dir='ltr'><strong>in</strong></span> <span class='ocrx_word' id='word_1_750' title='bbox 648 5235 852 5289; x_wconf 87' lang='lat' dir='ltr'><strong>visione</strong></span> <span class='ocrx_word' id='word_1_751' title='bbox 876 5233 1368 5305; x_wconf 81' lang='lat' dir='ltr'><strong>Nabuchodonosor</strong></span> <span class='ocrx_word' id='word_1_752' title='bbox 1392 5233 1552 5303; x_wconf 89' lang='lat' dir='ltr'><strong>regis,</strong></span> <span class='ocrx_word' id='word_1_753' title='bbox 1577 5233 1835 5286; x_wconf 83' lang='lat' dir='ltr'><strong>arborem</strong></span> 
     </span>
    </p>
   </div>
   <div class='ocr_carea' id='block_1_91' title="bbox 266 5324 1835 5398">
    <p class='ocr_par' dir='ltr' id='par_1_91' title="bbox 266 5324 1835 5398">
     <span class='ocr_line' id='line_1_91' title="bbox 266 5324 1835 5398; baseline -0.003 -17"><span class='ocrx_word' id='word_1_754' title='bbox 266 5343 515 5398; x_wconf 80' lang='lat' dir='ltr'><strong>magnam</strong></span> <span class='ocrx_word' id='word_1_755' title='bbox 560 5329 731 5397; x_wconf 83' lang='lat' dir='ltr'><strong>ipsum</strong></span> <span class='ocrx_word' id='word_1_756' title='bbox 782 5342 961 5397; x_wconf 78' lang='lat' dir='ltr'><strong>regem</strong></span> <span class='ocrx_word' id='word_1_757' title='bbox 999 5326 1381 5396; x_wconf 88' lang='lat' dir='ltr'><strong>interpretatus</strong></span> <span class='ocrx_word' id='word_1_758' title='bbox 1416 5336 1498 5379; x_wconf 91' lang='lat' dir='ltr'><strong>est</strong></span> <span class='ocrx_word' id='word_1_759' title='bbox 1529 5324 1691 5396; x_wconf 82' lang='lat' dir='ltr'><strong>(Dan.</strong></span> <span class='ocrx_word' id='word_1_760' title='bbox 1738 5324 1835 5395; x_wconf 75' lang='lat' dir='ltr'><strong>iv).</strong></span> 
     </span>
    </p>
   </div>
   <div class='ocr_carea' id='block_1_92' title="bbox 266 5416 1836 5487">
    <p class='ocr_par' dir='ltr' id='par_1_92' title="bbox 266 5416 1836 5487">
     <span class='ocr_line' id='line_1_92' title="bbox 266 5416 1836 5487; baseline -0.002 -14"><span class='ocrx_word' id='word_1_761' title='bbox 266 5418 495 5473; x_wconf 85' lang='lat' dir='ltr'><strong>Fructus</strong></span> <span class='ocrx_word' id='word_1_762' title='bbox 518 5428 693 5473; x_wconf 90' lang='lat' dir='ltr'><strong>autem</strong></span> <span class='ocrx_word' id='word_1_763' title='bbox 742 5417 954 5472; x_wconf 90' lang='lat' dir='ltr'><strong>arboris</strong></span> <span class='ocrx_word' id='word_1_764' title='bbox 972 5431 1136 5487; x_wconf 86' lang='lat' dir='ltr'><strong>opera</strong></span> <span class='ocrx_word' id='word_1_765' title='bbox 1160 5426 1285 5472; x_wconf 89' lang='lat' dir='ltr'><strong>sunt</strong></span> <span class='ocrx_word' id='word_1_766' title='bbox 1310 5417 1544 5473; x_wconf 85' lang='lat' dir='ltr'><strong>hominis</strong></span> <span class='ocrx_word' id='word_1_767' title='bbox 1569 5416 1653 5471; x_wconf 87' lang='lat' dir='ltr'><strong>vel</strong></span> <span class='ocrx_word' id='word_1_768' title='bbox 1675 5416 1836 5483; x_wconf 90' lang='lat' dir='ltr'><strong>bona,</strong></span> 
     </span>
    </p>
   </div>
   <div class='ocr_carea' id='block_1_93' title="bbox 265 5506 1841 5578">
    <p class='ocr_par' dir='ltr' id='par_1_93' title="bbox 265 5506 1841 5578">
     <span class='ocr_line' id='line_1_93' title="bbox 265 5506 1841 5578; baseline -0.003 -13"><span class='ocrx_word' id='word_1_769' title='bbox 265 5510 351 5565; x_wconf 90' lang='lat' dir='ltr'><strong>vel</strong></span> <span class='ocrx_word' id='word_1_770' title='bbox 385 5510 546 5573; x_wconf 89' lang='lat' dir='ltr'><strong>mala,</strong></span> <span class='ocrx_word' id='word_1_771' title='bbox 576 5510 714 5565; x_wconf 86' lang='lat' dir='ltr'><strong>sicut</strong></span> <span class='ocrx_word' id='word_1_772' title='bbox 737 5508 994 5563; x_wconf 90' lang='lat' dir='ltr'><strong>Dominus</strong></span> <span class='ocrx_word' id='word_1_773' title='bbox 1015 5506 1089 5561; x_wconf 83' lang='lat' dir='ltr'><strong>ait</strong></span> <span class='ocrx_word' id='word_1_774' title='bbox 1119 5507 1171 5562; x_wconf 92' lang='lat' dir='ltr'><strong>in</strong></span> <span class='ocrx_word' id='word_1_775' title='bbox 1203 5507 1495 5578; x_wconf 85' lang='lat' dir='ltr'><strong>Evangelio</strong></span> <span class='ocrx_word' id='word_1_776' title='bbox 1525 5525 1537 5560; x_wconf 91' lang='lat'><strong>:</strong></span> <span class='ocrx_word' id='word_1_777' title='bbox 1575 5525 1594 5558; x_wconf 75' lang='grc' dir='ltr'>ι</span> <span class='ocrx_word' id='word_1_778' title='bbox 1628 5506 1734 5561; x_wconf 82' lang='lat' dir='ltr'><strong>Aut</strong></span> <span class='ocrx_word' id='word_1_779' title='bbox 1765 5506 1841 5560; x_wconf 88' lang='lat' dir='ltr'><strong>fa-</strong></span> 
     </span>
    </p>
   </div>
   <div class='ocr_carea' id='block_1_94' title="bbox 267 5596 1843 5668">
    <p class='ocr_par' dir='ltr' id='par_1_94' title="bbox 267 5596 1843 5668">
     <span class='ocr_line' id='line_1_94' title="bbox 267 5596 1843 5668; baseline -0.003 -11"><span class='ocrx_word' id='word_1_780' title='bbox 267 5604 375 5657; x_wconf 82' lang='lat' dir='ltr'><strong>cite</strong></span> <span class='ocrx_word' id='word_1_781' title='bbox 422 5604 671 5658; x_wconf 88' lang='lat' dir='ltr'><strong>arborem</strong></span> <span class='ocrx_word' id='word_1_782' title='bbox 702 5602 932 5666; x_wconf 89' lang='lat' dir='ltr'><strong>bonam,</strong></span> <span class='ocrx_word' id='word_1_783' title='bbox 965 5610 1018 5655; x_wconf 89' lang='lat' dir='ltr'><strong>ct</strong></span> <span class='ocrx_word' id='word_1_784' title='bbox 1049 5596 1438 5668; x_wconf 29' lang='lat' dir='ltr'><strong>fructumlejus</strong></span> <span class='ocrx_word' id='word_1_785' title='bbox 1480 5602 1713 5668; x_wconf 86' lang='lat' dir='ltr'><strong>bonum;</strong></span> <span class='ocrx_word' id='word_1_786' title='bbox 1750 5607 1843 5654; x_wconf 90' lang='lat' dir='ltr'><strong>aut</strong></span> 
     </span>
    </p>
   </div>
   <div class='ocr_carea' id='block_1_95' title="bbox 269 5690 1840 5762">
    <p class='ocr_par' dir='ltr' id='par_1_95' title="bbox 269 5690 1840 5762">
     <span class='ocr_line' id='line_1_95' title="bbox 269 5690 1840 5762; baseline -0.002 -12"><span class='ocrx_word' id='word_1_787' title='bbox 269 5695 432 5752; x_wconf 87' lang='lat' dir='ltr'><strong>facite</strong></span> <span class='ocrx_word' id='word_1_788' title='bbox 480 5697 726 5751; x_wconf 89' lang='lat' dir='ltr'><strong>arborem</strong></span> <span class='ocrx_word' id='word_1_789' title='bbox 785 5692 1018 5761; x_wconf 89' lang='lat' dir='ltr'><strong>malam,</strong></span> <span class='ocrx_word' id='word_1_790' title='bbox 1070 5702 1125 5748; x_wconf 91' lang='lat' dir='ltr'><strong>et</strong></span> <span class='ocrx_word' id='word_1_791' title='bbox 1176 5692 1409 5748; x_wconf 88' lang='lat' dir='ltr'><strong>fructum</strong></span> <span class='ocrx_word' id='word_1_792' title='bbox 1469 5690 1585 5762; x_wconf 85' lang='lat' dir='ltr'><strong>ejus</strong></span> <span class='ocrx_word' id='word_1_793' title='bbox 1637 5691 1840 5748; x_wconf 87' lang='lat' dir='ltr'><strong>malum</strong></span> 
     </span>
    </p>
   </div>
   <div class='ocr_carea' id='block_1_96' title="bbox 1933 4590 3515 4681">
    <p class='ocr_par' dir='ltr' id='par_1_96' title="bbox 1933 4590 3515 4681">
     <span class='ocr_line' id='line_1_96' title="bbox 1933 4590 3515 4681; baseline -0.012 -18"><span class='ocrx_word' id='word_1_794' title='bbox 1933 4622 2061 4663; x_wconf 90' lang='lat' dir='ltr'><strong>vero</strong></span> <span class='ocrx_word' id='word_1_795' title='bbox 2088 4605 2273 4681; x_wconf 76' lang='lat' dir='ltr'><strong>quales</strong></span> <span class='ocrx_word' id='word_1_796' title='bbox 2298 4604 2439 4659; x_wconf 90' lang='lat' dir='ltr'><strong>bona</strong></span> <span class='ocrx_word' id='word_1_797' title='bbox 2470 4601 2632 4657; x_wconf 87' lang='lat' dir='ltr'><strong>arbor</strong></span> <span class='ocrx_word' id='word_1_798' title='bbox 2668 4597 2907 4670; x_wconf 82' lang='lat' dir='ltr'><strong>proferat</strong></span> <span class='ocrx_word' id='word_1_799' title='bbox 2935 4595 3178 4658; x_wconf 87' lang='lat' dir='ltr'><strong>fructus,</strong></span> <span class='ocrx_word' id='word_1_800' title='bbox 3209 4592 3351 4646; x_wconf 92' lang='lat' dir='ltr'><strong>idem</strong></span> <span class='ocrx_word' id='word_1_801' title='bbox 3396 4590 3515 4660; x_wconf 84' lang='lat' dir='ltr'><strong>ipse</strong></span> 
     </span>
    </p>
   </div>
   <div class='ocr_carea' id='block_1_97' title="bbox 1934 4682 3516 4765">
    <p class='ocr_par' dir='ltr' id='par_1_97' title="bbox 1934 4682 3516 4765">
     <span class='ocr_line' id='line_1_97' title="bbox 1934 4682 3516 4765; baseline -0.012 -9"><span class='ocrx_word' id='word_1_802' title='bbox 1934 4699 2171 4756; x_wconf 89' lang='lat' dir='ltr'><strong>ostendit</strong></span> <span class='ocrx_word' id='word_1_803' title='bbox 2207 4711 2330 4752; x_wconf 91' lang='lat' dir='ltr'><strong>cum</strong></span> <span class='ocrx_word' id='word_1_804' title='bbox 2373 4692 2653 4765; x_wconf 76' lang='lat' dir='ltr'><strong>adiungit:</strong></span> <span class='ocrx_word' id='word_1_805' title='bbox 2690 4710 2708 4743; x_wconf 73' lang='grc' dir='ltr'><strong><em>ι</em></strong></span> <span class='ocrx_word' id='word_1_806' title='bbox 2739 4689 2969 4743; x_wconf 87' lang='lat' dir='ltr'><strong>Fructus</strong></span> <span class='ocrx_word' id='word_1_807' title='bbox 2993 4685 3137 4741; x_wconf 91' lang='lat' dir='ltr'><strong>enim</strong></span> <span class='ocrx_word' id='word_1_808' title='bbox 3170 4682 3393 4753; x_wconf 87' lang='lat' dir='ltr'><strong>spiritus</strong></span> <span class='ocrx_word' id='word_1_809' title='bbox 3430 4689 3516 4737; x_wconf 87' lang='lat' dir='ltr'><strong>est</strong></span> 
     </span>
    </p>
   </div>
   <div class='ocr_carea' id='block_1_98' title="bbox 1933 4774 3515 4859">
    <p class='ocr_par' dir='ltr' id='par_1_98' title="bbox 1933 4774 3515 4859">
     <span class='ocr_line' id='line_1_98' title="bbox 1933 4774 3515 4859; baseline -0.015 -10"><span class='ocrx_word' id='word_1_810' title='bbox 1933 4793 2211 4855; x_wconf 85' lang='lat' dir='ltr'><strong>charitas,</strong></span> <span class='ocrx_word' id='word_1_811' title='bbox 2254 4787 2541 4859; x_wconf 87' lang='lat' dir='ltr'><strong>gaudium,</strong></span> <span class='ocrx_word' id='word_1_812' title='bbox 2583 4799 2723 4855; x_wconf 80' lang='lat' dir='ltr'><strong>pax.</strong></span> <span class='ocrx_word' id='word_1_813' title='bbox 2760 4779 3052 4853; x_wconf 82' lang='lat' dir='ltr'><strong>patientia,</strong></span> <span class='ocrx_word' id='word_1_814' title='bbox 3097 4774 3515 4846; x_wconf 85' lang='lat' dir='ltr'><strong>longanimitas,</strong></span> 
     </span>
    </p>
   </div>
   <div class='ocr_carea' id='block_1_99' title="bbox 1938 4862 3513 4942">
    <p class='ocr_par' dir='ltr' id='par_1_99' title="bbox 1938 4862 3513 4942">
     <span class='ocr_line' id='line_1_99' title="bbox 1938 4862 3513 4942; baseline -0.014 -5"><span class='ocrx_word' id='word_1_815' title='bbox 1938 4879 2319 4942; x_wconf 88' lang='lat' dir='ltr'><strong>mansuetudo,</strong></span> <span class='ocrx_word' id='word_1_816' title='bbox 2346 4876 2478 4931; x_wconf 81' lang='lat' dir='ltr'><strong>fides</strong></span> <span class='ocrx_word' id='word_1_817' title='bbox 2496 4915 2511 4941; x_wconf 92' lang='lat'><strong>,</strong></span> <span class='ocrx_word' id='word_1_818' title='bbox 2543 4872 2807 4929; x_wconf 77' lang='lat' dir='ltr'><strong>modestia</strong></span> <span class='ocrx_word' id='word_1_819' title='bbox 2825 4911 2840 4937; x_wconf 93' lang='lat'><strong>,</strong></span> <span class='ocrx_word' id='word_1_820' title='bbox 2867 4864 3198 4925; x_wconf 84' lang='lat' dir='ltr'><strong>continentia</strong></span> <span class='ocrx_word' id='word_1_821' title='bbox 3220 4903 3235 4929; x_wconf 97' lang='lat'><strong>,</strong></span> <span class='ocrx_word' id='word_1_822' title='bbox 3258 4862 3513 4927; x_wconf 87' lang='lat' dir='ltr'><strong>castitas,</strong></span> 
     </span>
    </p>
   </div>
   <div class='ocr_carea' id='block_1_100' title="bbox 1940 4951 3519 5041">
    <p class='ocr_par' dir='ltr' id='par_1_100' title="bbox 1940 4951 3519 5041">
     <span class='ocr_line' id='line_1_100' title="bbox 1940 4951 3519 5041; baseline -0.013 -15"><span class='ocrx_word' id='word_1_823' title='bbox 1940 4972 2199 5026; x_wconf 86' lang='lat' dir='ltr'><strong>adversus</strong></span> <span class='ocrx_word' id='word_1_824' title='bbox 2220 4964 2524 5036; x_wconf 89' lang='lat' dir='ltr'><strong>lmjnsmodi</strong></span> <span class='ocrx_word' id='word_1_825' title='bbox 2551 4979 2657 5017; x_wconf 89' lang='lat' dir='ltr'><strong>non</strong></span> <span class='ocrx_word' id='word_1_826' title='bbox 2682 4970 2766 5016; x_wconf 90' lang='lat' dir='ltr'><strong>est</strong></span> <span class='ocrx_word' id='word_1_827' title='bbox 2791 4959 2878 5015; x_wconf 86' lang='lat' dir='ltr'><strong>lex</strong></span> <span class='ocrx_word' id='word_1_828' title='bbox 2915 4954 3124 5041; x_wconf 53' lang='lat' dir='ltr'><strong>(light).</strong></span> <span class='ocrx_word' id='word_1_829' title='bbox 3143 4972 3163 5005; x_wconf 70' lang='grc' dir='ltr'><strong><em>ι</em></strong></span> <span class='ocrx_word' id='word_1_830' title='bbox 3179 4953 3290 5008; x_wconf 78' lang='lat' dir='ltr'><strong>llos</strong></span> <span class='ocrx_word' id='word_1_831' title='bbox 3312 4951 3519 5007; x_wconf 90' lang='lat' dir='ltr'><strong>fruetus</strong></span> 
     </span>
    </p>
   </div>
   <div class='ocr_carea' id='block_1_101' title="bbox 1938 5043 3515 5133">
    <p class='ocr_par' dir='ltr' id='par_1_101' title="bbox 1938 5043 3515 5133">
     <span class='ocr_line' id='line_1_101' title="bbox 1938 5043 3515 5133; baseline -0.012 -18"><span class='ocrx_word' id='word_1_832' title='bbox 1938 5058 2310 5133; x_wconf 82' lang='lat' dir='ltr'><strong>gra:ulabatur</strong></span> <span class='ocrx_word' id='word_1_833' title='bbox 2339 5071 2398 5111; x_wconf 89' lang='lat' dir='ltr'><strong>se</strong></span> <span class='ocrx_word' id='word_1_834' title='bbox 2435 5053 2722 5125; x_wconf 79' lang='lat' dir='ltr'><strong>pratulisse</strong></span> <span class='ocrx_word' id='word_1_835' title='bbox 2754 5049 3018 5120; x_wconf 81' lang='lat' dir='ltr'><strong>Propheta</strong></span> <span class='ocrx_word' id='word_1_836' title='bbox 3038 5087 3052 5114; x_wconf 93' lang='lat'><strong>,</strong></span> <span class='ocrx_word' id='word_1_837' title='bbox 3093 5059 3215 5101; x_wconf 83' lang='lat' dir='ltr'><strong>cum</strong></span> <span class='ocrx_word' id='word_1_838' title='bbox 3258 5043 3472 5099; x_wconf 88' lang='lat' dir='ltr'><strong>dicebat</strong></span> <span class='ocrx_word' id='word_1_839' title='bbox 3501 5059 3515 5095; x_wconf 89' lang='lat'><strong>:</strong></span> 
     </span>
    </p>
   </div>
   <div class='ocr_carea' id='block_1_102' title="bbox 1946 5135 3520 5224">
    <p class='ocr_par' dir='ltr' id='par_1_102' title="bbox 1946 5135 3520 5224">
     <span class='ocr_line' id='line_1_102' title="bbox 1946 5135 3520 5224; baseline -0.012 -18"><span class='ocrx_word' id='word_1_840' title='bbox 1946 5175 1963 5206; x_wconf 78' lang='grc' dir='ltr'>ι</span> <span class='ocrx_word' id='word_1_841' title='bbox 1998 5155 2109 5224; x_wconf 83' lang='lat' dir='ltr'><strong>Ego</strong></span> <span class='ocrx_word' id='word_1_842' title='bbox 2129 5159 2309 5206; x_wconf 87' lang='lat' dir='ltr'><strong>autem</strong></span> <span class='ocrx_word' id='word_1_843' title='bbox 2341 5149 2480 5204; x_wconf 90' lang='lat' dir='ltr'><strong>sicut</strong></span> <span class='ocrx_word' id='word_1_844' title='bbox 2508 5146 2657 5201; x_wconf 85' lang='lat' dir='ltr'><strong>oliva</strong></span> <span class='ocrx_word' id='word_1_845' title='bbox 2680 5141 2956 5198; x_wconf 87' lang='lat' dir='ltr'><strong>fructifera</strong></span> <span class='ocrx_word' id='word_1_846' title='bbox 2986 5140 3039 5194; x_wconf 87' lang='lat' dir='ltr'><strong>in</strong></span> <span class='ocrx_word' id='word_1_847' title='bbox 3068 5138 3228 5194; x_wconf 89' lang='lat' dir='ltr'><strong>domo</strong></span> <span class='ocrx_word' id='word_1_848' title='bbox 3267 5135 3360 5190; x_wconf 88' lang='lat' dir='ltr'><strong>Dei</strong></span> <span class='ocrx_word' id='word_1_849' title='bbox 3399 5148 3520 5203; x_wconf 84' lang='lat' dir='ltr'><strong>spe—</strong></span> 
     </span>
    </p>
   </div>
   <div class='ocr_carea' id='block_1_103' title="bbox 1944 5224 3519 5299">
    <p class='ocr_par' dir='ltr' id='par_1_103' title="bbox 1944 5224 3519 5299">
     <span class='ocr_line' id='line_1_103' title="bbox 1944 5224 3519 5299; baseline -0.013 0"><span class='ocrx_word' id='word_1_850' title='bbox 1944 5245 2057 5299; x_wconf 88' lang='lat' dir='ltr'><strong>ravi</strong></span> <span class='ocrx_word' id='word_1_851' title='bbox 2091 5244 2143 5297; x_wconf 93' lang='lat' dir='ltr'><strong>in</strong></span> <span class='ocrx_word' id='word_1_852' title='bbox 2172 5237 2540 5296; x_wconf 86' lang='lat' dir='ltr'><strong>misericordia</strong></span> <span class='ocrx_word' id='word_1_853' title='bbox 2570 5236 2662 5290; x_wconf 88' lang='lat' dir='ltr'><strong>Dei</strong></span> <span class='ocrx_word' id='word_1_854' title='bbox 2692 5236 2745 5289; x_wconf 93' lang='lat' dir='ltr'><strong>in</strong></span> <span class='ocrx_word' id='word_1_855' title='bbox 2776 5243 3039 5288; x_wconf 76' lang='lat' dir='ltr'><strong>:eternum</strong></span> <span class='ocrx_word' id='word_1_856' title='bbox 3071 5238 3129 5285; x_wconf 89' lang='lat' dir='ltr'><strong>et</strong></span> <span class='ocrx_word' id='word_1_857' title='bbox 3168 5229 3229 5283; x_wconf 84' lang='lat' dir='ltr'><strong>in</strong></span> <span class='ocrx_word' id='word_1_858' title='bbox 3263 5224 3519 5282; x_wconf 63' lang='lat' dir='ltr'><strong>saeculum</strong></span> 
     </span>
    </p>
   </div>
   <div class='ocr_carea' id='block_1_104' title="bbox 1942 5317 3524 5405">
    <p class='ocr_par' dir='ltr' id='par_1_104' title="bbox 1942 5317 3524 5405">
     <span class='ocr_line' id='line_1_104' title="bbox 1942 5317 3524 5405; baseline -0.015 -11"><span class='ocrx_word' id='word_1_859' title='bbox 1942 5335 2125 5394; x_wconf 83' lang='lat' dir='ltr'><strong>saeculi</strong></span> <span class='ocrx_word' id='word_1_860' title='bbox 2152 5331 2327 5405; x_wconf 66' lang='lat' dir='ltr'><strong>(Paul.</strong></span> <span class='ocrx_word' id='word_1_861' title='bbox 2360 5332 2455 5401; x_wconf 80' lang='lat' dir='ltr'><strong>LI).</strong></span> <span class='ocrx_word' id='word_1_862' title='bbox 2498 5349 2516 5383; x_wconf 72' lang='grc' dir='ltr'><strong><em>ι</em></strong></span> <span class='ocrx_word' id='word_1_863' title='bbox 2550 5328 2772 5396; x_wconf 84' lang='lat' dir='ltr'><strong>Qualem</strong></span> <span class='ocrx_word' id='word_1_864' title='bbox 2801 5326 3052 5382; x_wconf 84' lang='lat' dir='ltr'><strong>arborem</strong></span> <span class='ocrx_word' id='word_1_865' title='bbox 3079 5322 3246 5377; x_wconf 87' lang='lat' dir='ltr'><strong>etiam</strong></span> <span class='ocrx_word' id='word_1_866' title='bbox 3275 5317 3401 5373; x_wconf 86' lang='lat' dir='ltr'><strong>alibi</strong></span> <span class='ocrx_word' id='word_1_867' title='bbox 3431 5317 3524 5371; x_wconf 86' lang='lat' dir='ltr'><strong>de-</strong></span> 
     </span>
    </p>
   </div>
   <div class='ocr_carea' id='block_1_105' title="bbox 1941 5405 3522 5496">
    <p class='ocr_par' dir='ltr' id='par_1_105' title="bbox 1941 5405 3522 5496">
     <span class='ocr_line' id='line_1_105' title="bbox 1941 5405 3522 5496; baseline -0.015 -15"><span class='ocrx_word' id='word_1_868' title='bbox 1941 5424 2178 5496; x_wconf 85' lang='lat' dir='ltr'><strong>scripsit,</strong></span> <span class='ocrx_word' id='word_1_869' title='bbox 2209 5422 2395 5477; x_wconf 87' lang='lat' dir='ltr'><strong>dicens</strong></span> <span class='ocrx_word' id='word_1_870' title='bbox 2423 5437 2435 5473; x_wconf 92' lang='lat'><strong>:</strong></span> <span class='ocrx_word' id='word_1_871' title='bbox 2470 5440 2489 5471; x_wconf 75' lang='grc' dir='ltr'>ι</span> <span class='ocrx_word' id='word_1_872' title='bbox 2518 5420 2716 5474; x_wconf 82' lang='lat' dir='ltr'><strong>Beatus</strong></span> <span class='ocrx_word' id='word_1_873' title='bbox 2744 5417 2827 5471; x_wconf 90' lang='lat' dir='ltr'><strong>vir</strong></span> <span class='ocrx_word' id='word_1_874' title='bbox 2846 5415 2937 5486; x_wconf 81' lang='lat' dir='ltr'><strong>qui</strong></span> <span class='ocrx_word' id='word_1_875' title='bbox 2969 5427 3075 5468; x_wconf 79' lang='lat' dir='ltr'><strong>non</strong></span> <span class='ocrx_word' id='word_1_876' title='bbox 3104 5410 3235 5467; x_wconf 89' lang='lat' dir='ltr'><strong>abiit</strong></span> <span class='ocrx_word' id='word_1_877' title='bbox 3257 5408 3310 5462; x_wconf 88' lang='lat' dir='ltr'><strong>in</strong></span> <span class='ocrx_word' id='word_1_878' title='bbox 3339 5405 3522 5462; x_wconf 87' lang='lat' dir='ltr'><strong>consi-</strong></span> 
     </span>
    </p>
   </div>
   <div class='ocr_carea' id='block_1_106' title="bbox 1944 5496 3525 5586">
    <p class='ocr_par' dir='ltr' id='par_1_106' title="bbox 1944 5496 3525 5586">
     <span class='ocr_line' id='line_1_106' title="bbox 1944 5496 3525 5586; baseline -0.014 -15"><span class='ocrx_word' id='word_1_879' title='bbox 1944 5518 2017 5571; x_wconf 88' lang='lat' dir='ltr'><strong>lio</strong></span> <span class='ocrx_word' id='word_1_880' title='bbox 2070 5516 2358 5586; x_wconf 84' lang='lat' dir='ltr'><strong>impiorum</strong></span> <span class='ocrx_word' id='word_1_881' title='bbox 2387 5554 2402 5578; x_wconf 91' lang='lat'><strong>,</strong></span> <span class='ocrx_word' id='word_1_882' title='bbox 2458 5521 2513 5568; x_wconf 90' lang='lat' dir='ltr'><strong>et</strong></span> <span class='ocrx_word' id='word_1_883' title='bbox 2561 5512 2614 5567; x_wconf 92' lang='lat' dir='ltr'><strong>in</strong></span> <span class='ocrx_word' id='word_1_884' title='bbox 2665 5510 2753 5565; x_wconf 85' lang='lat' dir='ltr'><strong>via</strong></span> <span class='ocrx_word' id='word_1_885' title='bbox 2809 5514 3154 5578; x_wconf 84' lang='lat' dir='ltr'><strong>peccatorum</strong></span> <span class='ocrx_word' id='word_1_886' title='bbox 3218 5515 3329 5555; x_wconf 90' lang='lat' dir='ltr'><strong>non</strong></span> <span class='ocrx_word' id='word_1_887' title='bbox 3375 5496 3525 5553; x_wconf 85' lang='lat' dir='ltr'><strong>stetit</strong></span> 
     </span>
    </p>
   </div>
   <div class='ocr_carea' id='block_1_107' title="bbox 1945 5588 3526 5679">
    <p class='ocr_par' dir='ltr' id='par_1_107' title="bbox 1945 5588 3526 5679">
     <span class='ocr_line' id='line_1_107' title="bbox 1945 5588 3526 5679; baseline -0.013 -16"><span class='ocrx_word' id='word_1_888' title='bbox 1945 5608 2118 5679; x_wconf 70' lang='lat' dir='ltr'><strong>(Paul.</strong></span> <span class='ocrx_word' id='word_1_889' title='bbox 2155 5607 2217 5672; x_wconf 82' lang='grc' dir='ltr'><strong>ι).</strong></span> <span class='ocrx_word' id='word_1_890' title='bbox 2242 5628 2262 5659; x_wconf 70' lang='grc' dir='ltr'><strong>ι</strong></span> <span class='ocrx_word' id='word_1_891' title='bbox 2289 5606 2593 5676; x_wconf 79' lang='lat' dir='ltr'><strong>Adjiciens:</strong></span> <span class='ocrx_word' id='word_1_892' title='bbox 2618 5624 2633 5655; x_wconf 80' lang='grc' dir='ltr'>ι</span> <span class='ocrx_word' id='word_1_893' title='bbox 2659 5603 2727 5658; x_wconf 86' lang='lat' dir='ltr'><strong>Et</strong></span> <span class='ocrx_word' id='word_1_894' title='bbox 2750 5602 2856 5658; x_wconf 89' lang='lat' dir='ltr'><strong>erit</strong></span> <span class='ocrx_word' id='word_1_895' title='bbox 2877 5607 3135 5666; x_wconf 88' lang='lat' dir='ltr'><strong>tanquam</strong></span> <span class='ocrx_word' id='word_1_896' title='bbox 3163 5594 3369 5663; x_wconf 82' lang='lat' dir='ltr'><strong>lignum</strong></span> <span class='ocrx_word' id='word_1_897' title='bbox 3383 5588 3526 5660; x_wconf 92' lang='lat' dir='ltr'><strong>quod</strong></span> 
     </span>
    </p>
   </div>
   <div class='ocr_carea' id='block_1_108' title="bbox 1947 5684 3529 5760">
    <p class='ocr_par' dir='ltr' id='par_1_108' title="bbox 1947 5684 3529 5760">
     <span class='ocr_line' id='line_1_108' title="bbox 1947 5684 3529 5760; baseline -0.015 0"><span class='ocrx_word' id='word_1_898' title='bbox 1947 5700 2244 5760; x_wconf 81' lang='lat' dir='ltr'><strong>Dlanlatum</strong></span> <span class='ocrx_word' id='word_1_899' title='bbox 2266 5707 2349 5754; x_wconf 88' lang='lat' dir='ltr'><strong>est</strong></span> <span class='ocrx_word' id='word_1_900' title='bbox 2370 5713 2528 5754; x_wconf 88' lang='lat' dir='ltr'><strong>secus</strong></span> <span class='ocrx_word' id='word_1_901' title='bbox 2547 5697 2806 5752; x_wconf 86' lang='lat' dir='ltr'><strong>decursus</strong></span> <span class='ocrx_word' id='word_1_902' title='bbox 2827 5685 3269 5753; x_wconf 81' lang='lat' dir='ltr'><strong>aquarum,un</strong></span> <span class='ocrx_word' id='word_1_903' title='bbox 3292 5684 3529 5740; x_wconf 82' lang='lat' dir='ltr'><strong>fructum</strong></span> 
     </span>
    </p>
   </div>
  </div>
