4002 6348
542 273 645 328 7ί5

1165 263 1518 322 llAYMONlS
1555 255 2033 320 HALDERSTAT.
2078 250 2291 308 EPISC.
2350 247 2501 304 OPP.
2542 246 2722 302 PARS
2762 246 2824 301 ll.
2852 276 2910 285 —
2948 245 3185 301 HOMlL.

3778 240 3903 295 744

539 404 695 446 suum
723 386 871 443 dabit
896 385 948 439 in
978 396 1217 452 tempore
1250 397 1367 437 suo.
1400 381 1467 435 Et
1508 379 1693 433 folium
1728 376 1845 445 ejus
1885 387 1993 426 non
2023 369 2114 424 de-

2235 360 2468 433 Egypto,
2497 359 2753 430 praecepit
2775 358 2852 411 eis
2874 365 2934 411 ut
2957 364 3268 411 mutuarent
3293 372 3322 411 a
3340 356 3541 413 vicinis
3561 355 3722 412 suis
3740 371 3903 408 vasa

541 483 670 536 liuet
688 477 860 549 (Psal.
877 488 938 544 ι).
970 495 987 525 ι
1009 474 1287 527 Etiterum
1312 490 1325 525 :
1350 491 1367 524 ι
1396 470 1583 525 Justus
1604 479 1662 521 ut
1688 466 1864 537 palma
1885 459 2118 524 ﬁorebit,

540 580 597 626 et
620 571 759 626 sicut
801 566 996 622 cedrus
1022 563 1214 618 Libani
1256 559 1701 630 inultiplicabitur
1732 553 1903 627 (Psal.
1931 550 2062 622 xei).
2096 569 2115 602 ι

542 664 612 717 At
642 676 769 715 vero
796 658 935 713 mala
984 657 1149 711 arbor
1175 654 1388 725 qualem
1425 652 1587 706 ﬁnem
1615 649 1839 711 habeat,
1864 644 2124 699 Dominus

543 753 597 808 in
644 747 938 818 Evangelio
984 742 1259 809 ostendit,
1291 757 1414 797 cum
1462 741 1635 796 dicit:
1673 757 1691 789 ι
1730 736 1919 793 Omnis
1964 733 2125 786 arbor

540 856 660 911 qua:
689 853 793 893 non
817 836 946 892 facit
975 836 1207 890 fructum
1235 834 1457 895 bonum,
1484 830 1764 887 excidetur
1782 836 1837 883 et
1866 828 1918 881 in
1946 826 2121 895 ignem

537 933 785 987 mittetur
820 926 1033 999 (Matth.
1082 924 1217 997 vn),
1255 944 1272 976 ι
1305 925 1518 993 qualem
1565 923 1812 976 arborem
1869 915 2124 973 describit

536 1020 805 1079 Jeremias
844 1017 1109 1087 propheta
1132 1056 1147 1079 ,
1187 1030 1310 1070 cum
1358 1013 1525 1068 dicit:
1563 1031 1581 1062 ι
1622 1009 1934 1064 Maledictus
1963 1007 2122 1060 homo

538 1112 633 1182 qui
670 1108 893 1165 conﬁdit
928 1107 980 1160 in
1015 1106 1270 1170 homine,
1303 1113 1357 1158 et
1398 1102 1553 1172 ponit
1591 1114 1809 1155 carnem
1839 1096 2121 1151 brachium

540 1215 718 1265 suum,
752 1208 807 1253 et
834 1213 864 1251 a
895 1195 1125 1251 Domino
1150 1193 1352 1249 recedit
1373 1207 1467 1246 cor
1487 1189 1621 1259 ejus.
1656 1189 1772 1243 Erit
1795 1187 1938 1241 enim
1968 1183 2123 1254 quasi

539 1290 762 1361 myricae
804 1288 873 1342 in-
909 1287 1155 1351 deserto,
1182 1292 1235 1338 et
1267 1297 1374 1351 non
1405 1274 1610 1350 videbit
1642 1293 1761 1332 cum
1790 1274 2003 1350 venerit
2028 1274 2125 1328 bo-

538 1396 669 1437 num
690 1378 830 1449 (Jer.
849 1379 1008 1446 xvii).
1034 1395 1053 1427 ι
1074 1374 1149 1428 De
1163 1390 1268 1443 qua
1290 1371 1465 1426 adhuc
1487 1368 1735 1425 subditur
1759 1385 1772 1421 :
1805 1385 1822 1416 ι
1849 1364 1961 1419 Non
1981 1362 2122 1418 enim

543 1490 563 1524 ι
594 1475 660 1526 de
681 1468 852 1540 spinis
879 1466 1136 1536 colligunt
1161 1465 1314 1525 ﬁcus,
1346 1476 1518 1531 neque
1543 1459 1610 1514 de
1634 1458 1767 1513 rubo
1791 1454 2125 1510 vindemiant

544 1581 563 1616 ι
598 1578 781 1617 uvam.
816 1580 835 1613 ι
864 1559 1029 1629 Spina
1070 1565 1126 1612 et
1168 1556 1334 1611 rubus
1369 1554 1591 1607 arbores
1636 1557 1760 1605 sunt
1789 1548 1959 1619 plenae
1995 1561 2122 1599 acu-

539 1651 659 1717 leis,
691 1652 767 1704 ita
806 1656 863 1703 ιιι
908 1648 1001 1701 vix
1043 1655 1136 1700 aut
1165 1644 1309 1698 nullo
1349 1643 1507 1696 modo
1541 1640 1743 1708 absque
1777 1636 1992 1691 laesione
2016 1643 2123 1688 tra-

2227 468 2391 507 aurea
2417 460 2472 506 et
2495 459 2749 521 argentea
2781 465 2887 504 non
2929 465 3130 519 pauca,
3161 458 3217 504 et
3249 450 3643 519 exspoliarent
3680 446 3900 518 Egy-

2225 557 2394 619 ptum.
2442 538 2548 603 Per
2593 563 2784 602 aurum
2832 546 2977 602 enim
3025 546 3171 602 nitor
3218 546 3418 618 eloquii
3474 547 3893 615 designatur,

2228 639 2514 695 Salomone
2568 639 2781 694 dicente
2834 654 2847 692 :
2900 657 2920 691 ι
2956 638 3267 694 Thesaurus
3297 637 3723 695 desiderabilis
3794 651 3894 691 re-

2225 731 2459 801 quiescit
2478 730 2530 785 in
2551 745 2647 785 ore
2667 721 2928 801 sapientis
2950 728 3129 801 (Prov.
3156 729 3293 801 xxi).
3330 750 3347 782 ι
3372 730 3481 787 Per
3503 738 3885 801 argentum,

2226 822 2368 891 quod
2396 827 2554 875 sonat
2592 828 2647 876 et
2690 819 2869 887 lucet,
2899 821 3170 876 subtilitas
3196 821 3611 891 praedicationis
3646 820 3885 888 expri-

2226 912 2412 977 mitur,
2439 911 2725 966 Psalmista
2767 920 2904 966 teste
2935 930 2947 965 :
2991 930 3009 963 ι
3044 911 3267 981 Eloquia
3304 912 3558 976 Domini,
3604 911 3881 980 eloquia

2225 1010 2397 1065 casta,
2423 1009 2705 1071 argentum
2735 1001 2855 1072 igne
2875 1001 3238 1055 examinatum
3263 999 3435 1072 (Paul.
3464 1001 3576 1071 ιι).
3614 1019 3639 1052 ι
3678 999 3883 1067 Quasi

2225 1093 2367 1147 enim
2392 1109 2516 1147 vasa
2548 1108 2710 1147 aurea
2733 1103 2787 1148 et
2819 1104 3070 1163 argentea
3094 1093 3161 1146 ab
3191 1092 3462 1164 Egyptiis
3481 1101 3870 1152 mutilamus,

2226 1182 2441 1251 quando
2482 1182 2551 1236 ab
2596 1182 2867 1237 ha'reticis
2916 1182 2996 1235 vel
3045 1182 3269 1251 paganis
3316 1181 3635 1236 sententias
3688 1181 3873 1234 utiles

2226 1280 2427 1326 BOsll‘IB
2456 1271 2579 1326 ﬁdei
2626 1272 2963 1327 necessarias
2999 1273 3256 1327 discimus
3286 1286 3301 1326 :
3333 1272 3476 1342 quod
3522 1271 3607 1325 illi
3660 1270 3867 1326 facere

2226 1361 2451 1423 debent,
2499 1362 2588 1430 qui
2622 1362 2675 1415 in
2714 1361 2819 1417 ﬁde
2859 1361 3128 1416 catholica
3179 1361 3251 1415 ita
3302 1361 3535 1416 radicati
3579 1370 3772 1425 sunt,
3806 1371 3868 1414 ut

2228 1450 2500 1505 subtilitas
2529 1435 2797 1507 haeretica:
2829 1451 3112 1521 pravitatis
3143 1451 3289 1505 nullo
3321 1451 3483 1506 modo
3506 1452 3599 1506 eis
3634 1466 3860 1507 nocere

2226 1546 2416 1614 possit.
2448 1543 2600 1599 Unde
2623 1544 2883 1598 Dominus
2904 1542 3033 1597 alibi
3064 1543 3115 1596 in
3137 1542 3253 1613 lege
3283 1543 3512 1613 ﬁgurate
3537 1544 3854 1613 praecepit,

2229 1637 2414 1691 dicens
2442 1654 2454 1689 :
2491 1654 2509 1687 ι
2532 1635 2664 1690 Cum
2692 1630 2944 1706 egressus
2967 1632 3139 1690 fueris
3160 1635 3225 1688 ad
3250 1648 3483 1704 pugnam
3503 1642 3721 1689 contra
3749 1633 3851 1688 bo-

540 1715 673 1797 etari
707 1720 954 1811 possint:
983 1736 1179 1807 quibus
1209 1732 1496 1788 contraria:
1539 1741 1664 1785 sunt
1694 1729 1819 1783 vitis
1863 1737 1918 1782 ct
1958 1726 2121 1791 ﬁcus,
2156 1725 2198 1783 Β
2228 1735 2340 1781 stes
2370 1733 2491 1782 tuos
2512 1767 2525 1790 ,
2557 1733 2611 1780 et
2650 1723 2935 1779 tradiderit
2979 1739 3072 1780 cos
3098 1725 3360 1779 Dominus
3403 1724 3555 1778 Deus
3597 1715 3749 1778 tuus
3791 1725 3843 1777 in

540 1845 662 1901 quae
685 1837 739 1883 et
767 1836 983 1897 gustum
1013 1825 1183 1880 dulcis
1202 1823 1433 1893 saporis,
1460 1829 1513 1875 et
1538 1818 1896 1891 fragrantiam
1920 1817 2126 1871 habent

541 1920 721 1976 suavis
753 1917 955 1972 odoris.
990 1916 1128 1986 Ergo
1176 1929 1273 1983 per
1315 1914 1525 1982 spinam
1570 1918 1624 1965 et
1673 1910 1864 1963 rubum
1904 1907 2033 1961 vitia
2071 1913 2127 1960 et

518 1990 760 2079 \peccata
774 2005 1171 2079 signiﬁcantur,
1195 2004 1261 2058 de
1282 2003 1478 2072 quibus
1502 2002 1676 2070 primo
1698 1999 1902 2054 homini
1926 2000 2125 2053 dictum

542 2110 659 2165 est,
696 2117 716 2150 ι
755 2098 924 2152 Terra
975 2105 1065 2150 tua
1113 2095 1299 2165 spinas
1328 2100 1383 2148 et
1420 2090 1644 2146 tribulos
1678 2089 2002 2160 germinabit
2032 2088 2127 2142 tibi

542 2190 698 2263 (Gen.
731 2188 836 2259 ιιι).
869 2207 887 2239 ι
922 2186 1061 2241 Sunt
1088 2185 1231 2240 enim
1264 2180 1524 2245 nonnulli,
1554 2180 1608 2234 in
1636 2180 1832 2249 quibus
1855 2178 1927 2231 ita
1956 2176 2128 2232 aculei

542 2288 890 2351 peccatorum
939 2275 1252 2338 abundant,
1305 2280 1365 2327 ut
1408 2285 1595 2326 eorum
1643 2269 1878 2323 societas
1925 2268 2129 2336 absque

541 2369 759 2424 laesione
806 2367 993 2423 haberi
1040 2381 1147 2420 non
1201 2361 1401 2433 possit,
1447 2358 1705 2430 quoniam
1744 2374 1867 2413 cum
1907 2357 2047 2411 male
2072 2356 2126 2411 in

541 2461 735 2533 seipsis
752 2460 951 2525 vivant,
967 2457 1227 2529 proximis
1248 2454 1441 2518 amari,
1466 2452 1644 2523 asperi
1659 2461 1714 2506 et
1737 2451 1988 2506 insuaves
2011 2449 2129 2504 cxi-

543 2560 694 2608 stunt
720 2551 805 2606 vel
832 2550 974 2606 male
995 2549 1245 2613 vivendo,
1277 2546 1360 2601 vel
1396 2542 1622 2613 injurias
1652 2541 1962 2613 irrogando.
1991 2541 2131 2596 Sunt

543 2658 674 2698 vero
699 2641 808 2706 alii,
835 2640 927 2712 qui
956 2641 1102 2695 velut
1126 2639 1272 2703 vitis,
1297 2636 1505 2692 dulcem
1534 2634 1771 2690 etelestis
1807 2632 1999 2703 patria:
2025 2646 2132 2687 me-

546 2733 775 2789 moriam
803 2733 858 2786 in
887 2733 1000 2786 suis
1028 2728 1281 2800 operibus
1306 2727 1676 2792 ostendentes,
1700 2733 1755 2781 et
1776 2722 2129 2796 fragrantiam

544 2824 702 2879 bona:
725 2821 994 2892 opinionis
1020 2820 1325 2884 reddenles,
1350 2817 1416 2871 ad
1439 2808 1678 2871 amorem
1702 2816 1976 2871 caelestem
1996 2814 2131 2869 alios

546 2914 890 2985 pertrahunt,
925 2928 1031 2967 non
1060 2911 1233 2967 solum
1265 2910 1319 2964 in
1350 2908 1579 2964 terrenis
1608 2907 1920 2962 substantiis
1946 2920 2132 2961 neces-

549 3006 766 3061 sitatem
794 3002 1145 3074 indigentium
1184 2999 1567 3062 sustentando,
1604 2997 1698 3053 sed
1733 2996 1988 3052 etiamin
2016 2997 2126 3065 spi-

2229 1833 2421 1872 manus
2448 1826 2587 1881 tuas,
2616 1817 2968 1888 captivosque
2998 1831 3091 1871 eos
3117 1816 3366 1881 duxeris,
3412 1817 3460 1870 si
3511 1816 3741 1871 videris
3788 1816 3842 1869 in

2230 1922 2454 1962 numero
2484 1906 2803 1962 feminarum
2827 1907 3058 1978 puellam
3084 1922 3205 1976 qua:
3251 1907 3426 1961 oculis
3453 1907 3567 1961 tuis
3593 1907 3834 1976 placeat.

2228 1997 2572 2067 volucrisque
2598 2013 2717 2053 eam
2750 1986 2949 2053 habere
2983 2012 3230 2062 uxorem,
3261 1996 3590 2052 inti-educes
3616 2013 3750 2051 eam
3782 1996 3835 2050 in

2229 2089 2445 2145 domum
2481 2098 2659 2156 tuam,
2695 2090 2767 2144 ita
2798 2099 2974 2145 tamen
2997 2130 3012 2156 ,
3058 2097 3118 2143 ut
3151 2089 3301 2160 prius
3338 2089 3507 2145 radas
3540 2089 3824 2144 caesariem

2230 2180 2421 2249 capitis
2449 2178 2594 2247 ejus,
2626 2189 2682 2235 et
2706 2180 2967 2251 prtecidas
2996 2180 3338 2234 summitates
3365 2180 3639 2250 unguium
3661 2219 3681 2245 ,
3718 2194 3831 2233 tua.

2230 2280 2458 2340 neatque
2490 2272 2541 2326 in
2573 2272 2731 2327 domo
2760 2281 2848 2326 tua
2877 2271 3062 2342 lugens
3090 2281 3298 2341 patrem
3326 2287 3489 2327 suum
3512 2280 3570 2327 et
3595 2280 3824 2326 matrem

2231 2379 2339 2419 uno
2362 2380 2569 2419 mense.
2599 2364 2790 2420 Postea
2816 2380 2946 2419 vero
2970 2364 3293 2438 ingredieris
3322 2365 3390 2419 ad
3418 2378 3544 2419 eam
3563 2403 3583 2430 ,
3626 2372 3688 2419 et
3726 2363 3827 2418 erit

2235 2452 2330 2508 tibi
2357 2469 2493 2508 uxor
2514 2453 2691 2525 (Deut.
2720 2470 2841 2519 xxr;
2869 2453 3002 2508 Jud.
3034 2457 3139 2526 ut).
3166 2475 3185 2506 ι
3212 2453 3378 2522 Quasi
3406 2455 3560 2510 enim
3600 2454 3821 2525 spirita-

2232 2541 2355 2596 liter
2400 2543 2466 2597 ad
2511 2541 2708 2596 bellum
2762 2552 2950 2598 contra
3002 2546 3186 2598 hostes
3238 2553 3453 2599 nostros
3505 2545 3821 2615 pergimus.

2232 2630 2449 2701 quando
2475 2646 2599 2685 cum
2629 2630 2901 2686 htcrcticis
2924 2632 2988 2687 de
3012 2631 3113 2687 ﬁde
3143 2641 3198 2688 et
3227 2633 3488 2704 religione
3511 2632 3818 2688 Christiana

2233 2721 2541 2778 conﬂictum
2585 2723 2877 2789 habemus,
2909 2739 3141 2794 cumque
3186 2724 3369 2781 divina
3417 2729 3755 2781 auctoritate
3790 2739 3819 2777 a

2233 2814 2390 2870 nobis
2418 2816 2659 2886 Superati
2690 2815 2911 2882 fuerint,
2940 2817 2986 2871 si
3012 2817 3311 2874 viderimus
3341 2819 3393 2873 in
3417 2833 3612 2875 eorum
3641 2818 3817 2887 dispu-

2234 2907 2531 2961 tationibus
2560 2908 2861 2963 sententias
2901 2917 3101 2963 nostra:
3129 2909 3251 2964 ﬁdei
3286 2910 3443 2965 utiles
3473 2917 3533 2964 et
3571 2924 3817 2963 necessa-

2235 3000 2368 3066 rias,
2396 3000 2654 3056 debemus
2697 3017 2791 3056 eas
2838 3001 3082 3071 accipere
3110 3004 3267 3059 nobis
3303 3004 3357 3058 in
3396 3019 3664 3068 uxorem,
3697 3004 3811 3073 quia

548 3095 835 3151 ritualibus
855 3092 1251 3150 eruditionibus
1273 3091 1495 3149 verbum
1522 3086 1646 3143 vitae
1684 3089 1924 3143 suaviter
1966 3087 2129 3142 mini-
2158 3074 2202 3136 C
2235 3106 2373 3146 uxor
2404 3091 2503 3146 viri
2535 3093 2799 3162 sapientia
2830 3103 3079 3161 vocatur,
3109 3095 3185 3149 ita
3214 3102 3423 3161 tamen,
3451 3105 3513 3151 ut
3550 3096 3709 3167 prius
3736 3109 3810 3147 ra-

549 3185 795 3242 strando.
845 3181 952 3239 Sed
1002 3182 1127 3252 quia
1181 3181 1291 3247 illi,
1340 3179 1394 3234 in
1448 3178 1644 3249 quibus
1689 3178 2135 3247 compunctiones‘

547 3276 854 3332 facinorum
891 3271 1198 3337 abundant,
1225 3270 1425 3326 habere
1465 3285 1573 3325 non
1616 3277 1873 3341 possunt,
1917 3266 2129 3323 Domini

545 3383 681 3424 voce
708 3364 1037 3430 declaratur,
1062 3377 1187 3419 cum
1212 3362 1442 3417 dicitur:
1479 3381 1497 3414 ‹
1532 3360 1649 3416 Νοιι
1675 3361 1821 3415 enim
1860 3359 1926 3414 de
1959 3358 2129 3428 spinis

547 3460 806 3531 colligunt
832 3457 995 3522 ﬁcus,
1023 3469 1199 3526 neque
1239 3455 1306 3509 de
1336 3454 1472 3509 rubo
1513 3452 1846 3507 vindemiant
1886 3464 2065 3515 uvam,
2104 3468 2122 3500 ι

546 3547 835 3623 posSumus
858 3562 954 3618 per
976 3549 1188 3617 spinam
1210 3553 1265 3600 et
1291 3546 1482 3601 rubum
1506 3544 1879 3599 haereticorum
1905 3556 2127 3611 pravam

548 3642 852 3699 doctrinam
883 3639 1129 3708 accipere
1150 3678 1164 3701 ,
1191 3651 1310 3706 quae
1331 3635 1544 3690 animas
1572 3633 1908 3689 audientium
1937 3646 2131 3687 cruen-

550 3741 629 3787 tat
654 3741 709 3787 et
738 3731 924 3785 laniat.
962 3728 1025 3782 lli
1058 3737 1239 3782 autem
1269 3728 1323 3782 in
1354 3725 1566 3781 tantum
1598 3725 1836 3796 fugiendi
1874 3733 2023 3789 sunt,
2046 3733 2127 3790 ut,

550 3822 608 3876 in
634 3829 895 3892 quantum
921 3818 1037 3875 ﬁeri
1066 3828 1258 3889 potest,
1290 3817 1435 3872 nulla
1457 3816 1820 3887 participatio,
1840 3831 1941 3871 nec
1967 3815 2131 3871 collo-

556 3913 706 3966 cutio
736 3924 858 3964 cum
904 3907 990 3963 eis
1032 3908 1295 3963 habeatur
1319 3925 1332 3961 :
1355 3907 1503 3977 quia,
1528 3907 1668 3962 sicut
1711 3907 1788 3961 ait
1813 3906 2088 3977 Scriptura
2112 3948 2128 3974 ,

559 4019 577 4051 ι
609 3999 700 4069 qui
719 3998 954 4069 tetigerit
974 3994 1167 4068 picem,
1185 3997 1552 4066 inquinahitur
1567 3998 1634 4053 ab
1651 4011 1714 4052 ea
1731 3997 1921 4069 (Ecclt'.
1937 3997 2080 4065 xm),
2108 4018 2126 4051 ι

553 4100 608 4145 ct
657 4107 676 4141 ι
716 4089 806 4159 qui
865 4089 1091 4157 dissipat
1142 4100 1367 4156 sepem,
1423 4087 1692 4142 mordebit
1738 4103 1860 4142 eum
1914 4088 2133 4144 coluber

558 4186 759 4259 (Hrcle.
791 4184 871 4256 ιι).
907 4204 926 4237 ι
974 4184 1124 4239 Unde
1145 4175 1245 4237 nos
1276 4182 1563 4252 Apostolus
1592 4183 1873 4249 admonet,
1906 4184 2132 4240 dicens:

560 4301 577 4332 ι
608 4280 933 4335 Haereticum
968 4275 1240 4332 hominem
1271 4284 1391 4346 post
1420 4289 1580 4329 unam
1603 4284 1657 4330 et
1689 4277 1978 4331 secundam
2015 4292 2136 4330 cor-

554 4372 855 4441 n-ptionem
884 4368 1061 4424 devita
1088 4409 1102 4431 ,
1139 4367 1319 4422 sciens
1350 4367 1472 4436 quia
1492 4381 1793 4435 'perversus
1835 4376 1918 4421 est
1948 4366 2133 4434 hujus-

557 4463 699 4518 modi
738 4460 864 4532 (Tit.
894 4460 996 4531 ιιι).
1031 4479 1049 4511 ι
1079 4459 1183 4514 Sed
1216 4459 1463 4528 quamvis
1491 4459 1645 4528 spina
1670 4459 1882 4514 botrutn
1920 4475 2025 4513 non
2059 4461 2137 4531 gi-

558 4565 705 4628 gnat,
730 4544 869 4610 solet
889 4563 1078 4607 :tamen
1101 4552 1263 4605 vitem
1284 4568 1412 4605 cum
1451 4551 1605 4607 botro
1635 4553 1924 4616 sustinere.
1950 4552 2137 4607 Cerni-

558 4661 679 4700 mus
701 4644 844 4698 enim
866 4643 1150 4712 aliquoties
1173 4642 1224 4696 in
1244 4642 1420 4697 vineis
1440 4643 1672 4698 caricetn
1695 4659 1762 4715 ex
1779 4644 1948 4713 spinis
1972 4643 2134 4698 vitem

561 4751 683 4789 cum
714 4734 871 4787 botro
895 4726 1183 4787 sustinere.
1211 4733 1275 4785 Et
1323 4750 1441 4789 cum
1485 4749 1547 4786 ex
1589 4733 1695 4787 alta
1736 4736 1918 4789 radice
1952 4736 2138 4790 hotrus

561 4826 814 4896 procedat
835 4866 849 4887 ,
883 4824 1193 4894 frequenter
1228 4834 1404 4877 tamen
1448 4826 1598 4893 spina
1631 4826 1793 4880 vitem
1834 4841 1955 4881 eum
1983 4829 2138 4882 botro

563 4900 845 4972 sustentat.
896 4914 1032 4981 Quid
1081 4930 1209 4986 ergo
1258 4914 1593 4970 faciendum?
1624 4916 1873 4986 Nunquid
1917 4929 2139 4988 propter

563 5008 772 5076 spinam
805 5004 1150 5074 relinquenda
1178 5016 1260 5059 est
1286 5006 1421 5058 uva?
1446 5003 1580 5058 Non.
1608 5004 1736 5070 Sed,
1764 5007 1901 5061 sicut
1929 5009 2002 5060 ait
2030 5010 2141 5076 qui-

564 5098 687 5151 dam
728 5095 794 5149 de
836 5095 1197 5164 sapientibus,
1230 5096 1307 5149 sic
1340 5096 1669 5165 colligendus
1711 5108 1792 5152 est
1824 5099 2045 5162 botrus,
2084 5109 2143 5154 ut

566 5194 741 5239 tamen
793 5192 1050 5238 caveatur
1090 5184 1260 5252 spina.
1297 5182 1455 5237 Juxta
1502 5201 1628 5256 ergo
1658 5188 1797 5242 hanc
1838 5189 2141 5244 similitudi-

564 5290 721 5340 nem,
752 5274 894 5343 -quia
943 5273 995 5326 in
1047 5275 1165 5327 suis.
1215 5272 1603 5328 assertionibus
1636 5278 1879 5344 quaedam
1919 5278 2057 5332 bona
2086 5287 2141 5333 et

567 5366 719 5422 utilia
749 5358 967 5429 docent,
992 5364 1062 5419 ab
1084 5363 1465 5422 ecclesiasticis
1482 5368 1611 5427 viris
1630 5371 1779 5439 prius
1799 5371 2139 5428 discernendi

565 5466 711 5522 sunt,
735 5465 785 5510 et
805 5454 1143 5525 postmodum
1171 5454 1309 5508 bona
1331 5459 1615 5527 carpenda,
1639 5467 1694 5513 et
1715 5460 1852 5513 mala
1869 5459 2138 5531 fugienda.

567 5548 720 5613 Quod
742 5548 794 5601 in
819 5541 1114 5614 scripturis
1135 5541 1344 5600 Veteris
1367 5546 1692 5604 'l'estamcnti
1717 5551 1942 5621 ﬁgurate
1962 5563 2142 5608 osten-

569 5640 650 5694 dit
673 5640 868 5701 (Exod.
898 5639 976 5709 xi)
995 5679 1008 5704 ,
1048 5639 1261 5707 quando
1306 5641 1704 5710 egredientibus
1734 5642 1858 5697 ﬁliis
1887 5643 2047 5699 Israel
2074 5658 2141 5698 ex

2232 3183 2422 3238 damus
2460 3183 2736 3239 caesariem
2763 3184 2958 3255 capitis
2975 3182 3111 3253 ejus,
3136 3195 3190 3242 et
3213 3186 3572 3257 praecidamus
3592 3185 3805 3242 summi-

2232 3282 2370 3329 tates
2400 3276 2683 3347 unguium,
2707 3276 2760 3331 id
2785 3289 2871 3332 est
2894 3277 3155 3348 quidquid
3194 3278 3529 3343 hmreticunt,
3554 3277 3797 3349 quidquid

2232 3366 2521 3422 distortum
2547 3376 2603 3422 et
2630 3382 2854 3437 pravum
2898 3368 2950 3422 in
2985 3383 3173 3435 eorum
3216 3367 3465 3425 doctrina
3512 3368 3787 3429 invenitur,

2233 3458 2553 3530 abjiciamus
2580 3467 2635 3514 et
2666 3474 3005 3531 respuamus.
3044 3459 3149 3516 Sed
3173 3469 3229 3515 et
3260 3461 3306 3517 si
3344 3461 3507 3530 aliqui
3539 3475 3606 3515 ex
3649 3461 3797 3515 luere

2233 3549 2354 3603 ticis
2378 3548 2444 3603 ad
2475 3548 2800 3604 catholicam
2844 3548 3004 3604 ﬁdem
3050 3551 3293 3606 converti
3344 3550 3631 3613 voluerint,
3670 3548 3802 3603 reci.

2233 3638 2411 3708 piendi
2440 3646 2586 3704 sunt,
2612 3639 2685 3692 ita
2719 3646 2901 3693 tamen
2922 3680 2936 3704 ,
2965 3649 3026 3694 ut
3067 3641 3353 3711 pristinum
3401 3652 3618 3696 errorem
3662 3651 3791 3692 aua-

2236 3729 2610 3783 tliematizent.
2642 3728 2929 3799 Exponens
2964 3739 3142 3785 autem
3175 3731 3434 3786 Dominus
3463 3729 3584 3800 quid
3608 3726 3802 3783 dixerit

2235 3820 2290 3875 in
2325 3836 2388 3875 eo
2413 3821 2555 3890 quod
2585 3820 2662 3874 ait
2686 3840 2699 3875 :
2730 3841 2749 3872 ε
2783 3819 2899 3877 Non
2921 3822 3066 3875 enim
3093 3822 3158 3877 de
3186 3823 3359 3893 spinis
3381 3822 3639 3892 colligunt
3659 3821 3796 3879 licus.

2240 3928 2257 3962 ι
2287 3925 2463 3980 neque
2496 3911 2561 3965 de
2602 3910 2735 3964 rubo
2785 3910 3120 3966 vindemiant
3169 3927 3323 3967 uvam
3345 3953 3361 3979 ,
3395 3932 3413 3965 ι
3448 3911 3695 3980 adjunxit
3733 3909 3802 3964 di-

2235 4017 2401 4058 cens:
3061 4065 3068 4071 ,

2313 4114 2331 4145 ι
2378 4094 2554 4149 Bonus
2583 4094 2744 4150 homo
2771 4095 2836 4150 de
2860 4096 3003 4151 bono
3046 4096 3305 4151 thesauro
3346 4094 3528 4151 cordis
3575 4096 3663 4150 sui
3691 4108 3800 4166 pro-

2243 4206 2262 4236 ε
2307 4186 2410 4242 fert
2450 4188 2651 4243 bonum
2674 4229 2688 4253 ,
2714 4197 2767 4243 et
2800 4188 2974 4243 malus
3004 4189 3071 4244 de
3109 4189 3248 4245 malo
3291 4190 3496 4260 profert
3529 4190 3749 4245 malum.
3780 4205 3797 4236 ι

2240 4276 2548 4333 Thesaurus
2592 4279 2794 4335 dicitur
2836 4281 2987 4337 locus
3037 4280 3126 4335 ubi
3174 4283 3393 4351 ponitur
3438 4298 3668 4347 aurum,
3712 4295 3800 4352 qua

2241 4372 2375 4432 θέσις
2398 4371 2613 4437 Graece,
2647 4371 2840 4428 Latine
2872 4374 3069 4443 positio
3103 4373 3318 4429 dicitur.
3352 4375 3670 4430 'l'hesaurus
3696 4386 3803 4442 ergo

2243 4462 2295 4514 in
2334 4461 2434 4515 hoc
2463 4461 2580 4516 loco
2607 4462 2956 4517 intentionem
2985 4464 3253 4533 signiﬁcat
3277 4465 3477 4529 cordis,
3501 4464 3663 4532 juxta
3695 4463 3801 4517 illud

2240 4552 2383 4622 quod
2414 4551 2538 4605 alibi
2571 4553 2685 4606 ait:
2717 4572 2734 4604 ι
2771 4553 2872 4608 Ubi
2905 4563 2988 4608 est
3013 4556 3301 4610 thesaurus
3330 4564 3471 4619 tuus,
3509 4556 3581 4609 ibi
3617 4566 3700 4611 est
3726 4568 3803 4609 cor

2243 4632 2402 4696 tnuui
2426 4641 2639 4714 (Matth.
2675 4632 2771 4717 vi).
2804 4664 2823 4696 ι
2863 4664 2880 4697 ‹
2907 4645 3089 4702 Bonus
3115 4663 3245 4719 ergo
3267 4650 3428 4703 homo
3448 4649 3513 4704 de
3534 4650 3682 4705 bono
3706 4650 3803 4703 the-

2240 4751 2401 4791 sauro
2429 4737 2606 4791 cordis
2630 4739 2710 4792 sui
2743 4740 2944 4809 profert
2979 4741 3175 4796 bonum
3202 4741 3418 4811 (Matth.
3462 4746 3589 4815 xu),
3627 4764 3647 4796 ι
3697 4743 3803 4814 quia

2242 4830 2308 4884 de
2333 4831 2472 4884 bono
2494 4831 2762 4887 desiderio
2799 4835 2977 4889 cordis
3001 4836 3241 4904 procedit
3280 4837 3493 4908 loquela
3537 4840 3669 4894 boni
3705 4855 3803 4895 scr-

2245 4922 2459 4977 monis:
2484 4923 2731 4978 similiter
2758 4934 2809 4979 ct
2845 4948 2861 4977 ι
2896 4927 3066 4981 malus
3094 4929 3256 4983 homo
3295 4930 3360 4985 de
3390 4930 3529 4985 malo
3564 4932 3804 4986 thesaum

2244 5015 2455 5086 ‘prolert
2500 5017 2699 5071 malum
2740 5017 2961 5090 (1ὺὶι1.),
3013 5040 3029 5071 ι
3078 5021 3311 5089 ᾳιιὶιιθκ
3352 5023 3489 5077 mala
3520 5023 3802 5078 intentione

2250 5109 2428 5163 cordis
2458 5111 2700 5179 procedit
2722 5110 2926 5165 fructus
2946 5127 3119 5181 pravae
3141 5115 3494 5182 operationis,
3512 5113 3671 5183 juxta
3695 5112 3803 5169 illud

2251 5202 2391 5270 quod
2425 5196 2683 5258 Dominus
2711 5203 2823 5257 ait:
2865 5222 2884 5254 ι
2920 5204 2999 5258 Ex
3024 5206 3186 5259 corde
3212 5207 3356 5260 enim
3382 5217 3581 5262 exeunt
3611 5208 3800 5279 cogita-

2254 5291 2426 5346 tiones
2451 5292 2622 5356 malte,
2646 5292 2929 5356 adulteria,
2957 5293 3274 5361 ebrietates,
3300 5297 3613 5362 homicidia,
3656 5297 3801 5355 furta,

2240 5381 2596 5452 blasphemia:
2621 5382 2833 5453 (Matth.
2862 5385 2950 5455 xv)
2982 5405 2998 5436 ι
3037 5394 3090 5439 ct
3120 5387 3204 5442 his
3227 5388 3442 5442 similia.
3474 5388 3624 5443 Unde
3647 5388 3799 5442 adhuc

2249 5471 2546 5541 subjungit,
2572 5472 2758 5526 dicens
2786 5487 2801 5526 :
2833 5493 2851 5524 ι
2882 5474 2958 5527 Ex
2991 5476 3317 5531 abundantia
3353 5479 3531 5534 cordis
3555 5494 3617 5533 os
3654 5476 3801 5545 loqui-

2256 5578 2275 5611 ι
2312 5553 2417 5615 tur.
2455 5580 2473 5613 ι
2510 5560 2608 5615 Ubi
2640 5560 2777 5616 forte
2802 5564 2997 5634 (ιιιωιίι
3025 5565 3217 5634 aliquis
3250 5582 3418 5637 quare
3453 5568 3637 5632 dicat,
3686 5586 3702 5617 ι
3739 5565 3800 5618 iis

2251 5652 2575 5707 abundantia
2609 5653 2784 5709 cordis
2810 5669 2871 5710 os
2897 5653 3150 5725 loquitur,
3187 5676 3204 5709 ι
3237 5673 3358 5711 cum
3384 5671 3523 5727 saepe
3554 5657 3801 5716 homines,
