4002 6348
204 363 307 418 τιίό

1413 356 1711 417 HOMILIAS
1750 356 1838 413 DE
1870 354 2211 413 TEMPOBE.

3342 361 3448 417 746

200 484 256 529 et
285 477 518 532 maxime
561 475 636 531 illi
680 477 770 547 qui
813 476 1107 549 hypocritae
1144 475 1498 548 appellantur,
1536 476 1643 532 alia
1675 489 1777 546 pro
1803 480 1851 541 Α
1878 488 1941 530 ea
1979 473 2178 545 scripta
2225 480 2351 531 sunt
2396 474 2578 547 (Apoc.
2610 476 2670 547 ι).
2720 495 2738 527 ι
2769 475 2892 532 Illos
2948 475 3091 532 enim
3144 474 3451 546 specialiter

200 565 322 620 aliis
347 568 687 633 mentientes,
714 576 770 624 et
796 566 984 623 fallant
1005 568 1157 633 alios,
1188 576 1245 623 et
1266 567 1519 622 fallantur
1538 568 1605 622 ab
1629 567 1768 622 aliis.

202 654 310 710 Sed
335 655 508 712 facilis
534 658 600 713 ad
621 658 735 713 haec
751 664 898 728 patet
923 659 1221 729 responsio,
1245 658 1369 728 quia
1392 658 1439 713 si
1466 657 1773 713 hominibus

199 745 319 800 haec
346 746 553 803 occulta
582 756 749 815 sunt,
792 748 901 803 Deo
936 758 1114 805 tamen
1157 748 1443 804 manifesta
1479 757 1642 814 sunt,
1680 748 1773 818 qui

198 832 402 891 clarius
430 836 575 891 videt
618 852 682 892 ea
727 853 846 906 quae
876 846 1003 893 sunt
1024 840 1075 893 in
1100 838 1285 904 corde,
1319 855 1479 908 quam
1507 847 1562 893 tu
1589 839 1774 895 videre

193 925 378 991 possis
418 942 539 995 qua:
567 936 692 980 sunt
727 927 781 980 in
812 926 979 993 facie,
1028 928 1243 984 dicente
1289 928 1566 1000 Scriptura
1599 948 1612 983 :
1642 928 1773 998 Quae

194 1020 326 1065 sunt
350 1013 404 1066 in
434 1014 596 1069 corde
630 1015 884 1087 hominis,
908 1017 1048 1071 oculi
1079 1018 1155 1071 tui
1183 1018 1398 1083 vident,
1423 1018 1666 1073 Domine.
1691 1018 1772 1075 Illi

194 1113 328 1173 engo
349 1103 451 1158 soli
484 1122 502 1155 ι
539 1120 606 1159 ex
635 1106 964 1161 abundantia
993 1108 1172 1163 cordis
1198 1123 1259 1163 os
1284 1108 1540 1178 loquitur,
1572 1128 1590 1162 ι
1621 1111 1773 1182 cujus

193 1193 372 1250 oculis
398 1197 538 1251 nuda
572 1205 630 1251 et
652 1206 836 1267 aperta
861 1208 986 1254 sunt
1014 1201 1194 1255 omnia
1223 1200 1408 1272 (Hebr.
1432 1202 1531 1272 ιν),
1556 1212 1611 1257 et
1648 1211 1774 1259 ante

193 1284 345 1339 videt
379 1286 755 1353 intentionem,
782 1305 944 1358 quam
973 1290 1152 1362 lingua
1178 1291 1417 1361 proferat
1442 1308 1769 1349 sermonem.

195 1373 309 1430 Sed
329 1391 436 1430 non
458 1391 672 1447 semper
700 1377 868 1434 latere
900 1390 1128 1450 possunt
1163 1382 1410 1437 homines
1444 1384 1770 1454 hypocrita,

192 1468 451 1537 quoniam
473 1484 594 1539 quae
622 1469 676 1523 in
704 1472 867 1526 corde
891 1472 1143 1529 ardenter
1170 1473 1420 1545 diligunt,
1452 1473 1773 1545 frequenter

191 1558 253 1612 in
292 1572 543 1615 sermone
592 1559 892 1631 proferunt.
933 1562 1035 1629 Qui
1073 1563 1216 1618 enim
1256 1572 1369 1620 toto
1402 1567 1564 1621 corde
1600 1566 1771 1624 Deum

190 1648 395 1713 sciunt,
435 1650 597 1706 etiam
642 1653 979 1708 sermonibus
1027 1669 1183 1710 suum
1224 1656 1549 1713 desiderium
1590 1666 1772 1714 osten-

192 1738 353 1806 dunt,
377 1739 533 1810 juxta
560 1741 690 1796 illud
721 1743 1017 1814 sapientis:

319 1882 567 1935 ﬂentibus
588 1886 734 1938 instat
756 1898 909 1949 amor,
932 1888 1237 1938 sermonibus
1257 1892 1433 1940 aestuat
1456 1890 1616 1941 ardor.

266 2006 375 2065 Sed
423 2010 546 2079 quia
571 2020 698 2066 sunt
726 2012 985 2077 nonnulli,
1009 2023 1070 2085 ut
1102 2014 1354 2080 diximus,
1386 2016 1478 2085 qui
1508 2022 1569 2070 ut
1600 2017 1771 2072 homi-

186 2115 291 2155 nes
325 2100 509 2156 fallere
530 2104 755 2171 possint,
782 2103 1043 2173 judicium
1066 2107 1161 2160 Dei
1182 2122 1286 2161 non
1309 2114 1552 2162 metuunt
1582 2147 1598 2173 ,
1630 2117 1774 2165 recte

182 2190 492 2261 increpatio
521 2193 871 2259 subinfertur,
897 2211 1019 2249 cum
1046 2195 1242 2250 dicitur
1264 2213 1278 2250 :

273 2301 292 2333 ι
327 2283 465 2348 Quid
485 2292 664 2337 autem
691 2286 900 2340 vocatis
927 2301 1033 2365 me,
1049 2286 1290 2350 Domine,
1320 2287 1635 2353 Domine,et
1663 2304 1772 2365 non

191 2389 216 2422 ι
258 2371 440 2427 facitis
459 2388 577 2441 quae
596 2374 752 2428 dico?
781 2393 799 2425 ›
835 2362 1033 2431 Dicere
1055 2377 1197 2431 enim
1243 2377 1486 2440 Domine,
1524 2362 1770 2447 Domine,

182 2461 259 2515 ad
303 2460 535 2517 fructum
583 2465 737 2519 bona:
774 2466 985 2523 arboris
1020 2468 1294 2538 pertinere
1330 2470 1580 2537 videtur,
1611 2481 1664 2529 et
1705 2473 1774 2527 ad

183 2550 317 2605 boni
373 2553 683 2608 thesaurum
715 2557 927 2622 cordis;
960 2559 1054 2612 sed
1083 2574 1191 2614 non
1234 2560 1412 2616 facere
1455 2577 1574 2632 quae
1598 2563 1769 2632 jubet,

184 2642 365 2712 magis
392 2643 460 2698 ad
485 2647 884 2701 contumaciam
912 2648 1180 2719 pertinet,
1205 2666 1365 2720 quam
1408 2653 1491 2707 ad'
1518 2654 1773 2709 obedien-

188 2732 346 2798 tiam,
374 2736 629 2803 quoniam
648 2738 787 2792 sicut
807 2737 1095 2810 Apostolus
1124 2744 1201 2798 ait
1227 2745 1294 2800 de
1321 2744 1471 2800 falsis
1494 2746 1614 2803 ﬁdei
1649 2763 1774 2818 pro-

188 2822 491 2881 fessoribus
511 2848 524 2881 :
555 2846 573 2879 ι
593 2828 930 2887 Conﬁtentur
945 2848 1005 2889 se
1023 2849 1181 2890 nosse
1203 2836 1391 2902 Deum,
1417 2837 1574 2895 factis
1593 2850 1771 2897 autem

188 2923 391 2983 negant
422 2915 550 2985 (Tit.
582 2917 644 2987 ι).
696 2937 715 2969 ι
772 2920 969 2986 Quales
1011 2923 1275 2981 Dominus
1317 2941 1414 2996 per
1452 2930 1771 3000 prophetam

188 3006 458 3074 reprobat,
483 3007 666 3062 dicens
695 3026 709 3062 :
738 3009 969 3081 Populus
996 3022 1179 3069 autem
1200 3016 1287 3073 hic
1306 3016 1462 3074 labiis
1487 3034 1573 3074 me
1600 3022 1773 3077 hono-

188 3103 293 3159 rat,
320 3112 414 3150 cor
443 3114 462 3147 ι
492 3107 670 3181 autem
692 3100 906 3158 illorum
936 3103 1092 3177 longe
1111 3115 1194 3162 est
1215 3123 1247 3162 a
1269 3124 1354 3163 me
1375 3109 1512 3180 (Ira.
1540 3114 1714 3184 χχιιι).
1744 3132 1763 3165 ι

189 3185 257 3240 Et
286 3186 411 3243 alibi
462 3189 516 3244 in
562 3191 887 3263 Evangelio:
922 3213 942 3246 ι
978 3196 1095 3251 Νοιι
1116 3200 1295 3254 omnis
1320 3201 1412 3269 qui
1441 3202 1571 3256 dicit
1615 3204 1769 3269 mihi,

187 3276 456 3346 Domine,
504 3281 767 3346 Domine,
831 3284 1056 3340 intrabit
1114 3287 1167 3341 in
1228 3302 1452 3365 regnum
1512 3291 1770 3348 caelorum

188 3368 402 3472 (Matth.
446 3374 573 3472 .vu).
613 3394 632 3425 ι
688 3375 838 3431 Unde
875 3378 1037 3433 fatuis
1087 3379 1386 3451 virginibus
1433 3382 1500 3438 ad
1547 3385 1780 3472 januam‘

185 3462 372 3531 sponsi
415 3462 817 3523 clamitantibus
848 3485 863 3522 :
898 3468 1150 3534 Domine,
1182 3472 1409 3527 Domine
1433 3512 1448 3539 ,
1474 3476 1624 3548 aperi
1673 3462 1771 3534 no?

182 3555 293 3622 bis,
332 3557 597 3613 dicturum
624 3575 682 3615 se
706 3575 829 3617 esse
874 3570 1101 3617 testatur
1135 3580 1148 3616 :
1186 3582 1204 3614 ‹
1228 3563 1400 3618 Amen
1441 3565 1563 3621 dico
1592 3570 1765 3636 vobis,

190 3646 380 3721 nescio
395 3664 489 3704 vos
512 3648 727 3721 (Matth.
743 3651 893 3723 xxv).
907 3672 925 3705 ι
946 3652 1084 3709 Suos
1104 3655 1247 3710 enim
1266 3655 1622 3727 confessores,
1636 3676 1771 3729 prae-

188 3745 471 3806 ceptorum
493 3741 861 3802 suorumvult
892 3758 1010 3798 esse
1044 3754 1374 3814 cperatores.
1412 3746 1562 3804 Unde
1590 3750 1767 3806 adhuc

184 3824 590 3881 similitudinem
616 3828 879 3900 adjungit,
900 3830 1084 3887 dicens
1111 3847 1127 3887 :

265 3931 284 3964 ι
330 3914 519 3971 Omnis
538 3917 628 3985 qui
651 3920 799 3973 venit
817 3921 886 3975 ad
906 3937 1013 3987 me,
1040 3933 1096 3978 et
1116 3925 1265 3980 audit
1287 3940 1565 3985 sermones
1588 3946 1762 3999 meos,

190 4021 211 4054 ι
250 4011 307 4057 et
339 4002 617 4073 faciteos,
642 4009 921 4064 ostendam
951 4013 1103 4069 vobis
1142 4015 1229 4070 cui
1261 4016 1453 4071 similis
1478 4026 1579 4073 est.
1619 4040 1656 4092 ,ι
1696 4022 1765 4078 Et

182 4092 410 4162 pulchre
437 4103 719 4172 postquam
744 4098 898 4166 dixit,
936 4117 955 4151 ‹
988 4104 1212 4159 etaudit
1237 4120 1515 4171 sermones
1537 4125 1707 4178 meos,
1737 4131 1757 4164 ι

184 4184 431 4253 adjunxit
470 4204 488 4238 ι
512 4195 590 4259 et
635 4188 765 4245 facit
814 4207 951 4269 eos:
989 4213 1010 4246 ι
1042 4195 1168 4264 quia
1213 4205 1274 4251 ut
1320 4198 1396 4252 ait
1420 4199 1757 4269 Apostolus:

191 4292 212 4326 ι
247 4274 366 4329 Non
391 4276 663 4333 auditores
688 4278 822 4350 legis
841 4278 972 4348 justi
998 4292 1125 4337 sunt
1174 4285 1314 4353 apud
1344 4287 1531 4352 Deum,
1564 4291 1659 4345 sed
1682 4290 1760 4345 fa-

184 4366 812 4435 ctoresjustiﬁcabuntur
834 4370 1005 4441 (Rom.
1033 4372 1117 4445 ιι).
1153 4393 1174 4426 ι
1202 4376 1270 4429 Et
1291 4376 1404 4445 ipse
1435 4378 1487 4431 in
1510 4378 1759 4452 Evange-

182 4454 259 4509 lio
287 4453 532 4511 Salvator
559 4474 681 4513 cum
702 4460 922 4529 dixisset
948 4479 962 4515 :
1002 4480 1024 4532 ι
1063 4464 1212 4519 Beati
1241 4467 1333 4535 qui
1366 4469 1590 4524 audiunt
1630 4486 1757 4526 ver-

182 4544 313 4599 bum
344 4544 459 4611 Dei,
492 4566 512 4598 ι
545 4547 809 4617 adiunxit,
837 4569 855 4602 ι
888 4527 945 4605 et
962 4527 1275 4608 custodiunt
1296 4528 1425 4610 illud
1446 4555 1596 4627 (Luc.
1625 4560 1756 4629 1(1).»
1787 4527 1840 4587 Β

185 4631 344 4688 Unde
381 4634 507 4713 alibi
562 4636 822 4729 Dominus
851 4639 1141 4709 discipulos
1185 4657 1310 4699 suos
1356 4644 1649 4714 beatiﬁcat,
1680 4649 1763 4703 di-

182 4738 315 4779 cens
357 4741 371 4778 :
417 4744 438 4778 ι
486 4726 650 4783 Scitis
702 4730 857 4784 haec?
907 4732 1052 4787 beati
1098 4733 1270 4798 eritis,
1315 4735 1362 4791 si
1414 4735 1652 4794 feceritis
1695 4754 1760 4795 ea

182 4811 368 4884 (Jaan.
410 4815 553 4888 xm).
612 4837 631 4870 ι
672 4817 808 4895 Hinc
854 4828 912 4875 et
951 4820 1183 4879 Joannes
1221 4825 1277 4879 iu
1312 4823 1632 4899 Apocalypsi
1663 4844 1759 4883 sua

183 4917 307 4956 cum
337 4904 560 4991 dixisset
585 4920 599 4959 :
629 4924 649 4956 ‹
681 4908 879 4963 Beatus
902 4911 993 4979 qui
1024 4912 1173 4966 audit
1195 4921 1249 4967 et
1289 4912 1419 4984 legit
1443 4916 1605 4970 verba
1636 4915 1757 4971 libri

182 4991 362 5061 hujus,
404 5015 422 5048 ι
446 4997 714 5081 continuo
753 4998 997 5070 adjunxit
1031 5020 1043 5056 :
1091 5021 1109 5054 ι
1145 5010 1199 5058 et
1226 5012 1405 5058 servat
1427 5020 1489 5059 ea
1530 5020 1649 5074 qute
1700 5007 1755 5059 in

512 5870 549 5891 ,
584 5806 852 5880 ΡΑτιιοῤ
894 5806 1176 5880 CXVI":

1879 569 2137 624 Dominus
2168 583 2295 624 suos
2315 568 2670 639 recognoscit,
2696 569 2787 638 qui
2817 583 2940 624 cum
2976 575 3122 624 recta
3154 567 3261 622 tlde
3307 568 3448 623 bona

1873 675 2039 731 opera
2093 660 2405 731 adjungunt.
2473 658 2624 714 Unde
2667 659 2970 720 Psalmista,
3019 674 3142 714 cum
3190 659 3245 714 in
3292 659 3450 714 laude

1875 760 2182 807 sanctorum
2228 751 2450 816 diceret,
2496 768 2515 801 ι
2552 750 2876 806 invocabant
2906 751 3212 818 Dominum,
3250 758 3307 805 et
3333 751 3449 823 ipse

1875 842 2191 898 exaudiebat
2222 856 2335 907 cos,
2369 861 2388 895 ι
2419 840 2660 911 adjunxit
2690 856 2705 895 :
2743 861 2759 893 ι
2793 842 3177 898 Custodiebant
3209 844 3451 900 testimo-

1874 933 1964 987 nia
1986 933 2103 1002 ejus
2122 939 2178 987 et
2196 939 2518 1001 praeceptum
2541 931 2682 1001 quod
2697 931 2841 987 dedit
2864 932 2966 985 illis
2989 930 3161 1001 (Psal.
3181 932 3390 1003 xcvm).
3425 953 3444 985 ι

1874 1022 1943 1078 Ει
1971 1020 2096 1077 alibi
2127 1040 2139 1075 :
2183 1041 2202 1074 ι
2244 1021 2393 1075 Beati
2420 1022 2508 1090 qui
2539 1018 2846 1076 cuslodiunt
2863 1020 3122 1089 judicium
3148 1031 3204 1075 et
3246 1021 3452 1077 faciunt

1864 1112 2133 1183 justitiam
2158 1113 2209 1167 in
2237 1111 2381 1166 omni
2405 1118 2643 1181 tempore
2667 1107 2947 1176 (Psal..x).
2989 1129 3007 1163 ι
3039 1110 3138 1178 Qui
3169 1125 3296 1181 ergo
3329 1112 3451 1167 talis

1873 1211 1956 1255 est
1980 1241 1995 1266 ,
2031 1203 2224 1255 merito
2269 1201 2435 1269 ipsms
2480 1199 2691 1254 Domini
2730 1199 2969 1255 imitator
3020 1198 3273 1266 cﬁicitur,
3304 1201 3452 1257 sicut

1872 1292 2215 1362 subjungitur
2236 1310 2251 1347 :

1954 1401 1972 1434 ι
2007 1380 2211 1438 Similis
2245 1390 2329 1437 est
2374 1382 2576 1437 homini
2607 1382 2894 1437 :ediﬁcanti
2934 1381 3170 1448 domum,
3199 1384 3289 1452 qui
3316 1382 3452 1438 fodit

1880 1492 1899 1525 ι
1936 1473 1988 1527 in
2010 1472 2201 1540 altum,
2238 1482 2293 1527 et
2325 1472 2503 1543 posuit
2554 1471 2899 1527 fundamenta
2942 1488 3103 1542 supra
3154 1464 3383 1543 petram.
3424 1493 3445 1525 ι

1874 1561 2047 1618 Homo
2072 1562 2172 1618 iste
2196 1577 2292 1633 per
2321 1562 2723 1618 similitudinem
2749 1562 3007 1617 Dominus
3029 1559 3184 1617 Iesus
3203 1561 3452 1619 Christus

1873 1661 1958 1708 est
1987 1670 2001 1707 :
2043 1653 2169 1721 quia
2191 1651 2421 1707 aediﬁcat
2454 1652 2694 1717 domum,
2717 1652 2966 1706 videlicet
2988 1659 3231 1706 sanctam
3267 1649 3455 1706 Eccle-

1874 1740 2031 1807 siam,
2079 1757 2185 1797 non
2229 1757 2297 1796 ex
2351 1741 2619 1813 lapidibus
2673 1751 2728 1798 et
2774 1742 2931 1813 lignis
2988 1740 3326 1806 visibilibus,
3356 1742 3453 1795 sed

1799 1825 1846 1884 Β
1872 1847 1939 1887 ex
1970 1833 2224 1903 pretiosis
2265 1841 2321 1887 et
2345 1833 2763 1902 imputribilibus
2789 1835 3075 1889 animabus
3118 1842 3451 1889 sanctorum.

1874 1920 1950 1976 De
1985 1937 2091 1991 qua
2112 1937 2211 1991 per
2223 1921 2548 1991 Prophetam
2571 1923 2797 1978 dicitur:
2827 1940 2846 1973 ι
2876 1922 3101 1977 Domum
3128 1930 3272 1977 tuam
3298 1922 3456 1976 decet

1872 2013 2200 2077 sanctitudo,
2241 2013 2488 2079 Domine,
2536 2014 2588 2069 in
2639 2013 2969 2085 longitudine
3017 2014 3227 2067 dierum
3276 2012 3449 2084 (Psal.

1872 2102 2025 2172 xcn).
2059 2122 2079 2155 ι
2119 2121 2138 2153 ι
2174 2102 2276 2169 Qui
2311 2103 2444 2158 fodit
2471 2105 2524 2158 in
2554 2104 2742 2169 altum,
2782 2123 2803 2158 ι
2840 2105 2965 2174 quia
3000 2112 3275 2160 terrenam
3303 2105 3455 2176 cupi-

1872 2193 2094 2248 ditatem
2123 2194 2384 2250 radicitus
2408 2210 2439 2249 a
2468 2195 2720 2251 cordibus
2756 2194 2989 2250 ﬁdelium
3022 2209 3242 2250 suorum
3269 2195 3451 2250 absci-

1873 2284 1970 2339 dit.
1994 2303 2011 2334 ι
2032 2283 2218 2339 Posuit
2238 2295 2416 2340 autem
2434 2285 2839 2341 fundamentum
2859 2302 3017 2357 supra
3044 2295 3272 2357 petram,
3288 2306 3306 2339 ι
3325 2286 3454 2356 quia

1872 2370 2033 2429 ﬁdem
2072 2372 2325 2428 Ecclesia:
2355 2389 2518 2444 super
2548 2374 2782 2443 scipsum
2810 2375 3090 2429 constituit
3128 2375 3214 2429 vel
3243 2373 3457 2429 stabili—

1872 2464 1973 2529 vit,
2003 2465 2144 2519 sicut
2169 2463 2352 2529 Petro,
2380 2465 2468 2519 cui
2494 2479 2522 2517 a
2563 2464 2815 2520 ﬁrmitate
2850 2474 3016 2534 petra:
3044 2481 3239 2522 nomen
3280 2466 3454 2537 impo-

1872 2555 2034 2610 situm
2061 2563 2161 2621 est,
2201 2553 2331 2611 dicit
2374 2574 2387 2610 :
2432 2574 2451 2606 ι
2505 2554 2679 2626 Super
2732 2556 2873 2612 hanc
2919 2564 3131 2627 petram
3174 2557 3454 2614 aediﬁcabo

1870 2645 2165 2701 Ecclesiam
2195 2660 2370 2701 meam
2389 2645 2603 2718 (Matth.
2627 2645 2759 2718 χιιι).
2782 2666 2800 2699 ›
2827 2646 2987 2702 Petra
3012 2647 3156 2701 enim
3176 2646 3455 2703 Christum

1871 2737 2159 2807 signiﬁcat,
2207 2737 2348 2793 sicut
2385 2738 2462 2794 ait
2482 2738 2805 2808 Apostolus:
2843 2756 2862 2789 ι
2901 2737 3059 2794 Petra
3108 2747 3288 2795 autem
3330 2747 3453 2795 erat

1870 2827 2118 2884 Christus
2143 2828 2193 2900 (ι
2218 2828 2339 2883 Cor.
2368 2827 2447 2900 x).
2485 2848 2503 2881 ι
2538 2828 2691 2897 Quod
2719 2842 2848 2885 vero
2881 2828 3155 2901 subjungit
3180 2845 3194 2884 :
3243 2848 3261 2881 ‹
3291 2829 3453 2885 inun-

1876 2936 1896 2970 ι
1929 2918 2143 2975 datione
2172 2927 2356 2974 autem
2383 2918 2548 2985 facta,
2571 2919 2770 2976 illisuin
2801 2928 2888 2976 est
2906 2917 3103 2974 flumen
3143 2918 3326 2975 domui
3352 2918 3452 2985 illi,

1876 3027 1896 3060 ι
1931 3016 2113 3064 etnon
2135 3010 2313 3080 potuit
2345 3025 2411 3065 ea
2448 3011 2671 3065 moveri.
2714 3031 2733 3063 ι
2791 3009 3073 3073 Manifeste
3112 3018 3279 3082 patet,
3325 3011 3454 3081 quia

1871 3117 2013 3172 smpe
2038 3104 2501 3173 persecutionibus
2532 3116 2794 3160 concussa
2841 3113 2925 3159 est
2947 3103 3207 3170 Ecclesia,
3233 3117 3340 3159 non
3368 3110 3453 3158 ta-

1801 3187 1845 3247 C
1877 3206 2058 3248 mena
2080 3194 2184 3250 ﬁde
2211 3203 2479 3249 commota
2497 3233 2513 3259 ,
2542 3194 2828 3264 aliquando
2862 3209 3198 3264 paganorum
3226 3193 3454 3249 infesta-

1874 3281 2132 3348 tionibus,
2154 3281 2440 3351 aliquando
2463 3283 2718 3337 falsorum
2753 3282 2981 3336 fratrum
3026 3284 3296 3353 perversis
3322 3285 3455 3354 dog.

1873 3373 2126 3437 matibus,
2154 3372 2439 3441 aliquando
2467 3373 2784 3443 impulsione
2830 3374 3161 3439 daamonum,
3194 3374 3280 3430 vel
3325 3391 3453 3445 pros

1870 3464 1999 3535 priaa
2019 3462 2349 3536 fragilitatis,
2372 3465 2468 3519 sed
2512 3473 2702 3520 contra
2751 3465 2866 3520 bmc
2912 3467 3091 3521 omnia
3146 3467 3303 3522 ﬁrma
3337 3477 3451 3523 stat

1871 3553 2131 3619 Ecclesia,
2163 3554 2290 3624 quia
2321 3569 2427 3611 non
2451 3554 2505 3610 in
2527 3570 2584 3610 se
2608 3554 2849 3622 conﬁdit,
2875 3556 2967 3611 sed
3001 3556 3057 3610 in
3092 3555 3333 3623 Christo,
3362 3558 3447 3611 di-

1869 3661 1998 3702 cens
2022 3662 2144 3709 cum
2176 3648 2435 3717 propheta
2469 3664 2482 3702 :
2527 3666 2546 3701 ι
2584 3649 2639 3703 In
2680 3657 2832 3719 petra
2873 3648 3117 3705 exaltasti
3148 3664 3254 3715 me,
3283 3650 3450 3706 dedu-

1868 3737 1993 3792 xisti
2020 3753 2125 3803 me,
2150 3739 2276 3808 quia
2302 3738 2474 3793 factus
2497 3753 2557 3794 es
2584 3754 2706 3808 spes
2732 3754 2869 3803 mea,
2902 3739 3066 3794 turris
3109 3738 3447 3795 fortitudinia

1869 3827 2062 3883 afacie
2111 3828 2314 3883 inimici
2357 3825 2529 3901 (Psal.
2563 3828 2673 3901 ιιι).
2728 3848 2747 3881 ι
2791 3829 2860 3889 Et
2899 3829 3140 3884 iterum:
3180 3847 3199 3882 ι
3248 3828 3451 3885 Statuit

1866 3934 2027 3990 supra
2064 3929 2272 3990 petram
2314 3921 2476 3991 pedes
2513 3934 2680 3987 meos,
2708 3930 2764 3976 et
2795 3906 2994 3976 direxit
3040 3938 3257 3993 gressus
3296 3938 3448 3979 meos

1867 4008 2039 4080 (Psal.
2064 4009 2273 4079 xxxix).
2309 4028 2327 4059 ι
2364 4008 2514 4067 Unde
2537 4022 2594 4067 et
2630 4012 2915 4067 subditur:
2949 4030 2968 4063 ι
3003 4012 3246 4068 Fundata
3298 4013 3446 4068 enim

1872 4120 1892 4155 ι
1921 4111 2040 4158 erat
2057 4116 2218 4172 supra
2244 4109 2472 4172 petram,
2507 4121 2526 4153 ι
2556 4101 2611 4156 id
2636 4110 2720 4156 est
2742 4115 2901 4172 supra
2923 4099 3217 4156 Christum.
3241 4102 3317 4156 De
3340 4117 3447 4173 quo

1866 4194 1945 4248 ait
1982 4192 2307 4263 Apostolus:
2338 4211 2356 4243 ι
2388 4190 2819 4247 Fundamentum
2871 4190 3014 4246 aliud
3066 4206 3225 4246 nemo
3268 4201 3448 4262 potest

1862 4301 2083 4359 ponere,
2114 4295 2309 4357 praeter
2344 4287 2398 4342 id
2425 4287 2569 4357 quod
2595 4288 2829 4357 positum
2863 4296 2965 4353 est,
2984 4282 3138 4357 quod
3175 4296 3258 4342 est
3284 4287 3444 4342 Chri-

1864 4385 1981 4431 stus
2008 4375 2165 4431 Jesus
2191 4375 2244 4447 (I
2271 4376 2393 4431 Cor.
2427 4376 2532 4446 ιιι).
2568 4395 2587 4428 ι
2622 4375 2772 4431 Sicut
2800 4378 2946 4431 enim
2972 4377 3028 4431 in
3062 4376 3441 4430 aediﬁcationia

1862 4464 1964 4520 bus
2003 4465 2139 4519 nihil
2159 4465 2507 4520 fundamento
2530 4466 2681 4536 prius
2728 4466 2967 4536 ponitur,
3010 4465 3090 4520 sic
3135 4466 3442 4535 quicunque

1866 4571 2108 4611 amorem
2153 4558 2246 4612 Dei
2269 4557 2519 4612 omnibus
2569 4559 2730 4612 rebus
2775 4556 3059 4626 praeponit,
3094 4557 3198 4611 etsi
3237 4557 3440 4626 pulsari

1866 4657 2065 4719 potest,
2112 4656 2290 4721 tamen
2321 4649 2517 4704 cadere
2544 4650 2717 4705 nescit
2748 4666 2762 4701 :
2804 4651 2929 4719 quia
2964 4648 3267 4719 superjecta
3314 4650 3437 4704 titu-

1865 4737 1997 4791 bare
2026 4737 2299 4815 nesciunt,
2329 4738 2546 4807 quando
2567 4737 2673 4791 ﬁx-a
2704 4746 3107 4815 Astanteaqua:
3130 4740 3429 4795 continent.
3470 4756 3485 4762 ’

1866 4813 2168 4884 υηιιεέιιιω
2196 4828 2261 4883 dc
2276 4813 2746 4885 Ecclesia-dicitur
2775 4846 2789 4882 ε
2826 4820 2844 4881 ι
2864 4830 2931 4884 Et
2950 4838 3120 4900 porta:
3141 4829 3299 4886 inferi
3323 4846 3429 4886 non

1862 4918 2232 4989 praevalebunt
2260 4919 2518 4976 adversus
2538 4935 2659 4976 eam
2691 4919 2904 4992 (Matth.
2927 4923 3059 4994 xvr).
3082 4912 3112 4975 ἰ
