4002 6348
568 353 670 408 78⁸1

1187 348 1538 407 llAYMONlS
1579 347 2053 404 l-IALBERSTAT.
2091 345 2305 404 EPlSC.
2346 345 2497 403 OPP.
2538 345 2739 402 PARS.
2779 345 2843 400 ll.
2870 375 2927 386 -
2963 343 3190 400 llOMlL.

3733 347 3853 405 ’148

575 565 3837 598 Mm

1325 765 1797 845 HOMILIIE
1873 761 2327 855 ALIQUOT
2405 762 2537 840 DE
2614 763 3088 857 SANCTIS,

1289 963 1446 1023 Tum
1494 957 1778 1039 propriae
1837 958 2146 1036 singulis.
2200 965 2330 1019 tum
2386 978 2730 1021 communes
2799 961 3105 1023 omnibus.

1074 1277 1352 1333 HOMlLlA
1390 1277 1624 1332 PRIMA.

747 1429 799 1468 IN
837 1426 928 1465 ωε
965 1427 1184 1467 CELEBRI
1210 1429 1395 1466 SANC'I‘I
1438 1429 1660 1466 ANDREE
1685 1428 1966 1470 APOSTOIJ.

565 1591 568 1594 .
641 1544 881 1614 (Mn-ru.
935 1546 1031 1614 tv.)
1071 1563 1088 1594 ι
1131 1545 1186 1598 1η
1221 1544 1308 1599 illo
1341 1553 1580 1614 tempore
1610 1561 1622 1596 :
1649 1545 1942 1599 Ambulans
1991 1543 2147 1599 Jesus

575 1657 593 1688 ι
633 1637 787 1705 juxta
815 1651 963 1690 mare
983 1635 1234 1700 Galil-mae,
1269 1636 1404 1690 vidit
1441 1637 1575 1690 duos
1598 1635 1817 1700 fratres,
1847 1635 2144 1702 Simonem,

575 1751 594 1782 ‹
641 1729 731 1798 qui
761 1737 982 1783 vocatur
1013 1726 1226 1790 Petrus,
1267 1737 1321 1781 et
1363 1727 1633 1782 Andream
1665 1726 1890 1782 fratrem
1928 1727 2068 1796 ejus.
2124 1750 2143 1782 ›

569 1821 638 1875 Ει
663 1819 889 1888 reliqua.
923 1818 978 1872 ln
1005 1819 1256 1872 omnibus
1277 1818 1532 1887 operibus
1564 1817 1700 1883 suis,
1738 1835 1856 1888 qua:
1892 1820 2150 1875 Dominus

567 1909 726 1965 Jesus
753 1908 1000 1963 Christus
1047 1908 1202 1962 nobis
1247 1908 1313 1960 ad
1366 1907 1682 1960 imitandum
1732 1909 1995 1975 ostendit,
2050 1911 2151 1965 hoc

568 2001 848 2056 declarare
871 2001 1120 2071 dignatus
1146 2009 1248 2065 est,
1287 2000 1411 2070 quia
1443 2001 1488 2055 si
1522 2001 1746 2055 virtutes
1772 2002 1963 2055 animm
2005 2002 2154 2056 volu-

564 2107 689 2147 mus
717 2091 964 2160 accipere
987 2131 1001 2153 ,
1033 2091 1181 2160 prius
1229 2091 1586 2146 tentationum
1618 2091 1861 2146 stimulos
1898 2093 2153 2148 debemus

567 2200 844 2256 superare.
873 2185 1113 2252 Denique
1139 2185 1527 2252 praedicaturus
1578 2185 1776 2238 mundo
1804 2183 2153 2254 Evangelium

565 2277 716 2346 prius
745 2292 773 2330 a
800 2275 1008 2330 Joanne
1033 2277 1358 2344 baptizatus.
1390 2277 1613 2332 secessit
1647 2277 1698 2330 in
1727 2277 1998 2331 desertum
2025 2318 2038 2341 ,
2064 2278 2158 2332 ibi-

565 2382 672 2436 que
701 2367 1055 2437 quadraginta
1087 2366 1277 2420 diebus
1310 2375 1362 2420 et
1391 2366 1742 2436 quadraginta
1791 2367 2039 2421 noctibus
2075 2366 2157 2436 je—

563 2457 785 2526 junans,
819 2458 1018 2510 trinam
1067 2456 1420 2510 tentationem
1460 2455 1657 2511 diaboli
1711 2457 1986 2525 superavit
2028 2473 2041 2510 :
2093 2471 2158 2511 ac

567 2554 691 2608 inde
716 2567 982 2623 egressus,
1009 2550 1290 2605 ambulans
1309 2551 1461 2620 juxta
1488 2564 1634 2603 mare
1664 2549 1894 2604 Galilmae
1916 2589 1931 2615 ,
1949 2557 2008 2602 ut
2028 2565 2161 2620 pra?

2171 1283 2222 1342 Α
2247 1281 2390 1335 enim
2421 1282 2587 1336 motio
2605 1281 2867 1336 Dominici
2891 1282 3153 1352 corporis,
3179 1297 3210 1336 a
3237 1285 3500 1354 mysterio
3529 1301 3701 1342 vacua
3734 1303 3837 1342 non

2245 1381 2331 1426 est
2349 1373 2603 1442 putanda.
2633 1373 2776 1428 Mare
2799 1389 2929 1442 ergo
2958 1375 3014 1428 in
3054 1375 3156 1430 hoc
3183 1375 3321 1442 loco,
3348 1378 3611 1432 mundum
3635 1379 3840 1450 signiﬁ-

2247 1471 2353 1515 cat.
2387 1463 2453 1516 Et
2483 1463 2727 1532 pulchre,
2753 1465 2878 1532 quia
2909 1463 3047 1518 sicut
3069 1480 3219 1519 mare
3249 1465 3528 1522 immobile
3577 1484 3703 1524 esse
3734 1486 3835 1523 non

2246 1561 2443 1622 potest,
2471 1553 2562 1608 sed
2592 1569 2805 1624 semper
2823 1557 3031 1610 accedit
3055 1564 3109 1610 et
3131 1558 3352 1620 recedit,
3375 1559 3453 1613 sie
3493 1562 3736 1616 mundus
3759 1563 3834 1617 di-

2247 1643 2418 1697 versis
2442 1645 2936 1712 perturbationibus
2963 1655 3020 1699 et
3051 1646 3493 1704 ﬂuctuationibus
3531 1665 3835 1706 commove-

2250 1741 2357 1787 tur.
2413 1733 2548 1788 Hinc
2596 1750 2692 1804 per
2738 1734 3076 1790 Psalmistam
3131 1738 3370 1792 dicitur:
3407 1760 3425 1789 ι
3455 1741 3830 1804 Commovisti,

2250 1826 2496 1890 Domine,
2528 1835 2725 1879 terram
2754 1825 2925 1895 (Psal.
2961 1828 3094 1898 th).
3134 1847 3152 1879 ι
3186 1827 3340 1882 Unde
3362 1843 3516 1883 mare
3551 1845 3582 1882 a
3614 1831 3837 1885 meando

2254 1916 2475 1981 dicitur,
2503 1930 2568 1969 eo
2612 1918 2755 1985 quod
2805 1929 3018 1985 semper
3047 1917 3267 1971 accedat
3311 1925 3368 1970 et
3396 1919 3645 1982 recedat,
3681 1921 3839 1990 signi-

2253 2007 2399 2072 ficat,
2430 2015 2488 2060 ut
2513 2005 2713 2060 dictum
2748 2013 2850 2069 est,
2879 2007 3162 2071 mundum,
3193 2007 3284 2076 qui
3314 2011 3522 2063 crescit
3547 2010 3838 2073 nascendo,

2254 2101 2518 2157 decrescit
2564 2101 2863 2166 moriendo,
2903 2101 3144 2156 elevatur
3172 2102 3226 2155 in
3256 2104 3556 2172 prosperis,
3597 2103 3841 2171 dejicitur

2256 2192 2308 2246 in
2334 2191 2593 2246 adversis.
2615 2190 2696 2244 Ad
2717 2191 2818 2246 hoc
2839 2206 2968 2262 ergo
2989 2205 3138 2244 mare
3159 2191 3419 2246 Dominus
3440 2192 3613 2255 venit,
3630 2192 3839 2262 quando

2255 2296 2352 2351 per
2377 2280 2762 2334 incarnationis
2785 2295 2894 2334 suze
2927 2280 3240 2350 mysterium
3265 2281 3468 2335 mundo
3493 2281 3728 2335 visibilis
3753 2297 3836 2351 ap-

2256 2373 2452 2444 paruit,
2472 2370 2703 2442 quando,
2722 2372 3188 2441 utaitApostolus,
3219 2391 3240 2424 ‹
3269 2373 3631 2442 semetipsum
3664 2375 3833 2428 exina-

2260 2465 2414 2530 nivit,
2445 2463 2676 2518 formam
2721 2463 2864 2518 servi
2896 2463 3183 2534 accipiens,
3219 2462 3274 2516 in
3302 2463 3722 2518 similitudinem
3751 2467 3835 2518 ho-

2261 2555 2466 2609 minum
2491 2553 2787 2620 factus,et
2812 2554 3000 2610 habitu
3027 2555 3276 2608 inventus
3321 2561 3380 2606 ut
3431 2553 3622 2618 homo,
3676 2554 3833 2607 humi-

567 2662 694 2700 sens
717 2645 876 2700 lectio
900 2653 1104 2707 narrat,
1132 2643 1424 2712 discipulos
1448 2642 1605 2712 elegit
1636 2660 1649 2695 :
1683 2657 1782 2696 nos
1817 2642 2073 2696 nimirum
2104 2641 2155 2695 in
2185 2643 2233 2702 B
2261 2648 2409 2703 liavit
2459 2647 2805 2715 semetipsum
2861 2643 3028 2716 (Phil.
3058 2645 3140 2726 ll).
3181 2665 3201 2696 ι
3243 2642 3360 2698 Non
3386 2653 3580 2698 autem
3630 2645 3832 2698 stetisse

568 2743 673 2796 hoc
698 2739 839 2794 facto
871 2739 1163 2803 instruens,
1195 2737 1320 2806 quia
1349 2738 1394 2792 si
1427 2737 1670 2791 volmnus
1706 2737 1904 2791 bonum
1950 2736 2154 2804 accipe-

567 2848 651 2897 re,
686 2831 838 2901 prius
863 2844 892 2882 a
923 2827 1062 2882 malo
1107 2828 1362 2881 debemus
1393 2826 1681 2881 declinare.
1713 2826 1806 2880 Est
1829 2825 1974 2880 enim
2022 2824 2155 2880 ordo

569 2932 718 2978 recte
755 2920 992 2984 vivendi,
1040 2926 1099 2973 ut
1124 2918 1275 2988 prius
1310 2918 1438 2972 vitia
1487 2925 1732 2986 superet,
1785 2917 1876 2986 qui
1926 2917 2155 2972 virtutes

567 3014 686 3069 vult
723 3012 971 3080 accipere
1023 3027 1034 3062 :
1081 3008 1208 3078 quia
1239 3016 1492 3077 superato
1543 3007 1753 3062 diabolo
1782 3007 2040 3062 Dominus
2077 3007 2155 3060 di-

570 3103 809 3174 scipulos
833 3101 1030 3172 eligere
1057 3099 1245 3164 voluit,
1273 3107 1331 3152 ut
1355 3098 1662 3153 ostenderet
1691 3097 1845 3151 nobis
1884 3104 2010 3151 tunc
2041 3097 2152 3151 vir-

571 3204 747 3249 tutum
776 3193 985 3247 culmen
1023 3205 1182 3261 posse
1221 3189 1534 3253 ascendere,
1563 3188 1778 3257 quando
1830 3187 2155 3242 tentationes

571 3285 769 3342 diaboli
822 3284 1036 3340 fortiter
1081 3281 1550 3350 superaverimus,
1584 3279 1840 3348 quoniam
1894 3277 2034 3332 sicut
2083 3277 2157 3331 ait

570 3378 877 3449 Apostolus,
911 3395 928 3426 ‹
960 3375 1259 3429 'l‘ribulatio
1282 3372 1596 3442 patientiam
1636 3377 1921 3441 operatur,
1948 3371 2156 3441 patien-

571 3469 645 3521 tia
700 3483 828 3522 vero
859 3464 1254 3535 probationem,
1303 3461 1548 3532 probatio
1593 3471 1774 3515 autem
1818 3476 2000 3530 spem,
2034 3476 2156 3529 Spes

466 3583 478 3593 -
571 3575 702 3613 vero
730 3574 836 3613 non
869 3556 1168 3611 confundit.
1199 3553 1334 3620 Quia
1365 3553 1604 3608 charitas
1641 3553 1736 3607 Dei
1762 3553 1954 3607 diﬂ‘usa
1991 3563 2075 3608 est
2102 3554 2155 3608 in

572 3649 830 3706 cordibus
877 3646 1076 3701 nostris
1123 3661 1221 3715 per
1265 3644 1526 3714 Spiritum
1566 3652 1808 3698 sanctum
1835 3684 1849 3708 ,
1879 3643 1970 3712 qui
2000 3643 2157 3699 datus

573 3749 656 3795 est
676 3739 832 3794 nobis
857 3737 1028 3808 (Rom.
1057 3735 1136 3807 v).
1187 3756 1204 3786 ι
1241 3735 1348 3790 Sed
1370 3735 1436 3790 de
1461 3735 1745 3790 vocatione
1791 3735 2156 3804 apostolorum

572 3831 826 3894 locuturi,
855 3831 1086 3899 primum
1117 3829 1181 3884 de
1208 3829 1311 3882 situ
1336 3827 1460 3891 loci,
1485 3827 1536 3880 in
1558 3842 1665 3896 quo
1692 3828 1804 3881 haec
1827 3827 1964 3881 facta
1992 3827 2158 3882 fuisse

576 3929 967 3985 memorantur,
996 3919 1172 3986 aliqua
1198 3917 1669 3972 commemoranda
1691 3925 1832 3971 sunt.
1868 3915 1980 3970 lloc
2011 3917 2156 3970 enim

2252 2741 2338 2797 vel
2368 2741 2589 2803 sedisse,
2618 2739 2712 2793 sed
2737 2736 3140 2808 perambulasse
3167 2735 3386 2798 dicitur,
3417 2734 3550 2803 quia
3577 2750 3710 2797 non,
3740 2735 3832 2788 sic-

2255 2842 2316 2887 ut
2348 2831 2528 2887 ezeteri
2557 2829 2815 2886 mortales
2854 2829 2909 2884 in
2947 2828 3146 2883 mundo
3194 2842 3318 2882 cum
3351 2838 3498 2882 esset
3547 2836 3746 2890 natus,
3783 2837 3831 2879 ut

2254 2923 2435 2978 caeteri
2457 2912 2702 2976 homines
2729 2919 3044 2990 permansit,
3070 2917 3160 2974 sed
3186 2926 3306 2988 post
3339 2917 3652 2972 doctrinam
3676 2918 3832 2972 sancti

2256 3005 2550 3084 Evangelii,
2573 3021 2695 3082 post
2721 3011 3082 3067 ostensionem
3109 3007 3520 3074 miraculorum,
3543 3018 3670 3077 post
3695 3023 3832 3062 suam

2257 3117 2466 3158 sacram
2517 3103 2822 3172 passionem
2863 3114 3150 3171 resurgens
3189 3115 3222 3153 a
3261 3099 3524 3163 mortuis,
3567 3100 3742 3154 victor
3772 3101 3830 3153 ad

2256 3194 2449 3249 caelum
2480 3193 2657 3256 rediit,
2692 3193 2832 3247 sicut
2858 3193 2971 3260 ipse
2998 3192 3074 3245 ait
3106 3209 3119 3244 :
3157 3209 3175 3241 ‹
3215 3178 3371 3244 Exivi
3398 3205 3429 3243 a
3457 3189 3622 3244 Patre
3649 3188 3825 3256 (Joan.

2256 3284 2391 3355 va),
2426 3303 2444 3335 ι
2479 3293 2533 3339 et
2561 3283 2787 3353 reliqua,
2818 3285 2919 3337 hoc
2949 3282 3274 3352 significavit
3309 3279 3682 3336 deambulatio
3708 3281 3819 3349 ejus.

2257 3373 2334 3429 De
2375 3372 2529 3444 cujus
2557 3373 2795 3427 motione
2844 3371 2929 3426 vel
2959 3371 3188 3426 transitu
3217 3385 3316 3440 per
3343 3369 3568 3424 Petrum
3598 3368 3820 3424 dicitur:

2263 3486 2281 3517 ‹
2306 3467 2407 3532 Qui
2439 3463 3184 3536 pertransivitbenefaeiendo
3206 3471 3261 3516 et
3291 3462 3825 3530 sanandoomnesop—

2257 3571 2473 3626 pressos
2503 3572 2532 3610 a
2565 3554 2796 3610 diabolo.
2839 3574 2857 3607 ι
2891 3554 3073 3624 Neque
3117 3553 3244 3608 illud
3289 3555 3494 3621 absque
3529 3553 3826 3607 consider:-

2260 3648 2404 3702 tione
2432 3646 2950 3717 praetermittendum
2988 3654 3088 3710 est,
3122 3646 3264 3715 quod
3293 3645 3558 3700 Dominus
3608 3647 3827 3714 discipu-

2259 3737 2340 3792 los
2365 3737 2634 3790 electurus
2661 3777 2674 3802 ,
2698 3735 2852 3805 juxta
2880 3751 3030 3790 mare
3059 3736 3389 3800 ambulavit,
3419 3736 3513 3805 qui
3543 3745 3728 3804 postea
3752 3750 3829 3789 eo-

2262 3844 2378 3882 ram
2429 3827 2534 3881 illis
2579 3843 2741 3897 super
2767 3826 2962 3882 fluetus
2994 3827 3161 3881 maris
3207 3827 3514 3882 ambulasse
3567 3837 3828 3881 narratur.

2263 3921 2336 3976 Ut
2361 3921 2506 3976 enim
2557 3921 2793 3975 diximus
2819 3962 2832 3986 ,
2863 3935 3012 3975 mare
3040 3920 3300 3974 mundum
3351 3919 3643 3990 signiﬁcat.
3679 3921 3833 3975 Disci-

579 4027 751 4077 mare,
783 4012 926 4082 quod
952 4025 1095 4065 nunc
1116 4009 1346 4064 Galilaeaa
1368 4009 1584 4072 dicitur,
1613 4018 1833 4078 propter
1866 4008 2156 4062 varietates
2186 3990 2230 4051 (ἶ
2263 4012 2403 4082 pulis
2428 4026 2557 4081 ergo
2589 4011 2642 4064 in
2669 4011 2804 4064 mari
2835 4011 3188 4080 piscantibus,
3217 4010 3476 4064 Dominus
3504 4026 3669 4065 secus
3700 4025 3834 4064 mare

579 4103 940 4174 adjaceutium
984 4102 1256 4166 locorum,
1306 4099 1470 4154 variis
1519 4107 1768 4155 censetur
1825 4099 2155 4153 nominibus.

578 4195 789 4251 Dicitur
839 4193 979 4249 enim
1028 4207 1180 4246 mare
1229 4191 1480 4253 Galilzeaz,
1541 4198 1763 4260 propter
1823 4187 2158 4257 adjacentem

579 4287 912 4360 provinciam
946 4266 1239 4341 Galilazam.
1288 4284 1492 4338 Dicitur
1515 4293 1570 4337 et
1593 4298 1741 4337 mare
1767 4281 2100 4346 Tiberiadis,
2128 4296 2159 4335 a

579 4379 865 4436 Tiberiade
894 4377 1132 4432 civitate.
1172 4374 1374 4430 Dicitur
1413 4383 1467 4428 et
1511 4381 1758 4442 stagnum
1801 4369 2158 4433 Genezareth,

579 4491 646 4531 eo
675 4473 816 4544 quod
855 4470 1110 4524 flantibus
1134 4467 1332 4529 ventis,
1357 4465 1722 4534 crispantibus
1763 4462 1940 4525 undis,
1973 4476 2161 4515 auram

579 4579 648 4620 ex
686 4578 744 4618 se
780 4573 1040 4633 generare
1075 4558 1339 4612 videatur.
1383 4556 1590 4610 Dicitur
1627 4563 1682 4608 et
1713 4554 1861 4608 lacus
1913 4553 2162 4607 Geneza-

582 4656 726 4720 retb,
764 4661 990 4724 propter
1033 4649 1280 4705 eamdem
1331 4647 1604 4702 civitatem
1653 4645 1755 4700 sibi
1805 4645 2161 4714 adjacentem.

581 4748 649 4803 Et
679 4763 708 4802 a
738 4745 1056 4817 quibusdam
1079 4755 1227 4797 mare
1248 4739 1576 4811 asphaltum,
1606 4746 1828 4808 propter
1861 4739 2166 4806 inopportu-

583 4837 810 4891 nitatem
838 4843 1025 4905 portus
1055 4839 1296 4886 vocatur.
1335 4829 1658 4884 Extenditur
1689 4837 1869 4882 autem
1902 4827 1954 4880 in
1998 4826 2168 4895 longi-

585 4927 772 4981 tudine
799 4933 1013 4980 centum
1054 4921 1407 4993 quadraginta
1435 4920 1629 4984 stadia,
1655 4920 1706 4973 in
1738 4918 2017 4973 latitudine
2039 4931 2170 4986 qua-

587 5019 857 5088 draginta.
881 5015 989 5071 Nec
1017 5023 1300 5087 pr0pterea
1322 5030 1470 5068 mare
1493 5013 1707 5077 dicitur,
1729 5027 1794 5066 eo
1808 5010 1949 5080 quod
1972 5025 2171 5063 amara:

587 5109 694 5164 sint
721 5124 873 5178 aqua:
897 5106 1030 5175 ejus,
1053 5116 1179 5162 sunt
1215 5108 1358 5162 enim
1389 5106 1571 5161 dulces
1617 5105 1683 5158 ad
1723 5103 2038 5173 potandum,
2072 5102 2168 5155 ha-

586 5201 830 5270 bilesque
860 5199 925 5254 ad
960 5199 1275 5270 piscandum
1298 5215 1312 5262 ;
1339 5197 1432 5252 sed
1456 5198 1652 5251 idioma
1687 5195 1882 5262 lingute
1936 5191 2172 5247 llebrzea:

587 5302 673 5349 est
708 5306 894 5346 omnes
936 5291 1380 5361 congregationes
1437 5302 1696 5356 aquarmn
1750 5300 1944 5339 vocare
1988 5299 2168 5350 mare,

587 5387 730 5442 sicut
757 5385 810 5438 in
863 5381 1058 5439 Genesi
1106 5382 1364 5450 scriptum
1395 5387 1477 5434 est
1517 5375 1766 5448 (cap.t):
1807 5395 1824 5428 ι
1867 5376 2169 5447 Congrega-

587 5480 767 5534 tiones
786 5491 1049 5546 aquarum
1069 5472 1352 5543 appellavit
1381 5471 1570 5525 maria.
1604 5491 1622 5523 ›
1650 5469 1756 5525 Sed
1785 5479 1843 5524 ut
1868 5470 1982 5524 hzec
2011 5471 2170 5539 spiri-

588 5572 773 5626 taliter
805 5567 1230 5629 consideremus,
1256 5579 1359 5618 non
1388 5564 1457 5618 ab
1492 5579 1549 5619 re
1571 5562 1862 5634 putandum
1892 5571 1993 5628 est,
2025 5563 2168 5632 quod

589 5661 918 5731 evangelista
947 5657 1231 5712 Dominum
1259 5671 1364 5710 non
1395 5656 1599 5711 sedisse
1621 5696 1636 5721 ,
1669 5672 1768 5711 nec
1802 5656 2042 5718 stetisse,
2075 5657 2167 5710 sed

591 5749 964 5806 deambulasse
1002 5749 1155 5818 juxta
1207 5763 1355 5802 mare
1403 5747 1634 5804 Galilreze
1691 5747 1995 5815 descripsit.
2049 5745 2164 5815 Ipsa

2264 4104 2574 4168 ambulavit,
2600 4104 2726 4174 quia
2749 4105 2852 4159 etsi
2882 4104 3029 4158 venit
3074 4104 3127 4158 in
3156 4103 3412 4158 mundum
3443 4117 3544 4173 per
3572 4112 3831 4165 naturam,

2263 4195 2470 4250 alienus
2518 4194 2618 4248 fuit
2658 4203 2839 4248 tamen
2875 4209 2904 4248 a
2935 4193 3133 4248 mundo
3160 4207 3257 4263 per
3285 4192 3516 4262 culpam.
3582 4191 3835 4258 Quoniam

2261 4277 2402 4341 sicut
2436 4283 2629 4339 Petrus
2652 4285 3001 4339 veracissime
3026 4291 3255 4338 testatur
3295 4297 3309 4336 :
3356 4300 3375 4334 ι
3419 4282 3714 4336 Peccatum
3745 4297 3837 4336 non

2264 4375 2410 4438 fecit,
2442 4389 2539 4429 nec
2562 4376 2814 4430 inventus
2834 4383 2916 4428 est
2939 4373 3094 4428 dolus
3118 4374 3288 4428 inore
3308 4373 3424 4443 ejus
3452 4371 3505 4443 (I
3534 4371 3686 4426 Petr.
3714 4375 3793 4438 ιι).
3819 4390 3833 4421 ι

2267 4469 2372 4524 Sed
2404 4469 2544 4522 forte
2572 4467 2761 4536 quaerit
2785 4466 3013 4536 aliquis,
3052 4480 3222 4535 quare
3249 4464 3509 4519 Dominus
3561 4463 3841 4533 discipulos

2265 4558 2501 4627 primum
2529 4572 2559 4610 a
2582 4555 2798 4610 Galilaza
2828 4555 3026 4625 eligere
3050 4554 3235 4618 voluit,
3265 4562 3318 4608 et
3343 4568 3448 4607 non
3475 4568 3505 4606 a
3530 4552 3742 4616 Judaaa,
3773 4552 3840 4606 vel

2267 4649 2476 4704 caeteris
2527 4647 2865 4718 regionibus,
2907 4662 3028 4716 quae
3056 4645 3345 4700 nobiliores
3371 4645 3729 4714 putabantur.
3774 4642 3842 4696 Ad

2268 4741 2429 4811 quod,
2453 4741 2543 4808 qui
2565 4739 2811 4794 curiosus
2830 4747 2933 4802 est,
2957 4741 3278 4807 respondere
3304 4745 3496 4808 potest,
3513 4737 3645 4806 quia
3673 4750 3843 4806 quam-

2268 4833 2352 4886 vis
2381 4831 2609 4902 gloriosa
2639 4830 2849 4886 Domini
2883 4830 3136 4883 nativitas
3179 4829 3328 4898 prius
3365 4829 3417 4883 in
3452 4829 3642 4883 Judaaa
3674 4830 3750 4883 sit
3775 4842 3842 4880 οε-

2270 4924 2493 4990 lebrata,
2527 4932 2704 4977 tamen
2733 4921 2849 4991 ejus
2878 4930 3064 4976 sancta
3089 4922 3370 4991 conceptio
3399 4923 3638 4991 primum
3672 4922 3731 4976 in
3756 4919 3844 4974 Ga-

2272 5015 2406 5069 lilzea
2439 5015 2506 5069 ab
2537 5015 2725 5085 angelo
2754 5013 2947 5083 virgini
2995 5021 3077 5067 est
3119 5014 3461 5077 annuntiata,
3490 5013 3640 5067 Luca
3698 5029 3843 5068 evan-

2274 5109 2462 5178 gelista
2487 5115 2641 5168 teste,
2673 5106 2764 5175 qui
2796 5107 2872 5158 ait
2903 5123 2915 5158 :
2951 5105 3150 5158 Eodem
3194 5114 3434 5174 tempore
3468 5123 3485 5154 σ
3526 5105 3736 5158 missus
3777 5110 3843 5157 est

2274 5199 2488 5254 Gabriel
2516 5198 2736 5268 angelus
2762 5213 2792 5250 a
2821 5199 2928 5251 Deo
2956 5198 3008 5251 in
3041 5197 3314 5252 civitatem
3344 5196 3600 5260 Galilzeae,
3636 5197 3730 5250 cui
3760 5209 3843 5248 uo-

2277 5303 2398 5344 mcn
2426 5289 2711 5351 Nazareth,
2728 5287 2793 5341 ad
2817 5288 3075 5358 virginem
3097 5287 3477 5356 desponsatam
3497 5286 3640 5350 viro,
3657 5286 3748 5340 cui
3773 5301 3847 5336 no-

2276 5397 2399 5437 men
2427 5389 2544 5435 erat
2571 5379 2768 5448 Ioseph
2795 5377 2946 5447 (Luc.
2973 5378 3033 5449 ι).
3072 5397 3088 5428 ›
3126 5378 3190 5430 Ει
3211 5387 3329 5446 post
3352 5375 3605 5446 pusillum
3630 5373 3844 5446 adjecit:

2281 5491 2299 5523 ι
2328 5471 2404 5525 Ne
2422 5471 2636 5530 timeas,
2662 5467 2852 5530 Maria,
2870 5467 3118 5521 invenisti
3137 5466 3364 5536 gratiam
3381 5465 3522 5533 apud
3544 5464 3848 5520 Dominum,

2275 5577 2400 5616 ecce
2421 5559 2694 5628 eoneipies
2717 5567 2771 5612 et
2796 5558 2972 5628 paries
3001 5556 3164 5610 filium
3181 5557 3198 5624 (
3214 5554 3400 5625 Ibid.).
3423 5575 3441 5605 ι
3467 5555 3702 5624 Dignum
3716 5552 3848 5608 enim

2273 5662 2410 5717 erat,
2434 5660 2493 5707 ut
2518 5651 2605 5704 ubi
2636 5659 2794 5721 caput
2814 5649 3067 5704 nascendi
3089 5657 3398 5718 sumpserat
3414 5647 3724 5709 exordium,
3739 5642 3851 5699 inde

2276 5745 2514 5801 membra
2532 5745 2721 5800 horum
2736 5744 3040 5812 acciperent
3056 5743 3442 5798 incrementum
3463 5758 3474 5793 :
3492 5749 3545 5794 et
3561 5740 3653 5796 ubi
3681 5747 3848 5794 ortum
