4002 6348
172 392 283 448 749

1397 382 1704 441 HOMthE
1744 381 1833 436 DE
1872 380 2181 438 SANCTfS.

3338 377 3442 431 750

167 493 1765 579 primumsoljustititedederatJndestellmtulgentesmundo
1792 495 1840 555 Α
1865 492 2011 548 enim
2052 507 2149 547 vos
2184 490 2380 546 fratres
2424 491 2557 546 estis
2609 490 2823 558 (Matth.
2872 490 3051 560 xxut).
3080 508 3098 540 ι
3141 487 3249 544 Hos
3297 491 3441 546 enim

170 600 501 666 apparerent
531 608 546 646 :
574 598 630 647 et
658 589 749 645 ubi
773 589 926 659 virgo
953 587 1199 643 audierat
1223 606 1235 641 :
1267 605 1287 638 ι
1317 584 1464 643 Ecce'
1490 586 1761 656 coneipies
1859 582 2131 653 spiritales
2161 580 2359 637 fratres
2387 580 2753 637 admirabatur
2787 580 3077 652 Propheta,
3126 596 3249 636 cum
3294 580 3445 637 dice-

174 682 331 755 (Luc.
362 682 426 755 ι),
452 701 471 734 ι
501 682 574 737 ibi
600 681 896 751 piscatores
918 679 1199 734 audirent:
1227 696 1246 731 ι
1266 677 1459 734 Venite
1476 685 1598 747 post
1611 690 1714 731 me.
1736 693 1759 726 ι
1862 676 1958 731 bat
1986 688 2000 728 :
2031 694 2049 726 ι
2078 673 2218 730 Ecce
2259 688 2420 743 quam
2454 673 2653 728 bonum
2682 679 2737 728 et
2765 687 2924 744 quam
2947 672 3264 743 jucundum,
3295 671 3447 726 babi-

178 774 314 830 Sive
356 773 478 829 ideo
515 787 547 826 a
586 770 804 827 Galilaaa
840 769 1099 826 Dominus
1124 769 1413 840 discipulos
1438 769 1638 840 eligere
1672 780 1766 821 vo-

174 865 304 929 luit,
331 864 458 934 quia
482 877 580 932 per
601 862 856 916 virtutem
881 860 1262 915 miraculorum
1283 898 1298 925 ,
1329 874 1429 931 per
1458 858 1768 913 manifesta-

177 954 383 1008 tionem
414 966 600 1017 suam,
631 951 863 1021 primum
911 950 965 1004 in
1008 948 1226 1004 Galilzea
1272 948 1470 1003 mundo
1515 947 1765 1002 innotuit.

175 1043 425 1098 Primum
461 1043 609 1097 enim
651 1039 965 1096 miraculum
1013 1040 1067 1094 in
1111 1039 1258 1096 Cana
1301 1039 1535 1094 Galilzeze
1577 1037 1771 1093 fecisse

177 1133 403 1205 legitur,
430 1132 646 1202 quando
671 1146 738 1186 ex
762 1146 901 1201 aqua
931 1131 1116 1186 vinum
1143 1130 1275 1186 fecit
1300 1148 1320 1181 ‹
1340 1139 1393 1185 et
1408 1129 1773 1184 manifestavit

176 1225 409 1296 gloriam
456 1236 632 1287 suam,
673 1229 731 1276 et
770 1221 1122 1277 crediderunt
1153 1222 1204 1275 in
1232 1237 1355 1276 eum
1385 1220 1630 1290 discipuli
1656 1219 1774 1289 ejus

180 1319 367 1391 (Joan.
412 1316 494 1386 ιι).
528 1335 547 1368 ι
588 1316 654 1370 Et
679 1314 871 1370 Petrus
902 1331 915 1365 :
957 1331 975 1364 ι
1010 1314 1118 1368 Vos
1153 1312 1304 1367 scitis
1342 1311 1595 1374 verbum,
1630 1307 1772 1377 quod

181 1408 388 1463 factum
416 1416 521 1469 est
562 1407 616 1461 in
668 1406 975 1460 universam
1002 1403 1263 1468 Judazam,
1294 1410 1418 1472 post
1448 1399 1774 1470 baptismum

180 1498 328 1568 quod
354 1497 666 1569 praedicavit
697 1495 956 1559 Joannes,
1003 1492 1186 1549 Jesum
1231 1509 1261 1546 a
1307 1493 1598 1557 Nazaretli,
1647 1490 1776 1546 inci-

178 1589 339 1659 piens
378 1603 408 1640 a
452 1584 672 1642 Galiltea
701 1586 839 1655 (Act.
889 1585 963 1656 χ).
1001 1604 1020 1635 ι
1073 1584 1180 1639 Nos
1208 1592 1387 1638 autem
1418 1582 1645 1637 dicimus
1667 1581 1777 1651 pri-

186 1692 339 1731 mum
366 1675 657 1745 discipulos
685 1692 716 1730 a
752 1674 975 1730 Galilma
1010 1674 1208 1746 eligere
1244 1674 1510 1739 voluisse,
1557 1683 1777 1742 propter

186 1775 589 1823 sacramentum
615 1766 784 1836 ipsius
812 1765 1061 1820 nominis.
1106 1764 1323 1820 Galilaaa
1355 1779 1587 1833 namque
1607 1773 1778 1817 tram-

1866 777 1986 823 tare
2024 765 2225 821 fratres
2266 765 2318 819 in
2365 778 2530 818 unum
2580 761 2752 829 (Paul.
2805 764 3034 835 cxxxn).
3064 782 3083 815 ι
3140 763 3446 818 Notandum

1867 868 2045 914 autem
2071 899 2085 925 ,
2116 857 2256 928 quod
2283 857 2416 912 duos
2446 855 2642 911 fratres
2668 855 2850 926 elegit,
2896 864 2956 909 ut
2993 871 3098 912 non
3140 858 3451 911 ostenderet

1869 950 1994 1020 quia
2031 964 2158 1005 suos
2194 947 2485 1018 discipulos
2524 948 2791 1018 geminam
2825 947 2943 1001 vult
2979 948 3179 1013 habere
3208 947 3450 1003 Charita-

1873 1050 2001 1104 tem,
2034 1039 2371 1095 dilectionem
2401 1037 2610 1094 scilicet
2639 1036 2732 1091 Dei
2755 1047 2808 1092 et
2832 1038 3087 1107 proximi.
3136 1057 3155 1091 ι
3184 1038 3278 1093 Va:
3305 1037 3450 1092 enim

1871 1133 1991 1196 soli,
2022 1152 2040 1184 ι
2076 1132 2154 1186 ait
2198 1130 2499 1201 Scriptura,
2536 1148 2554 1180 ‹
2584 1129 2710 1199 quia
2736 1144 2858 1183 cum
2887 1130 3168 1196 ceciderit,
3200 1146 3308 1187 non
3353 1134 3455 1188 lia-

1871 1224 1964 1278 bet
1984 1222 2355 1278 sublevantem
2384 1219 2579 1290 (Eccle.
2611 1220 2706 1289 ιι).
2740 1237 2759 1271 ι
2814 1217 2978 1286 Cujus
3032 1220 3107 1274 rei
3139 1223 3312 1292 gratia
3342 1223 3453 1279 Do-

1874 1315 2054 1369 minus
2103 1313 2259 1369 binos
2297 1310 2493 1381 elegit;
2533 1309 2690 1364 binos
2728 1310 2796 1363 ad
2830 1309 3227 1379 praedicandum
3268 1320 3458 1381 postea

1874 1407 2040 1470 misit,
2075 1413 2135 1460 ut
2167 1405 2477 1460 ostenderet
2514 1403 2638 1472 quia
2662 1401 3060 1472 praedicationis
3088 1401 3317 1458 oliicium
3350 1420 3459 1461 non

1879 1498 2035 1553 debet
2062 1496 2334 1566 suscipere
2352 1536 2367 1560 ,
2395 1496 2496 1550 nisi
2528 1495 2620 1564 qui
2647 1494 2987 1551 dilectionem
3013 1496 3106 1550 Dei
3135 1505 3190 1551 et
3228 1497 3459 1567 proximi

1878 1587 2041 1642 habet
2084 1587 2137 1641 in
2185 1595 2422 1657 pectore.
2481 1585 2578 1641 Vel
2620 1594 2769 1640 certe
2798 1586 2954 1641 binos
2981 1586 3141 1658 elegit
3170 1588 3237 1642 ad
3263 1588 3463 1644 contir-

1879 1681 2133 1734 mandam
2165 1679 2559 1744 auctoritatem,
2601 1678 2691 1748 qui
2734 1677 2963 1747 duorum
2988 1678 3461 1736 Testamentorum

1881 1770 2133 1825 doctores
2164 1769 2385 1834 tierent,
2416 1776 2475 1823 ut
2500 1768 2812 1839 impleretur
2841 1770 2893 1824 in
2920 1768 2997 1825 cis
3025 1771 3168 1841 quod
3196 1771 3308 1843 ipse
3335 1770 3464 1826 alibi

186 1860 434 1930 migratio
461 1859 604 1928 facta
629 1858 741 1912 sive
767 1856 1010 1911 revelatio
1040 1865 1334 1926 perpetrata
1357 1856 1772 1924 interpretatur.
1803 1856 1849 1915 Β
1877 1863 1954 1917 ait
1979 1880 1990 1916 :
2023 1881 2041 1913 ‹
2073 1862 2260 1918 Omnis
2288 1862 2464 1917 scriba
2492 1863 2681 1917 doctus
2712 1863 2767 1917 in
2805 1879 2972 1931 regno
2999 1863 3282 1930 cmlorum,
3312 1865 3467 1920 simi-

185 1959 249 2006 et
300 1966 421 2005 cum
470 1949 727 2004 Dominus
775 1947 1064 2017 discipulos
1112 1962 1143 2000 a
1199 1946 1417 2001 Galilzea
1459 1945 1640 2016 elegit,
1680 1960 1782 2000 nos

191 2041 470 2105 instruxit,
495 2048 555 2093 ut
580 2040 624 2094 si
650 2037 767 2106 ejus
797 2037 1134 2109 discipulatui
1187 2038 1465 2092 adhaerere
1509 2037 1781 2101 volumus,

188 2128 427 2199 primum
476 2127 676 2181 divitiis
716 2127 785 2180 ad
825 2126 1052 2179 virtutes
1090 2124 1477 2195 transmigrare
1504 2125 1780 2190 debemus,

191 2227 252 2274 et
293 2219 360 2273 de
390 2216 577 2272 mundi
607 2230 794 2271 amore
817 2216 885 2270 ad
915 2229 1155 2270 amorem
1200 2215 1321 2280 Dei,
1372 2216 1613 2270 dicentes
1658 2230 1783 2271 cum

189 2310 464 2379 Propheta
497 2326 511 2362 :
549 2327 566 2359 ι
597 2307 863 2375 Quoniam
911 2308 1134 2362 advena:
1181 2315 1236 2361 et
1278 2308 1550 2378 peregrini
1599 2321 1785 2362 sumus

184 2404 339 2473 apud
375 2413 448 2467 te,
474 2403 614 2458 sicut
638 2415 827 2456 omnes
854 2408 1039 2469 patres
1064 2398 1230 2453 nostri
1267 2396 1440 2469 (Psal.
1470 2396 1728 2468 xxxviii),
1761 2415 1779 2449 ι

195 2503 258 2549 ιιι
298 2494 351 2547 in
380 2491 632 2558 Galilaea,
666 2491 719 2546 id
749 2498 833 2545 est
875 2489 929 2543 in
978 2486 1307 2542 revelatione
1349 2496 1550 2541 aeterna
1592 2484 1787 2541 faciem

197 2584 411 2639 Domini
465 2582 930 2651 contemplantes,
983 2579 1227 2634 dicamus
1287 2593 1410 2633 cum
1459 2577 1717 2648 Apostolo
1765 2595 1780 2631 :

198 2696 223 2722 ν
252 2675 360 2731 Nos
390 2686 571 2731 autem
601 2674 837 2731 revelata
868 2672 1004 2728 facie
1035 2671 1261 2743 gloriam
1285 2671 1494 2726 Domini
1538 2681 1788 2727 contem-

199 2765 411 2837 plantes
437 2805 453 2830 ,
500 2764 956 2820 transformamur
995 2776 1033 2815 ιι
1078 2761 1322 2816 claritate
1360 2761 1413 2816 in
1464 2745 1786 2826 claritatem,

194 2864 457 2924 tanquam
506 2869 539 2907 a
581 2853 771 2923 spiritu
819 2850 929 2909 Dei.
963 2847 982 2921 ί
991 2849 1050 2903 11
1086 2848 1209 2905 Cor.
1262 2851 1367 2921 nt).
1399 2869 1425 2901 γ
1505 2846 1509 2855 ’

270 2963 295 2995 ι
318 2942 468 2997 Vidit
485 2942 619 2997 duos
643 2940 861 3006 fratres,
886 2939 1184 3004 Simonem,
1213 2942 1304 3010 qui
1328 2948 1553 2995 vocatur
1573 2941 1788 3008 Petrus,

203 3052 224 3085 ι
259 3040 315 3088 et
356 3032 628 3087 Andream
674 3030 898 3085 fratrem
941 3028 1077 3098 ejus,
1126 3030 1405 3105 mittentes
1442 3033 1577 3087 retia
1604 3048 1702 3087 sua
1732 3034 1790 3087 in

198 3144 225 3178 ι
258 3139 430 3190 mare,
482 3134 538 3179 et
578 3124 796 3180 vocavit
846 3137 957 3178 eos.
989 3142 1011 3175 ι
1076 3121 1273 3177 Videre
1308 3121 1427 3187 Dei,
1458 3122 1654 3191 eligere
1688 3130 1790 3187 est,

1881 1953 1946 2008 lis
1995 1961 2080 2008 est
2119 1953 2513 2023 patrifamilias,
2556 1953 2646 2023 qui
2701 1953 2906 2025 profert
2951 1957 3016 2011 de
3066 1956 3320 2012 thesauro
3366 1974 3465 2014 suo

1882 2058 2017 2097 nova
2065 2051 2121 2097 et
2172 2053 2356 2098 vetera
2397 2042 2614 2114 (Matth.
2663 2044 2804 2115 xui).
2833 2064 2851 2095 r
2917 2062 2937 2096 ι
2966 2044 3136 2100 Erant
3187 2046 3334 2101 enim
3376 2047 3463 2116 pi-

1883 2147 2141 2190 scatores.
2170 2154 2188 2186 ›
2244 2132 2556 2190 Piscatores
2581 2143 2636 2191 et
2659 2134 2917 2191 illitterati
2950 2152 2979 2190 a
3010 2138 3238 2193 Domino
3256 2137 3467 2210 eligun-

1886 2233 1995 2290 tur,
2019 2240 2086 2279 ne
2114 2222 2247 2279 ﬁdes
2273 2224 2625 2290 credentium,
2656 2240 2776 2295 qua:
2801 2240 2897 2296 per
2926 2241 3113 2281 eorum
3161 2227 3463 2282 doctrinam

1884 2321 1940 2368 et
1990 2312 2429 2383 praedicationem
2476 2312 2791 2369 instruenda
2844 2323 3001 2381 erat,
3053 2316 3107 2369 in
3158 2314 3467 2387 eloquentia

1885 2404 2195 2468 verborum,
2227 2412 2412 2459 etnon
2442 2404 2495 2458 in
2516 2404 2717 2474 virtute
2748 2402 2842 2459 Dei
2867 2406 2982 2461 lieri
3014 2414 3317 2476 putaretur.
3356 2405 3468 2462 Ma-

1887 2495 2056 2567 gister
2110 2493 2470 2560 humilitatis,
2520 2493 2612 2564 qui
2662 2495 2885 2550 veniens
2936 2496 2988 2551 in
3042 2498 3296 2552 mundum
3344 2498 3464 2553 ait:

1893 2603 1912 2637 ι
1941 2584 2141 2640 Discite
2170 2599 2200 2638 a
2227 2599 2314 2640 me
2341 2584 2466 2654 quia
2510 2584 2656 2639 mitis
2685 2600 2803 2639 sum
2835 2593 2889 2640 et
2916 2585 3138 2642 humilis
3182 2587 3366 2652 corde,
3416 2598 3473 2645 et

1890 2673 2173 2729 invenietis
2205 2675 2444 2743 requiem
2475 2675 2758 2731 animabus
2798 2677 2995 2733 vestris
3042 2676 3258 2749 (Matth.
3315 2677 3414 2747 ιι),
3447 2698 3466 2729 ι

1890 2763 2209 2819 humilitatis
2252 2763 2590 2835 exemplum,
2634 2768 2777 2835 quod
2828 2766 2881 2821 in
2926 2768 3174 2824 omnibus
3217 2770 3474 2840 operibus

1890 2855 2003 2910 suis
2055 2856 2401 2921 ostenderet,
2451 2856 2610 2910 etiam
2663 2856 2717 2910 in
2767 2858 3050 2913 vocatione
3109 2860 3474 2930 apostolorum

1891 2961 2109 3002 servare
2149 2946 2338 3004 voluit.
2383 2945 2500 3006 Non
2544 2947 2687 3002 enim
2716 2947 2876 3019 elegit
2903 2960 3131 3006 matrem
3160 2953 3476 3023 potentissi-

1892 3053 2059 3104 mam,
2087 3038 2182 3094 sed
2209 3046 2472 3108 quantum
2500 3038 2901 3094 sanctissimam
2920 3079 2935 3104 ,
2963 3048 3171 3095 tantum
3197 3043 3481 3113 pauperri-

1896 3144 2067 3195 mam,
2094 3130 2145 3183 in
2164 3136 2374 3183 tantum
2400 3138 2460 3182 ut
2493 3143 2599 3182 non
2637 3128 2905 3182 inveniret
2929 3145 3147 3200 agnum,
3177 3146 3335 3201 quem
3378 3147 3479 3202 pro

194 3217 343 3272 sicut
382 3215 616 3281 nescire,
672 3213 986 3284 reprobare.
1044 3211 1197 3267 Sicut
1240 3213 1384 3266 enim
1433 3212 1554 3268 itios
1590 3214 1784 3279 nescit,
1813 3207 1859 3269 C
1889 3214 2027 3269 Filio
2045 3214 2286 3271 offerret.
2314 3215 2426 3271 Nec
2458 3223 2617 3269 natus
2644 3223 2729 3270 est
2773 3216 2828 3269 in
2856 3217 3105 3274 domibus
3134 3220 3370 3275 cedrinis
3403 3221 3482 3274 la-

194 3322 339 3378 quos
368 3307 639 3376 reprobat,
669 3304 812 3359 unde
841 3304 896 3357 in
927 3301 1090 3356 linem
1112 3301 1359 3370 reprobis
1392 3303 1633 3358 dicturus
1660 3312 1743 3358 est
1768 3321 1784 3356 :
1891 3306 2102 3375 queatis
2126 3317 2181 3361 et
2208 3307 2363 3361 vario
2388 3308 2615 3377 picturae
2641 3308 2821 3365 colore
2855 3311 3155 3377 decoratis,
3188 3312 3283 3366 sed
3314 3311 3481 3366 recli—

204 3416 227 3451 ι
252 3396 448 3454 Nescio
475 3411 572 3452 vos
612 3395 755 3450 unde
797 3393 920 3448 sitis
964 3391 1180 3463 (Matth.
1229 3390 1398 3462 xxv):
1433 3410 1452 3443 ι
1477 3392 1558 3447 sic
1605 3392 1789 3448 videre
1890 3402 2051 3450 natus
2086 3405 2172 3451 est
2214 3397 2268 3450 in
2308 3398 2592 3467 prtesepio,
2617 3401 2741 3471 quia
2770 3418 2877 3458 non
2901 3410 3021 3457 erat
3055 3402 3103 3456 ei
3135 3402 3290 3456 locus
3320 3402 3374 3455 in
3396 3398 3515 3456 di?

198 3502 300 3544 eos
335 3487 552 3549 dicitur,
586 3500 723 3555 quos
766 3484 822 3538 in
861 3490 1066 3538 :elerna
1118 3481 1405 3550 praesentia
1440 3481 1793 3552 elegit,.sicut
1890 3486 2153 3541 versorio.
2172 3485 2357 3557 Neque
2377 3486 2648 3544 involutus
2673 3498 2757 3545 est
2779 3493 3017 3547 vestibus
3037 3492 3485 3562 purpureis,auro

193 3577 417 3634 cuidam
465 3576 669 3632 dictum
712 3582 840 3629 est:
879 3571 1054 3627 «Cum
1098 3585 1251 3626 esses
1297 3570 1398 3627 sub
1437 3571 1563 3639 ﬁcu,
1600 3574 1709 3629 vidi
1740 3582 1791 3629 te
1893 3585 1948 3632 et
1973 3578 2280 3647 margaritis
2333 3579 2843 3649 resplendentibus:
2896 3583 2990 3639 sed
3037 3583 3177 3638 sicut
3222 3581 3486 3654 scriptum

200 3673 392 3745 (Joan.
445 3671 530 3744 ιι).
560 3689 579 3723 ι
631 3671 779 3727 Vidit
836 3685 967 3742 ergo
1018 3669 1278 3726 Dominus
1322 3667 1543 3723 Petrum
1587 3676 1642 3723 et
1678 3665 1794 3720 An—
1892 3675 2018 3722 est:
2053 3686 2076 3719 ι
2103 3666 2305 3723 Pannis
2332 3682 2456 3723 eum
2517 3670 2740 3725 involvit
2779 3670 2929 3743 (Luc.
2972 3671 3055 3743 ιι).
3096 3692 3114 3724 ι
3158 3670 3309 3729 Hanc
3356 3687 3486 3743 ergo

202 3765 415 3828 dream,
465 3777 603 3833 quos
648 3776 746 3831 per
794 3761 1213 3831 praevenientem
1261 3758 1493 3829 gratiam
1544 3757 1598 3811 in
1649 3764 1794 3812 sorte
1895 3758 2279 3825 humilitatem,
2306 3775 2468 3830 quam
2490 3759 2543 3815 in
2565 3761 2651 3816 his
2673 3770 2728 3817 et
2749 3762 2833 3817 his
2854 3762 3126 3820 similibus
3153 3773 3485 3828 servaverat,

200 3851 539 3924 apostolatus
583 3851 773 3921 dignos
807 3850 986 3921 elegit.
1047 3849 1153 3905 Sed
1184 3865 1286 3905 nec
1314 3849 1444 3904 illud
1472 3848 1796 3920 praetermit-
1897 3848 1953 3902 in
1979 3848 2261 3904 vocatione
2298 3850 2545 3913 duorum,
2581 3865 2686 3906 non
2715 3850 2977 3918 deseruit,
3014 3852 3140 3922 quia
3189 3868 3296 3907 non
3329 3851 3491 3924 elegit

202 3949 430 4006 tendum
464 3955 568 4013 est,
595 3948 738 4018 quod
773 3947 827 4001 in
869 3947 1044 4017 prima
1096 3961 1192 4001 sua
1234 3946 1518 4001 vocatione
1551 3942 1797 3999 carnales
1895 3945 2143 4008 potentes
2171 3938 2255 3993 vel
2275 3938 2413 3995 ﬁlios
2442 3956 2652 4012 regum,
2678 3957 2784 3997 non
2803 3942 3152 4014 philosophos
3173 3944 3258 3999 vel
3277 3943 3495 4015 sapien-

198 4042 409 4096 fratres
432 4038 612 4110 elegit.
663 4038 856 4093 Petrus
883 4036 1028 4092 enim
1060 4044 1117 4091 et
1152 4035 1399 4090 Andreas
1423 4034 1623 4089 fratres
1641 4040 1800 4087 erant
1890 4037 1982 4082 tes
2009 4028 2215 4094 mundi,
2255 4031 2347 4085 sed
2371 4045 2638 4101 pauperes
2666 4033 2961 4102 simplices,
2990 4033 3080 4104 qui
3116 4034 3492 4104 quotidianum

204 4148 319 4190 non
366 4131 542 4187 solum
587 4131 797 4201 spiritu,
830 4131 925 4186 sed
952 4129 1118 4185 etiam
1146 4143 1309 4185 carne
1346 4128 1612 4200 germani.
1660 4126 1798 4183 Cum
1898 4119 2103 4175 victum
2131 4127 2246 4176 arte
2270 4120 2515 4190 piscandi
2546 4132 2874 4193 quaererent,
2916 4139 3014 4194 per
3053 4140 3282 4196 quorum
3314 4134 3495 4181 tamen

196 4240 342 4297 ergo
366 4225 547 4280 carnis
576 4223 773 4279 fratres
800 4222 990 4293 elegit,
1017 4222 1277 4287 ostendit,
1306 4221 1401 4291 qui
1423 4219 1540 4289 ejus
1565 4218 1800 4290 discipu-
1901 4212 2206 4268 doctrinam
2255 4221 2311 4268 et
2371 4215 2810 4284 przedicationem
2890 4226 3137 4289 potentes
3207 4219 3391 4273 mundi
3440 4226 3497 4273 et

202 4315 343 4371 latui
385 4314 632 4370 volumus
672 4313 972 4378 adhaerere,
1025 4310 1225 4366 fratres
1253 4325 1374 4367 esse
1404 4311 1665 4366 debemus
1690 4324 1799 4364 non
1902 4304 2174 4374 sapientes
2202 4304 2268 4360 ad
2293 4320 2449 4360 suam
2472 4306 2633 4363 ﬁdem
2657 4305 2889 4375 vocavit,
2922 4310 3048 4379 quia
3091 4309 3232 4365 sicut
3265 4309 3496 4380 Aposto-

198 4421 406 4471 carne,
435 4406 529 4461 sed
560 4404 799 4475 spiritu:
837 4418 946 4459 non
992 4402 1329 4473 genealogia,
1368 4403 1462 4458 sed
1512 4402 1797 4457 charitate.
1903 4390 1988 4445 lus
2036 4391 2113 4446 ait
2162 4409 2177 4446 ε
2236 4410 2256 4444 ι
2283 4392 2513 4450 Mundus
2565 4411 2671 4450 non
2718 4397 2970 4467 cognovit
3018 4412 3119 4467 per
3177 4397 3497 4467 sapientiam

206 4497 415 4553 Omnes
478 4510 695 4566 quoque
742 4494 835 4565 qui
888 4493 942 4547 in
993 4492 1211 4547 Christo
1244 4491 1546 4562 regenerati
1593 4504 1799 4557 sumus,
1826 4555 1874 4566 “
1905 4482 2096 4549 Deum,
2126 4484 2458 4554 placuitDeo
2477 4502 2575 4558 per
2597 4487 2879 4544 stultitiam
2896 4488 3296 4558 praedicationis
3317 4487 3497 4543 salvos

204 4602 378 4642 unum
420 4555 637 4641 Patrem
681 4555 947 4640 habemus
975 4583 1162 4646 Deum,
1204 4555 1560 4651 cuiquotidie
1586 4581 1639 4635 in
1669 4555 1797 4636 ora;
1826 4555 1880 4616 D
1908 4573 2089 4629 facere
2129 4575 2415 4632 credentes
2463 4555 2518 4649 (⁷1
2568 4577 2691 4632 Cor.
2743 4579 2806 4650 t).
2838 4599 2857 4632 ι
2899 4555 2978 4634 Ἐι
3024 4580 3267 4634 iterum:
3304 4598 3324 4632 ι
3360 4579 3496 4634 Nam

204 4676 362 4730 tione
386 4675 645 4730 dicimus:
667 4692 685 4725 ι
705 4673 869 4727 Pater
893 4680 1100 4735 noster,
1124 4671 1215 4740 qui
1238 4686 1298 4726 es
1319 4670 1371 4724 in
1402 4670 1555 4726 ccelis
1570 4668 1794 4742 (Matth.

190 4748 312 4837 an),
346 4783 367 4816 ι
406 4765 471 4820 de
506 4779 615 4835 quo
661 4763 776 4833 ipse
821 4763 898 4818 ait
946 4762 1001 4817 in
1048 4760 1381 4832 Evangelio:
1416 4779 1435 4811 ι
1477 4761 1546 4815 Ει
1587 4771 1799 4832 patrem

208 4856 384 4913 nolite
412 4869 606 4910 vocare
641 4854 793 4909 vobis
836 4867 998 4923 super
1041 4861 1269 4918 terram,
1318 4868 1457 4907 unus
1509 4862 1591 4907 est
1637 4851 1800 4907 Pater

208 4955 397 5003 vester
429 4947 523 5017 qui
557 4947 612 5001 in
642 4945 794 5002 caelis
821 4953 908 4999 est
932 4942 1148 5016 (Matth.
1179 4941 1358 5014 χχιιι).
1394 4962 1413 4995 ι
1465 4941 1629 5012 Hujus
1661 4941 1802 4997 ﬁlios

209 5052 320 5094 nos
351 5050 472 5092 esse
497 5035 809 5107 gloriemur,
839 5033 1082 5089 dicentes
1122 5047 1246 5088 cum
1291 5032 1549 5101 Apostolo
1580 5051 1594 5086 :
1628 5049 1649 5083 ι
1676 5031 1800 5087 Filii

213 5128 314 5182 Dei
354 5142 557 5191 sumus,
599 5126 694 5182 sed
728 5124 966 5180 nondum
1015 5122 1266 5194 apparuit
1308 5123 1440 5192 quid
1495 5123 1700 5178 erimus
1747 5122 1801 5193 (ι

212 5220 380 5275 Joan.
430 5218 537 5290 ιιι).
568 5239 587 5272 ι
632 5217 802 5273 Mater
839 5231 970 5273 vero
996 5226 1181 5271 nostra
1208 5224 1395 5271 saneta
1426 5214 1669 5271 Ecclesia
1697 5223 1800 5280 est,

214 5325 340 5380 qua:
363 5324 462 5364 nos
487 5324 584 5378 per
605 5308 768 5363 iidem
800 5314 857 5363 et
881 5314 1281 5363 sacramentum
1312 5306 1653 5376 baptismatis
1675 5321 1805 5377 quo-

216 5401 353 5456 tidie
375 5400 690 5471 spiritaliter
716 5406 958 5470 generat.
1002 5396 1206 5463 Quibus
1218 5413 1355 5469 ergo
1374 5413 1515 5454 unus
1537 5408 1622 5455 est
1648 5399 1808 5456 Pater

214 5496 386 5563 Deus,
431 5504 489 5550 et
524 5511 633 5550 una
676 5503 852 5550 mater
898 5493 1161 5559 Ecclesia,
1215 5506 1556 5563 consequens
1598 5500 1703 5556 est,
1749 5500 1812 5547 ut

219 5585 422 5642 fratres
445 5586 579 5652 sint,
618 5585 672 5640 id
700 5593 786 5640 est
820 5592 880 5638 ut
926 5599 1093 5639 unum
1135 5582 1392 5647 sentiant,
1442 5582 1674 5653 idipsum
1723 5597 1810 5637 sa—

217 5676 391 5748 piant,
426 5664 544 5730 non
561 5675 873 5739 dissideant,
904 5689 1012 5727 non
1044 5672 1375 5737 discordent,
1412 5681 1473 5727 ut
1520 5673 1575 5727 in
1619 5687 1808 5729 eorum

221 5784 454 5827 numero
490 5778 870 5841 computentur
904 5766 1100 5839 quibus
1126 5763 1375 5821 Salvator
1409 5766 1486 5822 ait
1515 5784 1530 5823 :
1563 5785 1582 5820 ι
1610 5766 1810 5825 Omnes

1908 4677 2089 4718 sermo
2118 4672 2306 4720 noster
2327 4673 2382 4719 et
2408 4666 2721 4736 praedicatio
2767 4683 2874 4722 non
2912 4668 3011 4723 fuit
3038 4668 3093 4721 in
3123 4668 3374 4725 humanae
3404 4683 3495 4725 sa-

1908 4754 2129 4824 pientia:
2154 4755 2358 4821 verbis,
2388 4756 2482 4811 sed
2512 4756 2565 4811 in
2600 4757 2802 4812 virtute
2829 4757 2914 4830 (II
2947 4758 3070 4813 Cor.
3104 4759 3188 4831 ιι),
3222 4778 3241 4812 ι
3289 4769 3348 4814 ιιι
3386 4775 3494 4815 ηοιι

1910 4854 2205 4903 evacuetur
2240 4862 2374 4903 crux
2419 4847 2641 4904 Christi.
2677 4867 2697 4900 ι
2733 4848 2870 4917 Quia
2910 4866 3019 4907 non
3047 4850 3200 4906 multi
3225 4859 3494 4922 potentes.

1910 4952 2018 4992 non
2046 4937 2199 4993 inulti
2230 4938 2468 5003 nobiles,
2499 4938 2594 4994 sed
2618 4953 2737 5008 qua:
2764 4938 2925 4995 stulta
2954 4949 3079 4995 sunt
3110 4941 3298 4996 mundi
3339 4941 3501 5014 elegit

1912 5029 2076 5097 Deus,
2116 5039 2175 5086 ιιι
2199 5031 2493 5087 confundat
2517 5032 2677 5087 fortia
2704 5050 2718 5086 :
2744 5041 2799 5087 et
2832 5032 3150 5103 ignobiliora
3182 5042 3238 5089 et
3259 5046 3500 5090 contem-

1907 5121 2181 5193 ptibiliora
2219 5122 2406 5177 mundi
2449 5122 2628 5194 elegit,
2677 5130 2739 5178 ut
2784 5123 3078 5179 confundat
3114 5124 3502 5195 sapientes:et

1910 5229 1976 5269 ea
2003 5229 2123 5284 quae
2161 5229 2267 5270 non
2304 5223 2450 5280 sunt,
2477 5223 2536 5269 ιιι
2562 5230 2629 5270 ea
2651 5204 2772 5285 quae
2797 5224 2923 5271 sunt
2952 5215 3255 5272 destrueret
3290 5214 3343 5289 (I
3374 5213 3492 5270 Cor.

1910 5303 1976 5377 ι).
2007 5325 2027 5359 ο
2074 5304 2183 5361 Sed
2202 5305 2332 5376 quid
2369 5307 2437 5362 de
2474 5306 2667 5362 talibus
2695 5307 2951 5363 Dominus
2990 5307 3154 5372 dicat,
3180 5308 3486 5362 videamus:

1916 5416 1939 5449 ι
1970 5398 2038 5453 Ει
2071 5398 2149 5452 ait
2178 5397 2323 5453 illis:
2352 5396 2544 5454 Venite
2582 5405 2704 5469 post
2736 5414 2841 5454 me.
2879 5418 2898 5452 ι
2955 5399 3100 5456 Bene
3139 5399 3356 5469 quidem
3399 5397 3501 5452 Pe-

1914 5498 2059 5545 trum
2088 5499 2144 5546 et
2181 5491 2455 5546 Andream
2487 5491 2688 5547 vidisse
2718 5492 2934 5559 dicitur,
2966 5509 3031 5550 ac
3061 5491 3401 5562 postmodum
3431 5490 3501 5546 ad

1915 5581 2246 5651 sequendum
2285 5596 2542 5647 vocasse,
2586 5584 2712 5653 quia
2758 5598 2948 5640 omnes
2990 5582 3189 5639 electos
3233 5581 3384 5655 prius
3432 5595 3500 5636 ex

1918 5675 2128 5730 interna
2160 5676 2256 5732 Dei
2291 5678 2576 5751 praesentia
2604 5679 2674 5736 ad
2706 5678 3038 5752 sequendum
3070 5685 3248 5744 vocat,
3268 5676 3502 5749 (dicitur-

1917 5782 2023 5837 que
2048 5781 2162 5824 eis:
