4002 6348
562 326 658 382 751

1175 327 1525 384 llAYMONlS
1563 328 2039 385 HALBERSTAT.
2081 322 2503 386 EPISCfOPP.‘
2525 322 2803 387 PARS'II.
2845 361 2916 372 —
2953 325 3185 387 [105lle

3734 334 3846 390 752

632 469 654 501 ι
688 449 875 504 Venite
906 458 1025 529 post
1047 464 1148 502 me.
1183 469 1200 499 ι
1250 448 1389 516 Quid
1415 458 1497 504 est
1520 449 1720 514 dicere,
1753 467 1774 500 ι
1809 450 1999 504 Venite
2021 458 2142 521 post
2169 455 2217 513 Α
2247 449 2409 521 (Eph.
2439 467 2515 516 tv,
2540 451 2616 521 v),
2646 450 2878 520 qualiter
2904 452 3005 507 viri
3036 466 3163 521 erga
3192 449 3462 516 mulieres,
3493 459 3549 506 et
3580 452 3851 511 mulieres

548 556 679 604 me,
713 560 728 589 ι
777 539 879 592 nisi
924 553 1008 591 me
1058 538 1388 607 sequimini,
1439 539 1576 593 meis
1621 538 1905 609 praeceptis
1954 547 2009 592 et
2042 555 2148 593 non

555 633 756 688 vestris
792 629 1158 700 voluptatibus
1197 630 1459 685 ohedite?
1506 631 1585 687 ire
1623 631 1765 686 enim
1801 639 1922 702 post
1958 631 2134 685 Domi-

556 740 707 789 num,
744 729 833 777 est
862 718 978 790 ejus
1027 722 1249 794 vestigia
1298 722 1520 786 imitari,
1563 722 1703 777 sicut
1734 723 1848 792 ipse
1889 723 1966 776 ait
1994 738 2011 777 :
2039 742 2057 774 ί
2086 721 2143 777 Si

549 815 673 885 quis
694 812 807 868 vult
832 814 1014 868 venire
1041 824 1162 883 post
1184 829 1287 877 me,
1310 814 1539 883 abneget
1560 813 1905 882 semetipsum
1928 812 2141 883 (Matth.

556 905 690 975 xvi),
723 922 742 953 ι
786 911 893 957 etc.
947 902 1014 956 Et
1060 902 1255 957 iterum
1289 916 1303 954 :
1341 919 1359 951 ι
1389 902 1490 968 Qui
1540 917 1644 956 non
1687 900 1893 969 baiulat
1928 915 2140 956 crucem

550 1009 727 1058 suam,
758 1002 813 1049 et
841 992 989 1047 venit
1024 1002 1148 1063 post
1183 1008 1292 1057 me,
1342 1009 1448 1048 non
1498 1001 1581 1047 est
1618 1008 1703 1048 me
1748 992 1939 1064 dignus
1985 990 2137 1063 (Luc.

549 1086 682 1155 xlv).
718 1104 736 1135 ι
794 1083 946 1140 Unde
999 1084 1051 1138 in
1100 1084 1217 1155 lege
1268 1083 1622 1154 praecipitur:
1669 1083 1798 1138 Post
1852 1082 2137 1137 Dominum

550 1178 714 1235 Deum
748 1163 897 1231 tuum
937 1175 1257 1230 ambulabis.
1310 1174 1450 1242 Quid
1478 1182 1656 1229 autem
1694 1175 1746 1228 in
1782 1173 2137 1245 promissione

548 1266 713 1330 dicat,
756 1266 1057 1320 audiamus.
1113 1264 1205 1319 Ait
1242 1246 1425 1319 enim:
1465 1283 1482 1313 ε
1515 1264 1731 1319 Faciam
1780 1280 1876 1320 vos
1910 1264 2024 1318 ﬁeri
2056 1263 2138 1333 pi-

552 1375 574 1410 ι
600 1364 844 1411 scatores
868 1356 1168 1409 hominum.
1201 1375 1219 1406 ι
1247 1355 1361 1409 Νοη
1393 1354 1521 1409 dicit
1556 1354 1853 1423 piscatores
1880 1354 2132 1425 piscium,

547 1446 642 1503 sed
672 1448 973 1517 piscatores
1011 1446 1285 1502 hominum
1319 1463 1329 1497 :
1364 1459 1556 1499 nomen
1609 1445 1853 1506 mutavit,
1900 1443 2132 1497 oliicium

549 1554 654 1593 non
693 1537 933 1607 abstulit.
990 1534 1125 1589 Nam
1153 1542 1274 1605 post
1303 1533 1752 1588 resurrectionem
1784 1533 2010 1603 legimus
2037 1547 2131 1588 eos

548 1630 656 1686 isse
695 1630 977 1699 piscatum.
1032 1628 1099 1681 Et
1137 1642 1374 1697 congrue
1403 1627 1468 1681 de
1497 1626 2124 1696 piscatoribuspiscium,

2252 554 2382 610 erga
2410 540 2556 596 viros
2585 542 2845 599 deberent
2871 555 3027 596 esse:
3060 541 3395 611 qualiterque
3421 552 3680 612 parentes
3710 560 3845 616 erga

2242 627 2470 693 liberos,
2511 638 2568 685 et
2606 631 2699 687 lilii
2740 644 2867 700 erga
2916 630 3459 700 parentes:qualiter
3505 634 3679 691 servi,
3707 649 3845 704 erga

2248 719 2512 784 dominos,
2542 728 2600 775 et
2621 720 2823 775 domini
2851 735 2976 790 erga
3007 734 3213 775 servos.
3259 719 3502 787 Quarum
3528 722 3846 791 pulchritu-

2250 810 2431 866 dinem
2472 813 2937 868 tabernaculorum
2965 812 3337 867 admirabatur
3378 814 3671 883 propheta,
3714 829 3841 869 cum

2245 902 2488 957 dicebat:
2512 922 2529 953 ι
2551 902 2721 969 Quam
2753 903 2973 973 pulchra
3000 902 3364 968 tabernacula,
3377 903 3564 969 Iacob,
3581 914 3642 959 et
3659 916 3842 963 tento-

2241 992 2322 1045 ria
2362 1001 2491 1058 tua,
2539 1008 2573 1047 ο
2626 992 2794 1047 Israel
2841 990 3031 1063 (Num.
3093 994 3268 1064 utv).
3317 1014 3337 1046 ι
3394 994 3460 1048 Et
3502 994 3839 1049 Psalmista:

2244 1098 2265 1132 ι
2295 1083 2464 1149 Quam
2512 1082 2708 1138 dilecta
2754 1082 3251 1143 tabernaculatua.
3299 1083 3527 1140 Domine
3573 1084 3841 1139 virtutum

2238 1172 2411 1246 (Psal.
2451 1174 2699 1244 Lxxxtu),
2732 1193 2750 1226 ι
2796 1183 2902 1230 etc.
2942 1174 3155 1230 Domini
3181 1173 3483 1242 iussionem
3519 1175 3839 1231 obedientia

2247 1270 2430 1318 secuta
2454 1272 2540 1317 est
2560 1263 2946 1333 apostolorum.
2995 1262 3132 1319 Nam
3165 1265 3411 1335 sequitur
3439 1279 3455 1318 :

2224 1352 2228 1356 ‘
2310 1372 2327 1404 ι
2350 1354 2422 1407 At
2442 1353 2517 1408 illi
2533 1353 2789 1409 continuo
2805 1352 3005 1408 relictis
3031 1353 3236 1409 retibus
3256 1362 3310 1408 et
3335 1354 3485 1419 navi,
3509 1353 3689 1425 secuti
3709 1365 3836 1408 sunt

2240 1460 2259 1492 ι
2288 1441 2454 1496 illum.
2488 1462 2507 1494 ι
2539 1442 2595 1495 In
2618 1457 2846 1512 quorum
2867 1457 3029 1512 opere
3052 1450 3233 1498 nostra
3266 1443 3521 1512 superbia
3554 1442 3837 1496 contundi-

2234 1538 2341 1595 tur,
2381 1540 2566 1585 nostra
2609 1530 2805 1585 duritia
2836 1531 3194 1601 redarguitur,
3218 1531 3311 1602 qui
3342 1531 3589 1601 quotidie
3616 1529 3836 1601 ﬂagellis

2230 1622 2515 1675 atterimur
2538 1662 2555 1686 ,
2599 1630 2654 1675 et
2693 1622 2855 1677 minis
2894 1630 3165 1677 terremur
3189 1663 3203 1688 ,
3238 1622 3405 1694 signis
3448 1637 3832 1693 provocamur-

549 1721 844 1791 piscatores
865 1720 1139 1774 hominum
1155 1718 1331 1773 facere
1358 1706 1559 1772 voluit:
1586 1718 1711 1787 quia
1735 1718 1874 1772 sicut
1892 1716 2124 1773 oﬂicium
2228 1714 2677 1783 promissionibus
2715 1713 3060 1769 sublevamur
3086 1723 3141 1770 et
3169 1724 3349 1770 tamen
3376 1723 3671 1771 vocantem
3690 1714 3833 1785 sequi

548 1821 633 1866 est
674 1810 960 1882 piscatoris
1013 1823 1203 1862 navem
1248 1808 1562 1872 ascendere,
1600 1807 1733 1861 retia
1764 1806 2011 1861 manibus
2048 1814 2127 1859 te-
2154 1805 2201 1864 B
2228 1806 2640 1879 contemnimus.
2674 1805 2746 1859 At
2769 1820 2895 1859 vero
2922 1804 2999 1859 illi
3026 1820 3133 1860 non
3162 1805 3306 1861 hunc
3337 1805 3603 1860 miracula
3629 1804 3832 1859 facien-

549 1917 678 1957 nere
697 1942 711 1968 ,
743 1910 799 1957 et
825 1902 890 1956 de
914 1899 1194 1970 profundis
1218 1898 1518 1969 gurgitibus
1544 1898 1718 1967 pisces
1741 1897 1807 1951 ad
1837 1896 1987 1951 littus
2016 1904 2127 1950 tra-

548 1992 679 2046 here
709 2009 722 2045 :
756 1991 835 2046 sic
864 1990 951 2044 i5ti
981 1990 1033 2042 in
1066 1988 1271 2059 gremio
1302 1986 1550 2041 Ecclesia:
1574 1987 1808 2056 recepti,
1843 2000 2035 2041 navem
2065 1984 2128 2038 li-

549 2083 633 2138 dei
695 2081 1070 2145 ascendentes,
1124 2068 1257 2134 retia
1306 2078 1702 2149 prmdicationis
1754 2078 1807 2132 in
1859 2078 2025 2132 verbo
2079 2084 2133 2131 et

549 2188 713 2241 opere
743 2172 1023 2236 habentes,
1054 2171 1120 2224 de
1161 2169 1515 2224 amarissimis
1536 2178 1590 2224 et
1623 2168 1920 2224 tenebrosis
1948 2168 2132 2223 mundi

551 2262 868 2333 gurgitibus,
899 2260 1096 2315 multos
1132 2260 1375 2314 homines
1404 2258 1472 2314 ad
1510 2274 1691 2312 veram
1733 2258 1906 2314 lucem
1953 2267 2134 2312 traxe-

550 2362 700 2420 runt,
731 2369 850 2424 quae
884 2352 960 2407 ait
988 2371 1000 2406 :
1040 2372 1058 2404 ς
1088 2352 1198 2423 Ego
1234 2367 1353 2407 sum
1386 2351 1477 2405 lux
1518 2350 1721 2416 mundi,
1765 2350 1854 2420 qui
1890 2349 2137 2418 sequitur

550 2459 662 2510 me,
695 2461 799 2498 non
832 2442 1069 2497 ambulat
1107 2443 1159 2496 in
1197 2441 1432 2499 tenebris
1461 2440 1641 2512 (Joan.
1680 2440 1831 2512 vni),
1863 2461 1882 2493 ι
1921 2440 2138 2510 impleta

551 2536 836 2607 prophetia
877 2551 996 2604 qua:
1038 2534 1166 2590 dicit
1207 2552 1220 2587 :
1268 2552 1287 2585 ‹
1321 2532 1553 2603 Populus
1582 2533 1675 2603 qui
1704 2532 1945 2587 ambulat
1977 2532 2032 2587 in
2061 2540 2140 2587 te-

552 2628 738 2683 nebris
774 2627 910 2700 (Isa.
950 2628 1047 2699 ix),
1085 2647 1103 2679 ι
1150 2636 1256 2682 etc.
1303 2627 1437 2682 Vide
1485 2626 1704 2681 Petrum
1752 2626 2140 2697 Hierosolymis

553 2718 691 2772 retia
717 2718 771 2773 in
803 2718 1050 2773 manibus
1078 2724 1371 2783 tenentem,
1403 2726 1457 2772 et
1484 2717 1680 2772 multos
1718 2719 1893 2790 pisces
1930 2717 2142 2788 Spirita-

551 2807 684 2861 liter
732 2807 800 2863 de
844 2807 1123 2877 profundis
1168 2806 1467 2877 gurgitibus
1519 2806 1839 2875 capientem.
1893 2805 2142 2876 Legimus

554 2897 703 2952 enim
728 2897 793 2952 ad
820 2898 936 2966 ejus
961 2896 1400 2966 praedicationem
1439 2910 1547 2949 una
1575 2896 1661 2951 die
1690 2896 1925 2966 quinque
1953 2896 2139 2963 millia,

550 2987 731 3042 altera
769 2987 872 3041 tria
911 2987 1078 3041 millia
1107 2986 1383 3041 hominum
1411 2986 1722 3042 credidisse.
1756 2987 1890 3043 Vide
1924 2988 2141 3042 beatum

542 3079 847 3144 Andream,
873 3080 1024 3149 cujus
1045 3080 1201 3134 hodie
1222 3079 1571 3135 festivitatem
1593 3079 1839 3146 colimus,
1861 3080 1916 3134 in
1936 3080 2140 3135 Achaia

2230 1905 2339 1953 tem
2378 1898 2647 1963 viderant,
2674 1912 2781 1951 non
2809 1896 2926 1967 ejus
2952 1896 3402 1966 promissionibus
3426 1896 3701 1952 sublevati
3722 1896 3829 1950 fue-

2233 1996 2375 2051 rant,
2411 1996 2465 2042 et
2506 1995 2686 2041 tamen
2732 1986 2798 2040 ad
2826 1985 2986 2040 unius
3008 1986 3306 2056 iussionem
3338 1987 3553 2042 relictis
3592 1985 3832 2041 omnibus

2235 2080 2410 2136 secuti
2434 2089 2559 2134 sunt
2581 2079 2748 2133 illum.
2782 2077 3086 2149 Sequamur
3111 2093 3240 2150 ergo
3260 2087 3317 2134 et
3350 2094 3451 2134 nos
3482 2094 3605 2143 eos,
3629 2094 3759 2148 quos
3781 2078 3828 2132 in

2233 2171 2448 2227 Christo
2461 2178 2716 2241 patronos
2729 2171 2937 2225 habere
2952 2169 3269 2235 meruimus,
3296 2179 3352 2224 ut
3371 2186 3571 2226 eorum
3597 2168 3830 2239 exemplo

2234 2260 2441 2315 incitati
2460 2302 2474 2325 ,
2505 2259 2691 2316 saltem
2708 2266 2827 2329 post
2843 2260 3040 2313 multas
3051 2258 3444 2315 admonitiones
3457 2259 3829 2329 ememissio-

2237 2367 2335 2406 nes
2363 2359 2550 2420 sponte
2580 2350 2946 2420 relinquamus
2969 2349 3113 2418 quod
3133 2350 3374 2419 quotidie
3393 2351 3711 2405 amittimus
3738 2390 3753 2411 ,
3778 2359 3827 2405 ut

2238 2443 2523 2513 impleatur
2535 2443 2821 2512 promissio
2837 2442 3068 2507 Domini,
3088 2442 3350 2497 dicentis:
3374 2461 3393 2494 ι
3406 2441 3563 2497 Beati
3580 2457 3833 2513 pauperes

2237 2539 2450 2608 spiritu,
2465 2537 2717 2607 quoniam
2733 2538 2966 2607 ipsorum
2979 2544 3061 2607 est
3097 2551 3321 2607 regnum
3336 2537 3608 2591 caelorum
3628 2536 3830 2606 (Matth.

2244 2630 2323 2700 v).
2361 2647 2380 2680 ι
2410 2628 2500 2681 Ille
2526 2628 2668 2682 enim
2705 2628 2759 2680 in
2791 2626 2929 2681 cmlo
2955 2626 3128 2689 sedet,
3160 2626 3252 2695 qui
3277 2626 3455 2680 adhuc
3485 2626 3545 2680 in
3586 2626 3747 2681 terris
3780 2626 3834 2679 de

2241 2717 2592 2774 conversione
2617 2724 2802 2772 nostra
2831 2724 3034 2770 monet.
3065 2714 3173 2770 Sed
3194 2715 3371 2771 solent
3391 2716 3469 2777 hi,
3486 2716 3584 2784 qui
3601 2715 3834 2785 proprias

2240 2808 2541 2863 voluntates
2566 2805 2952 2862 abrenuntiare
2990 2804 3196 2869 volunt,
3227 2805 3579 2874 paupertatis
3605 2802 3835 2857 occasio-

2232 2908 2363 2967 ‘nem
2390 2897 2443 2951 in
2480 2911 2578 2952 sua
2616 2895 2963 2951 excusatione
2988 2894 3348 2964 praetendere,
3376 2892 3636 2948 dicentes
3672 2912 3687 2947 :
3717 2892 3832 2946 lmi-

2244 2992 2344 3047 tari
2372 2999 2774 3060 contemptores
2801 2989 2984 3044 mundi
3018 2989 3303 3053 volumus,
3348 2989 3444 3044 sed
3484 2989 3637 3058 quod
3682 2988 3836 3041 relin-

2242 3096 2472 3150 quamus
2513 3094 2619 3133 non
2664 3079 2943 3134 habemus.
2992 3077 3197 3144 Quibus
3256 3094 3354 3133 nos
3404 3078 3828 3148 respondemus,

540 3171 692 3226 :retia
724 3170 777 3224 in
810 3169 1058 3224 manibus
1082 3160 1352 3223 tenentem
1371 3209 1385 3234 ,
1415 3178 1469 3224 et
1500 3168 1699 3225 multos
1722 3170 1896 3240 pisces
1919 3170 2137 3240 spirita-
2166 3157 2211 3220 C
2242 3171 2367 3240 quia
2390 3168 2533 3223 Deus
2554 3167 2895 3237 omnipotens
2917 3167 2969 3220 in
2996 3166 3467 3222 abrenuntiatione
3499 3164 3707 3229 mundi,
3730 3179 3832 3220 non

540 3262 681 3317 gliter
716 3260 1034 3331 capientem.
1087 3257 1203 3314 Non
1235 3258 1407 3314 solum
1451 3259 1592 3315 enim
1627 3260 1694 3314 ad
1729 3259 1846 3329 eius
1882 3260 2143 3331 praedica-

553 3352 756 3408 tionem
790 3358 901 3405 tota
942 3349 1157 3415 civitas,
1194 3350 1289 3405 sed
1318 3350 1480 3404 etiam
1513 3358 1624 3406 tota
1670 3352 1815 3421 regio
1844 3351 2139 3406 credidisse

555 3441 774 3512 legitur,
812 3440 953 3495 sicut
987 3440 1100 3510 ipse
1131 3439 1208 3493 ait
1234 3456 1246 3493 :
1284 3457 1302 3490 ι
1329 3439 1578 3495 Christus
1604 3455 1691 3496 me
1715 3440 1863 3495 misit
1888 3441 1955 3495 ad
1981 3441 2141 3495 istam

531 3531 894 3605 provinciam
921 3571 937 3595 ,
979 3530 1069 3584 ubi
1116 3546 1223 3585 non
1254 3545 1480 3600 parvum
1513 3531 1765 3603 populum
1795 3531 2074 3602 acquisivi.
2113 3550 2132 3584 ι

532 3625 695 3693 'lstos
719 3623 1017 3694 piscatores
1040 3622 1394 3693 pollicebatur
1427 3623 1681 3680 Ecclesia:
1707 3625 1988 3690 Dominus,
2016 3641 2139 3680 cum

554 3730 654 3786 per
690 3713 1007 3785 prophetam
1054 3712 1265 3767 dicebat
1292 3731 1303 3766 :
1334 3731 1352 3763 ι
1382 3698 1591 3768 Mittam
1630 3715 1928 3784 piscatores
1958 3730 2130 3778 meos,

555 3816 611 3863 et
655 3800 1007 3878 piscabuntur
1049 3820 1142 3860 eos
1171 3822 1184 3858 :
1211 3814 1492 3881 venatores
1521 3821 1693 3871 meos,
1724 3815 1779 3861 et
1804 3807 2141 3861 venabuntur

555 3912 651 3952 eos
677 3897 742 3951 de
767 3896 911 3951 omni
937 3904 1115 3954 monte
1141 3905 1195 3951 et
1225 3894 1290 3951 de
1313 3898 1460 3953 omni
1491 3897 1625 3952 colle
1650 3897 1784 3967 (Jer.
1817 3897 1952 3963 xvi).
1986 3916 2005 3949 ι
2033 3896 2140 3953 Sed

555 3987 687 4043 libet
720 3986 958 4042 suaviter
1000 3987 1196 4043 intueri
1231 3989 1372 4058 quod
1404 3987 2052 4073 Dominus,lqui_oPetrum
2083 3998 2141 4046 et

506 4133 511 4137 .
555 4083 825 4139 Andream
865 4083 931 4138 de
982 4090 1100 4138 arte
1144 4082 1388 4153 piscandi
1434 4082 1616 4153 elegit,
1660 4081 1884 4136 Paulum
1925 4097 2139 4152 quoque

506 4173 652 4246 “qui
685 4189 791 4229 non
814 4161 1036 4230 minoris
1062 4175 1248 4246 gratiae
1278 4175 1397 4239 fuit,
1424 4174 1490 4229 de
1516 4183 1634 4228 arte
1654 4173 2043 4228 sccnofactoria
2070 4173 2138 4229 ad

555 4263 953 4336 praedicationis
989 4254 1220 4320 udicium
1260 4264 1494 4319 vocavit.
1547 4258 1861 4319 Sic'utenim
1892 4265 1979 4320 isti
2010 4281 2137 4321 con-

556 4355 840 4411 venienter
877 4356 943 4411 de
966 4357 1324 4427 piscatoribus
1358 4356 1603 4425 piscium,
1636 4356 1932 4427 piscatores
1958 4357 2135 4413 homi-

556 4460 685 4499 num
718 4443 844 4501 facti
874 4454 1016 4511 sunt,
1056 4445 1134 4499 sic
1167 4445 1419 4499 decenter
1457 4444 1574 4509 ille,
1610 4445 1701 4515 qui
1736 4453 1852 4501 erat
1886 4447 2136 4502 taberna-

2242 3274 2482 3322 censum,
2512 3256 2606 3311 sed
2632 3265 2812 3310 votum
2844 3264 3052 3326 pensat,
3092 3271 3193 3310 nec
3233 3255 3523 3325 perpendit
3565 3254 3716 3325 quod
3753 3254 3828 3307 ha-

2241 3349 2372 3403 beas
2422 3349 2474 3401 in
2531 3362 2691 3412 arca,
2743 3345 2838 3401 sed
2891 3346 3103 3414 qualem
3161 3346 3364 3401 habeas
3419 3346 3824 3400 conscientiam.

2244 3439 2399 3494 Unde
2455 3439 2500 3493 si
2545 3438 2747 3494 habeas
2803 3437 3151 3506 temporalem
3203 3450 3339 3501 rem,
3396 3436 3578 3492 vende
3610 3455 3626 3489 :
3655 3436 3703 3491 si
3747 3452 3825 3490 an-

2242 3538 2349 3585 tem
2407 3545 2513 3584 non
2567 3529 2736 3584 habes
2768 3568 2785 3591 ,
2843 3528 2910 3582 de
2962 3542 3156 3597 magno
3201 3542 3369 3583 onere
3424 3527 3704 3582 liberatus
3761 3543 3824 3583 es.

2244 3619 2417 3675 Tanto
2459 3635 2589 3690 ergo
2643 3618 2862 3673 liberius
2906 3617 3180 3673 Christum
3224 3618 3375 3688 sequi
3420 3627 3604 3687 potes,
3641 3628 3826 3688 quanto

2243 3710 2421 3765 minus
2471 3709 2780 3765 divitiarum
2838 3708 3057 3764 funibus
3113 3708 3282 3764 fueris
3334 3708 3593 3779 illigatus.
3651 3710 3825 3764 Consi-

2240 3802 2432 3857 derare
2485 3801 2649 3856 etiam
2706 3800 2841 3855 tales
2890 3802 3171 3854 menenius
3207 3840 3224 3864 ,
3278 3799 3408 3868 quid
3457 3807 3515 3854 et
3573 3810 3828 3869 quantum

2241 3894 2413 3947 nostri
2474 3893 2647 3947 sancti
2705 3901 2888 3962 patres
2939 3891 3277 3962 reliquerint.
3343 3889 3539 3946 Nonne
3593 3895 3739 3947 retia
3785 3902 3830 3946 et

2241 3983 2468 4036 navem?
2498 3983 2564 4036 Et
2590 3991 2773 4036 tamen
2802 3989 2991 4051 postea
3016 3981 3244 4036 Domino
3270 3981 3630 4051 promittente
3656 3982 3830 4035 audire

2240 4081 2596 4127 meruerunt:
2641 4092 2659 4123 ι
2706 4071 2894 4127 Omnis
2923 4072 3015 4141 qui
3051 4071 3329 4141 reliquerit
3373 4073 3621 4133 domum,
3661 4087 3830 4142 agros,

2238 4176 2446 4237 patrem
2468 4176 2523 4222 et
2555 4175 2801 4230 matrem,
2835 4184 3058 4223 uxorem
3090 4178 3145 4224 et
3172 4168 3332 4234 ﬁlios,
3362 4167 3564 4224 fratres
3593 4177 3653 4223 et
3688 4185 3830 4224 soro-

2240 4275 2329 4316 res
2362 4269 2583 4332 propter
2608 4275 2713 4326 me,
2745 4260 3052 4330 centuplum
3093 4260 3344 4331 accipiet,
3388 4268 3446 4315 et
3481 4260 3655 4315 vitam
3683 4272 3831 4316 auer-

2240 4368 2365 4407 nam
2411 4351 2710 4422 possidebit
2757 4349 2971 4423 (Matth.
3027 4351 3169 4422 xm).
3206 4371 3225 4404 ›
3278 4351 3473 4407 Petrus
3509 4351 3566 4404 in
3607 4366 3831 4421 persona

2240 4442 2479 4497 omnium
2506 4442 2672 4496 libere
2715 4442 3029 4511 respondit:
3066 4460 3084 4493 ι
3118 4440 3366 4508 Domine,
3407 4430 3539 4495 ecce
3584 4457 3690 4496 nos
3718 4442 3833 4496 reli-

561 4537 805 4597 culorum
859 4536 1215 4607 corporalium
1262 4535 1576 4603 mdificator,
1632 4539 1699 4593 ad
1743 4538 2005 4609 spiritalia
2057 4507 2456 4601 ta-unimus
2502 4530 2682 4585 omnia
2730 4539 2787 4584 ει
2820 4530 2989 4585 εθευῑί
3043 4545 3230 4584 Sumus
3276 4539 3349 4597 ῑθν
3389 4530 3520 4600 (lum
3568 4544 3703 4601 ετεο
3738 4531 3834 4584 em

553 4618 848 4687 b6rnacula
897 4626 1254 4681 construenda
1312 4626 1602 4682 translatus
1663 4636 1765 4682 est.
1834 4628 2145 4684 {Editicavit

559 4730 690 4788 ergo
725 4715 989 4786 spiritalia
1043 4714 1386 4771 tabernacula
1413 4758 1429 4779 ,
1468 4733 1590 4772 cum
1629 4734 1723 4773 sua
1762 4720 2144 4788 praedicatione

559 4805 631 4859 ab
661 4805 911 4860 humanis
950 4802 1219 4859 mentibus
1259 4805 1521 4861 culturam
1564 4807 1869 4863 daemonum
1916 4808 2141 4879 expulit,

557 4905 619 4951 ut
644 4895 911 4949 habitaret
936 4894 1180 4949 Christus
1207 4911 1305 4966 per
1339 4895 1497 4954 fidem
1544 4899 1600 4954 in
1634 4898 1888 4955 cordibus
1931 4916 2138 4955 eorum.

556 4981 870 5038 JEditicavit
915 4981 1079 5036 etiam
1122 4984 1435 5054 spiritaliter
1483 4986 1700 5042 Christo
1753 4988 2132 5054 tabernacula,

560 5072 776 5146 quando
832 5073 899 5128 ab
964 5073 1299 5134 Hierusalem
1361 5092 1531 5148 usque
1589 5077 1857 5149 Illyricum
1913 5079 2140 5148 replevit

560 5164 849 5235 Evangelia
890 5164 1090 5223 Chrisﬁ
1134 5184 1147 5222 :
1191 5175 1250 5221 ut
1298 5168 1389 5237 qui
1437 5168 1737 5238 corporalia
1791 5169 2136 5229 tabernacula

558 5255 836 5311 morituris
876 5256 1183 5313 hominibus
1219 5258 1540 5324 aedificabat,
1569 5259 1908 5327 postmodum
1940 5260 2140 5331 incipe-

558 5340 643 5401 ret
687 5346 983 5416 spiritualia
1032 5347 1166 5413 Deo,
1214 5357 1274 5402 ut
1316 5348 1570 5416 diximus,
1598 5357 1911 5422 construere
1939 5350 1992 5405 in
2021 5352 2138 5407 ani-

556 5435 750 5491 ma'bus
788 5437 841 5491 in
866 5436 1253 5508 sempiternum
1294 5437 1535 5493 victuris.
1590 5438 1913 5500 Aidilicabat
1962 5442 2138 5498 taber-

556 5526 750 5585 nacula
775 5528 906 5594 Deo,
933 5530 1148 5598 quando
1162 5527 1503 5598 praedicabat
1526 5570 1542 5595 ,
1578 5551 1596 5582 ι
1626 5531 1851 5588 Reddite
1888 5534 2140 5589 omnibus

554 5619 795 5674 debitum
826 5636 838 5671 :
867 5619 954 5673 cui
990 5616 1269 5682 tributum,
1299 5618 1554 5676 tributum
1588 5638 1601 5677 :
1632 5623 1715 5678 cui
1766 5624 2017 5696 vectigal,
2051 5640 2139 5680 ve-

556 5706 714 5780 ctigal
758 5704 937 5777 (Rom.
986 5704 1131 5778 xui),
1160 5725 1179 5760 ›
1231 5715 1337 5765 etc.
1400 5707 1492 5766 Vel
1537 5711 1752 5782 quando
1782 5713 2138 5785 praecipiebat

2244 4621 2444 4689 nobis?
2478 4640 2497 4671 ι
2540 4621 2608 4674 Et
2645 4619 2732 4675 ille
2757 4621 2850 4690 qui
2889 4622 2971 4692 (ut
3007 4619 3261 4690 diximus)
3301 4635 3409 4675 non
3450 4636 3706 4685 censum,
3746 4620 3834 4674 sed

2246 4722 2429 4769 votum
2479 4721 2689 4783 pensat,
2745 4714 2860 4767 ait:
2910 4732 2929 4765 ι
2965 4715 3136 4769 Amen
3192 4716 3314 4770 dico
3358 4715 3534 4779 vobis,
3579 4717 3709 4785 quia
3746 4732 3835 4770 vos

2243 4805 2337 4874 qui
2372 4803 2668 4874 reliquistis
2692 4804 2875 4859 omnia
2898 4815 2954 4859 et
2979 4804 3148 4860 secuti
3175 4806 3307 4860 estis
3335 4821 3444 4869 me,
3474 4807 3532 4860 in
3549 4821 3835 4876 regenera-

2242 4899 2388 4953 tione
2416 4914 2539 4954 cum
2584 4899 2801 4961 sederit,
2828 4899 2969 4954 filius
3016 4900 3249 4955 hominis
3277 4900 3331 4954 in
3370 4899 3497 4955 sede
3537 4897 3835 4973 maiestatis

2238 5008 2369 5058 suae,
2402 4993 2660 5048 sedebitis
2687 5000 2742 5047 et
2765 5008 2864 5048 vos
2887 5008 3049 5062 super
3066 4993 3223 5047 sedes
3254 4991 3566 5056 duodecim,
3589 4988 3834 5059 iudican-

2241 5092 2321 5138 tes
2358 5082 2639 5138 duodecim
2668 5084 2840 5157 tribus
2869 5082 3034 5138 Israel
3075 5082 3291 5161 (11:54.).
3329 5103 3346 5135 ι
3395 5083 3599 5136 Parum
3623 5081 3837 5135 videtur

2240 5174 2433 5230 Petrus
2468 5186 2525 5229 et
2562 5175 2807 5235 Andreas
2851 5175 3135 5245 reliquisse
3173 5175 3228 5229 in
3255 5175 3463 5230 retibus
3499 5181 3558 5229 et
3596 5173 3747 5236 navi,
3784 5180 3836 5224 et

2243 5282 2492 5338 magnam
2538 5267 2771 5337 gratiam
2804 5275 2860 5321 et
2887 5267 3166 5337 praemium
3197 5282 3229 5320 a
3270 5265 3499 5321 Domino
3533 5264 3833 5333 accepisse.

2245 5354 2351 5410 Sed
2387 5363 2567 5410 tamen
2604 5354 2835 5410 multum
2861 5353 3211 5424 reliquerant,
3242 5353 3334 5424 qui
3372 5352 3709 5407 voluntatem
3737 5351 3835 5403 Ιη-

2238 5445 2400 5501 bendi
2456 5445 2880 5516 abnegaverunt.
2913 5444 3147 5500 Tantum
3199 5446 3345 5501 enim
3394 5460 3424 5497 a
3479 5440 3837 5512 sequentibus

2243 5537 2583 5608 relinquitur,
2616 5546 2876 5608 quantum
2917 5553 2947 5591 a
2992 5554 3096 5592 non
3128 5536 3479 5607 sequentibus
3521 5529 3837 5603 concupisti

2242 5636 2434 5699 potest.
2469 5629 2732 5694 Quoniam
2764 5642 2989 5698 regnum
3036 5627 3156 5691 Dei,
3194 5635 3453 5697 quantum
3484 5624 3679 5687 habes,
3724 5630 3838 5673 tam

2244 5727 2357 5773 tum
2382 5718 2540 5774 valet.
2578 5717 2756 5787 Valuit
2795 5719 3021 5775 Zacltaro
3050 5717 3329 5799 dimidium
3358 5712 3700 5797 substantiae,
3741 5723 3836 5763 va.
