4002 6348
183 399 304 457 753

1425 394 1725 456 HOMIle
1768 397 1854 453 DE
1894 386 2199 451 SANCTlS.

3347 386 3451 441 734

179 516 299 579 luit
321 513 486 575 Petro
514 521 568 571 et
593 511 818 571 Andreae
852 526 1042 569 navem
1072 520 1124 567 et
1152 490 1322 566 retia:
1356 512 1495 566 sicut
1516 502 1777 565 cuniom-
1805 512 1851 571 Α
1879 506 2056 560 dicat:
2084 524 2101 555 ι
2141 504 2276 570 Quia
2304 508 2462 558 nemo
2507 498 2726 558 mittens
2770 514 2987 556 manum
3032 500 3086 554 in
3135 479 3371 553 aratrum
3398 510 3455 556 et
3500 500 3509 507 “

160 608 288 670 'nla
331 624 451 681 qua:
496 607 877 676 relinquerent,
933 602 1065 657 nihil
1109 600 1311 672 profuit
1350 599 1673 669 llermageni
1719 605 1774 651 et

184 700 434 764 Socrati,
471 698 593 767 quia
638 696 910 751 Christum
958 708 1063 747 non
1117 691 1333 745 fuerunt
1375 688 1590 744 imitati.
1624 685 1776 743 Valet

178 795 359 852 etiam
390 792 609 847 calicem
635 804 787 859 aqua:
810 786 1032 857 frigidae,
1063 792 1117 839 et
1150 783 1193 837 si
1234 783 1348 837 bzee
1382 782 1560 837 omnia
1597 780 1778 835 defue-

180 889 329 953 rint,
374 884 485 941 sola
528 882 669 937 bona
726 880 999 935 voluntate
1049 875 1350 945 comparari
1394 882 1591 945 potest.
1641 871 1777 939 Quia

178 978 427 1036 Domino
452 982 598 1035 nato,
627 972 746 1027 curii
777 972 922 1027 cives
951 970 1002 1023 in
1044 969 1205 1023 terris
1233 967 1332 1022 visi
1367 974 1512 1031 sunt,
1544 964 1634 1035 qui
1665 964 1778 1018 cla-

180 1076 405 1124 marent
438 1085 451 1120 :
497 1086 514 1117 ι
544 1063 727 1119 Gloria
777 1063 829 1116 in
860 1059 1085 1115 excelsis
1126 1058 1254 1122 Deo,
1303 1066 1358 1111 et
1399 1057 1451 1111 in
1485 1065 1626 1110 terra
1674 1069 1779 1122 pax

176 1159 507 1215 hominibus
547 1157 701 1210 bona:
726 1153 1018 1208 voluntatis
1049 1149 1200 1221 (Luc.
1244 1148 1327 1218 ιι).
1361 1167 1377 1199 ι
1420 1147 1564 1201 Bene
1598 1158 1777 1200 autem

178 1260 481 1323 postquam
530 1247 686 1311 dixit,
720 1266 737 1297 I
772 1244 974 1299 relictis
996 1241 1268 1306 omnibus,
1300 1259 1319 1292 ι
1350 1237 1611 1307 adjunxit,‘
1646 1257 1663 1288 ι
1697 1251 1781 1291 se-

177 1341 306 1398 cuti
351 1348 476 1395 sunt
515 1353 658 1392 eum.
720 1358 737 1388 ι
769 1334 1033 1402 Quoniam
1083 1333 1135 1386 in
1184 1346 1412 1385 vacuum
1460 1328 1638 1384 omnia
1685 1344 1779 1382 sua

153 1420 431 1502 'reliquit,
470 1428 562 1500 qui
590 1426 864 1483 Christum
902 1440 1007 1479 non
1055 1423 1320 1493 sequitur,
1371 1421 1423 1475 id
1462 1429 1564 1484 est,
1605 1420 1781 1472 imita-

164 1502 305 1578 itur.
337 1521 444 1577 Sed
474 1522 614 1574 inter
641 1520 757 1573 hzee
789 1516 971 1571 omnia
1004 1512 1452 1570 considerandum
1481 1521 1585 1576 est,
1608 1511 1783 1580 qualis

160 1615 390 1670 'artifex
424 1614 496 1667 sit
531 1612 763 1683 Spiritus
804 1617 1042 1671 sanctus,
1068 1607 1160 1678 qui
1198 1606 1312 1661 sine
1342 1621 1489 1660 mora
1522 1614 1779 1669 mentem,

179 1720 356 1774 quam
390 1702 583 1772 tangit,
619 1716 724 1755 non
753 1699 925 1754 solum
958 1698 1225 1759 immutat,
1275 1696 1367 1750 sed
1412 1695 1572 1749 etiam
1622 1695 1785 1784 habet

180 1802 246 1849 et
271 1793 446 1848 docet.
497 1790 693 1861 Tetigit
712 1803 936 1860 puerum
959 1785 1335 1850 citharoedum,
1362 1793 1415 1839 et
1438 1782 1780 1838 Psalmistam

180 1882 324 1937 fecit
368 1879 420 1951 (Ι
468 1877 592 1951 Reg.
620 1856 755 1949 im).
797 1877 995 1947 Tetigit
1038 1874 1423 1930 armentarium
1467 1886 1781 1944 sycomoros
1810 1856 1855 1915 Β

180 1974 553 2036 vellicantem,
587 1979 641 2027 et
676 1971 991 2041 prophetam
1037 1968 1165 2022 fecit
1207 1966 1408 2038 (Amos,
1432 1965 1553 2036 vn).
1584 1964 1781 2033 Tetigit

183 2064 555 2119 abstinentem
581 2061 851 2132 juvenem,
879 2068 934 2133 et
971 2058 1203 2129 judicem
1235 2071 1424 2111 senum
1462 2054 1587 2109 fecit
1613 2055 1776 2125 (Dan.

184 2156 339 2225 xm).
392 2150 592 2220 Tetigit
655 2150 1023 2219 publicanum,
1072 2156 1127 2201 et
1187 2145 1575 2215 evangelistam
1650 2143 1780 2199 fecit

185 2241 415 2311 (Matth.
447 2239 544 2310 ιιι).
586 2238 786 2308 Tetigit
812 2245 1236 2308 persecutorem,
1266 2243 1320 2289 et
1357 2234 1631 2288 doctorem
1656 2234 1782 2304 gen-

185 2329 336 2384 tium
359 2329 639 2385 constituit
664 2328 802 2397 (Act.
824 2326 922 2397 ιχ).
945 2326 1144 2397 Tetigit
1170 2326 1389 2381 Petrum
1406 2333 1460 2379 et
1484 2325 1780 2391 Andream,

187 2432 251 2476 et
281 2420 577 2491 piscatores
627 2420 854 2490 piscium
907 2416 1180 2488 apostolos
1226 2417 1436 2471 statuit.
1490 2416 1784 2485 Rogandus

164 2518 284 2566 'est
305 2524 434 2580 ergo
463 2526 494 2563 a
517 2511 672 2565 nobis
702 2510 901 2564 artifex
921 2518 977 2564 et
997 2509 1357 2564 devotissimis
1371 2508 1620 2579 precibus
1648 2523 1782 2578 sup-

189 2599 501 2671 plicandus,
547 2606 605 2653 ut
641 2608 853 2655 mentes
885 2608 1100 2654 nostras
1142 2606 1365 2667 tangere
1394 2597 1660 2669 dignetur,
1691 2613 1785 2653 cu-

188 2692 285 2762 ius
313 2691 664 2747 solummodo.
684 2692 927 2760 tetigisse
953 2691 1202 2745 docuisse
1231 2697 1335 2744 est.
1390 2712 1395 2715 -

172 2788 181 2811 *
279 2801 299 2834 ι
335 2782 402 2836 Ει
432 2781 732 2851 procedens
773 2780 897 2835 inde
924 2780 1059 2835 vidit
1088 2780 1221 2836 alios
1266 2781 1401 2835 duos
1425 2779 1641 2844 fratres,
1691 2780 1784 2834 Ja-

200 2898 221 2930 ι
272 2877 463 2933 cubum
491 2874 760 2939 Zebedaei,
783 2884 838 2929 et
859 2873 1122 2928 Joannem
1154 2872 1381 2927 fratrem
1404 2870 1544 2939 ejus,
1570 2873 1623 2925 in
1661 2872 1784 2925 navi

204 2989 225 3022 ι
267 2984 388 3026 cum
432 2965 692 3021 Zebedmo
719 2972 871 3037 patre
891 2980 1099 3029 eorum,
1140 2964 1447 3019 reficicutcs
1491 2963 1624 3017 retia
1663 2970 1782 3026 sua,

172 3080 177 3081 ί
205 3080 228 3112 ι
269 3068 323 3117 et
350 3061 563 3114 vocavit
599 3074 711 3113 eos.
742 3058 820 3113 llli
845 3069 1022 3113 autem
1054 3059 1257 3123 statim,
1283 3057 1486 3113 relictis
1508 3057 1709 3111 retibus
1731 3064 1788 3109 et

178 3170 181 3179 λ
209 3176 228 3206 ι
264 3163 439 3224 patre,
471 3152 638 3208 secuti
663 3161 789 3206 sunt
817 3167 960 3207 eum.
999 3172 1017 3203 ›
1049 3151 1330 3206 Geminata
1363 3153 1416 3206 in
1451 3153 1592 3207 binis
1626 3169 1786 3207 voca-

1874 596 2170 665 respiciens
2209 602 2376 659 retro,
2424 604 2582 664 aptus
2611 603 2693 650 est
2724 609 2889 664 regno
2931 590 3022 647 Dei
3070 591 3221 661 (L’uc.
3267 592 3343 663 Ix)
3377 611 3403 646 τ’
3427 609 3446 646 ι

1878 688 1971 742 sed
2021 684 2424 757 infatigabiliter
2471 702 2639 757 usque
2688 685 2740 741 in
2790 686 2950 740 finem
3004 686 3057 740 in
3108 686 3249 740 bono
3290 701 3453 756 Opere

1876 794 2245 849 perseverare,
2282 778 2428 847 quia,
2453 778 2591 832 sicut
2620 766 2709 832 'ait
2741 777 2989 832 Salvator
3018 795 3031 830 :
3068 797 3087 828 ι
3136 776 3236 844 Qui
3278 793 3457 845 persc-

1878 855 2150 924 veraverit
2178 884 2348 937 usque
2396 870 2448 925 in
2498 867 2680 932 finem,
2725 868 2812 922 hic
2860 866 3039 922 salvus
3085 867 3190 921 erit
3238 866 3453 938 (Matth.

1881 958 1959 1028 χ).
1987 979 2004 1009 ι
2038 957 2188 1012 Unde
2209 958 2421 1012 cuidam
2451 956 2686 1012 dicenti:
2726 955 2969 1019 Domine,
2999 970 3194 1024 sequar
3224 966 3274 1009 te
3322 970 3455 1024 quo-

1881 1066 2092 1119 cunque
2114 1051 2265 1116 ieris,
2298 1051 2391 1105 sed
2435 1051 2760 1105 dimitte'me
2789 1050 2937 1119 prius
2976 1049 3201 1119 sepelire
3243 1056 3453 1119 patrem

1882 1156 2083 1204 meum,
2124 1141 2399 1210 respondit
2426 1159 2438 1195 :
2474 1160 2493 1193 ι
2532 1140 2660 1195 Sine
2687 1139 2926 1195 mertuos
2950 1140 3179 1209 sepelire
3212 1137 3456 1195 mortuos

1862 1226 2008 1285 ’suos
2051 1230 2266 1301 (Matth.
2318 1231 2461 1301 vm).
2518 1251 2536 1283 ι
2572 1229 2651 1283 Tu
2676 1228 2877 1284 autem
2901 1230 3126 1298 sequere
3159 1228 3456 1285 Christum.

1883 1321 1989 1377 Sed
2030 1324 2114 1378 his
2153 1324 2219 1378 de
2247 1323 2527 1378 vocatione
2572 1322 2955 1391 diseipulormn
2999 1323 3238 1377 breviter
3279 1323 3459 1387 dictis,

1881 1416 2011 1471 libet
2032 1417 2398 1486 intueriquod
2427 1431 2531 1471 non
2562 1414 2760 1470 frustra
2792 1398 3050 1469 Dominus
3082 1415 3133 1469 in
3158 1415 3330 1484 prima
3356 1418 3461 1470 ’sua

1882 1508 2165 1563 vocatione
2205 1519 2436 1578 quatuor
2494 1507 2784 1576 discipulos
2822 1502 3040 1581 elegit.“
3073 1505 3464 1573 Quaternarius

1883 1601 2026 1655 enim
2058 1615 2315 1655 numerus
2343 1599 2615 1670 perfectus
2648 1608 2750 1663 est,
2778 1606 2833 1653 et
2877 1599 2930 1651 in
2962 1598 3073 1653 suis
3102 1599 3345 1667 partibus
3388 1597 3466 1651 di-

1883 1691 2053 1756 visus,
2099 1689 2482 1759 perfectionem
2527 1687 2815 1760 significat.
2852 1687 3115 1763 Dividitur
3152 1684 3383 1756 namque
3411 1686 3464 1740 in

1884 1796 2074 1844 unum,
2105 1779 2239 1833 duos
2280 1784 2505 1834 et‘tres.
2558 1778 2733 1835 Unum
2774 1794 2923 1847 ergo,
2974 1777 3114 1846 quod
3158 1766 3240 1831 est
3290 1776 3463 1845 prima

1882 1885 2009 1941 pars
2034 1869 2170 1939 ejus,
2206 1869 2592 1940 perfectionem
2621 1868 2910 1938 significat.
2957 1867 3095 1934 Quia
3128 1887 3145 1918 ι
3179 1883 3319 1921 ιιιιιιε
3360 1868 3466 1921 Do-

1883 1960 2083 2025 minus,
2112 1977 2216 2015 una
2249 1960 2400 2025 fides,
2431 1976 2595 2013 unum
2640 1958 2924 2029 baptisma,
2955 1974 3095 2013 unus
3123 1959 3263 2013 Deus
3284 1968 3337 2013 et
3364 1957 3465 2011 Pa-

1885 2063 1969 2107 ter
2001 2053 2241 2108 omnium
2286 2050 2445 2123 (Eph.
2490 2051 2586 2122 1v).
2627 2072 2645 2104 ι
2700 2052 2832 2116 Duo,
2878 2050 3019 2120 quod
3068 2058 3149 2105 est
3185 2051 3289 2105 alia
3335 2066 3464 2120 pars

1884 2140 2022 2210 ejus,
2054 2139 2118 2194 ad
2140 2139 2526 2210 perfectionem
2554 2142 2845 2211 pertinent,
2877 2146 3099 2209 propter
3139 2140 3246 2193 duo
3274 2138 3465 2192 Testa-

1874 2239 2087 2295 menta,
2112 2230 2193 2284 vel
2223 2239 2440 2300 propter
2463 2230 2730 2301 geminam
2762 2229 3127 2284 dilectionem.
3157 2227 3292 2283 Tres
3316 2243 3465 2293 vero,

1834 2382 1841 2389 _
1885 2329 2106 2392 propter
2132 2320 2465 2376 individuam
2499 2312 2838 2384 Trinitatem,
2869 2328 2925 2376 et
2947 2328 3169 2390 propter
3202 2320 3307 2374 tria
3335 2329 3471 2374 tem-

1886 2429 2040 2484 pora,
2075 2421 2200 2468 ante
2223 2413 2418 2484 legem,
2451 2414 2550 2468 sub
2579 2412 2717 2482 lege,
2760 2420 2816 2467 et
2860 2412 2960 2467 sub
2994 2412 3167 2483 gratia
3196 2412 3319 2465 :vel
3346 2411 3472 2482 quia

1888 2506 2050 2559 homo
2094 2504 2318 2559 interior
2361 2520 2429 2559 ex
2486 2503 2659 2558 tribus
2698 2504 2862 2558 rebus
2906 2509 3139 2569 constat,
3188 2503 3469 2565 memoria,

1861 2600 2047 2653 'sensu
2097 2605 2155 2651 et
2198 2594 2491 2650 voluntate.
2541 2594 2935 2662 Quaternarius
2975 2601 3156 2649 autem
3218 2608 3476 2649 numerus

1886 2687 2157 2758 perfectus
2190 2695 2292 2750 est,
2338 2692 2563 2756 propter
2598 2694 2831 2756 quatuor
2860 2684 3183 2756 Evangelia,
3229 2685 3314 2739 vel
3341 2698 3474 2754 qua-

1889 2785 2012 2830 tuor
2044 2785 2281 2844 tempora
2312 2775 2464 2840 anni,
2513 2774 2626 2829 sive
2652 2782 2873 2845 propter
2905 2782 3140 2845 quatuor
3180 2774 3473 2835 elementa.

1888 2882 1952 2919 ex
2000 2865 2196 2934 quibus
2242 2872 2558 2919 constamus
2607 2865 2661 2918 in
2713 2864 2984 2920 exteriore
3030 2866 3267 2931 homine,
3325 2879 3475 2931 aere,

1888 2955 2030 3025 igne,
2065 2965 2206 3009 terra
2232 2965 2286 3009 et
2323 2970 2461 3024 aqua
2489 2968 2504 3008 :
2538 2953 2754 3025 frigida,
2798 2955 2989 3018 calida,
3023 2941 3169 3011 sicca
3195 2964 3249 3011 et
3291 2955 3476 3011 humi-

1888 3047 1994 3101 da:
2042 3062 2136 3101 seu
2173 3056 2391 3117 prepter
2419 3055 2651 3116 quatuor
2677 3045 2920 3113 flumina,
2967 3062 3088 3118 qua:
3126 3047 3479 3119 egrediuntur

1891 3137 1958 3191 de
1983 3138 2265 3207 paradiso:
2315 3137 2400 3192 vel
2442 3145 2589 3192 certe
2622 3146 2839 3208 propter
2877 3148 3112 3209 quatuor
3146 3137 3476 3209 principales
3524 3150 3531 3157 ‘

206 3204 295 3302 tior
320 3247 655 3316 superiorem
703 3245 1066 3298 narrationem
1110 3243 1413 3298 confirmat.
1450 3242 1564 3298 Non
1616 3242 1787 3297 solum
1817 3204 1864 3266 Ο
1894 3227 2141 3292 “miles,
2170 3227 2511 3296 Prndemiam
2540 3225 2748 3316 εςξιίοθι
2774 3235 2830 3281 ει
2861 3228 3294 3296 temperantiam.
3331 3226 3479 3316 ΪΨΙῘ·

213 3337 351 3392 enim
409 3334 599 3401 semel,
640 3335 734 3389 sed
789 3342 845 3389 et
888 3334 1084 3388 iterum
1137 3333 1248 3387 bini
1286 3333 1463 3387 vocati
1507 3340 1632 3386 sunt
1687 3333 1795 3387 dis-

211 3425 407 3496 cipuli:
444 3425 568 3494 quia
600 3424 705 3480 duo
733 3433 875 3486 sunt,
921 3438 1041 3493 quze
1078 3439 1206 3494 erga
1254 3422 1570 3477 charitatem
1610 3420 1792 3490 proxi-

208 3516 315 3571 mis
367 3515 591 3570 sollicite
645 3529 863 3569 servare
923 3522 1153 3584 Oportet.
1213 3512 1425 3577 Primo,
1481 3520 1537 3566 ut
1584 3511 1790 3565 nullum

208 3606 468 3660 laedamus
494 3624 506 3660 :
538 3606 790 3667 secundo,
823 3612 883 3659 ut
914 3605 1137 3669 bonum,
1165 3604 1306 3673 quod
1350 3618 1654 3673 possumus,
1690 3602 1791 3656 im—

207 3695 526 3764 pendamus,
565 3696 820 3765 quoniam
851 3694 941 3763 qui
981 3694 1155 3748 dixit:
1195 3698 1216 3744 ἰ
1252 3694 1405 3761 Quod
1432 3694 1525 3749 tibi
1566 3710 1672 3748 non
1713 3694 1793 3747 vis

206 3787 351 3852 ﬁeri,
391 3787 545 3841 alteri
588 3803 657 3842 ne
687 3776 884 3841 feceris
933 3784 1086 3857 (Tob.
1134 3787 1233 3855 ιν),
1272 3805 1288 3837 ι
1336 3786 1450 3856 ipse
1502 3784 1626 3840 alibi
1670 3786 1788 3839 ait:

213 3897 235 3929 ‹
264 3876 419 3944 Quod
439 3872 611 3932 vultis
630 3887 689 3931 ut
732 3875 933 3930 faciant
960 3876 1112 3931 vobis
1133 3876 1400 3939 homines,
1425 3883 1481 3929 et
1508 3890 1602 3929 vos
1634 3874 1794 3930 facite

205 3966 317 4022 illis
346 3966 565 4038 (Matth.
586 3966 707 4039 vn),
731 3986 749 4017 ι
776 3966 1068 4023 Zebedazus
1097 3966 1482 4035 interpretatur
1507 3963 1789 4030 dealbatio,

208 4056 482 4128 significat
502 4057 793 4111 diabolum.
824 4057 923 4112 Cui
954 4056 1074 4112 ideo
1100 4065 1247 4111 recte
1278 4072 1471 4111 nomen
1500 4044 1793 4112 dealbatiov

207 4146 298 4203 nis
324 4147 600 4213 convenit,
635 4148 759 4217 quia
802 4164 922 4201 eum
960 4147 1029 4204 sit
1064 4158 1117 4202 et
1152 4148 1347 4201 merito
1375 4148 1712 4212 tenebrosus,
1737 4156 1797 4201 ut

198 4239 289 4306 ,ait
324 4238 631 4309 Apostolus,
663 4239 1013 4309 transfigurat
1043 4254 1101 4294 se
1132 4239 1184 4293 in
1233 4238 1481 4309 angelum
1526 4238 1663 4293 lucis
1707 4236 1792 4308 (II

190 4330 337 4386 σοον.
368 4330 466 4402 x1).
496 4329 616 4385 Filii
654 4347 784 4401 ergo
820 4330 1066 4385 Zehedzei
1094 4330 1183 4384 iSti
1210 4328 1481 4398 discipuli,
1517 4329 1608 4398 qui
1638 4345 1667 4382 a
1692 4327 1795 4381 Do-

210 4422 360 4478 mino
390 4423 561 4476 vocati
607 4430 752 4485 sunt,
793 4421 961 4475 fuisse
990 4430 1398 4475 memorantur:
1436 4420 1585 4488 quia,
1618 4426 1680 4473 ut
1719 4419 1797 4473 ait

180 4520 185 4524 '
210 4512 496 4582 Apostolus
519 4511 677 4583 (Epit.
706 4513 795 4582 u):
819 4512 1020 4567 Omnes
1042 4513 1135 4565 ira:
1161 4510 1255 4565 filii
1282 4526 1487 4575 sumus,
1506 4521 1794 4579 antequam
1822 4538 1839 4583 1-

200 4604 621 4668 »redimeremur,
672 4617 777 4657 nun
817 4601 1144 4658 conditionis
1201 4610 1431 4664 naturae,
1477 4600 1571 4655 sed
1616 4600 1795 4654 imita-

212 4687 359 4747 tiOne
387 4701 441 4747 et
477 4692 633 4763 primi
658 4692 899 4762 parentis
927 4691 1392 4760 praevaricatione.
1434 4688 1596 4745 Navis
1626 4689 1793 4745 lebe-

215 4784 336 4848 ἀεὶ,
379 4783 746 4838 infidelitatem
805 4783 1077 4852 significat
1124 4796 1140 4835 :
1197 4780 1350 4849 cujus
1397 4782 1550 4836 navis
1595 4781 1796 4835 instru-

216 4883 396 4931 menta
428 4876 557 4930 vitia
585 4883 709 4930 sunt
746 4884 801 4930 et
828 4883 1069 4945 peccata.
1109 4873 1296 4940 Qualia
1338 4871 1537 4927 Paulus
1574 4880 1792 4940 aposto—

218 4966 302 5021 lus
330 4974 632 5029 enumerat,
663 4964 884 5020 diceus:
918 4986 934 5015 ι
963 4962 1244 5019 Manifesta
1279 4973 1456 5018 autem
1485 4972 1610 5018 sunt
1630 4976 1792 5032 opera

219 5056 417 5120 carnis,
439 5072 558 5126 quae
589 5064 713 5110 sunt
743 5055 1145 5119 fornicationes,
1172 5054 1543 5119 immunditim,
1572 5053 1800 5123 impudi-

205 5147 379 5213 citiae,
421 5147 683 5212 avaritiae,
728 5147 995 5202 idolorum
1023 5145 1276 5209 servitus,
1307 5143 1591 5207 veneficia,
1623 5153 1679 5198 et
1715 5143 1799 5198 his

221 5239 414 5295 similia
461 5236 604 5309 (Gal.
651 5236 729 5307 v).
764 5257 781 5288 ι
820 5237 973 5293 Sicut
998 5247 1177 5292 autem
1221 5235 1309 5290 isti
1348 5233 1797 5303 discipulivoeati

210 5344 254 5383 .a
281 5328 525 5395 Domino,
553 5328 744 5383 relicto
784 5335 957 5397 patre,
990 5327 1161 5383 secuti
1206 5326 1445 5389 fuerunt,
1473 5333 1529 5378 et
1564 5323 1703 5378 ultra
1730 5322 1798 5376 ad

221 5429 430 5493 patrem
452 5437 558 5475 non
590 5420 843 5475 dicuntur
870 5419 1091 5481 reversi,
1132 5419 1211 5473 sic
1235 5427 1290 5473 et
1330 5433 1449 5482 nos,
1486 5417 1577 5487 qui
1609 5415 1676 5470 de
1711 5430 1801 5485 po-

226 5520 418 5567 testate
437 5511 634 5565 diaboli
661 5526 756 5580 per
768 5511 1004 5564 divinam
1019 5510 1249 5580 gratiam
1263 5508 1473 5563 liberati
1490 5505 1558 5560 ad
1575 5506 1801 5562 caeleste

227 5614 449 5673 regnum
484 5620 670 5659 sumus
694 5601 891 5667 vocati,
924 5614 1026 5655 nec
1063 5606 1286 5669 propter
1317 5614 1556 5654 amorem
1602 5613 1800 5668 paren-

231 5701 362 5758 tum,
392 5709 493 5749 nec
531 5694 898 5763 cujuscunque
922 5690 1248 5760 cupiditatis
1295 5691 1537 5753 obtentu,
1581 5689 1805 5745 ulterius

230 5783 293 5838 ad
323 5797 447 5839 eum
471 5784 749 5852 debemus,
775 5782 952 5838 redire
980 5788 1201 5852 propter
1228 5778 1357 5835 illud
1384 5779 1527 5849 quod
1550 5778 1805 5836 Dominus

228 5964 241 5989 \

1897 3316 2136 3372 tudinem
2164 3324 2220 3370 et
2246 3317 2534 3387 justitiam.
2569 3314 2676 3371 Has
2705 3316 2869 3370 etiam
2894 3316 3121 3370 virtutes
3148 3330 3255 3370 non
3298 3314 3475 3370 solum

1897 3409 1951 3464 in
1985 3423 2227 3473 numero,
2253 3410 2347 3464 sed
2387 3410 2550 3465 etiam
2581 3409 2634 3463 in
2662 3409 2972 3465 nominibus
3009 3409 3099 3464 isti
3131 3407 3377 3478 discipuli
3402 3408 3479 3462 si-

1895 3500 2171 3571 gnificant.
2206 3500 2397 3555 Petrus
2422 3501 2588 3566 enim,
2627 3500 2718 3571 qui
2759 3516 2790 3554 a
2829 3500 3150 3569 quibusdam
3193 3515 3477 3570 agnoscens

1896 3594 2303 3664 interpretatur,
2352 3595 2690 3665 prudentiam
2736 3594 3038 3665 significat:
3082 3593 3235 3662 cujus
3263 3592 3481 3648 virtutis

1894 3684 2069 3755 prima
2098 3699 2223 3754 pars
2269 3694 2376 3750 est,
2421 3685 2587 3740 Deum
2636 3684 2859 3754 ejusq‘ue
2906 3685 3236 3740 voluntatem
3283 3699 3480 3754 cogno-

1897 3792 2082 3833 scere:
2124 3778 2249 3847 quia
2271 3778 2411 3833 sicut
2465 3777 2727 3847 insipiens
2770 3786 2876 3844 est,
2926 3779 3016 3848 qui
3067 3778 3199 3834 dicit
3228 3779 3280 3832 in
3314 3777 3480 3833 corde

1898 3887 2019 3936 suo,
2051 3888 2155 3926 non
2197 3881 2281 3927 est
2325 3872 2465 3927 Deus
2507 3869 2680 3943 (Psal.
2732 3872 2911 3944 xvnt),
2960 3872 3047 3943 ita.
3081 3870 3335 3941 prudens,
3386 3866 3481 3937 qui

1882 3963 2174 4033 cognoscit
2219 3963 2406 4017 Deum.
2447 3960 2599 4018 lianc
2640 3963 2893 4017 virtutem
2939 3962 2993 4017 in
3038 3978 3096 4018 se
3141 3960 3346 4025 habuit,
3388 3958 3483 4029 qui

1896 4054 2078 4119 corde,
2124 4055 2395 4109 hominem
2449 4055 2655 4121 videns,
2706 4056 2873 4112 Deum
2923 4055 3196 4126 cognovit,
3224 4055 3477 4110 dicens:

1902 4167 1921 4199 ι
1959 4146 2038 4201 Tu
2061 4163 2121 4202 es
2149 4146 2398 4204 Christus
2418 4149 2586 4204 Filius
2630 4150 2724 4206 Dei
2753 4150 2866 4205 vivi
2887 4148 3101 4221 (Matth.
3146 4148 3279 4220 XVI).
3317 4167 3335 4202 ι
3371 4148 3485 4202 An-

1898 4235 2076 4299 dreas,
2110 4237 2201 4307 qui
2230 4238 2394 4292 virilis
2424 4239 2830 4308 interpretatur,
2867 4240 3238 4295 fortitudinem
3268 4237 3479 4309 signifi-

1897 4335 2005 4382 cat.
2039 4326 2210 4394 Quam
2240 4329 2494 4383 virtutem
2524 4346 2630 4384 non
2654 4330 2826 4385 solum
2853 4331 2908 4384 in
2929 4330 3166 4395 nomine,
3189 4329 3284 4384 sed
3313 4329 3481 4383 etiam

1900 4418 1954 4472 in
1982 4434 2145 4488 opere
2175 4419 2386 4485 habuit,
2413 4422 2537 4489 quia
2566 4422 2618 4476 in
2651 4423 2755 4478 fide
2783 4430 2929 4476 recta
2962 4437 3133 4491 usque
3177 4421 3245 4476 ad
3270 4420 3481 4490 passio-

1902 4526 2021 4565 nem
2051 4511 2279 4566 viriliter
2318 4514 2685 4581 perseveravit
2729 4514 2783 4568 in
2826 4521 3053 4578 tantum,
3085 4522 3143 4567 ut
3171 4513 3333 4567 etiam
3360 4529 3482 4568 cum

1899 4603 2186 4657 duceretur
2235 4604 2301 4657 ad
2343 4603 3032 4675 erucifigendum,.videns
3072 4585 3312 4668 crucem,
3360 4619 3484 4657 cum

1896 4691 2090 4761 gaudio
2121 4691 2360 4746 diceret:
2392 4692 2572 4757 Salve,
2598 4708 2730 4747 crux
2752 4693 3002 4764 pretiosa,
3027 4709 3146 4764 quae
3174 4693 3226 4747 in
3254 4707 3482 4762 corpore

1897 4780 2096 4834 Christi
2149 4781 2392 4835 dedicata
2439 4799 2519 4848 es,
2558 4793 2613 4839 et
2657 4800 2724 4839 ex
2765 4784 3026 4839 membris
3068 4783 3186 4851 ejus
3227 4792 3485 4853 tanquam

1897 4872 2205 4941 margaritis
2241 4880 2431 4927 ornata
2467 4889 2548 4938 es,
2584 4876 2821 4945 gaudens
2848 4885 2905 4929 et
2937 4875 3215 4931 exsultans
3240 4877 3397 4931 venio
3416 4876 3485 4931 ad

1900 4969 1975 5024 te,
2008 4969 2066 5014 ut
2089 4962 2351 5032 suscipias
2390 4979 2475 5018 me
2506 4965 2571 5018 ab
2602 4940 2929 5030 bomitiibus,
2958 4976 3015 5020 et
3049 4967 3242 5022 reddas
3266 4983 3353 5033 me
3376 4981 3478 5022 ma-

1908 5045 2077 5123 giStro
2107 5070 2248 5121 meo,
2274 5066 2333 5110 ut
2352 5072 2449 5125 per
2469 5066 2519 5111 te
2553 5071 2637 5112 me
2661 5058 2905 5127 recipiat,
2933 5059 3024 5127 qui
3047 5075 3145 5129 per
3176 5069 3228 5116 te
3257 5059 3487 5115 redemit

1908 5157 2018 5196 me.
2062 5140 2164 5197 Per
2203 5143 2485 5211 Iacobum,
2532 5146 2623 5214 qui
2675 5147 3062 5217 interpretatur
3097 5148 3483 5219 supplantator,

1900 5233 2109 5302 justitia
2143 5236 2479 5306 designatur,
2525 5253 2644 5305 qua:
2676 5238 3011 5306 iniquitatem
3052 5239 3402 5309 supplantare
3431 5245 3491 5293 et

1896 5328 2214 5397 aequitatem
2244 5330 2393 5383 novit
2428 5329 2671 5400 diligere.
2718 5330 2890 5397 Quam
2918 5332 2971 5385 in
2996 5331 3249 5387 omnibus
3277 5329 3489 5386 actibus

1905 5419 2106 5471 nostris
2130 5417 2330 5473 habere
2360 5420 2637 5485 debemus,
2676 5420 2816 5475 sicut
2842 5422 3101 5491 propheta
3137 5421 3306 5474 dicit:
3346 5437 3365 5468 ι
3404 5417 3487 5472 ln-

1905 5508 2098 5563 dicaho
2126 5509 2254 5573 tibi,
2292 5511 2454 5565 homo
2480 5510 2667 5581 (Mida.
2712 5510 2811 5580 vi),
2849 5532 2867 5564 ι
2902 5520 2959 5566 et
3002 5511 3227 5581 reliqua.
3255 5508 3491 5564 Joannes

1890 5599 2000 5667 ,qui
2039 5598 2424 5668 interpretatur
2458 5601 2632 5669 gratia
2669 5601 2788 5666 Dei,
2830 5601 2914 5657 vel
2946 5602 2999 5654 ut
3037 5616 3139 5667 quo
3179 5610 3254 5653 cst
3294 5598 3490 5669 gratia,

1894 5690 2321 5761 temperantiam
2362 5692 2627 5763 designat,
2678 5708 2798 5762 qua:
2838 5692 2944 5746 alio
2982 5690 3199 5747 nomine
3236 5690 3493 5747 discretio

1913 5789 2235 5859 vocaturhet
2267 5791 2350 5840 est
2382 5793 2556 5841 mater
2584 5784 2827 5840 omnium
2868 5782 3149 5839 virtutum.
3196 5782 3348 5841 Hauc
3388 5782 3494 5838 vir-
