4002 6348
588 334 693 389 755
1227 340 1577 400 HAYMONIS
1609 345 2087 406 HALBERSTAT.
2127 349 2342 407 EPISC.
2384 351 2534 408 OPP.
2574 353 2756 412 PARS
2791 355 2857 414 Π.
2891 388 2963 400 -—
2995 359 3228 421 HOMIL.
3780 368 3888 425 756

584 452 758 502 tutem
785 448 1016 505 habebat
1038 449 1126 505 ille
1145 451 1235 520 qui
1262 452 1517 511 dicebat:
1561 476 1580 509 ‹
1616 457 1856 528 Angelus
1883 471 2070 518 noster
2098 478 2158 520 es
2184 466 2231 526 Α
2262 471 2471 533 tempus
2483 466 2830 535 pariendi.‘Et
2842 467 3881 544 Salomonimplevittediﬁearedomun

583 550 653 589 an
689 535 1122 592 adversariorum
1165 539 1350 611 (Joan.
1379 544 1479 615 v)?
1513 564 1533 597 ι
1574 545 1648 601 Ut
1674 549 1818 603 enim
1843 549 2002 606 homo
2024 567 2156 624 pru-
2261 554 2473 610 Domini
2505 556 2628 628 (III
2658 557 2787 631 Reg.
2817 560 2918 633 ix).
2956 535 3201 622 Mortuus
3236 576 3320 624 est
3348 579 3527 627 autem

583 627 737 692 dens,
770 627 924 684 fortis
949 635 1002 683 et
1027 638 1357 700 temperatus
1397 635 1492 702 sit,
1531 652 1637 692 non
1665 654 1693 692 a
1738 655 1797 695 se
1836 640 2019 710 habet,
2062 646 2158 701 sed
2261 644 2347 698 vel
2382 627 2522 702 alius
2554 627 2751 719 aliquis
2791 627 3030 720 patrum,
3071 670 3238 712 senex
3278 670 3333 714 et
3377 660 3571 730 plenus
3619 627 3875 720 dierum:

580 732 678 787 per
695 719 933 774 divinam
959 722 1190 789 gratiam
1216 726 1434 796 accipit.
1475 727 1610 783 Cum
1649 745 1779 802 ergo
1816 732 2075 791 Dominus
2104 737 2157 792 in
2263 731 2457 790 Merito
2498 736 2646 792 enim
2675 739 2731 793 in
2758 719 3022 810 operibus
3064 719 3394 802 sanctorum.
3426 750 3673 821 impletio
3714 770 3876 810 eom-

578 810 756 879 prima
781 826 878 866 sua
906 813 1191 871 vocatione
1217 828 1450 887 quatuor
1477 822 1768 895 discipulos
1808 842 1935 883 suos
1973 828 2156 900 elegit,
2260 837 2610 893 memoratur.
2661 831 2785 899 quia
2813 833 2977 888 etiam
3010 835 3064 891 in
3094 836 3244 892 brevi
3276 810 3518 911 tempore
3564 844 3632 898 ad
3665 860 3874 900 cumn-

578 902 635 956 in
664 902 780 972 ipso
806 920 1034 962 numero
1059 908 1214 964 nobis
1249 910 1499 981 innotuit,
1540 917 1665 986 quia
1690 918 1733 972 si
1763 917 1878 987 ejus
1912 921 2154 993 discipuli

2289 930 2369 968 um
2417 917 2766 986 perfectionis
2805 924 3149 991 perveniunt,
3201 929 3343 983 sicut
3382 902 3448 985 de
3482 947 3593 987 uno
3633 934 3869 991 illorum

577 1007 700 1049 esse
745 995 1018 1063 volumus,
1057 1000 1156 1056 has
1188 1011 1426 1072 quatuor
1474 1007 1703 1064 virtutes
1746 1010 1953 1067 habere
1998 1014 2157 1070 debe.
2258 1005 2519 1077 scriptum
2560 1017 2643 1064 est
2688 1027 2703 1064 :
2761 1028 2781 1061 ι
2834 1010 3254 1073 Consummatus
3304 1020 3358 1073 in
3410 1019 3564 1076 brevi
3614 1024 3870 1094 explevit

576 1098 698 1138 mus
726 1102 740 1139 :
774 1093 834 1140 ut
879 1087 1048 1144 simus
1075 1089 1293 1157 Petrus,
1325 1093 1522 1151 bonum
1570 1101 1933 1168 agnoscendo,
1980 1112 2042 1157 ut
2077 1105 2156 1162 vi-

2287 1108 2502 1165 empora
2549 1099 2714 1153 multa
2749 1099 2906 1173 (Sap.
2952 1102 3050 1175 1v),
3090 1124 3109 1157 ι
3151 1107 3279 1177 quia
3305 1109 3498 1177 placita
3525 1087 3713 1166 erant-
3755 1113 3867 1169 Deo

576 1175 798 1231 deamus
822 1181 1116 1247 praeterita,
1138 1187 1425 1252 praesentia
1453 1196 1508 1243 et
1539 1189 1746 1253 futura,
1770 1202 1996 1264 propter
2026 1195 2156 1251 illud

2284 1200 2419 1255 ipera
2456 1187 2620 1243 illius.
2654 1188 2725 1245 Ut
2770 1206 2900 1261 ergo
2928 1175 3241 1251 ostenderet
3265 1175 3600 1270 evangelista
3631 1215 3864 1273 quanta

575 1268 719 1336 quod
748 1269 1009 1327 Dominus
1034 1273 1308 1342 admonet,
1337 1278 1522 1357 dicens
1550 1299 1563 1335 ε
1606 1302 1626 1335 ι
1657 1282 1841 1340 Estote
1860 1287 2155 1355 prudentes

2280 1276 2609 1336 terfectionis
2628 1295 2931 1349 prmcursor
2958 1285 3169 1342 Domini
3206 1268 3427 1345 futurus
3453 1302 3620 1356 esset,
3648 1268 3713 1347 in
3744 1296 3860 1366 ipso

573 1358 717 1413 sicut
741 1372 1019 1430 serpentes
1041 1364 1256 1436 (Matth.
1289 1370 1366 1440 ε).
1398 1390 1417 1422 ι
1445 1371 1512 1426 Ει
1541 1373 1653 1442 ipse
1675 1373 1888 1443 Petrus,
1916 1397 1935 1430 ι
1970 1378 2153 1435 Estote

2280 1376 2379 1423 ll‘lll
2432 1371 2735 1427 nativitatis
2796 1371 2933 1441 ejus,
2991 1379 3219 1432 verbum
3272 1379 3603 1450 impletionis
3648 1358 3860 1454 ponere

572 1450 867 1518 prudentes
893 1462 948 1508 et
984 1454 1200 1526 vigilate
1239 1458 1293 1513 in
1340 1464 1676 1520 orationibus
1719 1465 1772 1537 (I
1814 1466 1959 1522 Petr.
1991 1468 2089 1540 ιν).
2130 1489 2148 1522 ι
2257 1472 2433 1517 ratum
2502 1464 2673 1518 duxit-
2742 1462 2814 1519 At
2868 1475 3058 1521 contra
3121 1469 3237 1525 dies
3292 1471 3583 1542 impiorum
3661 1475 3860 1531 inanes

570 1541 836 1608 Andreas,
887 1544 1137 1613 viriliter,
1176 1551 1318 1619 quod
1367 1550 1570 1609 bonum
1621 1559 2018 1627 cognoscimus,
2056 1577 2150 1631 per

2274 1562 2312 1608 at
2338 1553 2516 1619 vacui,
2569 1553 2662 1624 qui
2703 1553 2830 1610 licet
2877 1555 3037 1628 longo
3083 1566 3327 1631 tempore
3370 1541 3617 1619 feliciter
3641 1566 3854 1635 vivunt,

570 1633 941 1691 fertitudinem
985 1640 1234 1707 tenendo,
1267 1642 1409 1698 sicut
1435 1646 1659 1717 angelus
1697 1649 1951 1706 admonet
1989 1652 2153 1707 Joan-
2259 1661 2534 1716 nunquam
2590 1654 2773 1704 tamen
2838 1648 2906 1704 ad
2975 1650 3251 1706 cumulum
3318 1652 3673 1722 perfectionis
3735 1673 3857 1728 per-

569 1741 696 1781 nem
726 1726 779 1781 in
804 1728 1148 1800 Apocalypsi,
1185 1732 1403 1789 dicens:
1433 1754 1452 1787 ι
1488 1735 1674 1793 Estote
1714 1737 1883 1795 fortes
1910 1740 1961 1795 in
1988 1740 2148 1810 bello,
2254 1738 2499 1793 veniunt.
2544 1730 2625 1795 De
2686 1740 2884 1811 quibus
2929 1741 3217 1799 Psalmista
3265 1745 3344 1799 ait
3384 1764 3399 1800 :
3455 1764 3476 1798 ι
3539 1747 3664 1803 Viri
3738 1726 3851 1806 san-

572 1823 632 1870 et
662 1826 897 1886 pugnate
946 1833 1069 1874 cum
1111 1821 1333 1903 antiquo
1377 1835 1629 1893 serpente
1667 1826 1796 1898 (Tit.
1845 1828 1928 1896 Il),
1981 1850 2000 1884 ›
2037 1841 2144 1887 etc.
2176 1814 2225 1875 Β
2251 1826 2473 1898 suillum
2512 1840 2569 1885 et
2606 1829 2775 1885 dOIOSi
2806 1847 2913 1886 non
2942 1831 3300 1889 dimidiam“!
3339 1834 3457 1891 dies
3505 1852 3641 1894 8008
3671 1838 3849 1905 (Ρωιο

569 1903 824 1973 Jacobus,
849 1907 977 1964 vitia
1005 1926 1127 1965 cum
1154 1899 1366 1982 justitia
1396 1916 1812 1987 supplantando,
1854 1931 1914 1976 ut
1952 1923 2008 1977 in
2033 1938 2149 1978 om-
2251 1919 2385 2000 inv).
2443 1939 2463 1971 ι
2494 1921 2578 1975 Et
2625 1921 2768 1978 sicut
2821 1924 2890 1978 de
2932 1939 3122 1980 eorum
3171 1927 3415 1997 principe
3467 1944 3568 2000 per
3629 1933 3845 1990 beatum

564 1997 725 2052 nibus
738 2001 948 2056 actibus
965 1999 1232 2069 justitiam
1257 2013 1560 2071 teneamus.
1581 2011 1808 2068 sicutait
1828 2013 2144 2086 Apostolus:
2250 1998 2351 2067 30b
2371 2012 2570 2067 dieitur
2606 2031 2620 2067 ε
2651 2031 2669 2064 ι
2703 2014 3009 2084 Antequam
3030 2016 3148 2072 dies
3173 2017 3291 2088 eius
3316 2018 3673 2091 impleantur.
3697 2028 3843 2096 μετί-

572 2107 593 2140 ‹
623 2089 840 2146 Justeet
866 2093 954 2163 pie
976 2094 1220 2153 vivamus
1241 2100 1259 2167 (
1278 2098 1379 2154 Tit.
1397 2101 1492 2175 ιι).
1526 2122 1545 2155 ι
1573 2103 1641 2158 Ει
1668 2103 1952 2162 Salomon:
1982 2127 2000 2159 ι
2023 2107 2148 2164 Diti.
2255 2101 2335 2159 hit
2365 2119 2383 2159 :
2413 2112 2468 2158 et
2495 2111 2553 2159 ut
2588 2104 2876 2161 incaluerit
2901 2104 3011 2171 sol,
3041 2106 3282 2162 solvetur
3320 2089 3549 2167 deloco
3579 2128 3674 2169 suo
3697 2089 3839 2186 ’(Ιυι

564 2181 676 2252 gite
707 2183 974 2253 justitiam
1009 2188 1103 2257 qui
1126 2188 1384 2259 judicatis
1432 2201 1630 2249 terram
1659 2193 1810 2266 (Sap.
1838 2197 1900 2268 ι).
1928 2216 1947 2249 ι
1980 2196 2145 2254 Joan-
2248 2194 2347 2266 vt).
2392 2213 2412 2249 ›
2453 2193 2662 2251 Horum
2708 2196 3069 2252 umbraticam
3109 2197 3426 2256 felicitatem
3475 2203 3599 2260 sine
3635 2181 3835 2275 periec-

562 2293 664 2335 nes
695 2281 919 2351 gratiam
951 2280 1047 2336 Dei
1076 2283 1444 2354 adipiscendo.
1479 2287 1690 2343 Etcum
1721 2289 1838 2360 ipso
1864 2291 2147 2348 discretio.
2250 2286 2395 2341 tione
2422 2287 2714 2343 transitura
2746 2288 3064 2359 despexerat
3092 2289 3406 2359 Psalmista,
3436 2308 3563 2349 cum
3590 2298 3833 2354 dicebat:

562 2385 686 2426 nem
716 2372 1031 2457 habeamus,
1079 2384 1139 2430 ut
1169 2376 1311 2432 inter
1339 2378 1540 2453 bonum
1583 2364 1895 2451 malumque
1939 2383 2143 2440 discer-
2253 2398 2272 2429 ε
2310 2379 2427 2434 Vidi
2458 2378 2680 2450 impium
2710 2380 3165 2451 superexaltatum
3196 2381 3367 2455 (Psal.
3395 2385 3617 2458 xum),
3652 2406 3673 2439 ι
3705 2397 3803 2443 etc.

562 2448 777 2525 nentes,
822 2463 1024 2519 bonum
1074 2473 1356 2523 teneamus
1400 2450 1457 2523 et
1500 2469 1700 2524 malum
1751 2448 2144 2543 relinquamus,
2322 2489 2340 2521 ‹
2384 2469 2453 2524 Et
2477 2470 2765 2526 audierunt
2790 2469 3086 2540 viciniejus
3112 2473 3240 2542 quia
3266 2474 3645 2545 magniﬁcavit
3664 2479 3834 2535 Domi-

558 2560 783 2622 pr0pter
805 2552 934 2609 illud
952 2554 1195 2625 Apostoli
1220 2573 1235 2609 :
1270 2574 1289 2608 ι
1316 2555 1510 2613 Omnia
1536 2568 1714 2615 autem
1737 2562 1979 2630 probate,
2002 2564 2146 2633 quod
2253 2579 2270 2611 ε
2318 2576 2421 2616 nus
2450 2561 2878 2618 misericordiam
2898 2578 3069 2618 suam
3104 2579 3230 2621 cum
3271 2566 3381 2630 illa,
3410 2575 3468 2623 et
3495 2573 3833 2641 congratula-

564 2643 767 2699 bonum
795 2654 881 2701 est
921 2647 1197 2719 tenete(]
1231 2649 1410 2705 Thess.
1454 2650 1538 2723 ιι).
1573 2673 1593 2704 ι
1633 2652 1786 2719 Quod
1828 2671 1950 2711 eum
1982 2655 2146 2712 fueri-
2253 2666 2271 2699 ί
2317 2649 2518 2705 bantur
2556 2652 2627 2706 εἰ·
2693 2671 2710 2704 ³
2768 2651 3075 2709 Concord“
3109 2645 3292 2710 autem
3340 2657 3457 2713 hac
3495 2664 3836 2733 evangelista

558 2747 703 2800 mus,
726 2734 1045 2794 habebimus
1070 2739 1124 2794 in
1146 2742 1407 2813 quadriga
1437 2743 1729 2801 Cherubim
1752 2746 1944 2803 faciem
1973 2749 2144 2805 homi-
2244 2743 2489 2821 narratio
2509 2759 2632 2799 cum
2652 2745 2933 2815 [immissa
2961 2747 3319 2817 promiSSione
3343 2753 3685 2824 evangelica.
3708 2756 3831 2811 Cum

556 2821 646 2877 nis
683 2838 783 2892 per
810 2827 1172 2895 prudentiam,
1214 2829 1384 2887 leonis
1430 2846 1528 2902 per
1555 2833 1948 2902 fortitudinem,
1988 2838 2142 2894 vituli
2243 2833 2389 2888 enim
2441 2834 2663 2906 angelus
2710 2836 2993 2892 Zachariae
3041 2839 3375 2895 nasciturum
3408 2821 3827 2917 Joannempro-

554 2925 654 2980 per
675 2914 967 2983 justitiam,
1018 2919 1210 2988 aquilae
1253 2922 1349 2992 per
1385 2923 1789 2981 discretionem.
1840 2926 2141 2999 Allegorice
2243 2925 2503 2994 mitteret,
2556 2927 2696 2983 inter
2734 2939 2933 2984 cetera
2964 2931 3043 2986 ait
3082 2950 3095 2986 :
3150 2950 3169 2984 ι
3212 2933 3281 2988 Ει
3317 2936 3424 2990 erit
3459 2937 3563 2994 tibi
3591 2914 3826 3010 gaudium

555 3016 738 3062 autem
759 3022 857 3078 per
875 3009 976 3065 hos
996 3018 1232 3080 quatuor
1253 3013 1561 3085 discipulos,
1590 3024 1651 3071 ut
1687 3017 1907 3087 quidam
1930 3020 2135 3088 dicunt,
2242 3025 2297 3073 et
2334 3018 2612 3085 exaltatio,
2654 3028 2710 3074 et
2746 3021 2900 3077 multi
2942 3022 2996 3077 in
3037 3024 3325 3081 nativitate
3364 3028 3486 3098 ejus
3527 3009 3827 3102 gaudebunt

551 3095 664 3154 duo
688 3100 872 3191 populi
899 3100 1219 3173 ﬁgurantur.
1255 3102 1451 3162 Petrus
1473 3107 1641 3174 enim,
1675 3108 1768 3185 qui
1804 3109 2137 3181 interpreta-
2166 3166 2209 3192 η
2246 3109 2398 3181 (Luc.
2442 3109 2504 3182 ι).
2558 3131 2577 3163 ι
2632 3112 2786 3168 Nunc
2844 3122 3024 3170 autem
3074 3126 3204 3173 nato
3250 3095 3453 3189 puero,
3507 3122 3824 3192 evangelista

551 3201 646 3247 tur
691 3178 996 3264 agnoscens,
1026 3196 1280 3267 populum
1308 3196 1618 3254 Judteorum
1643 3178 1934 3271 signiﬁcat,
1954 3178 2134 3273 quiin
2165 3178 2210 3231 υ
2244 3178 2506 3273 adjungit,
2561 3203 2747 3259 dicens
2781 3224 2793 3259 :
2839 3223 2857 3256 ι
2915 3205 2982 3260 Ει
3023 3178 3309 3264 audierunt
3344 3178 3511 3266 vicini
3542 3222 3601 3268 et

552 3285 890 3341 caeremoniis
915 3287 1266 3343 observandis
1299 3290 1467 3345 Deum
1509 3292 1777 3362 cognovit.
1808 3292 1867 3347 ld
1894 3292 2036 3349 idem
2063 3294 2138 3350 si-
2240 3289 2378 3358 ejus,
2425 3312 2444 3344 ›
2503 3300 2560 3348 et
2609 3293 2835 3363 reliqua.
2876 3294 3067 3352 Merito
3121 3299 3268 3354 enim
3322 3299 3488 3356 vicini
3534 3311 3596 3358 et
3621 3304 3816 3373 cognati

549 3374 771 3442 gniﬁcat
813 3375 1062 3439 Jacobus,
1101 3379 1193 3449 qui
1233 3380 1489 3450 gentilem
1538 3380 1762 3437 fratrem
1802 3397 1959 3439 suum
1988 3384 2137 3454 prius
2238 3379 2519 3438 Elizabeth
2542 3384 3078 3454 congratulabantur,
3110 3404 3216 3444 non
3254 3390 3429 3447 solum
3453 3393 3606 3462 quod
3631 3395 3686 3450 in
3708 3411 3811 3466 pro-

549 3472 820 3527 ercdcndo
867 3472 1246 3542 supplantavit.
1300 3473 1563 3541 Andreas,
1618 3475 1710 3544 qui
1753 3475 2138 3554 interpretatur
2238 3483 2391 3529 vecta
2419 3484 2578 3530 aetate
2603 3476 2770 3533 ﬁlium
2798 3479 3091 3549 genuisset,
3114 3482 3209 3536 sed
3229 3483 3392 3538 etiam
3427 3485 3562 3554 quia
3588 3487 3660 3542 ad
3684 3488 3806 3543 sini-

545 3560 745 3627 eirilis,
784 3562 1037 3632 populum
1080 3561 1321 3633 gentium
1376 3562 1672 3634 signiﬁcat,
1715 3564 1809 3633 qui
1848 3574 2134 3635 postquam
2236 3563 2518 3620 litudinem
2565 3564 2715 3622 Sara:
2759 3575 2814 3622 et
2840 3568 3010 3625 Anna:
3052 3586 3151 3641 per
3193 3574 3682 3642 repromissionem
3706 3594 3812 3634 eum

545 3651 718 3707 Deum
742 3653 993 3717 credidit,
1023 3652 1253 3707 viriliter
1276 3653 1330 3708 in
1361 3653 1465 3709 ﬁde
1506 3656 1826 3724 permansit.
1869 3656 2132 3712 Eumdem
2237 3657 2556 3727 accepisset.
2600 3659 2755 3727 Quod
2803 3663 3054 3732 superius
3080 3666 3415 3735 evangelista
3450 3668 3518 3723 de
3560 3666 3816 3724 Zacharia

544 3742 817 3813 significat
843 3741 1105 3811 Joannes,
1128 3744 1219 3814 qui
1248 3744 1637 3815 interpretatur
1661 3747 1833 3816 gratia
1856 3745 1977 3813 Dei,
1999 3749 2127 3818 quia
2236 3756 2294 3803 et
2337 3747 2616 3804 Elizaheth
2670 3751 2988 3820 protulerat.
3019 3752 3120 3821 Qui
3169 3765 3327 3812 erant
3353 3757 3514 3813 ambo
3535 3757 3661 3827 justi
3685 3765 3817 3812 ante

545 3834 775 3903 gentilis.
813 3834 1058 3905 populus,
1123 3834 1300 3905 gratia
1354 3835 1450 3889 Dei
1507 3836 1882 3904 subveniente,
1931 3837 2130 3896 salvari
2232 3838 2426 3905 Deum,
2455 3840 2768 3897 incedentes
2815 3842 2870 3897 in
2898 3844 3150 3901 omnibus
3187 3847 3460 3903 mandatis
3484 3856 3541 3902 et
3561 3846 3817 3917 justiﬁes-

542 3930 763 3995 meruit,
797 3945 903 3985 non
950 3930 1061 3985 suis
1110 3928 1344 3994 meritis,
1390 3930 1486 3986 sed
1534 3930 1674 3986 sicut
1723 3932 1920 3989 Paulus
1945 3934 2077 3989 dicit
2110 3953 2124 3989 :
2232 3932 2470 3988 tionibus
2517 3933 2731 3990 Domini
2762 3935 2880 3992 sine
2919 3938 3161 4007 querela,
3195 3938 3295 3995 hoc
3336 3954 3485 4015 nunc
3512 3940 3575 3995 in
3601 3940 3806 3997 illorum

549 4037 570 4070 ι
599 4018 784 4073 Gratia
813 4019 908 4074 Dei
941 4019 1103 4075 salva:
1152 4019 1308 4075 facta:
1337 4027 1463 4077 sunt
1505 4030 1695 4092 gentes
1729 4022 1946 4094 (Ephes.
1980 4026 2063 4096 ιι).
2103 4043 2122 4076 ι
2230 4024 2484 4094 operibus
2514 4025 2877 4095 demonstrat,
2904 4043 3028 4083 cum
3059 4029 3176 4085 ait:

543 4109 825 4165 Imitemur
872 4126 1002 4182 ergo
1047 4111 1146 4168 hos
1186 4112 1279 4168 Dei
1322 4114 1616 4184 apostolos,
1661 4124 1722 4170 ut
1767 4131 1866 4186 per
1894 4117 2129 4188 gratiam
2306 4135 2325 4169 ι
2362 4117 2431 4174 Et
2459 4117 2661 4173 factum
2689 4128 2773 4175 est
2806 4120 2863 4174 in
2890 4121 2979 4176 die
3006 4129 3216 4185 octavo,
3241 4131 3511 4179 venerunt
3531 4124 3806 4180 circumci-

541 4205 712 4276 ipsius
769 4221 1077 4263 mereamur
1135 4208 1372 4276 salvari,
1421 4212 1873 4281 quemadmodum
1921 4221 1975 4267 et
2024 4212 2121 4268 illi.
2233 4225 2255 4260 ε
2296 4207 2426 4264 dere
2452 4224 2702 4278 puerum,
2733 4218 2791 4266 ει
2817 4211 3082 4266 vocabant
3112 4226 3237 4267 eum
3272 4213 3497 4269 nomine
3532 4215 3712 4283 Patris
3736 4214 3811 4269 sui

530 4299 693 4366 Quod
719 4299 833 4370 ipse
875 4311 1135 4370 praestare
1177 4302 1449 4373 dignetur,
1480 4303 1571 4372 qui
1603 4303 1720 4361 sine
1762 4302 1869 4358 ﬁne
1895 4304 2029 4358 vivit
2068 4313 2129 4359 et
2234 4320 2252 4353 ι
2296 4300 2637 4357 Zachariam.
2687 4323 2705 4355 ι
2741 4303 3076 4374 Praeceptum
3109 4307 3312 4361 eratin
3356 4306 3497 4376 lege,
3540 4316 3605 4363 ut
3642 4308 3810 4363 infans

541 4403 749 4463 regnat,
783 4402 891 4449 etc.
2227 4408 2418 4450 recens
2439 4403 2617 4460 natus,
2649 4402 2844 4450 octavo
2870 4396 2958 4451 die
2984 4396 3493 4465 circumcideretur,
3513 4398 3613 4454 ubi
3636 4399 3809 4455 decla-

1128 4484 1411 4541 HOMILIA
1457 4486 1522 4541 ﬂ.
2144 4516 2201 4576 Β
2228 4494 2398 4553 ratur,
2428 4502 2549 4543 cum
2575 4495 2778 4557 quanto
2825 4489 3003 4545 studio
3050 4488 3155 4543 alia
3192 4499 3463 4562 praecepta
3499 4491 3807 4563 legaliaob-

706 4590 760 4629 IN
800 4590 1131 4631 NA'I'WITATE
1169 4590 1357 4630 SANC'I‘I
1392 4591 1610 4632 JOANNIS
1648 4593 1946 4634 nsrnsr/s.
2225 4580 2532 4644 servabant,
2556 4579 2647 4648 qui
2688 4579 2854 4634 etiam
2884 4580 2936 4635 in
2965 4580 3125 4651 hujus
3152 4583 3394 4639 mandati
3421 4587 3679 4642 custodia
3703 4597 3809 4643 tam

604 4663 760 4733 (Luc.
803 4665 868 4738 ι.)
919 4685 938 4717 ι
966 4665 1044 4719 ιιι-
1074 4665 1165 4719 illo
1207 4673 1484 4735 tempore:
1524 4666 1801 4723 Elizabeth
1838 4669 2123 4740 impletum
2223 4668 2451 4724 studiosi
2494 4679 2669 4724 erant.
2715 4669 2783 4724 Hi
2811 4679 2992 4727 autem
3026 4672 3119 4742 qui
3165 4685 3541 4730 convenerant
3567 4678 3809 4733 vicinict

539 4772 560 4805 ι
598 4763 682 4810 est
720 4763 930 4826 tempus
954 4757 1223 4826 pariendi,
1256 4766 1311 4812 et
1341 4758 1554 4828 peperit
1594 4759 1783 4815 ﬁlium.
1832 4759 1900 4815 Et
1927 4761 2114 4818 audie-
2222 4758 2455 4829 cognati,
2502 4760 2767 4814 vocabant
2822 4775 2945 4816 eum
2995 4762 3214 4818 nomine
3265 4765 3436 4834 patris
3483 4767 3569 4827 sui
3602 4767 3807 4825 Zacha-

539 4867 560 4899 ς
592 4857 716 4903 runt
739 4849 900 4905 vicini
928 4857 986 4906 et
1023 4850 1233 4920 cognati
1274 4849 1410 4919 ejus.
1462 4870 1485 4903 ι
1510 4851 1578 4906 Et
1602 4852 1827 4923 reliqua.
1872 4852 1990 4909 Non
2018 4869 2109 4909 so-
2220 4850 2379 4915 riam,
2412 4858 2475 4904 ut
2495 4849 2732 4920 dignitas
2756 4866 2877 4921 qua:
2906 4852 2960 4908 in
3006 4861 3166 4923 patre
3193 4869 3324 4910 sene
3367 4862 3422 4911 et
3461 4867 3625 4913 muto
3666 4860 3807 4917 vide-

532 4938 645 4992 lum
670 4953 833 5008 opera
860 4948 917 4994 et
937 4938 1171 4994 virtutes
1188 4947 1494 4994 sanctorum
1519 4942 1692 5012 plena:
1722 4951 1848 4997 sunt
1870 4943 2109 4997 admira-
2216 4940 2379 4995 batur
2404 4940 2622 5007 amissa,
2652 4942 2708 4997 in
2737 4942 2847 4998 ﬁlio
2869 4953 3297 5014 recuperaretur.
3322 4945 3475 5014 Quod
3504 4959 3698 5007 autem
3722 4952 3804 5007 die

535 5029 793 5094 tionibus,
826 5031 920 5085 sed
948 5030 1114 5085 etiam
1135 5033 1249 5101 ipsa
1271 5030 1465 5099 verba,
1484 5034 1685 5105 quibus
1699 5035 1767 5090 ad
1794 5029 2111 5090 memoriam
2217 5032 2646 5089 eireumcisionis
2695 5035 2913 5090 nomina
2942 5037 3126 5106 pueris
3172 5037 3616 5108 imponebantur,
3643 5058 3715 5099 ex
3743 5057 3803 5098 eo

529 5131 871 5194 posterorum
922 5122 1252 5190 scribuntur,
1300 5124 1589 5195 aliquando
1633 5142 1663 5180 a
1706 5128 1981 5198 mysteriis
2022 5143 2113 5183 va-
2214 5124 2268 5179 in
2294 5125 2671 5181 auctoritatem
2696 5126 2966 5182 credimus
2989 5128 3219 5191 venisse,
3244 5130 3388 5200 quod
3410 5129 3609 5211 beatus
3634 5133 3803 5189 Abra-

532 5230 633 5269 cua
665 5230 771 5270 non
800 5222 946 5271 sunt.
978 5213 1133 5282 Quod
1157 5215 1212 5270 in
1236 5218 1461 5274 exordio
1482 5219 1642 5288 hujus
1663 5217 1910 5273 lectionis
1938 5234 2107 5274 evan-
2212 5216 2339 5270 ham
2374 5216 2682 5286 patriarcha
2711 5232 2833 5270 eum
2858 5217 3139 5288 signaculo
3184 5221 3647 5289 circumcisionis,
3676 5241 3801 5296 aug-

529 5308 722 5381 gelista
752 5309 1040 5364 ostendere
1088 5310 1275 5376 voluit,
1316 5327 1439 5367 cum
1489 5311 1845 5382 praecursoris
1891 5311 2103 5367 Domini
2197 5318 2448 5365 mentum
2475 5308 2562 5364 vel
2592 5308 3017 5365 immutationem
3053 5313 3352 5380 promeruit
3377 5312 3617 5369 nominis
3645 5313 3805 5386 (Gen.

528 5400 863 5456 nativitatem
889 5399 1277 5472 descripturus,
1302 5403 1417 5458 ait:
1451 5422 1472 5454 ο
1504 5402 1780 5457 Elizabeth
1823 5392 2100 5472 impletum
2206 5401 2361 5471 xvn).

525 5502 610 5549 est
637 5500 846 5564 tempus
865 5494 1133 5564 pariendi,
1155 5503 1211 5551 et
1229 5496 1439 5566 peperit
1463 5493 1655 5549 ﬁlium.
1692 5514 1712 5545 ι
1744 5494 1975 5551 Verbum
2000 5494 2101 5549 im-
2282 5513 2301 5544 ι
2349 5493 2415 5548 Ει
2459 5494 2791 5562 respondens
2834 5504 3009 5548 mater
3029 5506 3165 5561 ejus,
3193 5492 3333 5548 dixit
3363 5511 3379 5547 :
3410 5492 3797 5566 Nequaquam,

522 5584 774 5652 pletionis
814 5584 1090 5657 Scriptura
1130 5602 1286 5642 sacra
1328 5585 1381 5640 in
1420 5585 1683 5641 bonorum
1724 5594 1932 5641 tantum
1957 5595 2105 5651 ortu,
2215 5604 2235 5638 α
2277 5586 2371 5641 sed
2399 5585 2683 5641 vocabitur
2710 5583 2966 5641 Joannes.
3003 5604 3021 5636 ι
3057 5583 3181 5641 Haec
3211 5584 3357 5641 enim
3380 5599 3412 5638 a
3440 5584 3647 5640 marito
3680 5590 3794 5639 non

524 5686 645 5731 actu
659 5678 744 5732 vel
778 5680 924 5736 obitu
949 5696 1151 5751 ponere
1175 5679 1475 5735 consuevit.
1493 5679 1735 5751 Denique
1758 5679 1960 5750 impleti
1984 5688 2111 5735 sunt
2212 5679 2488 5741 didicerat,
2538 5679 2737 5749 quippe
2762 5679 2853 5748 qui
2878 5694 2945 5734 ex
2986 5693 3074 5745 eo,
3096 5680 3241 5750 quod
3285 5677 3387 5734 sibi
3435 5676 3606 5731 ﬁlium
3638 5675 3794 5732 nasci

523 5769 634 5825 dies
666 5771 840 5827 Maria:
868 5788 1061 5842 parere
1094 5771 1280 5827 tilium.
1322 5770 1389 5826 Et
1421 5771 1698 5829 Elizabcth
1730 5771 2006 5843 impletum
2029 5778 2113 5829 est
2214 5788 2319 5829 non
2347 5772 2668 5839 crediderat,
2695 5778 2875 5827 mutus
2901 5771 3292 5841 permanebat:
3328 5770 3422 5827 sed
3442 5768 3573 5839 quia
3601 5766 3697 5824 ille
3727 5765 3796 5821 ab
