  <div class='ocr_page' id='page_1' title='image "/cluster/home/n/w/nwhite01/storage/ocr_20150623/118/hvd.32044015466907/384.png"; bbox 0 0 4002 6348; ppageno 0'>
   <div class='ocr_carea' id='block_1_1' title="bbox 208 358 307 413">
    <p class='ocr_par' dir='ltr' id='par_1_1' title="bbox 208 358 307 413">
     <span class='ocr_line' id='line_1_1' title="bbox 208 358 307 413; baseline 0 -1"><span class='ocrx_word' id='word_1_1' title='bbox 208 358 307 413; x_wconf 78' lang='grc' dir='ltr'><strong>ῖ57</strong></span> 
     </span>
    </p>
   </div>
   <div class='ocr_carea' id='block_1_2' title="bbox 1419 336 2188 403">
    <p class='ocr_par' dir='ltr' id='par_1_2' title="bbox 1419 336 2188 403">
     <span class='ocr_line' id='line_1_2' title="bbox 1419 336 2188 403; baseline -0.016 0"><span class='ocrx_word' id='word_1_2' title='bbox 1419 343 1719 403; x_wconf 51' lang='grc' dir='ltr'><strong>ΗΟΜΞιΙβΕ</strong></span> <span class='ocrx_word' id='word_1_3' title='bbox 1761 340 1846 395; x_wconf 85' lang='lat' dir='ltr'><strong>DE</strong></span> <span class='ocrx_word' id='word_1_4' title='bbox 1884 336 2188 395; x_wconf 80' lang='lat' dir='ltr'><strong>SANCTIS.</strong></span> 
     </span>
    </p>
   </div>
   <div class='ocr_carea' id='block_1_3' title="bbox 3244 290 3445 388">
    <p class='ocr_par' dir='ltr' id='par_1_3' title="bbox 3244 290 3445 388">
     <span class='ocr_line' id='line_1_3' title="bbox 3244 290 3445 388; baseline 0.03 -6"><span class='ocrx_word' id='word_1_5' title='bbox 3244 290 3445 388; x_wconf 27' lang='lat'><strong>.758</strong></span> 
     </span>
    </p>
   </div>
   <div class='ocr_carea' id='block_1_4' title="bbox 203 441 3447 543">
    <p class='ocr_par' dir='ltr' id='par_1_4' title="bbox 203 441 3447 543">
     <span class='ocr_line' id='line_1_4' title="bbox 203 441 3447 543; baseline -0.009 -16"><span class='ocrx_word' id='word_1_6' title='bbox 203 471 416 543; x_wconf 90' lang='lat' dir='ltr'><strong>angelo,</strong></span> <span class='ocrx_word' id='word_1_7' title='bbox 449 469 553 524; x_wconf 90' lang='lat' dir='ltr'><strong>ista</strong></span> <span class='ocrx_word' id='word_1_8' title='bbox 576 467 840 524; x_wconf 87' lang='lat' dir='ltr'><strong>didicerat</strong></span> <span class='ocrx_word' id='word_1_9' title='bbox 864 480 895 519; x_wconf 89' lang='lat' dir='ltr'><strong>a</strong></span> <span class='ocrx_word' id='word_1_10' title='bbox 916 464 1119 534; x_wconf 92' lang='lat' dir='ltr'><strong>Spiritu</strong></span> <span class='ocrx_word' id='word_1_11' title='bbox 1142 468 1348 516; x_wconf 85' lang='lat' dir='ltr'><strong>sancto.</strong></span> <span class='ocrx_word' id='word_1_12' title='bbox 1372 456 1607 514; x_wconf 87' lang='lat' dir='ltr'><strong>Decebat</strong></span> <span class='ocrx_word' id='word_1_13' title='bbox 1629 453 1773 509; x_wconf 91' lang='lat' dir='ltr'><strong>enim</strong></span> <span class='ocrx_word' id='word_1_14' title='bbox 1799 454 1852 514; x_wconf 74' lang='grc' dir='ltr'>Α</span> <span class='ocrx_word' id='word_1_15' title='bbox 1876 449 2214 543; x_wconf 79' lang='lat' dir='ltr'><strong>ncdicebant,</strong></span> <span class='ocrx_word' id='word_1_16' title='bbox 2239 448 2334 503; x_wconf 85' lang='lat' dir='ltr'><strong>sed</strong></span> <span class='ocrx_word' id='word_1_17' title='bbox 2355 448 2518 503; x_wconf 88' lang='lat' dir='ltr'><strong>etiam</strong></span> <span class='ocrx_word' id='word_1_18' title='bbox 2539 452 2844 503; x_wconf 76' lang='lat' dir='ltr'><strong>creaturam</strong></span> <span class='ocrx_word' id='word_1_19' title='bbox 2874 443 2940 497; x_wconf 90' lang='lat' dir='ltr'><strong>ad</strong></span> <span class='ocrx_word' id='word_1_20' title='bbox 2968 457 3092 497; x_wconf 89' lang='lat' dir='ltr'><strong>eum</strong></span> <span class='ocrx_word' id='word_1_21' title='bbox 3119 441 3447 497; x_wconf 86' lang='lat' dir='ltr'><strong>laudandum</strong></span> 
     </span>
    </p>
   </div>
   <div class='ocr_carea' id='block_1_5' title="bbox 204 537 2262 631">
    <p class='ocr_par' dir='ltr' id='par_1_5' title="bbox 204 537 2262 631">
     <span class='ocr_line' id='line_1_5' title="bbox 204 537 2262 631; baseline -0.014 -12"><span class='ocrx_word' id='word_1_22' title='bbox 204 537 467 619; x_wconf 39' lang='lat' dir='ltr'><strong>ut&#39;nova:</strong></span> <span class='ocrx_word' id='word_1_23' title='bbox 509 560 696 631; x_wconf 72' lang='lat' dir='ltr'><strong>gratia:</strong></span> <span class='ocrx_word' id='word_1_24' title='bbox 743 573 941 629; x_wconf 64' lang='lat' dir='ltr'><strong>prmeu,</strong></span> <span class='ocrx_word' id='word_1_25' title='bbox 981 571 1121 611; x_wconf 90' lang='lat' dir='ltr'><strong>novo</strong></span> <span class='ocrx_word' id='word_1_26' title='bbox 1161 559 1446 608; x_wconf 88' lang='lat' dir='ltr'><strong>vocaretur</strong></span> <span class='ocrx_word' id='word_1_27' title='bbox 1490 544 1772 608; x_wconf 86' lang='lat' dir='ltr'><strong>vocabulo,</strong></span> <span class='ocrx_word' id='word_1_28' title='bbox 1875 537 2262 631; x_wconf 63' lang='lat' dir='ltr'><strong>provocabat“.</strong></span> 
     </span>
    </p>
   </div>
   <div class='ocr_carea' id='block_1_6' title="bbox 204 645 1778 727">
    <p class='ocr_par' dir='ltr' id='par_1_6' title="bbox 204 645 1778 727">
     <span class='ocr_line' id='line_1_6' title="bbox 204 645 1778 727; baseline -0.014 -16"><span class='ocrx_word' id='word_1_29' title='bbox 204 655 350 727; x_wconf 85' lang='lat' dir='ltr'><strong>quod</strong></span> <span class='ocrx_word' id='word_1_30' title='bbox 380 655 430 709; x_wconf 90' lang='lat' dir='ltr'><strong>ei</strong></span> <span class='ocrx_word' id='word_1_31' title='bbox 469 651 777 722; x_wconf 70' lang='lat' dir='ltr'><strong>imponebat</strong></span> <span class='ocrx_word' id='word_1_32' title='bbox 817 649 998 705; x_wconf 88' lang='lat' dir='ltr'><strong>divina</strong></span> <span class='ocrx_word' id='word_1_33' title='bbox 1043 645 1260 711; x_wconf 93' lang='lat' dir='ltr'><strong>electio,</strong></span> <span class='ocrx_word' id='word_1_34' title='bbox 1304 659 1411 699; x_wconf 93' lang='lat' dir='ltr'><strong>non</strong></span> <span class='ocrx_word' id='word_1_35' title='bbox 1456 648 1634 696; x_wconf 81' lang='lat' dir='ltr'><strong>autem</strong></span> <span class='ocrx_word' id='word_1_36' title='bbox 1662 651 1778 691; x_wconf 89' lang='lat' dir='ltr'><strong>car-</strong></span> 
     </span>
    </p>
   </div>
   <div class='ocr_carea' id='block_1_7' title="bbox 205 742 638 815">
    <p class='ocr_par' dir='ltr' id='par_1_7' title="bbox 205 742 638 815">
     <span class='ocr_line' id='line_1_7' title="bbox 205 742 638 815; baseline -0.014 -14"><span class='ocrx_word' id='word_1_37' title='bbox 205 746 347 801; x_wconf 90' lang='lat' dir='ltr'><strong>nalis</strong></span> <span class='ocrx_word' id='word_1_38' title='bbox 372 742 638 815; x_wconf 78' lang='lat' dir='ltr'><strong>cognatio.</strong></span> 
     </span>
    </p>
   </div>
   <div class='ocr_carea' id='block_1_8' title="bbox 283 820 1779 894">
    <p class='ocr_par' dir='ltr' id='par_1_8' title="bbox 283 820 1779 894">
     <span class='ocr_line' id='line_1_8' title="bbox 283 820 1779 894; baseline -0.011 -4"><span class='ocrx_word' id='word_1_39' title='bbox 283 856 305 889; x_wconf 81' lang='grc' dir='ltr'><strong>ι</strong></span> <span class='ocrx_word' id='word_1_40' title='bbox 352 835 420 890; x_wconf 82' lang='grc' dir='ltr'>Ει</span> <span class='ocrx_word' id='word_1_41' title='bbox 449 835 701 890; x_wconf 87' lang='lat' dir='ltr'><strong>dixerunt</strong></span> <span class='ocrx_word' id='word_1_42' title='bbox 745 831 811 886; x_wconf 88' lang='lat' dir='ltr'><strong>ad</strong></span> <span class='ocrx_word' id='word_1_43' title='bbox 861 830 1007 885; x_wconf 88' lang='lat' dir='ltr'><strong>illam</strong></span> <span class='ocrx_word' id='word_1_44' title='bbox 1039 847 1055 883; x_wconf 90' lang='lat'><strong>:</strong></span> <span class='ocrx_word' id='word_1_45' title='bbox 1085 827 1221 894; x_wconf 82' lang='lat' dir='ltr'><strong>Quia</strong></span> <span class='ocrx_word' id='word_1_46' title='bbox 1265 839 1427 881; x_wconf 90' lang='lat' dir='ltr'><strong>nemo</strong></span> <span class='ocrx_word' id='word_1_47' title='bbox 1469 828 1554 878; x_wconf 91' lang='lat' dir='ltr'><strong>est</strong></span> <span class='ocrx_word' id='word_1_48' title='bbox 1598 820 1651 875; x_wconf 89' lang='lat' dir='ltr'><strong>in</strong></span> <span class='ocrx_word' id='word_1_49' title='bbox 1682 832 1779 874; x_wconf 86' lang='lat' dir='ltr'><strong>co-</strong></span> 
     </span>
    </p>
   </div>
   <div class='ocr_carea' id='block_1_9' title="bbox 211 909 1782 994">
    <p class='ocr_par' dir='ltr' id='par_1_9' title="bbox 211 909 1782 994">
     <span class='ocr_line' id='line_1_9' title="bbox 211 909 1782 994; baseline -0.01 -17"><span class='ocrx_word' id='word_1_50' title='bbox 211 945 230 977; x_wconf 80' lang='grc' dir='ltr'><strong>ι</strong></span> <span class='ocrx_word' id='word_1_51' title='bbox 272 923 530 994; x_wconf 91' lang='lat' dir='ltr'><strong>gnatione</strong></span> <span class='ocrx_word' id='word_1_52' title='bbox 563 929 674 984; x_wconf 90' lang='lat' dir='ltr'><strong>tua,</strong></span> <span class='ocrx_word' id='word_1_53' title='bbox 709 920 800 989; x_wconf 90' lang='lat' dir='ltr'><strong>qui</strong></span> <span class='ocrx_word' id='word_1_54' title='bbox 830 928 1053 974; x_wconf 83' lang='lat' dir='ltr'><strong>vocetur</strong></span> <span class='ocrx_word' id='word_1_55' title='bbox 1082 917 1187 972; x_wconf 88' lang='lat' dir='ltr'><strong>hoc</strong></span> <span class='ocrx_word' id='word_1_56' title='bbox 1212 914 1450 970; x_wconf 88' lang='lat' dir='ltr'><strong>nomine.</strong></span> <span class='ocrx_word' id='word_1_57' title='bbox 1483 909 1782 966; x_wconf 88' lang='lat' dir='ltr'><strong>lnnuebant</strong></span> 
     </span>
    </p>
   </div>
   <div class='ocr_carea' id='block_1_10' title="bbox 211 999 1784 1079">
    <p class='ocr_par' dir='ltr' id='par_1_10' title="bbox 211 999 1784 1079">
     <span class='ocr_line' id='line_1_10' title="bbox 211 999 1784 1079; baseline -0.01 -14"><span class='ocrx_word' id='word_1_58' title='bbox 211 1031 230 1064; x_wconf 81' lang='grc' dir='ltr'><strong>ι</strong></span> <span class='ocrx_word' id='word_1_59' title='bbox 275 1019 455 1065; x_wconf 88' lang='lat' dir='ltr'><strong>autem</strong></span> <span class='ocrx_word' id='word_1_60' title='bbox 481 1009 620 1079; x_wconf 89' lang='lat' dir='ltr'><strong>patri</strong></span> <span class='ocrx_word' id='word_1_61' title='bbox 643 1006 760 1076; x_wconf 87' lang='lat' dir='ltr'><strong>ejus</strong></span> <span class='ocrx_word' id='word_1_62' title='bbox 784 1021 941 1076; x_wconf 88' lang='lat' dir='ltr'><strong>quem</strong></span> <span class='ocrx_word' id='word_1_63' title='bbox 964 1005 1123 1061; x_wconf 84' lang='lat' dir='ltr'><strong>vellet</strong></span> <span class='ocrx_word' id='word_1_64' title='bbox 1142 1003 1490 1059; x_wconf 87' lang='lat' dir='ltr'><strong>vocari‘eum.</strong></span> <span class='ocrx_word' id='word_1_65' title='bbox 1514 999 1583 1054; x_wconf 90' lang='lat' dir='ltr'><strong>Et</strong></span> <span class='ocrx_word' id='word_1_66' title='bbox 1601 1003 1784 1069; x_wconf 87' lang='lat' dir='ltr'><strong>postu-</strong></span> 
     </span>
    </p>
   </div>
   <div class='ocr_carea' id='block_1_11' title="bbox 210 1092 1784 1171">
    <p class='ocr_par' dir='ltr' id='par_1_11' title="bbox 210 1092 1784 1171">
     <span class='ocr_line' id='line_1_11' title="bbox 210 1092 1784 1171; baseline -0.006 -18"><span class='ocrx_word' id='word_1_67' title='bbox 210 1122 230 1153; x_wconf 75' lang='grc' dir='ltr'><strong>ι</strong></span> <span class='ocrx_word' id='word_1_68' title='bbox 278 1102 396 1156; x_wconf 91' lang='lat' dir='ltr'><strong>lans</strong></span> <span class='ocrx_word' id='word_1_69' title='bbox 425 1099 761 1171; x_wconf 80' lang='lat' dir='ltr'><strong>pugillarem,</strong></span> <span class='ocrx_word' id='word_1_70' title='bbox 792 1097 1010 1167; x_wconf 81' lang='lat' dir='ltr'><strong>scripsit</strong></span> <span class='ocrx_word' id='word_1_71' title='bbox 1032 1095 1217 1151; x_wconf 87' lang='lat' dir='ltr'><strong>dicens</strong></span> <span class='ocrx_word' id='word_1_72' title='bbox 1247 1111 1262 1148; x_wconf 89' lang='lat'><strong>:</strong></span> <span class='ocrx_word' id='word_1_73' title='bbox 1293 1092 1529 1148; x_wconf 90' lang='lat' dir='ltr'><strong>Joannes</strong></span> <span class='ocrx_word' id='word_1_74' title='bbox 1564 1098 1649 1145; x_wconf 86' lang='lat' dir='ltr'><strong>est</strong></span> <span class='ocrx_word' id='word_1_75' title='bbox 1682 1102 1784 1144; x_wconf 89' lang='lat' dir='ltr'><strong>no-</strong></span> 
     </span>
    </p>
   </div>
   <div class='ocr_carea' id='block_1_12' title="bbox 212 1178 1785 1261">
    <p class='ocr_par' dir='ltr' id='par_1_12' title="bbox 212 1178 1785 1261">
     <span class='ocr_line' id='line_1_12' title="bbox 212 1178 1785 1261; baseline -0.008 -17"><span class='ocrx_word' id='word_1_76' title='bbox 212 1212 230 1244; x_wconf 81' lang='grc' dir='ltr'><strong>ι</strong></span> <span class='ocrx_word' id='word_1_77' title='bbox 270 1208 394 1249; x_wconf 90' lang='lat' dir='ltr'><strong>men</strong></span> <span class='ocrx_word' id='word_1_78' title='bbox 423 1191 558 1261; x_wconf 83' lang='lat' dir='ltr'><strong>ejus.</strong></span> <span class='ocrx_word' id='word_1_79' title='bbox 598 1209 619 1241; x_wconf 70' lang='grc' dir='ltr'><strong>ι</strong></span> <span class='ocrx_word' id='word_1_80' title='bbox 651 1188 716 1244; x_wconf 78' lang='lat' dir='ltr'><strong>lli</strong></span> <span class='ocrx_word' id='word_1_81' title='bbox 750 1189 842 1258; x_wconf 87' lang='lat' dir='ltr'><strong>qui</strong></span> <span class='ocrx_word' id='word_1_82' title='bbox 884 1193 1248 1243; x_wconf 81' lang='lat' dir='ltr'><strong>convenerant</strong></span> <span class='ocrx_word' id='word_1_83' title='bbox 1278 1183 1441 1239; x_wconf 91' lang='lat' dir='ltr'><strong>vicini</strong></span> <span class='ocrx_word' id='word_1_84' title='bbox 1467 1190 1523 1237; x_wconf 91' lang='lat' dir='ltr'><strong>et</strong></span> <span class='ocrx_word' id='word_1_85' title='bbox 1549 1178 1785 1250; x_wconf 77' lang='lat' dir='ltr'><strong>cognati,</strong></span> 
     </span>
    </p>
   </div>
   <div class='ocr_carea' id='block_1_13' title="bbox 207 1274 1789 1352">
    <p class='ocr_par' dir='ltr' id='par_1_13' title="bbox 207 1274 1789 1352">
     <span class='ocr_line' id='line_1_13' title="bbox 207 1274 1789 1352; baseline -0.01 -15"><span class='ocrx_word' id='word_1_86' title='bbox 207 1283 336 1352; x_wconf 86' lang='lat' dir='ltr'><strong>quia</strong></span> <span class='ocrx_word' id='word_1_87' title='bbox 362 1296 558 1336; x_wconf 88' lang='lat' dir='ltr'><strong>nomen</strong></span> <span class='ocrx_word' id='word_1_88' title='bbox 581 1279 751 1350; x_wconf 82' lang='lat' dir='ltr'><strong>patris</strong></span> <span class='ocrx_word' id='word_1_89' title='bbox 772 1278 881 1332; x_wconf 86' lang='lat' dir='ltr'><strong>tilio</strong></span> <span class='ocrx_word' id='word_1_90' title='bbox 904 1277 1178 1346; x_wconf 90' lang='lat' dir='ltr'><strong>imponere</strong></span> <span class='ocrx_word' id='word_1_91' title='bbox 1199 1274 1472 1337; x_wconf 90' lang='lat' dir='ltr'><strong>volebant,</strong></span> <span class='ocrx_word' id='word_1_92' title='bbox 1492 1284 1595 1325; x_wconf 89' lang='lat' dir='ltr'><strong>nec</strong></span> <span class='ocrx_word' id='word_1_93' title='bbox 1615 1279 1789 1323; x_wconf 88' lang='lat' dir='ltr'><strong>mater</strong></span> 
     </span>
    </p>
   </div>
   <div class='ocr_carea' id='block_1_14' title="bbox 209 1358 1785 1438">
    <p class='ocr_par' dir='ltr' id='par_1_14' title="bbox 209 1358 1785 1438">
     <span class='ocr_line' id='line_1_14' title="bbox 209 1358 1785 1438; baseline -0.012 -10"><span class='ocrx_word' id='word_1_94' title='bbox 209 1374 279 1428; x_wconf 89' lang='lat' dir='ltr'><strong>ad</strong></span> <span class='ocrx_word' id='word_1_95' title='bbox 306 1374 408 1428; x_wconf 89' lang='lat' dir='ltr'><strong>hoc</strong></span> <span class='ocrx_word' id='word_1_96' title='bbox 435 1385 712 1427; x_wconf 84' lang='lat' dir='ltr'><strong>assensum</strong></span> <span class='ocrx_word' id='word_1_97' title='bbox 741 1369 1033 1438; x_wconf 75' lang='lat' dir='ltr'><strong>praebebat,</strong></span> <span class='ocrx_word' id='word_1_98' title='bbox 1049 1366 1244 1436; x_wconf 86' lang='lat' dir='ltr'><strong>quibus</strong></span> <span class='ocrx_word' id='word_1_99' title='bbox 1268 1363 1489 1419; x_wconf 81' lang='lat' dir='ltr'><strong>nutibus</strong></span> <span class='ocrx_word' id='word_1_100' title='bbox 1514 1358 1785 1422; x_wconf 90' lang='lat' dir='ltr'><strong>valebant,</strong></span> 
     </span>
    </p>
   </div>
   <div class='ocr_carea' id='block_1_15' title="bbox 210 1449 1790 1536">
    <p class='ocr_par' dir='ltr' id='par_1_15' title="bbox 210 1449 1790 1536">
     <span class='ocr_line' id='line_1_15' title="bbox 210 1449 1790 1536; baseline -0.012 -16"><span class='ocrx_word' id='word_1_101' title='bbox 210 1473 419 1536; x_wconf 84' lang='lat' dir='ltr'><strong>patrem</strong></span> <span class='ocrx_word' id='word_1_102' title='bbox 450 1471 659 1518; x_wconf 89' lang='lat' dir='ltr'><strong>mutum</strong></span> <span class='ocrx_word' id='word_1_103' title='bbox 706 1463 1044 1530; x_wconf 89' lang='lat' dir='ltr'><strong>interrogare</strong></span> <span class='ocrx_word' id='word_1_104' title='bbox 1073 1456 1411 1526; x_wconf 80' lang='lat' dir='ltr'><strong>satagebant.</strong></span> <span class='ocrx_word' id='word_1_105' title='bbox 1445 1452 1518 1507; x_wconf 76' lang='lat' dir='ltr'><strong>At</strong></span> <span class='ocrx_word' id='word_1_106' title='bbox 1566 1449 1654 1504; x_wconf 92' lang='lat' dir='ltr'><strong>ille</strong></span> <span class='ocrx_word' id='word_1_107' title='bbox 1694 1461 1790 1518; x_wconf 83' lang='lat' dir='ltr'><strong>po-</strong></span> 
     </span>
    </p>
   </div>
   <div class='ocr_carea' id='block_1_16' title="bbox 213 1537 1793 1624">
    <p class='ocr_par' dir='ltr' id='par_1_16' title="bbox 213 1537 1793 1624">
     <span class='ocr_line' id='line_1_16' title="bbox 213 1537 1793 1624; baseline -0.013 -13"><span class='ocrx_word' id='word_1_108' title='bbox 213 1556 424 1611; x_wconf 88' lang='lat' dir='ltr'><strong>stulans</strong></span> <span class='ocrx_word' id='word_1_109' title='bbox 461 1552 799 1624; x_wconf 86' lang='lat' dir='ltr'><strong>pugillarem,</strong></span> <span class='ocrx_word' id='word_1_110' title='bbox 841 1550 895 1604; x_wconf 93' lang='lat' dir='ltr'><strong>id</strong></span> <span class='ocrx_word' id='word_1_111' title='bbox 928 1555 1013 1603; x_wconf 91' lang='lat' dir='ltr'><strong>est</strong></span> <span class='ocrx_word' id='word_1_112' title='bbox 1051 1546 1249 1619; x_wconf 86' lang='lat' dir='ltr'><strong>stylum</strong></span> <span class='ocrx_word' id='word_1_113' title='bbox 1277 1540 1618 1612; x_wconf 88' lang='lat' dir='ltr'><strong>scriptorium</strong></span> <span class='ocrx_word' id='word_1_114' title='bbox 1647 1537 1793 1607; x_wconf 90' lang='lat' dir='ltr'><strong>quod</strong></span> 
     </span>
    </p>
   </div>
   <div class='ocr_carea' id='block_1_17' title="bbox 213 1635 1794 1718">
    <p class='ocr_par' dir='ltr' id='par_1_17' title="bbox 213 1635 1794 1718">
     <span class='ocr_line' id='line_1_17' title="bbox 213 1635 1794 1718; baseline -0.012 -13"><span class='ocrx_word' id='word_1_115' title='bbox 213 1650 394 1705; x_wconf 85' lang='lat' dir='ltr'><strong>verbis</strong></span> <span class='ocrx_word' id='word_1_116' title='bbox 422 1664 528 1704; x_wconf 91' lang='lat' dir='ltr'><strong>non</strong></span> <span class='ocrx_word' id='word_1_117' title='bbox 555 1656 791 1718; x_wconf 87' lang='lat' dir='ltr'><strong>poterat,</strong></span> <span class='ocrx_word' id='word_1_118' title='bbox 814 1646 1007 1701; x_wconf 86' lang='lat' dir='ltr'><strong>litteris</strong></span> <span class='ocrx_word' id='word_1_119' title='bbox 1035 1642 1302 1713; x_wconf 81' lang='lat' dir='ltr'><strong>expressit</strong></span> <span class='ocrx_word' id='word_1_120' title='bbox 1324 1639 1510 1695; x_wconf 88' lang='lat' dir='ltr'><strong>dicens</strong></span> <span class='ocrx_word' id='word_1_121' title='bbox 1542 1656 1554 1689; x_wconf 90' lang='lat'><strong>:</strong></span> <span class='ocrx_word' id='word_1_122' title='bbox 1578 1656 1598 1687; x_wconf 81' lang='grc' dir='ltr'><strong>ι</strong></span> <span class='ocrx_word' id='word_1_123' title='bbox 1629 1635 1794 1690; x_wconf 84' lang='lat' dir='ltr'><strong>Joan-</strong></span> 
     </span>
    </p>
   </div>
   <div class='ocr_carea' id='block_1_18' title="bbox 214 1726 1790 1805">
    <p class='ocr_par' dir='ltr' id='par_1_18' title="bbox 214 1726 1790 1805">
     <span class='ocr_line' id='line_1_18' title="bbox 214 1726 1790 1805; baseline -0.01 -11"><span class='ocrx_word' id='word_1_124' title='bbox 214 1755 313 1795; x_wconf 86' lang='lat' dir='ltr'><strong>nes</strong></span> <span class='ocrx_word' id='word_1_125' title='bbox 333 1748 632 1794; x_wconf 89' lang='lat' dir='ltr'><strong>estnomen</strong></span> <span class='ocrx_word' id='word_1_126' title='bbox 661 1736 797 1805; x_wconf 86' lang='lat' dir='ltr'><strong>ejus.</strong></span> <span class='ocrx_word' id='word_1_127' title='bbox 832 1755 851 1788; x_wconf 76' lang='grc' dir='ltr'><strong>ι</strong></span> <span class='ocrx_word' id='word_1_128' title='bbox 881 1735 982 1791; x_wconf 85' lang='lat' dir='ltr'><strong>Ubi</strong></span> <span class='ocrx_word' id='word_1_129' title='bbox 1014 1733 1307 1788; x_wconf 89' lang='lat' dir='ltr'><strong>notandum</strong></span> <span class='ocrx_word' id='word_1_130' title='bbox 1336 1730 1462 1800; x_wconf 87' lang='lat' dir='ltr'><strong>quia</strong></span> <span class='ocrx_word' id='word_1_131' title='bbox 1484 1743 1588 1783; x_wconf 91' lang='lat' dir='ltr'><strong>non</strong></span> <span class='ocrx_word' id='word_1_132' title='bbox 1616 1726 1790 1782; x_wconf 82' lang='lat' dir='ltr'><strong>dixit:</strong></span> 
     </span>
    </p>
   </div>
   <div class='ocr_carea' id='block_1_19' title="bbox 1953 619 3446 695">
    <p class='ocr_par' dir='ltr' id='par_1_19' title="bbox 1953 619 3446 695">
     <span class='ocr_line' id='line_1_19' title="bbox 1953 619 3446 695; baseline -0.004 -16"><span class='ocrx_word' id='word_1_133' title='bbox 1953 647 1971 679; x_wconf 75' lang='grc' dir='ltr'><strong>ι</strong></span> <span class='ocrx_word' id='word_1_134' title='bbox 2013 626 2081 695; x_wconf 69' lang='lat' dir='ltr'><strong>Et</strong></span> <span class='ocrx_word' id='word_1_135' title='bbox 2109 625 2281 680; x_wconf 85' lang='lat' dir='ltr'><strong>factus</strong></span> <span class='ocrx_word' id='word_1_136' title='bbox 2305 632 2389 684; x_wconf 88' lang='lat' dir='ltr'><strong>est</strong></span> <span class='ocrx_word' id='word_1_137' title='bbox 2416 625 2576 680; x_wconf 90' lang='lat' dir='ltr'><strong>timor</strong></span> <span class='ocrx_word' id='word_1_138' title='bbox 2603 638 2765 693; x_wconf 82' lang='lat' dir='ltr'><strong>super</strong></span> <span class='ocrx_word' id='word_1_139' title='bbox 2798 636 2986 678; x_wconf 90' lang='lat' dir='ltr'><strong>omnes</strong></span> <span class='ocrx_word' id='word_1_140' title='bbox 3009 619 3217 675; x_wconf 87' lang='lat' dir='ltr'><strong>vicinos</strong></span> <span class='ocrx_word' id='word_1_141' title='bbox 3235 633 3446 681; x_wconf 90' lang='lat' dir='ltr'><strong>eorum,</strong></span> 
     </span>
    </p>
   </div>
   <div class='ocr_carea' id='block_1_20' title="bbox 1884 709 3450 786">
    <p class='ocr_par' dir='ltr' id='par_1_20' title="bbox 1884 709 3450 786">
     <span class='ocr_line' id='line_1_20' title="bbox 1884 709 3450 786; baseline -0.004 -17"><span class='ocrx_word' id='word_1_142' title='bbox 1884 736 1903 769; x_wconf 81' lang='grc' dir='ltr'><strong>ι</strong></span> <span class='ocrx_word' id='word_1_143' title='bbox 1947 727 2003 771; x_wconf 87' lang='lat' dir='ltr'><strong>et</strong></span> <span class='ocrx_word' id='word_1_144' title='bbox 2052 730 2215 786; x_wconf 89' lang='lat' dir='ltr'><strong>super</strong></span> <span class='ocrx_word' id='word_1_145' title='bbox 2258 714 2438 768; x_wconf 89' lang='lat' dir='ltr'><strong>omnia</strong></span> <span class='ocrx_word' id='word_1_146' title='bbox 2487 721 2744 769; x_wconf 89' lang='lat' dir='ltr'><strong>montana</strong></span> <span class='ocrx_word' id='word_1_147' title='bbox 2785 712 2983 768; x_wconf 66' lang='lat' dir='ltr'><strong>Judaxe</strong></span> <span class='ocrx_word' id='word_1_148' title='bbox 3032 709 3450 780; x_wconf 88' lang='lat' dir='ltr'><strong>divulgabantur</strong></span> 
     </span>
    </p>
   </div>
   <div class='ocr_carea' id='block_1_21' title="bbox 1885 804 3450 876">
    <p class='ocr_par' dir='ltr' id='par_1_21' title="bbox 1885 804 3450 876">
     <span class='ocr_line' id='line_1_21' title="bbox 1885 804 3450 876; baseline -0.002 -16"><span class='ocrx_word' id='word_1_149' title='bbox 1885 828 1904 860; x_wconf 74' lang='grc' dir='ltr'><strong>ι</strong></span> <span class='ocrx_word' id='word_1_150' title='bbox 1948 807 2129 863; x_wconf 90' lang='lat' dir='ltr'><strong>omnia</strong></span> <span class='ocrx_word' id='word_1_151' title='bbox 2175 807 2341 861; x_wconf 87' lang='lat' dir='ltr'><strong>verba</strong></span> <span class='ocrx_word' id='word_1_152' title='bbox 2380 806 2513 861; x_wconf 77' lang='lat' dir='ltr'><strong>htec.</strong></span> <span class='ocrx_word' id='word_1_153' title='bbox 2554 824 2573 857; x_wconf 75' lang='grc' dir='ltr'><strong>ι</strong></span> <span class='ocrx_word' id='word_1_154' title='bbox 2621 804 2755 872; x_wconf 86' lang='lat' dir='ltr'><strong>Quia</strong></span> <span class='ocrx_word' id='word_1_155' title='bbox 2801 819 2979 876; x_wconf 84' lang='lat' dir='ltr'><strong>praeco</strong></span> <span class='ocrx_word' id='word_1_156' title='bbox 3012 804 3209 874; x_wconf 90' lang='lat' dir='ltr'><strong>judicis</strong></span> <span class='ocrx_word' id='word_1_157' title='bbox 3260 817 3450 858; x_wconf 87' lang='lat' dir='ltr'><strong>nasce-</strong></span> 
     </span>
    </p>
   </div>
   <div class='ocr_carea' id='block_1_22' title="bbox 1880 893 3452 960">
    <p class='ocr_par' dir='ltr' id='par_1_22' title="bbox 1880 893 3452 960">
     <span class='ocr_line' id='line_1_22' title="bbox 1880 893 3452 960; baseline -0.003 -8"><span class='ocrx_word' id='word_1_158' title='bbox 1880 898 2063 960; x_wconf 87' lang='lat' dir='ltr'><strong>batur,</strong></span> <span class='ocrx_word' id='word_1_159' title='bbox 2089 911 2198 950; x_wconf 88' lang='lat' dir='ltr'><strong>non</strong></span> <span class='ocrx_word' id='word_1_160' title='bbox 2246 895 2420 951; x_wconf 90' lang='lat' dir='ltr'><strong>solum</strong></span> <span class='ocrx_word' id='word_1_161' title='bbox 2454 894 2671 960; x_wconf 79' lang='lat' dir='ltr'><strong>vicinis,</strong></span> <span class='ocrx_word' id='word_1_162' title='bbox 2712 895 2805 950; x_wconf 88' lang='lat' dir='ltr'><strong>sed</strong></span> <span class='ocrx_word' id='word_1_163' title='bbox 2830 895 2994 949; x_wconf 89' lang='lat' dir='ltr'><strong>etiam</strong></span> <span class='ocrx_word' id='word_1_164' title='bbox 3020 894 3250 950; x_wconf 87' lang='lat' dir='ltr'><strong>aliorum</strong></span> <span class='ocrx_word' id='word_1_165' title='bbox 3285 893 3452 949; x_wconf 88' lang='lat' dir='ltr'><strong>corda</strong></span> 
     </span>
    </p>
   </div>
   <div class='ocr_carea' id='block_1_23' title="bbox 1882 988 3450 1060">
    <p class='ocr_par' dir='ltr' id='par_1_23' title="bbox 1882 988 3450 1060">
     <span class='ocr_line' id='line_1_23' title="bbox 1882 988 3450 1060; baseline -0.001 -14"><span class='ocrx_word' id='word_1_166' title='bbox 1882 992 2078 1046; x_wconf 84' lang='lat' dir='ltr'><strong>timore</strong></span> <span class='ocrx_word' id='word_1_167' title='bbox 2118 991 2597 1046; x_wconf 87' lang='lat' dir='ltr'><strong>commovebantur</strong></span> <span class='ocrx_word' id='word_1_168' title='bbox 2651 1007 2666 1045; x_wconf 90' lang='lat'><strong>:</strong></span> <span class='ocrx_word' id='word_1_169' title='bbox 2719 999 2774 1046; x_wconf 89' lang='lat' dir='ltr'><strong>et</strong></span> <span class='ocrx_word' id='word_1_170' title='bbox 2816 991 2940 1060; x_wconf 89' lang='lat' dir='ltr'><strong>quia</strong></span> <span class='ocrx_word' id='word_1_171' title='bbox 2981 990 3264 1045; x_wconf 88' lang='lat' dir='ltr'><strong>audierant</strong></span> <span class='ocrx_word' id='word_1_172' title='bbox 3300 988 3450 1045; x_wconf 90' lang='lat' dir='ltr'><strong>illum</strong></span> 
     </span>
    </p>
   </div>
   <div class='ocr_carea' id='block_1_24' title="bbox 1882 1082 3454 1156">
    <p class='ocr_par' dir='ltr' id='par_1_24' title="bbox 1882 1082 3454 1156">
     <span class='ocr_line' id='line_1_24' title="bbox 1882 1082 3454 1156; baseline 0.001 -19"><span class='ocrx_word' id='word_1_173' title='bbox 1882 1099 1981 1155; x_wconf 89' lang='lat' dir='ltr'><strong>per</strong></span> <span class='ocrx_word' id='word_1_174' title='bbox 2011 1083 2478 1154; x_wconf 89' lang='lat' dir='ltr'><strong>repromissionem</strong></span> <span class='ocrx_word' id='word_1_175' title='bbox 2508 1082 2807 1154; x_wconf 87' lang='lat' dir='ltr'><strong>angelicam</strong></span> <span class='ocrx_word' id='word_1_176' title='bbox 2832 1084 2900 1139; x_wconf 90' lang='lat' dir='ltr'><strong>de</strong></span> <span class='ocrx_word' id='word_1_177' title='bbox 2934 1099 3063 1140; x_wconf 92' lang='lat' dir='ltr'><strong>sene</strong></span> <span class='ocrx_word' id='word_1_178' title='bbox 3088 1095 3244 1156; x_wconf 89' lang='lat' dir='ltr'><strong>patre</strong></span> <span class='ocrx_word' id='word_1_179' title='bbox 3264 1090 3322 1141; x_wconf 87' lang='lat' dir='ltr'><strong>et</strong></span> <span class='ocrx_word' id='word_1_180' title='bbox 3344 1092 3454 1140; x_wconf 88' lang='lat' dir='ltr'><strong>ste-</strong></span> 
     </span>
    </p>
   </div>
   <div class='ocr_carea' id='block_1_25' title="bbox 1885 1172 3456 1246">
    <p class='ocr_par' dir='ltr' id='par_1_25' title="bbox 1885 1172 3456 1246">
     <span class='ocr_line' id='line_1_25' title="bbox 1885 1172 3456 1246; baseline 0 -16"><span class='ocrx_word' id='word_1_181' title='bbox 1885 1174 1971 1230; x_wconf 90' lang='lat' dir='ltr'><strong>rili</strong></span> <span class='ocrx_word' id='word_1_182' title='bbox 1998 1182 2171 1229; x_wconf 86' lang='lat' dir='ltr'><strong>matre</strong></span> <span class='ocrx_word' id='word_1_183' title='bbox 2195 1182 2400 1239; x_wconf 88' lang='lat' dir='ltr'><strong>natum,</strong></span> <span class='ocrx_word' id='word_1_184' title='bbox 2430 1182 2488 1229; x_wconf 91' lang='lat' dir='ltr'><strong>et</strong></span> <span class='ocrx_word' id='word_1_185' title='bbox 2507 1174 2633 1244; x_wconf 92' lang='lat' dir='ltr'><strong>quia</strong></span> <span class='ocrx_word' id='word_1_186' title='bbox 2676 1172 2930 1230; x_wconf 87' lang='lat' dir='ltr'><strong>videbant</strong></span> <span class='ocrx_word' id='word_1_187' title='bbox 2950 1174 3004 1229; x_wconf 93' lang='lat' dir='ltr'><strong>in</strong></span> <span class='ocrx_word' id='word_1_188' title='bbox 3030 1174 3148 1246; x_wconf 92' lang='lat' dir='ltr'><strong>ejus</strong></span> <span class='ocrx_word' id='word_1_189' title='bbox 3172 1175 3456 1230; x_wconf 89' lang='lat' dir='ltr'><strong>nativitate</strong></span> 
     </span>
    </p>
   </div>
   <div class='ocr_carea' id='block_1_26' title="bbox 1885 1265 3453 1336">
    <p class='ocr_par' dir='ltr' id='par_1_26' title="bbox 1885 1265 3453 1336">
     <span class='ocr_line' id='line_1_26' title="bbox 1885 1265 3453 1336; baseline 0.001 -16"><span class='ocrx_word' id='word_1_190' title='bbox 1885 1265 2122 1335; x_wconf 84' lang='lat' dir='ltr'><strong>linguam</strong></span> <span class='ocrx_word' id='word_1_191' title='bbox 2143 1265 2315 1336; x_wconf 88' lang='lat' dir='ltr'><strong>patris</strong></span> <span class='ocrx_word' id='word_1_192' title='bbox 2340 1280 2460 1321; x_wconf 89' lang='lat' dir='ltr'><strong>esse</strong></span> <span class='ocrx_word' id='word_1_193' title='bbox 2478 1265 2848 1331; x_wconf 89' lang='lat' dir='ltr'><strong>solutam,non</strong></span> <span class='ocrx_word' id='word_1_194' title='bbox 2876 1265 3050 1320; x_wconf 89' lang='lat' dir='ltr'><strong>solum</strong></span> <span class='ocrx_word' id='word_1_195' title='bbox 3076 1266 3453 1330; x_wconf 88' lang='lat' dir='ltr'><strong>admiratione,</strong></span> 
     </span>
    </p>
   </div>
   <div class='ocr_carea' id='block_1_27' title="bbox 1887 1358 3453 1417">
    <p class='ocr_par' dir='ltr' id='par_1_27' title="bbox 1887 1358 3453 1417">
     <span class='ocr_line' id='line_1_27' title="bbox 1887 1358 3453 1417; baseline 0.003 -6"><span class='ocrx_word' id='word_1_196' title='bbox 1887 1373 2075 1412; x_wconf 89' lang='lat' dir='ltr'><strong>verum</strong></span> <span class='ocrx_word' id='word_1_197' title='bbox 2114 1358 2277 1413; x_wconf 88' lang='lat' dir='ltr'><strong>etiam</strong></span> <span class='ocrx_word' id='word_1_198' title='bbox 2326 1358 2520 1415; x_wconf 90' lang='lat' dir='ltr'><strong>timore</strong></span> <span class='ocrx_word' id='word_1_199' title='bbox 2554 1358 2717 1415; x_wconf 86' lang='lat' dir='ltr'><strong>corda</strong></span> <span class='ocrx_word' id='word_1_200' title='bbox 2748 1374 2939 1416; x_wconf 89' lang='lat' dir='ltr'><strong>eorum</strong></span> <span class='ocrx_word' id='word_1_201' title='bbox 2991 1369 3257 1417; x_wconf 89' lang='lat' dir='ltr'><strong>commota</strong></span> <span class='ocrx_word' id='word_1_202' title='bbox 3308 1370 3453 1417; x_wconf 91' lang='lat' dir='ltr'><strong>sunt.</strong></span> 
     </span>
    </p>
   </div>
   <div class='ocr_carea' id='block_1_28' title="bbox 1891 1446 3419 1527">
    <p class='ocr_par' dir='ltr' id='par_1_28' title="bbox 1891 1446 3419 1527">
     <span class='ocr_line' id='line_1_28' title="bbox 1891 1446 3419 1527; baseline -0.002 -23"><span class='ocrx_word' id='word_1_203' title='bbox 1891 1446 2042 1504; x_wconf 88' lang='lat' dir='ltr'><strong>Unde</strong></span> <span class='ocrx_word' id='word_1_204' title='bbox 2067 1456 2121 1503; x_wconf 89' lang='lat' dir='ltr'><strong>et</strong></span> <span class='ocrx_word' id='word_1_205' title='bbox 2151 1449 2335 1504; x_wconf 89' lang='lat' dir='ltr'><strong>dicunt</strong></span> <span class='ocrx_word' id='word_1_206' title='bbox 2371 1466 2386 1504; x_wconf 91' lang='lat'><strong>:</strong></span> <span class='ocrx_word' id='word_1_207' title='bbox 3410 1517 3419 1527; x_wconf 39' lang='lat'><em>.</em></span> 
     </span>
    </p>
   </div>
   <div class='ocr_carea' id='block_1_29' title="bbox 1967 1539 3457 1612">
    <p class='ocr_par' dir='ltr' id='par_1_29' title="bbox 1967 1539 3457 1612">
     <span class='ocr_line' id='line_1_29' title="bbox 1967 1539 3457 1612; baseline 0.007 -22"><span class='ocrx_word' id='word_1_208' title='bbox 1967 1558 1986 1590; x_wconf 76' lang='grc' dir='ltr'><strong>ι</strong></span> <span class='ocrx_word' id='word_1_209' title='bbox 2032 1539 2164 1608; x_wconf 83' lang='lat' dir='ltr'><strong>Quis</strong></span> <span class='ocrx_word' id='word_1_210' title='bbox 2194 1549 2351 1611; x_wconf 88' lang='lat' dir='ltr'><strong>putas</strong></span> <span class='ocrx_word' id='word_1_211' title='bbox 2384 1555 2520 1612; x_wconf 92' lang='lat' dir='ltr'><strong>puer</strong></span> <span class='ocrx_word' id='word_1_212' title='bbox 2555 1541 2656 1597; x_wconf 90' lang='lat' dir='ltr'><strong>iste</strong></span> <span class='ocrx_word' id='word_1_213' title='bbox 2697 1541 2836 1598; x_wconf 87' lang='lat' dir='ltr'><strong>erit?</strong></span> <span class='ocrx_word' id='word_1_214' title='bbox 2866 1561 2885 1595; x_wconf 82' lang='grc' dir='ltr'><strong>ι</strong></span> <span class='ocrx_word' id='word_1_215' title='bbox 2923 1540 3077 1610; x_wconf 89' lang='lat' dir='ltr'><strong>Quod</strong></span> <span class='ocrx_word' id='word_1_216' title='bbox 3113 1551 3199 1599; x_wconf 89' lang='lat' dir='ltr'><strong>est</strong></span> <span class='ocrx_word' id='word_1_217' title='bbox 3232 1544 3457 1600; x_wconf 89' lang='lat' dir='ltr'><strong>dicere:</strong></span> 
     </span>
    </p>
   </div>
   <div class='ocr_carea' id='block_1_30' title="bbox 1892 1631 3458 1704">
    <p class='ocr_par' dir='ltr' id='par_1_30' title="bbox 1892 1631 3458 1704">
     <span class='ocr_line' id='line_1_30' title="bbox 1892 1631 3458 1704; baseline 0.003 -19"><span class='ocrx_word' id='word_1_218' title='bbox 1892 1631 2066 1701; x_wconf 90' lang='lat' dir='ltr'><strong>qualis</strong></span> <span class='ocrx_word' id='word_1_219' title='bbox 2088 1634 2208 1686; x_wconf 88' lang='lat' dir='ltr'><strong>est?</strong></span> <span class='ocrx_word' id='word_1_220' title='bbox 2245 1631 2352 1688; x_wconf 88' lang='lat' dir='ltr'><strong>Sed</strong></span> <span class='ocrx_word' id='word_1_221' title='bbox 2400 1648 2468 1687; x_wconf 91' lang='lat' dir='ltr'><strong>ne</strong></span> <span class='ocrx_word' id='word_1_222' title='bbox 2495 1641 2716 1704; x_wconf 89' lang='lat' dir='ltr'><strong>putares</strong></span> <span class='ocrx_word' id='word_1_223' title='bbox 2754 1632 3016 1689; x_wconf 82' lang='lat' dir='ltr'><strong>Joannem</strong></span> <span class='ocrx_word' id='word_1_224' title='bbox 3048 1634 3189 1689; x_wconf 87' lang='lat' dir='ltr'><strong>hanc</strong></span> <span class='ocrx_word' id='word_1_225' title='bbox 3228 1635 3458 1704; x_wconf 87' lang='lat' dir='ltr'><strong>gratiam</strong></span> 
     </span>
    </p>
   </div>
   <div class='ocr_carea' id='block_1_31' title="bbox 1894 1721 3460 1792">
    <p class='ocr_par' dir='ltr' id='par_1_31' title="bbox 1894 1721 3460 1792">
     <span class='ocr_line' id='line_1_31' title="bbox 1894 1721 3460 1792; baseline 0.004 -19"><span class='ocrx_word' id='word_1_226' title='bbox 1894 1736 1991 1774; x_wconf 91' lang='lat' dir='ltr'><strong>sua</strong></span> <span class='ocrx_word' id='word_1_227' title='bbox 2016 1721 2215 1777; x_wconf 89' lang='lat' dir='ltr'><strong>virtute</strong></span> <span class='ocrx_word' id='word_1_228' title='bbox 2256 1723 2507 1792; x_wconf 90' lang='lat' dir='ltr'><strong>adeptum</strong></span> <span class='ocrx_word' id='word_1_229' title='bbox 2539 1738 2681 1790; x_wconf 90' lang='lat' dir='ltr'><strong>esse,</strong></span> <span class='ocrx_word' id='word_1_230' title='bbox 2712 1732 2768 1779; x_wconf 91' lang='lat' dir='ltr'><strong>et</strong></span> <span class='ocrx_word' id='word_1_231' title='bbox 2792 1739 2897 1779; x_wconf 90' lang='lat' dir='ltr'><strong>non</strong></span> <span class='ocrx_word' id='word_1_232' title='bbox 2922 1737 3021 1791; x_wconf 90' lang='lat' dir='ltr'><strong>per</strong></span> <span class='ocrx_word' id='word_1_233' title='bbox 3044 1724 3286 1780; x_wconf 88' lang='lat' dir='ltr'><strong>divinum</strong></span> <span class='ocrx_word' id='word_1_234' title='bbox 3308 1727 3460 1780; x_wconf 81' lang='lat' dir='ltr'><strong>auxi-</strong></span> 
     </span>
    </p>
   </div>
   <div class='ocr_carea' id='block_1_32' title="bbox 213 1804 2639 1896">
    <p class='ocr_par' dir='ltr' id='par_1_32' title="bbox 213 1804 2639 1896">
     <span class='ocr_line' id='line_1_32' title="bbox 213 1804 2639 1896; baseline -0.007 -9"><span class='ocrx_word' id='word_1_235' title='bbox 213 1831 447 1887; x_wconf 85' lang='lat' dir='ltr'><strong>Joannes</strong></span> <span class='ocrx_word' id='word_1_236' title='bbox 474 1832 578 1886; x_wconf 90' lang='lat' dir='ltr'><strong>erit</strong></span> <span class='ocrx_word' id='word_1_237' title='bbox 600 1804 794 1885; x_wconf 87' lang='lat' dir='ltr'><strong>nomen</strong></span> <span class='ocrx_word' id='word_1_238' title='bbox 820 1826 958 1896; x_wconf 87' lang='lat' dir='ltr'><strong>ejus,</strong></span> <span class='ocrx_word' id='word_1_239' title='bbox 989 1840 1113 1881; x_wconf 91' lang='lat' dir='ltr'><strong>cum</strong></span> <span class='ocrx_word' id='word_1_240' title='bbox 1146 1823 1382 1878; x_wconf 78' lang='lat' dir='ltr'><strong>futurum</strong></span> <span class='ocrx_word' id='word_1_241' title='bbox 1410 1820 1637 1882; x_wconf 87' lang='lat' dir='ltr'><strong>videret,</strong></span> <span class='ocrx_word' id='word_1_242' title='bbox 1669 1813 1781 1879; x_wconf 89' lang='lat' dir='ltr'><strong>sed,</strong></span> <span class='ocrx_word' id='word_1_243' title='bbox 1818 1804 1863 1863; x_wconf 85' lang='grc' dir='ltr'><strong>Β</strong></span> <span class='ocrx_word' id='word_1_244' title='bbox 1892 1811 2045 1878; x_wconf 91' lang='lat' dir='ltr'><strong>lium,</strong></span> <span class='ocrx_word' id='word_1_245' title='bbox 2076 1822 2223 1868; x_wconf 87' lang='lat' dir='ltr'><strong>recte</strong></span> <span class='ocrx_word' id='word_1_246' title='bbox 2252 1814 2595 1885; x_wconf 89' lang='lat' dir='ltr'><strong>subjungitur</strong></span> <span class='ocrx_word' id='word_1_247' title='bbox 2626 1833 2639 1869; x_wconf 91' lang='lat'><strong>:</strong></span> 
     </span>
    </p>
   </div>
   <div class='ocr_carea' id='block_1_33' title="bbox 212 1905 1793 1986">
    <p class='ocr_par' dir='ltr' id='par_1_33' title="bbox 212 1905 1793 1986">
     <span class='ocr_line' id='line_1_33' title="bbox 212 1905 1793 1986; baseline -0.011 -8"><span class='ocrx_word' id='word_1_248' title='bbox 212 1922 448 1978; x_wconf 86' lang='lat' dir='ltr'><strong>Joannes</strong></span> <span class='ocrx_word' id='word_1_249' title='bbox 476 1929 559 1978; x_wconf 90' lang='lat' dir='ltr'><strong>est</strong></span> <span class='ocrx_word' id='word_1_250' title='bbox 602 1934 797 1975; x_wconf 86' lang='lat' dir='ltr'><strong>nomen</strong></span> <span class='ocrx_word' id='word_1_251' title='bbox 840 1918 976 1986; x_wconf 92' lang='lat' dir='ltr'><strong>ejus.</strong></span> <span class='ocrx_word' id='word_1_252' title='bbox 1007 1916 1088 1970; x_wconf 82' lang='lat' dir='ltr'><strong>Ac</strong></span> <span class='ocrx_word' id='word_1_253' title='bbox 1114 1915 1157 1970; x_wconf 92' lang='lat' dir='ltr'><strong>si</strong></span> <span class='ocrx_word' id='word_1_254' title='bbox 1191 1915 1395 1969; x_wconf 90' lang='lat' dir='ltr'><strong>diceret</strong></span> <span class='ocrx_word' id='word_1_255' title='bbox 1420 1927 1446 1965; x_wconf 67' lang='grc' dir='ltr'><strong>ε’</strong></span> <span class='ocrx_word' id='word_1_256' title='bbox 1466 1908 1581 1964; x_wconf 86' lang='grc' dir='ltr'>Νοιι</span> <span class='ocrx_word' id='word_1_257' title='bbox 1607 1922 1706 1963; x_wconf 92' lang='lat' dir='ltr'><strong>nos</strong></span> <span class='ocrx_word' id='word_1_258' title='bbox 1734 1905 1793 1960; x_wconf 89' lang='lat' dir='ltr'><strong>ei</strong></span> 
     </span>
    </p>
   </div>
   <div class='ocr_carea' id='block_1_34' title="bbox 216 2000 1788 2085">
    <p class='ocr_par' dir='ltr' id='par_1_34' title="bbox 216 2000 1788 2085">
     <span class='ocr_line' id='line_1_34' title="bbox 216 2000 1788 2085; baseline -0.012 -15"><span class='ocrx_word' id='word_1_259' title='bbox 216 2015 560 2085; x_wconf 89' lang='lat' dir='ltr'><strong>imponimus,</strong></span> <span class='ocrx_word' id='word_1_260' title='bbox 589 2013 716 2082; x_wconf 88' lang='lat' dir='ltr'><strong>quia</strong></span> <span class='ocrx_word' id='word_1_261' title='bbox 748 2011 909 2065; x_wconf 87' lang='lat' dir='ltr'><strong>habet</strong></span> <span class='ocrx_word' id='word_1_262' title='bbox 933 2007 1250 2063; x_wconf 90' lang='lat' dir='ltr'><strong>vocabulum</strong></span> <span class='ocrx_word' id='word_1_263' title='bbox 1281 2003 1424 2074; x_wconf 88' lang='lat' dir='ltr'><strong>quod</strong></span> <span class='ocrx_word' id='word_1_264' title='bbox 1449 2000 1788 2071; x_wconf 81' lang='lat' dir='ltr'><strong>agnovimus,</strong></span> 
     </span>
    </p>
   </div>
   <div class='ocr_carea' id='block_1_35' title="bbox 219 2088 1794 2175">
    <p class='ocr_par' dir='ltr' id='par_1_35' title="bbox 219 2088 1794 2175">
     <span class='ocr_line' id='line_1_35' title="bbox 219 2088 1794 2175; baseline -0.012 -15"><span class='ocrx_word' id='word_1_265' title='bbox 219 2122 328 2160; x_wconf 89' lang='lat' dir='ltr'><strong>non</strong></span> <span class='ocrx_word' id='word_1_266' title='bbox 357 2104 501 2175; x_wconf 87' lang='lat' dir='ltr'><strong>quod</strong></span> <span class='ocrx_word' id='word_1_267' title='bbox 525 2104 793 2171; x_wconf 80' lang='lat' dir='ltr'><strong>eligimus.</strong></span> <span class='ocrx_word' id='word_1_268' title='bbox 837 2100 951 2156; x_wconf 88' lang='lat' dir='ltr'><strong>lloc</strong></span> <span class='ocrx_word' id='word_1_269' title='bbox 991 2114 1123 2169; x_wconf 87' lang='lat' dir='ltr'><strong>ergo</strong></span> <span class='ocrx_word' id='word_1_270' title='bbox 1173 2110 1368 2151; x_wconf 87' lang='lat' dir='ltr'><strong>nomen</strong></span> <span class='ocrx_word' id='word_1_271' title='bbox 1393 2108 1501 2147; x_wconf 91' lang='lat' dir='ltr'><strong>non</strong></span> <span class='ocrx_word' id='word_1_272' title='bbox 1526 2100 1653 2145; x_wconf 93' lang='lat' dir='ltr'><strong>tunc</strong></span> <span class='ocrx_word' id='word_1_273' title='bbox 1681 2088 1794 2159; x_wconf 86' lang='lat' dir='ltr'><strong>pri-</strong></span> 
     </span>
    </p>
   </div>
   <div class='ocr_carea' id='block_1_36' title="bbox 215 2186 1789 2263">
    <p class='ocr_par' dir='ltr' id='par_1_36' title="bbox 215 2186 1789 2263">
     <span class='ocr_line' id='line_1_36' title="bbox 215 2186 1789 2263; baseline -0.012 -15"><span class='ocrx_word' id='word_1_274' title='bbox 215 2208 364 2248; x_wconf 90' lang='lat' dir='ltr'><strong>mum</strong></span> <span class='ocrx_word' id='word_1_275' title='bbox 412 2191 747 2263; x_wconf 41' lang='lat' dir='ltr'><strong>impositum.</strong></span> <span class='ocrx_word' id='word_1_276' title='bbox 776 2196 890 2253; x_wconf 90' lang='lat' dir='ltr'><strong>est,</strong></span> <span class='ocrx_word' id='word_1_277' title='bbox 952 2187 1049 2242; x_wconf 90' lang='lat' dir='ltr'><strong>sed</strong></span> <span class='ocrx_word' id='word_1_278' title='bbox 1098 2193 1389 2252; x_wconf 86' lang='lat' dir='ltr'><strong>antequam</strong></span> <span class='ocrx_word' id='word_1_279' title='bbox 1453 2186 1789 2240; x_wconf 88' lang='lat' dir='ltr'><strong>nasceretur,</strong></span> 
     </span>
    </p>
   </div>
   <div class='ocr_carea' id='block_1_37' title="bbox 216 2264 1794 2354">
    <p class='ocr_par' dir='ltr' id='par_1_37' title="bbox 216 2264 1794 2354">
     <span class='ocr_line' id='line_1_37' title="bbox 216 2264 1794 2354; baseline -0.012 -17"><span class='ocrx_word' id='word_1_280' title='bbox 216 2282 435 2354; x_wconf 83' lang='lat' dir='ltr'><strong>quando</strong></span> <span class='ocrx_word' id='word_1_281' title='bbox 460 2296 492 2335; x_wconf 90' lang='lat' dir='ltr'><strong>a</strong></span> <span class='ocrx_word' id='word_1_282' title='bbox 515 2280 767 2337; x_wconf 85' lang='lat' dir='ltr'><strong>Gabriele</strong></span> <span class='ocrx_word' id='word_1_283' title='bbox 794 2277 985 2350; x_wconf 89' lang='lat' dir='ltr'><strong>angelo</strong></span> <span class='ocrx_word' id='word_1_284' title='bbox 1019 2274 1294 2331; x_wconf 84' lang='lat' dir='ltr'><strong>Zachariae</strong></span> <span class='ocrx_word' id='word_1_285' title='bbox 1320 2272 1522 2326; x_wconf 84' lang='lat' dir='ltr'><strong>dictum</strong></span> <span class='ocrx_word' id='word_1_286' title='bbox 1551 2275 1634 2322; x_wconf 89' lang='lat' dir='ltr'><strong>est</strong></span> <span class='ocrx_word' id='word_1_287' title='bbox 1676 2285 1689 2320; x_wconf 93' lang='lat'><strong>:</strong></span> <span class='ocrx_word' id='word_1_288' title='bbox 1715 2264 1794 2319; x_wconf 84' lang='lat' dir='ltr'><strong>Ne</strong></span> 
     </span>
    </p>
   </div>
   <div class='ocr_carea' id='block_1_38' title="bbox 220 2356 1796 2437">
    <p class='ocr_par' dir='ltr' id='par_1_38' title="bbox 220 2356 1796 2437">
     <span class='ocr_line' id='line_1_38' title="bbox 220 2356 1796 2437; baseline -0.013 -9"><span class='ocrx_word' id='word_1_289' title='bbox 220 2376 432 2437; x_wconf 88' lang='lat' dir='ltr'><strong>timeas,</strong></span> <span class='ocrx_word' id='word_1_290' title='bbox 461 2371 743 2437; x_wconf 87' lang='lat' dir='ltr'><strong>Zacharia,</strong></span> <span class='ocrx_word' id='word_1_291' title='bbox 763 2369 1012 2425; x_wconf 83' lang='lat' dir='ltr'><strong>exaudita</strong></span> <span class='ocrx_word' id='word_1_292' title='bbox 1030 2375 1113 2422; x_wconf 89' lang='lat' dir='ltr'><strong>est</strong></span> <span class='ocrx_word' id='word_1_293' title='bbox 1125 2365 1300 2420; x_wconf 88' lang='lat' dir='ltr'><strong>oratio</strong></span> <span class='ocrx_word' id='word_1_294' title='bbox 1316 2371 1427 2426; x_wconf 91' lang='lat' dir='ltr'><strong>tua,</strong></span> <span class='ocrx_word' id='word_1_295' title='bbox 1444 2368 1499 2414; x_wconf 92' lang='lat' dir='ltr'><strong>et</strong></span> <span class='ocrx_word' id='word_1_296' title='bbox 1518 2356 1796 2414; x_wconf 86' lang='lat' dir='ltr'><strong>Elizabeth</strong></span> 
     </span>
    </p>
   </div>
   <div class='ocr_carea' id='block_1_39' title="bbox 218 2446 1798 2531">
    <p class='ocr_par' dir='ltr' id='par_1_39' title="bbox 218 2446 1798 2531">
     <span class='ocr_line' id='line_1_39' title="bbox 218 2446 1798 2531; baseline -0.011 -14"><span class='ocrx_word' id='word_1_297' title='bbox 218 2477 357 2517; x_wconf 82' lang='lat' dir='ltr'><strong>uxor</strong></span> <span class='ocrx_word' id='word_1_298' title='bbox 372 2471 460 2517; x_wconf 90' lang='lat' dir='ltr'><strong>tua</strong></span> <span class='ocrx_word' id='word_1_299' title='bbox 479 2463 652 2531; x_wconf 92' lang='lat' dir='ltr'><strong>pariet</strong></span> <span class='ocrx_word' id='word_1_300' title='bbox 668 2460 762 2516; x_wconf 90' lang='lat' dir='ltr'><strong>tibi</strong></span> <span class='ocrx_word' id='word_1_301' title='bbox 787 2460 975 2525; x_wconf 76' lang='lat' dir='ltr'><strong>tilium,</strong></span> <span class='ocrx_word' id='word_1_302' title='bbox 994 2466 1050 2514; x_wconf 91' lang='lat' dir='ltr'><strong>et</strong></span> <span class='ocrx_word' id='word_1_303' title='bbox 1066 2456 1282 2512; x_wconf 84' lang='lat' dir='ltr'><strong>vocabis</strong></span> <span class='ocrx_word' id='word_1_304' title='bbox 1294 2467 1486 2508; x_wconf 88' lang='lat' dir='ltr'><strong>nomen</strong></span> <span class='ocrx_word' id='word_1_305' title='bbox 1500 2449 1617 2519; x_wconf 91' lang='lat' dir='ltr'><strong>ejus</strong></span> <span class='ocrx_word' id='word_1_306' title='bbox 1635 2446 1798 2502; x_wconf 88' lang='lat' dir='ltr'><strong>Joan-</strong></span> 
     </span>
    </p>
   </div>
   <div class='ocr_carea' id='block_1_40' title="bbox 217 2536 1796 2623">
    <p class='ocr_par' dir='ltr' id='par_1_40' title="bbox 217 2536 1796 2623">
     <span class='ocr_line' id='line_1_40' title="bbox 217 2536 1796 2623; baseline -0.012 -15"><span class='ocrx_word' id='word_1_307' title='bbox 217 2567 343 2610; x_wconf 87' lang='lat' dir='ltr'><strong>nem</strong></span> <span class='ocrx_word' id='word_1_308' title='bbox 388 2551 537 2622; x_wconf 86' lang='lat' dir='ltr'><strong>(Luc.</strong></span> <span class='ocrx_word' id='word_1_309' title='bbox 568 2551 631 2623; x_wconf 93' lang='grc' dir='ltr'><strong>ι).</strong></span> <span class='ocrx_word' id='word_1_310' title='bbox 682 2551 781 2607; x_wconf 91' lang='lat' dir='ltr'><strong>Ubi</strong></span> <span class='ocrx_word' id='word_1_311' title='bbox 811 2565 1036 2620; x_wconf 84' lang='lat' dir='ltr'><strong>magnus</strong></span> <span class='ocrx_word' id='word_1_312' title='bbox 1063 2559 1365 2618; x_wconf 68' lang='lat' dir='ltr'><strong>prmeursor</strong></span> <span class='ocrx_word' id='word_1_313' title='bbox 1405 2540 1616 2597; x_wconf 89' lang='lat' dir='ltr'><strong>Domini</strong></span> <span class='ocrx_word' id='word_1_314' title='bbox 1649 2536 1796 2591; x_wconf 81' lang='lat' dir='ltr'><strong>futu-</strong></span> 
     </span>
    </p>
   </div>
   <div class='ocr_carea' id='block_1_41' title="bbox 219 2635 1797 2712">
    <p class='ocr_par' dir='ltr' id='par_1_41' title="bbox 219 2635 1797 2712">
     <span class='ocr_line' id='line_1_41' title="bbox 219 2635 1797 2712; baseline -0.013 -13"><span class='ocrx_word' id='word_1_315' title='bbox 219 2658 313 2699; x_wconf 92' lang='lat' dir='ltr'><strong>rus</strong></span> <span class='ocrx_word' id='word_1_316' title='bbox 360 2648 804 2712; x_wconf 75' lang='lat' dir='ltr'><strong>pnemonstratus</strong></span> <span class='ocrx_word' id='word_1_317' title='bbox 848 2648 949 2706; x_wconf 91' lang='lat' dir='ltr'><strong>est,</strong></span> <span class='ocrx_word' id='word_1_318' title='bbox 984 2637 1201 2709; x_wconf 84' lang='lat' dir='ltr'><strong>quando</strong></span> <span class='ocrx_word' id='word_1_319' title='bbox 1250 2635 1367 2704; x_wconf 91' lang='lat' dir='ltr'><strong>ejus</strong></span> <span class='ocrx_word' id='word_1_320' title='bbox 1413 2645 1612 2687; x_wconf 87' lang='lat' dir='ltr'><strong>nomen</strong></span> <span class='ocrx_word' id='word_1_321' title='bbox 1645 2635 1797 2682; x_wconf 89' lang='lat' dir='ltr'><strong>ante-</strong></span> 
     </span>
    </p>
   </div>
   <div class='ocr_carea' id='block_1_42' title="bbox 146 2719 1798 2800">
    <p class='ocr_par' dir='ltr' id='par_1_42' title="bbox 146 2719 1798 2800">
     <span class='ocr_line' id='line_1_42' title="bbox 146 2719 1798 2800; baseline -0.009 -14"><span class='ocrx_word' id='word_1_322' title='bbox 146 2748 155 2753; x_wconf 90' lang='grc'>·</span> <span class='ocrx_word' id='word_1_323' title='bbox 218 2745 381 2800; x_wconf 90' lang='lat' dir='ltr'><strong>quam</strong></span> <span class='ocrx_word' id='word_1_324' title='bbox 420 2738 755 2796; x_wconf 88' lang='lat' dir='ltr'><strong>nasceretur,</strong></span> <span class='ocrx_word' id='word_1_325' title='bbox 797 2729 1112 2799; x_wconf 64' lang='lat' dir='ltr'><strong>praedictum</strong></span> <span class='ocrx_word' id='word_1_326' title='bbox 1142 2736 1243 2781; x_wconf 83' lang='lat' dir='ltr'><strong>est.</strong></span> <span class='ocrx_word' id='word_1_327' title='bbox 1286 2724 1492 2779; x_wconf 89' lang='lat' dir='ltr'><strong>Novum</strong></span> <span class='ocrx_word' id='word_1_328' title='bbox 1518 2721 1663 2776; x_wconf 86' lang='lat' dir='ltr'><strong>enim</strong></span> <span class='ocrx_word' id='word_1_329' title='bbox 1694 2719 1798 2773; x_wconf 87' lang='lat' dir='ltr'><strong>ali—</strong></span> 
     </span>
    </p>
   </div>
   <div class='ocr_carea' id='block_1_43' title="bbox 220 2811 1801 2893">
    <p class='ocr_par' dir='ltr' id='par_1_43' title="bbox 220 2811 1801 2893">
     <span class='ocr_line' id='line_1_43' title="bbox 220 2811 1801 2893; baseline -0.009 -14"><span class='ocrx_word' id='word_1_330' title='bbox 220 2824 349 2893; x_wconf 85' lang='lat' dir='ltr'><strong>quid</strong></span> <span class='ocrx_word' id='word_1_331' title='bbox 376 2823 429 2877; x_wconf 92' lang='lat' dir='ltr'><strong>in</strong></span> <span class='ocrx_word' id='word_1_332' title='bbox 461 2838 646 2878; x_wconf 86' lang='lat' dir='ltr'><strong>eorum</strong></span> <span class='ocrx_word' id='word_1_333' title='bbox 671 2824 882 2878; x_wconf 85' lang='lat' dir='ltr'><strong>actibus</strong></span> <span class='ocrx_word' id='word_1_334' title='bbox 916 2820 1155 2876; x_wconf 79' lang='lat' dir='ltr'><strong>futurum</strong></span> <span class='ocrx_word' id='word_1_335' title='bbox 1183 2822 1651 2890; x_wconf 70' lang='lat' dir='ltr'><strong>prtemonstratur.</strong></span> <span class='ocrx_word' id='word_1_336' title='bbox 1679 2811 1801 2880; x_wconf 86' lang='lat' dir='ltr'><strong>qui-</strong></span> 
     </span>
    </p>
   </div>
   <div class='ocr_carea' id='block_1_44' title="bbox 221 2913 1794 2981">
    <p class='ocr_par' dir='ltr' id='par_1_44' title="bbox 221 2913 1794 2981">
     <span class='ocr_line' id='line_1_44' title="bbox 221 2913 1794 2981; baseline -0.01 -9"><span class='ocrx_word' id='word_1_337' title='bbox 221 2915 324 2972; x_wconf 87' lang='lat' dir='ltr'><strong>bus</strong></span> <span class='ocrx_word' id='word_1_338' title='bbox 347 2915 560 2971; x_wconf 89' lang='lat' dir='ltr'><strong>nomina</strong></span> <span class='ocrx_word' id='word_1_339' title='bbox 583 2925 799 2971; x_wconf 74' lang='lat' dir='ltr'><strong>antea&#39;a</strong></span> <span class='ocrx_word' id='word_1_340' title='bbox 833 2915 943 2969; x_wconf 92' lang='lat' dir='ltr'><strong>Deo</strong></span> <span class='ocrx_word' id='word_1_341' title='bbox 963 2913 1329 2981; x_wconf 89' lang='lat' dir='ltr'><strong>imponuntur,</strong></span> <span class='ocrx_word' id='word_1_342' title='bbox 1354 2921 1515 2977; x_wconf 91' lang='lat' dir='ltr'><strong>quam</strong></span> <span class='ocrx_word' id='word_1_343' title='bbox 1540 2918 1794 2974; x_wconf 69' lang='lat' dir='ltr'><strong>corpora~</strong></span> 
     </span>
    </p>
   </div>
   <div class='ocr_carea' id='block_1_45' title="bbox 223 2995 1792 3074">
    <p class='ocr_par' dir='ltr' id='par_1_45' title="bbox 223 2995 1792 3074">
     <span class='ocr_line' id='line_1_45' title="bbox 223 2995 1792 3074; baseline -0.008 -15"><span class='ocrx_word' id='word_1_344' title='bbox 223 3005 349 3061; x_wconf 91' lang='lat' dir='ltr'><strong>liter</strong></span> <span class='ocrx_word' id='word_1_345' title='bbox 390 3012 681 3059; x_wconf 86' lang='lat' dir='ltr'><strong>nascantur</strong></span> <span class='ocrx_word' id='word_1_346' title='bbox 717 3022 729 3057; x_wconf 93' lang='lat'><strong>:</strong></span> <span class='ocrx_word' id='word_1_347' title='bbox 762 3005 905 3074; x_wconf 91' lang='lat' dir='ltr'><strong>quod</strong></span> <span class='ocrx_word' id='word_1_348' title='bbox 953 3002 1021 3057; x_wconf 91' lang='lat' dir='ltr'><strong>de</strong></span> <span class='ocrx_word' id='word_1_349' title='bbox 1048 3001 1198 3055; x_wconf 86' lang='lat' dir='ltr'><strong>Isaae</strong></span> <span class='ocrx_word' id='word_1_350' title='bbox 1239 3009 1293 3054; x_wconf 89' lang='lat' dir='ltr'><strong>et.</strong></span> <span class='ocrx_word' id='word_1_351' title='bbox 1321 2996 1510 3054; x_wconf 89' lang='lat' dir='ltr'><strong>lsmael</strong></span> <span class='ocrx_word' id='word_1_352' title='bbox 1546 2995 1792 3066; x_wconf 88' lang='lat' dir='ltr'><strong>legimus,</strong></span> 
     </span>
    </p>
   </div>
   <div class='ocr_carea' id='block_1_46' title="bbox 1968 1905 3463 1965">
    <p class='ocr_par' dir='ltr' id='par_1_46' title="bbox 1968 1905 3463 1965">
     <span class='ocr_line' id='line_1_46' title="bbox 1968 1905 3463 1965; baseline 0.005 -8"><span class='ocrx_word' id='word_1_353' title='bbox 1968 1924 1986 1957; x_wconf 79' lang='grc' dir='ltr'><strong>ι</strong></span> <span class='ocrx_word' id='word_1_354' title='bbox 2030 1905 2240 1960; x_wconf 88' lang='lat' dir='ltr'><strong>Etenim</strong></span> <span class='ocrx_word' id='word_1_355' title='bbox 2280 1922 2471 1961; x_wconf 89' lang='lat' dir='ltr'><strong>manus</strong></span> <span class='ocrx_word' id='word_1_356' title='bbox 2500 1906 2712 1962; x_wconf 81' lang='lat' dir='ltr'><strong>Domini</strong></span> <span class='ocrx_word' id='word_1_357' title='bbox 2737 1915 2856 1962; x_wconf 88' lang='lat' dir='ltr'><strong>erat</strong></span> <span class='ocrx_word' id='word_1_358' title='bbox 2891 1922 3014 1962; x_wconf 91' lang='lat' dir='ltr'><strong>cum</strong></span> <span class='ocrx_word' id='word_1_359' title='bbox 3045 1908 3153 1963; x_wconf 92' lang='lat' dir='ltr'><strong>illo.</strong></span> <span class='ocrx_word' id='word_1_360' title='bbox 3194 1928 3212 1961; x_wconf 82' lang='grc' dir='ltr'><strong>ι</strong></span> <span class='ocrx_word' id='word_1_361' title='bbox 3273 1909 3463 1965; x_wconf 84' lang='lat' dir='ltr'><strong>Manus</strong></span> 
     </span>
    </p>
   </div>
   <div class='ocr_carea' id='block_1_47' title="bbox 1893 1995 3464 2068">
    <p class='ocr_par' dir='ltr' id='par_1_47' title="bbox 1893 1995 3464 2068">
     <span class='ocr_line' id='line_1_47' title="bbox 1893 1995 3464 2068; baseline 0.002 -18"><span class='ocrx_word' id='word_1_362' title='bbox 1893 1996 2108 2050; x_wconf 90' lang='lat' dir='ltr'><strong>Domini</strong></span> <span class='ocrx_word' id='word_1_363' title='bbox 2156 1997 2210 2050; x_wconf 87' lang='lat' dir='ltr'><strong>in</strong></span> <span class='ocrx_word' id='word_1_364' title='bbox 2261 1995 2557 2065; x_wconf 87' lang='lat' dir='ltr'><strong>Scripturis</strong></span> <span class='ocrx_word' id='word_1_365' title='bbox 2602 1996 2816 2066; x_wconf 87' lang='lat' dir='ltr'><strong>aliquod</strong></span> <span class='ocrx_word' id='word_1_366' title='bbox 2869 1998 3062 2053; x_wconf 81' lang='lat' dir='ltr'><strong>divinae</strong></span> <span class='ocrx_word' id='word_1_367' title='bbox 3112 1999 3464 2068; x_wconf 89' lang='lat' dir='ltr'><strong>protectionis</strong></span> 
     </span>
    </p>
   </div>
   <div class='ocr_carea' id='block_1_48' title="bbox 1894 2087 3465 2162">
    <p class='ocr_par' dir='ltr' id='par_1_48' title="bbox 1894 2087 3465 2162">
     <span class='ocr_line' id='line_1_48' title="bbox 1894 2087 3465 2162; baseline 0.004 -21"><span class='ocrx_word' id='word_1_368' title='bbox 1894 2087 2154 2141; x_wconf 78' lang='lat' dir='ltr'><strong>auxilium</strong></span> <span class='ocrx_word' id='word_1_369' title='bbox 2180 2087 2468 2159; x_wconf 81' lang='lat' dir='ltr'><strong>signiﬁcat,</strong></span> <span class='ocrx_word' id='word_1_370' title='bbox 2511 2090 2651 2143; x_wconf 88' lang='lat' dir='ltr'><strong>sicut</strong></span> <span class='ocrx_word' id='word_1_371' title='bbox 2699 2088 2756 2143; x_wconf 90' lang='lat' dir='ltr'><strong>in</strong></span> <span class='ocrx_word' id='word_1_372' title='bbox 2800 2088 3031 2145; x_wconf 89' lang='lat' dir='ltr'><strong>Psalmis</strong></span> <span class='ocrx_word' id='word_1_373' title='bbox 3069 2090 3307 2162; x_wconf 89' lang='lat' dir='ltr'><strong>legitur:</strong></span> <span class='ocrx_word' id='word_1_374' title='bbox 3352 2110 3371 2142; x_wconf 87' lang='grc'><strong><em>‹</em></strong></span> <span class='ocrx_word' id='word_1_375' title='bbox 3406 2092 3465 2146; x_wconf 81' lang='grc' dir='ltr'><strong>ιιι</strong></span> 
     </span>
    </p>
   </div>
   <div class='ocr_carea' id='block_1_49' title="bbox 1895 2162 3461 2251">
    <p class='ocr_par' dir='ltr' id='par_1_49' title="bbox 1895 2162 3461 2251">
     <span class='ocr_line' id='line_1_49' title="bbox 1895 2162 3461 2251; baseline 0.003 -19"><span class='ocrx_word' id='word_1_376' title='bbox 1895 2194 2088 2233; x_wconf 89' lang='lat' dir='ltr'><strong>manus</strong></span> <span class='ocrx_word' id='word_1_377' title='bbox 2133 2186 2270 2245; x_wconf 90' lang='lat' dir='ltr'><strong>tuas,</strong></span> <span class='ocrx_word' id='word_1_378' title='bbox 2322 2179 2570 2245; x_wconf 89' lang='lat' dir='ltr'><strong>Domine,</strong></span> <span class='ocrx_word' id='word_1_379' title='bbox 2611 2181 2929 2237; x_wconf 89' lang='lat' dir='ltr'><strong>commendo</strong></span> <span class='ocrx_word' id='word_1_380' title='bbox 2980 2182 3230 2251; x_wconf 90' lang='lat' dir='ltr'><strong>spiritum</strong></span> <span class='ocrx_word' id='word_1_381' title='bbox 3282 2162 3461 2238; x_wconf 56' lang='lat' dir='ltr'><strong>m&#39;eum</strong></span> 
     </span>
    </p>
   </div>
   <div class='ocr_carea' id='block_1_50' title="bbox 1898 2264 2310 2339">
    <p class='ocr_par' dir='ltr' id='par_1_50' title="bbox 1898 2264 2310 2339">
     <span class='ocr_line' id='line_1_50' title="bbox 1898 2264 2310 2339; baseline 0.012 -22"><span class='ocrx_word' id='word_1_382' title='bbox 1898 2264 2070 2338; x_wconf 79' lang='lat' dir='ltr'><strong>(Psal.</strong></span> <span class='ocrx_word' id='word_1_383' title='bbox 2102 2268 2256 2339; x_wconf 82' lang='lat' dir='ltr'><strong>xxx).</strong></span> <span class='ocrx_word' id='word_1_384' title='bbox 2291 2288 2310 2321; x_wconf 75' lang='grc' dir='ltr'><strong>ι</strong></span> 
     </span>
    </p>
   </div>
   <div class='ocr_carea' id='block_1_51' title="bbox 1973 2359 3465 2434">
    <p class='ocr_par' dir='ltr' id='par_1_51' title="bbox 1973 2359 3465 2434">
     <span class='ocr_line' id='line_1_51' title="bbox 1973 2359 3465 2434; baseline 0.005 -25"><span class='ocrx_word' id='word_1_385' title='bbox 1973 2377 1991 2409; x_wconf 72' lang='grc' dir='ltr'><strong>ι</strong></span> <span class='ocrx_word' id='word_1_386' title='bbox 2037 2359 2104 2413; x_wconf 87' lang='grc' dir='ltr'>Ει</span> <span class='ocrx_word' id='word_1_387' title='bbox 2146 2359 2437 2415; x_wconf 86' lang='lat' dir='ltr'><strong>Zacharias</strong></span> <span class='ocrx_word' id='word_1_388' title='bbox 2473 2369 2629 2430; x_wconf 90' lang='lat' dir='ltr'><strong>pater</strong></span> <span class='ocrx_word' id='word_1_389' title='bbox 2669 2360 2785 2430; x_wconf 88' lang='lat' dir='ltr'><strong>ejus</strong></span> <span class='ocrx_word' id='word_1_390' title='bbox 2820 2361 3071 2434; x_wconf 89' lang='lat' dir='ltr'><strong>impletus</strong></span> <span class='ocrx_word' id='word_1_391' title='bbox 3123 2371 3207 2418; x_wconf 88' lang='lat' dir='ltr'><strong>est</strong></span> <span class='ocrx_word' id='word_1_392' title='bbox 3259 2362 3465 2433; x_wconf 89' lang='lat' dir='ltr'><strong>Spiritu</strong></span> 
     </span>
    </p>
   </div>
   <div class='ocr_carea' id='block_1_52' title="bbox 1901 2450 3467 2520">
    <p class='ocr_par' dir='ltr' id='par_1_52' title="bbox 1901 2450 3467 2520">
     <span class='ocr_line' id='line_1_52' title="bbox 1901 2450 3467 2520; baseline 0.004 -21"><span class='ocrx_word' id='word_1_393' title='bbox 1901 2465 1921 2499; x_wconf 77' lang='grc' dir='ltr'><strong>ι</strong></span> <span class='ocrx_word' id='word_1_394' title='bbox 1966 2456 2174 2515; x_wconf 85' lang='lat' dir='ltr'><strong>sancto,</strong></span> <span class='ocrx_word' id='word_1_395' title='bbox 2199 2457 2253 2503; x_wconf 89' lang='lat' dir='ltr'><strong>et</strong></span> <span class='ocrx_word' id='word_1_396' title='bbox 2286 2450 2647 2519; x_wconf 87' lang='lat' dir='ltr'><strong>prophetavit.</strong></span> <span class='ocrx_word' id='word_1_397' title='bbox 2686 2468 2704 2501; x_wconf 73' lang='grc' dir='ltr'><strong>ι</strong></span> <span class='ocrx_word' id='word_1_398' title='bbox 2734 2450 2900 2520; x_wconf 84' lang='lat' dir='ltr'><strong>igitur</strong></span> <span class='ocrx_word' id='word_1_399' title='bbox 2922 2450 3048 2520; x_wconf 89' lang='lat' dir='ltr'><strong>quia</strong></span> <span class='ocrx_word' id='word_1_400' title='bbox 3074 2450 3163 2505; x_wconf 90' lang='lat' dir='ltr'><strong>ille</strong></span> <span class='ocrx_word' id='word_1_401' title='bbox 3186 2460 3346 2506; x_wconf 90' lang='lat' dir='ltr'><strong>natus</strong></span> <span class='ocrx_word' id='word_1_402' title='bbox 3362 2459 3467 2517; x_wconf 87' lang='lat' dir='ltr'><strong>est,</strong></span> 
     </span>
    </p>
   </div>
   <div class='ocr_carea' id='block_1_53' title="bbox 1897 2538 3462 2614">
    <p class='ocr_par' dir='ltr' id='par_1_53' title="bbox 1897 2538 3462 2614">
     <span class='ocr_line' id='line_1_53' title="bbox 1897 2538 3462 2614; baseline 0.005 -23"><span class='ocrx_word' id='word_1_403' title='bbox 1897 2538 1988 2610; x_wconf 88' lang='lat' dir='ltr'><strong>qui</strong></span> <span class='ocrx_word' id='word_1_404' title='bbox 2016 2554 2121 2593; x_wconf 92' lang='lat' dir='ltr'><strong>non</strong></span> <span class='ocrx_word' id='word_1_405' title='bbox 2148 2539 2320 2594; x_wconf 89' lang='lat' dir='ltr'><strong>solum</strong></span> <span class='ocrx_word' id='word_1_406' title='bbox 2354 2542 2638 2611; x_wconf 87' lang='lat' dir='ltr'><strong>propheta,</strong></span> <span class='ocrx_word' id='word_1_407' title='bbox 2678 2542 2772 2598; x_wconf 88' lang='lat' dir='ltr'><strong>sed</strong></span> <span class='ocrx_word' id='word_1_408' title='bbox 2797 2543 2959 2597; x_wconf 90' lang='lat' dir='ltr'><strong>etiam</strong></span> <span class='ocrx_word' id='word_1_409' title='bbox 2988 2542 3107 2612; x_wconf 91' lang='lat' dir='ltr'><strong>plus</strong></span> <span class='ocrx_word' id='word_1_410' title='bbox 3141 2558 3302 2614; x_wconf 91' lang='lat' dir='ltr'><strong>quam</strong></span> <span class='ocrx_word' id='word_1_411' title='bbox 3332 2559 3462 2614; x_wconf 83' lang='lat' dir='ltr'><strong>pro-</strong></span> 
     </span>
    </p>
   </div>
   <div class='ocr_carea' id='block_1_54' title="bbox 1898 2628 3467 2700">
    <p class='ocr_par' dir='ltr' id='par_1_54' title="bbox 1898 2628 3467 2700">
     <span class='ocr_line' id='line_1_54' title="bbox 1898 2628 3467 2700; baseline 0.004 -18"><span class='ocrx_word' id='word_1_412' title='bbox 1898 2628 2060 2699; x_wconf 90' lang='lat' dir='ltr'><strong>pheta</strong></span> <span class='ocrx_word' id='word_1_413' title='bbox 2085 2628 2298 2684; x_wconf 84' lang='lat' dir='ltr'><strong>futurus</strong></span> <span class='ocrx_word' id='word_1_414' title='bbox 2327 2639 2471 2696; x_wconf 88' lang='lat' dir='ltr'><strong>erat,</strong></span> <span class='ocrx_word' id='word_1_415' title='bbox 2506 2634 2572 2687; x_wconf 89' lang='lat' dir='ltr'><strong>de</strong></span> <span class='ocrx_word' id='word_1_416' title='bbox 2612 2646 2717 2700; x_wconf 90' lang='lat' dir='ltr'><strong>quo</strong></span> <span class='ocrx_word' id='word_1_417' title='bbox 2739 2640 2794 2687; x_wconf 91' lang='lat' dir='ltr'><strong>et</strong></span> <span class='ocrx_word' id='word_1_418' title='bbox 2820 2632 3069 2688; x_wconf 89' lang='lat' dir='ltr'><strong>Salvator</strong></span> <span class='ocrx_word' id='word_1_419' title='bbox 3098 2634 3174 2687; x_wconf 92' lang='lat' dir='ltr'><strong>ait</strong></span> <span class='ocrx_word' id='word_1_420' title='bbox 3202 2634 3256 2688; x_wconf 93' lang='lat' dir='ltr'><strong>in</strong></span> <span class='ocrx_word' id='word_1_421' title='bbox 3287 2634 3467 2689; x_wconf 85' lang='lat' dir='ltr'><strong>Evan-</strong></span> 
     </span>
    </p>
   </div>
   <div class='ocr_carea' id='block_1_55' title="bbox 1900 2719 3474 2793">
    <p class='ocr_par' dir='ltr' id='par_1_55' title="bbox 1900 2719 3474 2793">
     <span class='ocr_line' id='line_1_55' title="bbox 1900 2719 3474 2793; baseline 0.004 -21"><span class='ocrx_word' id='word_1_422' title='bbox 1900 2719 2040 2790; x_wconf 88' lang='lat' dir='ltr'><strong>gelio</strong></span> <span class='ocrx_word' id='word_1_423' title='bbox 2069 2736 2082 2773; x_wconf 92' lang='lat'><strong>:</strong></span> <span class='ocrx_word' id='word_1_424' title='bbox 2116 2739 2135 2772; x_wconf 81' lang='grc' dir='ltr'><strong>ι</strong></span> <span class='ocrx_word' id='word_1_425' title='bbox 2171 2720 2314 2777; x_wconf 88' lang='lat' dir='ltr'><strong>Inter</strong></span> <span class='ocrx_word' id='word_1_426' title='bbox 2352 2730 2509 2776; x_wconf 87' lang='lat' dir='ltr'><strong>natos</strong></span> <span class='ocrx_word' id='word_1_427' title='bbox 2557 2722 2843 2777; x_wconf 90' lang='lat' dir='ltr'><strong>mulierum</strong></span> <span class='ocrx_word' id='word_1_428' title='bbox 2880 2739 2988 2778; x_wconf 90' lang='lat' dir='ltr'><strong>non</strong></span> <span class='ocrx_word' id='word_1_429' title='bbox 3024 2725 3264 2779; x_wconf 82' lang='lat' dir='ltr'><strong>surrexit</strong></span> <span class='ocrx_word' id='word_1_430' title='bbox 3298 2723 3474 2793; x_wconf 88' lang='lat' dir='ltr'><strong>major</strong></span> 
     </span>
    </p>
   </div>
   <div class='ocr_carea' id='block_1_56' title="bbox 1899 2807 3472 2885">
    <p class='ocr_par' dir='ltr' id='par_1_56' title="bbox 1899 2807 3472 2885">
     <span class='ocr_line' id='line_1_56' title="bbox 1899 2807 3472 2885; baseline 0.005 -23"><span class='ocrx_word' id='word_1_431' title='bbox 1899 2807 2103 2863; x_wconf 83' lang='lat' dir='ltr'><strong>Joanne</strong></span> <span class='ocrx_word' id='word_1_432' title='bbox 2130 2809 2343 2879; x_wconf 80' lang='lat' dir='ltr'><strong>(Matth.</strong></span> <span class='ocrx_word' id='word_1_433' title='bbox 2372 2814 2471 2879; x_wconf 76' lang='grc' dir='ltr'>ιι),</span> <span class='ocrx_word' id='word_1_434' title='bbox 2503 2833 2522 2865; x_wconf 78' lang='grc' dir='ltr'><strong>ι</strong></span> <span class='ocrx_word' id='word_1_435' title='bbox 2552 2828 2660 2867; x_wconf 88' lang='grc' dir='ltr'>ιιοιι</span> <span class='ocrx_word' id='word_1_436' title='bbox 2678 2813 2853 2869; x_wconf 90' lang='lat' dir='ltr'><strong>solum</strong></span> <span class='ocrx_word' id='word_1_437' title='bbox 2880 2813 3112 2869; x_wconf 84' lang='lat' dir='ltr'><strong>ollicium</strong></span> <span class='ocrx_word' id='word_1_438' title='bbox 3135 2815 3387 2885; x_wconf 89' lang='lat' dir='ltr'><strong>loquendi</strong></span> <span class='ocrx_word' id='word_1_439' title='bbox 3417 2816 3472 2870; x_wconf 93' lang='lat' dir='ltr'><strong>in</strong></span> 
     </span>
    </p>
   </div>
   <div class='ocr_carea' id='block_1_57' title="bbox 1900 2898 3478 2977">
    <p class='ocr_par' dir='ltr' id='par_1_57' title="bbox 1900 2898 3478 2977">
     <span class='ocr_line' id='line_1_57' title="bbox 1900 2898 3478 2977; baseline 0.007 -26"><span class='ocrx_word' id='word_1_440' title='bbox 1900 2898 2015 2968; x_wconf 91' lang='lat' dir='ltr'><strong>ejus</strong></span> <span class='ocrx_word' id='word_1_441' title='bbox 2040 2899 2324 2955; x_wconf 89' lang='lat' dir='ltr'><strong>nativitate</strong></span> <span class='ocrx_word' id='word_1_442' title='bbox 2361 2911 2517 2973; x_wconf 89' lang='lat' dir='ltr'><strong>pater</strong></span> <span class='ocrx_word' id='word_1_443' title='bbox 2550 2903 2773 2974; x_wconf 87' lang='lat' dir='ltr'><strong>recepit,</strong></span> <span class='ocrx_word' id='word_1_444' title='bbox 2806 2905 2899 2959; x_wconf 90' lang='lat' dir='ltr'><strong>sed</strong></span> <span class='ocrx_word' id='word_1_445' title='bbox 2928 2905 3090 2960; x_wconf 89' lang='lat' dir='ltr'><strong>etiam</strong></span> <span class='ocrx_word' id='word_1_446' title='bbox 3125 2906 3317 2976; x_wconf 87' lang='lat' dir='ltr'><strong>spiritu</strong></span> <span class='ocrx_word' id='word_1_447' title='bbox 3354 2922 3478 2977; x_wconf 89' lang='lat' dir='ltr'><strong>pro-</strong></span> 
     </span>
    </p>
   </div>
   <div class='ocr_carea' id='block_1_58' title="bbox 1900 2988 3469 3065">
    <p class='ocr_par' dir='ltr' id='par_1_58' title="bbox 1900 2988 3469 3065">
     <span class='ocr_line' id='line_1_58' title="bbox 1900 2988 3469 3065; baseline 0.006 -24"><span class='ocrx_word' id='word_1_448' title='bbox 1900 2988 2098 3058; x_wconf 72' lang='lat' dir='ltr'><strong>phetia:</strong></span> <span class='ocrx_word' id='word_1_449' title='bbox 2134 2989 2395 3060; x_wconf 86' lang='lat' dir='ltr'><strong>repletus,</strong></span> <span class='ocrx_word' id='word_1_450' title='bbox 2424 2992 2711 3048; x_wconf 87' lang='lat' dir='ltr'><strong>adventum</strong></span> <span class='ocrx_word' id='word_1_451' title='bbox 2745 2992 3043 3049; x_wconf 90' lang='lat' dir='ltr'><strong>Salvatoris</strong></span> <span class='ocrx_word' id='word_1_452' title='bbox 3080 2996 3469 3065; x_wconf 87' lang='lat' dir='ltr'><strong>pronuntiavit.</strong></span> 
     </span>
    </p>
   </div>
   <div class='ocr_carea' id='block_1_59' title="bbox 224 3082 3475 3161">
    <p class='ocr_par' dir='ltr' id='par_1_59' title="bbox 224 3082 3475 3161">
     <span class='ocr_line' id='line_1_59' title="bbox 224 3082 3475 3161; baseline -0.002 -8"><span class='ocrx_word' id='word_1_453' title='bbox 224 3100 291 3153; x_wconf 90' lang='lat' dir='ltr'><strong>de</strong></span> <span class='ocrx_word' id='word_1_454' title='bbox 314 3095 601 3152; x_wconf 90' lang='lat' dir='ltr'><strong>Salomone</strong></span> <span class='ocrx_word' id='word_1_455' title='bbox 624 3107 679 3151; x_wconf 90' lang='lat' dir='ltr'><strong>et</strong></span> <span class='ocrx_word' id='word_1_456' title='bbox 705 3095 874 3161; x_wconf 88' lang='lat' dir='ltr'><strong>Josia,</strong></span> <span class='ocrx_word' id='word_1_457' title='bbox 902 3096 967 3152; x_wconf 91' lang='lat' dir='ltr'><strong>de</strong></span> <span class='ocrx_word' id='word_1_458' title='bbox 1005 3092 1211 3149; x_wconf 88' lang='lat' dir='ltr'><strong>Joanne</strong></span> <span class='ocrx_word' id='word_1_459' title='bbox 1234 3091 1571 3160; x_wconf 87' lang='lat' dir='ltr'><strong>Baptista,et</strong></span> <span class='ocrx_word' id='word_1_460' title='bbox 1599 3086 1799 3141; x_wconf 35' lang='lat' dir='ltr'><strong>de&#39;ltoa</strong></span> <span class='ocrx_word' id='word_1_461' title='bbox 1832 3150 1871 3161; x_wconf 35' lang='grc' dir='ltr'><strong>Δ·</strong></span> <span class='ocrx_word' id='word_1_462' title='bbox 1904 3082 2058 3151; x_wconf 89' lang='lat' dir='ltr'><strong>Quod</strong></span> <span class='ocrx_word' id='word_1_463' title='bbox 2089 3085 2214 3153; x_wconf 90' lang='lat' dir='ltr'><strong>quia</strong></span> <span class='ocrx_word' id='word_1_464' title='bbox 2257 3084 2495 3141; x_wconf 88' lang='lat' dir='ltr'><strong>vicinum</strong></span> <span class='ocrx_word' id='word_1_465' title='bbox 2530 3085 2769 3141; x_wconf 85' lang='lat' dir='ltr'><strong>futurum</strong></span> <span class='ocrx_word' id='word_1_466' title='bbox 2808 3088 3085 3161; x_wconf 85' lang='lat' dir='ltr'><strong>prospexit</strong></span> <span class='ocrx_word' id='word_1_467' title='bbox 3112 3107 3124 3144; x_wconf 90' lang='lat'><strong>:</strong></span> <span class='ocrx_word' id='word_1_468' title='bbox 3156 3090 3475 3161; x_wconf 83' lang='lat' dir='ltr'><strong>prophetico</strong></span> 
     </span>
    </p>
   </div>
   <div class='ocr_carea' id='block_1_60' title="bbox 224 3150 3151 3253">
    <p class='ocr_par' dir='ltr' id='par_1_60' title="bbox 224 3150 3151 3253">
     <span class='ocr_line' id='line_1_60' title="bbox 224 3150 3151 3253; baseline -0.002 -12"><span class='ocrx_word' id='word_1_469' title='bbox 224 3188 372 3242; x_wconf 90' lang='lat' dir='ltr'><strong>mino</strong></span> <span class='ocrx_word' id='word_1_470' title='bbox 414 3186 698 3241; x_wconf 88' lang='lat' dir='ltr'><strong>salvatore.</strong></span> <span class='ocrx_word' id='word_1_471' title='bbox 741 3183 965 3253; x_wconf 86' lang='lat' dir='ltr'><strong>Magnus</strong></span> <span class='ocrx_word' id='word_1_472' title='bbox 990 3196 1121 3252; x_wconf 89' lang='lat' dir='ltr'><strong>ergo</strong></span> <span class='ocrx_word' id='word_1_473' title='bbox 1164 3181 1266 3234; x_wconf 90' lang='lat' dir='ltr'><strong>iste</strong></span> <span class='ocrx_word' id='word_1_474' title='bbox 1314 3178 1549 3233; x_wconf 90' lang='lat' dir='ltr'><strong>Joannes</strong></span> <span class='ocrx_word' id='word_1_475' title='bbox 1588 3174 1799 3228; x_wconf 81' lang='lat' dir='ltr'><strong>futurus</strong></span> <span class='ocrx_word' id='word_1_476' title='bbox 1825 3150 1871 3215; x_wconf 63' lang='grc' dir='ltr'><strong>(ἶ</strong></span> <span class='ocrx_word' id='word_1_477' title='bbox 1909 3188 2059 3229; x_wconf 91' lang='lat' dir='ltr'><strong>more</strong></span> <span class='ocrx_word' id='word_1_478' title='bbox 2086 3173 2370 3244; x_wconf 89' lang='lat' dir='ltr'><strong>quasijam</strong></span> <span class='ocrx_word' id='word_1_479' title='bbox 2408 3176 2606 3231; x_wconf 80' lang='lat' dir='ltr'><strong>factum</strong></span> <span class='ocrx_word' id='word_1_480' title='bbox 2635 3180 2897 3245; x_wconf 86' lang='lat' dir='ltr'><strong>narravit,</strong></span> <span class='ocrx_word' id='word_1_481' title='bbox 2922 3180 3106 3235; x_wconf 91' lang='lat' dir='ltr'><strong>dicens</strong></span> <span class='ocrx_word' id='word_1_482' title='bbox 3138 3198 3151 3234; x_wconf 92' lang='lat'><strong>:</strong></span> 
     </span>
    </p>
   </div>
   <div class='ocr_carea' id='block_1_61' title="bbox 225 3270 1793 3345">
    <p class='ocr_par' dir='ltr' id='par_1_61' title="bbox 225 3270 1793 3345">
     <span class='ocr_line' id='line_1_61' title="bbox 225 3270 1793 3345; baseline -0.01 -14"><span class='ocrx_word' id='word_1_483' title='bbox 225 3275 552 3339; x_wconf 88' lang='lat' dir='ltr'><strong>ostenditur,</strong></span> <span class='ocrx_word' id='word_1_484' title='bbox 606 3276 732 3345; x_wconf 83' lang='lat' dir='ltr'><strong>quia</strong></span> <span class='ocrx_word' id='word_1_485' title='bbox 773 3281 931 3327; x_wconf 88' lang='lat' dir='ltr'><strong>antea</strong></span> <span class='ocrx_word' id='word_1_486' title='bbox 969 3270 1281 3326; x_wconf 88' lang='lat' dir='ltr'><strong>nominatus</strong></span> <span class='ocrx_word' id='word_1_487' title='bbox 1310 3275 1392 3322; x_wconf 90' lang='lat' dir='ltr'><strong>est</strong></span> <span class='ocrx_word' id='word_1_488' title='bbox 1425 3280 1584 3335; x_wconf 91' lang='lat' dir='ltr'><strong>quam</strong></span> <span class='ocrx_word' id='word_1_489' title='bbox 1616 3271 1793 3317; x_wconf 88' lang='lat' dir='ltr'><strong>natus.</strong></span> 
     </span>
    </p>
   </div>
   <div class='ocr_carea' id='block_1_62' title="bbox 226 3350 1799 3431">
    <p class='ocr_par' dir='ltr' id='par_1_62' title="bbox 226 3350 1799 3431">
     <span class='ocr_line' id='line_1_62' title="bbox 226 3350 1799 3431; baseline -0.01 -12"><span class='ocrx_word' id='word_1_490' title='bbox 226 3364 323 3419; x_wconf 86' lang='lat' dir='ltr'><strong>Cui</strong></span> <span class='ocrx_word' id='word_1_491' title='bbox 355 3364 482 3419; x_wconf 87' lang='lat' dir='ltr'><strong>illud</strong></span> <span class='ocrx_word' id='word_1_492' title='bbox 532 3362 824 3419; x_wconf 91' lang='lat' dir='ltr'><strong>convenire</strong></span> <span class='ocrx_word' id='word_1_493' title='bbox 856 3366 1055 3431; x_wconf 88' lang='lat' dir='ltr'><strong>potest,</strong></span> <span class='ocrx_word' id='word_1_494' title='bbox 1095 3359 1239 3428; x_wconf 91' lang='lat' dir='ltr'><strong>quod</strong></span> <span class='ocrx_word' id='word_1_495' title='bbox 1268 3356 1447 3411; x_wconf 88' lang='lat' dir='ltr'><strong>divina</strong></span> <span class='ocrx_word' id='word_1_496' title='bbox 1488 3367 1619 3407; x_wconf 89' lang='lat' dir='ltr'><strong>voce</strong></span> <span class='ocrx_word' id='word_1_497' title='bbox 1646 3350 1799 3406; x_wconf 90' lang='lat' dir='ltr'><strong>Jere-</strong></span> 
     </span>
    </p>
   </div>
   <div class='ocr_carea' id='block_1_63' title="bbox 226 3447 1799 3521">
    <p class='ocr_par' dir='ltr' id='par_1_63' title="bbox 226 3447 1799 3521">
     <span class='ocr_line' id='line_1_63' title="bbox 226 3447 1799 3521; baseline -0.009 -11"><span class='ocrx_word' id='word_1_498' title='bbox 226 3456 348 3510; x_wconf 81' lang='lat' dir='ltr'><strong>miae</strong></span> <span class='ocrx_word' id='word_1_499' title='bbox 403 3456 602 3511; x_wconf 92' lang='lat' dir='ltr'><strong>dicitur</strong></span> <span class='ocrx_word' id='word_1_500' title='bbox 654 3473 667 3508; x_wconf 91' lang='lat'><strong>:</strong></span> <span class='ocrx_word' id='word_1_501' title='bbox 704 3474 724 3506; x_wconf 76' lang='grc' dir='ltr'><strong>ι</strong></span> <span class='ocrx_word' id='word_1_502' title='bbox 756 3453 1075 3521; x_wconf 90' lang='lat' dir='ltr'><strong>Priusquam</strong></span> <span class='ocrx_word' id='word_1_503' title='bbox 1125 3459 1178 3504; x_wconf 89' lang='lat' dir='ltr'><strong>te</strong></span> <span class='ocrx_word' id='word_1_504' title='bbox 1216 3448 1506 3502; x_wconf 79' lang='lat' dir='ltr'><strong>formarem</strong></span> <span class='ocrx_word' id='word_1_505' title='bbox 1533 3447 1586 3500; x_wconf 90' lang='lat' dir='ltr'><strong>in</strong></span> <span class='ocrx_word' id='word_1_506' title='bbox 1625 3452 1799 3508; x_wconf 89' lang='lat' dir='ltr'><strong>utero,</strong></span> 
     </span>
    </p>
   </div>
   <div class='ocr_carea' id='block_1_64' title="bbox 226 3534 1802 3614">
    <p class='ocr_par' dir='ltr' id='par_1_64' title="bbox 226 3534 1802 3614">
     <span class='ocr_line' id='line_1_64' title="bbox 226 3534 1802 3614; baseline -0.009 -13"><span class='ocrx_word' id='word_1_507' title='bbox 226 3546 349 3601; x_wconf 79' lang='lat' dir='ltr'><strong>novi</strong></span> <span class='ocrx_word' id='word_1_508' title='bbox 380 3555 430 3600; x_wconf 90' lang='lat' dir='ltr'><strong>te</strong></span> <span class='ocrx_word' id='word_1_509' title='bbox 473 3563 486 3599; x_wconf 89' lang='lat'><strong>:</strong></span> <span class='ocrx_word' id='word_1_510' title='bbox 539 3553 595 3601; x_wconf 89' lang='lat' dir='ltr'><strong>et</strong></span> <span class='ocrx_word' id='word_1_511' title='bbox 636 3553 923 3614; x_wconf 86' lang='lat' dir='ltr'><strong>antequam</strong></span> <span class='ocrx_word' id='word_1_512' title='bbox 952 3542 1129 3596; x_wconf 89' lang='lat' dir='ltr'><strong>exires</strong></span> <span class='ocrx_word' id='word_1_513' title='bbox 1166 3540 1233 3594; x_wconf 89' lang='lat' dir='ltr'><strong>de</strong></span> <span class='ocrx_word' id='word_1_514' title='bbox 1261 3538 1436 3601; x_wconf 90' lang='lat' dir='ltr'><strong>vulva,</strong></span> <span class='ocrx_word' id='word_1_515' title='bbox 1470 3534 1802 3592; x_wconf 82' lang='lat' dir='ltr'><strong>sanetiticavi</strong></span> 
     </span>
    </p>
   </div>
   <div class='ocr_carea' id='block_1_65' title="bbox 216 3627 1799 3707">
    <p class='ocr_par' dir='ltr' id='par_1_65' title="bbox 216 3627 1799 3707">
     <span class='ocr_line' id='line_1_65' title="bbox 216 3627 1799 3707; baseline -0.008 -16"><span class='ocrx_word' id='word_1_516' title='bbox 216 3647 303 3701; x_wconf 78' lang='lat' dir='ltr'><strong>te,</strong></span> <span class='ocrx_word' id='word_1_517' title='bbox 349 3644 406 3692; x_wconf 91' lang='lat' dir='ltr'><strong>et</strong></span> <span class='ocrx_word' id='word_1_518' title='bbox 450 3638 768 3707; x_wconf 88' lang='lat' dir='ltr'><strong>prophetam</strong></span> <span class='ocrx_word' id='word_1_519' title='bbox 817 3636 870 3689; x_wconf 92' lang='lat' dir='ltr'><strong>in</strong></span> <span class='ocrx_word' id='word_1_520' title='bbox 901 3634 1150 3707; x_wconf 89' lang='lat' dir='ltr'><strong>gentibus</strong></span> <span class='ocrx_word' id='word_1_521' title='bbox 1189 3632 1309 3686; x_wconf 86' lang='lat' dir='ltr'><strong>dedi</strong></span> <span class='ocrx_word' id='word_1_522' title='bbox 1338 3642 1391 3686; x_wconf 91' lang='lat' dir='ltr'><strong>te</strong></span> <span class='ocrx_word' id='word_1_523' title='bbox 1416 3628 1549 3701; x_wconf 83' lang='lat' dir='ltr'><strong>(Jer.</strong></span> <span class='ocrx_word' id='word_1_524' title='bbox 1582 3629 1643 3699; x_wconf 87' lang='lat' dir='ltr'><strong>l).</strong></span> <span class='ocrx_word' id='word_1_525' title='bbox 1678 3646 1696 3679; x_wconf 75' lang='grc' dir='ltr'><strong>ι</strong></span> <span class='ocrx_word' id='word_1_526' title='bbox 1733 3627 1799 3680; x_wconf 84' lang='lat' dir='ltr'><strong>Et</strong></span> 
     </span>
    </p>
   </div>
   <div class='ocr_carea' id='block_1_66' title="bbox 229 3721 1803 3786">
    <p class='ocr_par' dir='ltr' id='par_1_66' title="bbox 229 3721 1803 3786">
     <span class='ocr_line' id='line_1_66' title="bbox 229 3721 1803 3786; baseline -0.007 -5"><span class='ocrx_word' id='word_1_527' title='bbox 229 3727 358 3781; x_wconf 90' lang='lat' dir='ltr'><strong>illud</strong></span> <span class='ocrx_word' id='word_1_528' title='bbox 392 3745 405 3780; x_wconf 91' lang='lat'><strong>:</strong></span> <span class='ocrx_word' id='word_1_529' title='bbox 443 3746 460 3779; x_wconf 84' lang='grc' dir='ltr'><strong>ι</strong></span> <span class='ocrx_word' id='word_1_530' title='bbox 494 3727 754 3781; x_wconf 91' lang='lat' dir='ltr'><strong>Dominus</strong></span> <span class='ocrx_word' id='word_1_531' title='bbox 799 3726 869 3779; x_wconf 90' lang='lat' dir='ltr'><strong>ab</strong></span> <span class='ocrx_word' id='word_1_532' title='bbox 917 3732 1073 3778; x_wconf 91' lang='lat' dir='ltr'><strong>utero</strong></span> <span class='ocrx_word' id='word_1_533' title='bbox 1115 3722 1329 3779; x_wconf 89' lang='lat' dir='ltr'><strong>vocavit</strong></span> <span class='ocrx_word' id='word_1_534' title='bbox 1370 3737 1478 3786; x_wconf 90' lang='lat' dir='ltr'><strong>me,</strong></span> <span class='ocrx_word' id='word_1_535' title='bbox 1510 3721 1577 3775; x_wconf 92' lang='lat' dir='ltr'><strong>de</strong></span> <span class='ocrx_word' id='word_1_536' title='bbox 1614 3726 1803 3773; x_wconf 90' lang='lat' dir='ltr'><strong>ventre</strong></span> 
     </span>
    </p>
   </div>
   <div class='ocr_carea' id='block_1_67' title="bbox 228 3808 1806 3878">
    <p class='ocr_par' dir='ltr' id='par_1_67' title="bbox 228 3808 1806 3878">
     <span class='ocr_line' id='line_1_67' title="bbox 228 3808 1806 3878; baseline -0.007 -5"><span class='ocrx_word' id='word_1_537' title='bbox 228 3817 422 3873; x_wconf 83' lang='lat' dir='ltr'><strong>matris</strong></span> <span class='ocrx_word' id='word_1_538' title='bbox 449 3831 584 3872; x_wconf 63' lang='lat' dir='ltr'><strong>mea:</strong></span> <span class='ocrx_word' id='word_1_539' title='bbox 632 3815 946 3870; x_wconf 88' lang='lat' dir='ltr'><strong>recordatus</strong></span> <span class='ocrx_word' id='word_1_540' title='bbox 973 3822 1058 3869; x_wconf 90' lang='lat' dir='ltr'><strong>est</strong></span> <span class='ocrx_word' id='word_1_541' title='bbox 1105 3812 1339 3867; x_wconf 90' lang='lat' dir='ltr'><strong>nominis</strong></span> <span class='ocrx_word' id='word_1_542' title='bbox 1360 3810 1467 3865; x_wconf 89' lang='lat' dir='ltr'><strong>mei</strong></span> <span class='ocrx_word' id='word_1_543' title='bbox 1496 3827 1508 3864; x_wconf 92' lang='lat'><strong>:</strong></span> <span class='ocrx_word' id='word_1_544' title='bbox 1546 3816 1601 3864; x_wconf 93' lang='lat' dir='ltr'><strong>et</strong></span> <span class='ocrx_word' id='word_1_545' title='bbox 1622 3808 1806 3878; x_wconf 87' lang='lat' dir='ltr'><strong>posuit</strong></span> 
     </span>
    </p>
   </div>
   <div class='ocr_carea' id='block_1_68' title="bbox 228 3898 1807 3975">
    <p class='ocr_par' dir='ltr' id='par_1_68' title="bbox 228 3898 1807 3975">
     <span class='ocr_line' id='line_1_68' title="bbox 228 3898 1807 3975; baseline -0.007 -12"><span class='ocrx_word' id='word_1_546' title='bbox 228 3924 293 3963; x_wconf 87' lang='lat' dir='ltr'><strong>os</strong></span> <span class='ocrx_word' id='word_1_547' title='bbox 319 3922 499 3962; x_wconf 90' lang='lat' dir='ltr'><strong>meum</strong></span> <span class='ocrx_word' id='word_1_548' title='bbox 548 3906 807 3961; x_wconf 91' lang='lat' dir='ltr'><strong>Dominus</strong></span> <span class='ocrx_word' id='word_1_549' title='bbox 842 3912 903 3959; x_wconf 91' lang='lat' dir='ltr'><strong>ut</strong></span> <span class='ocrx_word' id='word_1_550' title='bbox 942 3903 1177 3975; x_wconf 88' lang='lat' dir='ltr'><strong>gladium</strong></span> <span class='ocrx_word' id='word_1_551' title='bbox 1218 3910 1433 3957; x_wconf 90' lang='lat' dir='ltr'><strong>acutum</strong></span> <span class='ocrx_word' id='word_1_552' title='bbox 1484 3900 1584 3955; x_wconf 88' lang='lat' dir='ltr'><strong>sub</strong></span> <span class='ocrx_word' id='word_1_553' title='bbox 1615 3898 1807 3953; x_wconf 88' lang='lat' dir='ltr'><strong>umbra</strong></span> 
     </span>
    </p>
   </div>
   <div class='ocr_carea' id='block_1_69' title="bbox 230 3989 1799 4069">
    <p class='ocr_par' dir='ltr' id='par_1_69' title="bbox 230 3989 1799 4069">
     <span class='ocr_line' id='line_1_69' title="bbox 230 3989 1799 4069; baseline -0.009 -14"><span class='ocrx_word' id='word_1_554' title='bbox 230 4013 426 4055; x_wconf 85' lang='lat' dir='ltr'><strong>manus</strong></span> <span class='ocrx_word' id='word_1_555' title='bbox 452 4012 562 4052; x_wconf 78' lang='lat' dir='ltr'><strong>sua:</strong></span> <span class='ocrx_word' id='word_1_556' title='bbox 585 3995 719 4069; x_wconf 81' lang='lat' dir='ltr'><strong>(lsa.</strong></span> <span class='ocrx_word' id='word_1_557' title='bbox 744 3995 913 4066; x_wconf 81' lang='lat' dir='ltr'><strong>xux).</strong></span> <span class='ocrx_word' id='word_1_558' title='bbox 946 4013 965 4046; x_wconf 79' lang='grc' dir='ltr'><strong>ι</strong></span> <span class='ocrx_word' id='word_1_559' title='bbox 990 4014 1009 4047; x_wconf 84' lang='grc' dir='ltr'><strong>ι</strong></span> <span class='ocrx_word' id='word_1_560' title='bbox 1045 3995 1113 4050; x_wconf 87' lang='grc' dir='ltr'>Ει</span> <span class='ocrx_word' id='word_1_561' title='bbox 1139 3993 1318 4048; x_wconf 91' lang='lat' dir='ltr'><strong>mirati</strong></span> <span class='ocrx_word' id='word_1_562' title='bbox 1346 3999 1473 4047; x_wconf 88' lang='lat' dir='ltr'><strong>sunt</strong></span> <span class='ocrx_word' id='word_1_563' title='bbox 1507 3989 1799 4054; x_wconf 64' lang='lat' dir='ltr'><strong>universi,»</strong></span> 
     </span>
    </p>
   </div>
   <div class='ocr_carea' id='block_1_70' title="bbox 230 4077 1807 4157">
    <p class='ocr_par' dir='ltr' id='par_1_70' title="bbox 230 4077 1807 4157">
     <span class='ocr_line' id='line_1_70' title="bbox 230 4077 1807 4157; baseline -0.006 -13"><span class='ocrx_word' id='word_1_564' title='bbox 230 4091 298 4144; x_wconf 88' lang='lat' dir='ltr'><strong>de</strong></span> <span class='ocrx_word' id='word_1_565' title='bbox 338 4088 431 4142; x_wconf 88' lang='lat' dir='ltr'><strong>tali</strong></span> <span class='ocrx_word' id='word_1_566' title='bbox 465 4077 673 4144; x_wconf 86' lang='lat' dir='ltr'><strong>scilicet</strong></span> <span class='ocrx_word' id='word_1_567' title='bbox 696 4087 1003 4152; x_wconf 88' lang='lat' dir='ltr'><strong>concordia,</strong></span> <span class='ocrx_word' id='word_1_568' title='bbox 1032 4085 1173 4157; x_wconf 91' lang='lat' dir='ltr'><strong>quod</strong></span> <span class='ocrx_word' id='word_1_569' title='bbox 1203 4093 1378 4140; x_wconf 88' lang='lat' dir='ltr'><strong>mater</strong></span> <span class='ocrx_word' id='word_1_570' title='bbox 1408 4082 1607 4147; x_wconf 87' lang='lat' dir='ltr'><strong>verbis,</strong></span> <span class='ocrx_word' id='word_1_571' title='bbox 1633 4090 1688 4136; x_wconf 92' lang='lat' dir='ltr'><strong>et</strong></span> <span class='ocrx_word' id='word_1_572' title='bbox 1710 4096 1807 4151; x_wconf 84' lang='lat' dir='ltr'><strong>pa—</strong></span> 
     </span>
    </p>
   </div>
   <div class='ocr_carea' id='block_1_71' title="bbox 231 4172 1810 4248">
    <p class='ocr_par' dir='ltr' id='par_1_71' title="bbox 231 4172 1810 4248">
     <span class='ocr_line' id='line_1_71' title="bbox 231 4172 1810 4248; baseline -0.006 -14"><span class='ocrx_word' id='word_1_573' title='bbox 231 4188 317 4233; x_wconf 90' lang='lat' dir='ltr'><strong>ter</strong></span> <span class='ocrx_word' id='word_1_574' title='bbox 343 4179 564 4248; x_wconf 88' lang='lat' dir='ltr'><strong>scriptis</strong></span> <span class='ocrx_word' id='word_1_575' title='bbox 593 4179 647 4232; x_wconf 91' lang='lat' dir='ltr'><strong>in</strong></span> <span class='ocrx_word' id='word_1_576' title='bbox 678 4193 876 4233; x_wconf 88' lang='lat' dir='ltr'><strong>nomen</strong></span> <span class='ocrx_word' id='word_1_577' title='bbox 902 4176 996 4232; x_wconf 83' lang='lat' dir='ltr'><strong>lilii</strong></span> <span class='ocrx_word' id='word_1_578' title='bbox 1036 4175 1448 4232; x_wconf 89' lang='lat' dir='ltr'><strong>concordarent.</strong></span> <span class='ocrx_word' id='word_1_579' title='bbox 1477 4172 1652 4227; x_wconf 82' lang='lat' dir='ltr'><strong>Mirati</strong></span> <span class='ocrx_word' id='word_1_580' title='bbox 1683 4178 1810 4227; x_wconf 89' lang='lat' dir='ltr'><strong>sunt</strong></span> 
     </span>
    </p>
   </div>
   <div class='ocr_carea' id='block_1_72' title="bbox 234 4262 1803 4333">
    <p class='ocr_par' dir='ltr' id='par_1_72' title="bbox 234 4262 1803 4333">
     <span class='ocr_line' id='line_1_72' title="bbox 234 4262 1803 4333; baseline -0.003 -14"><span class='ocrx_word' id='word_1_581' title='bbox 234 4278 420 4321; x_wconf 90' lang='lat' dir='ltr'><strong>tamen</strong></span> <span class='ocrx_word' id='word_1_582' title='bbox 455 4265 709 4333; x_wconf 78' lang='lat' dir='ltr'><strong>maxime,</strong></span> <span class='ocrx_word' id='word_1_583' title='bbox 740 4281 862 4320; x_wconf 92' lang='lat' dir='ltr'><strong>cum</strong></span> <span class='ocrx_word' id='word_1_584' title='bbox 889 4264 945 4320; x_wconf 89' lang='lat' dir='ltr'><strong>in</strong></span> <span class='ocrx_word' id='word_1_585' title='bbox 973 4280 1161 4320; x_wconf 90' lang='lat' dir='ltr'><strong>eorum</strong></span> <span class='ocrx_word' id='word_1_586' title='bbox 1186 4262 1507 4333; x_wconf 84' lang='lat' dir='ltr'><strong>cognatione</strong></span> <span class='ocrx_word' id='word_1_587' title='bbox 1532 4274 1692 4315; x_wconf 90' lang='lat' dir='ltr'><strong>nemo</strong></span> <span class='ocrx_word' id='word_1_588' title='bbox 1713 4273 1803 4315; x_wconf 90' lang='lat' dir='ltr'><strong>vo-</strong></span> 
     </span>
    </p>
   </div>
   <div class='ocr_carea' id='block_1_73' title="bbox 234 4357 856 4413">
    <p class='ocr_par' dir='ltr' id='par_1_73' title="bbox 234 4357 856 4413">
     <span class='ocr_line' id='line_1_73' title="bbox 234 4357 856 4413; baseline -0.003 -1"><span class='ocrx_word' id='word_1_589' title='bbox 234 4364 454 4412; x_wconf 89' lang='lat' dir='ltr'><strong>caretur</strong></span> <span class='ocrx_word' id='word_1_590' title='bbox 489 4357 592 4412; x_wconf 92' lang='lat' dir='ltr'><strong>hoc</strong></span> <span class='ocrx_word' id='word_1_591' title='bbox 618 4357 856 4413; x_wconf 87' lang='lat' dir='ltr'><strong>nomine.</strong></span> 
     </span>
    </p>
   </div>
   <div class='ocr_carea' id='block_1_74' title="bbox 312 4436 1806 4516">
    <p class='ocr_par' dir='ltr' id='par_1_74' title="bbox 312 4436 1806 4516">
     <span class='ocr_line' id='line_1_74' title="bbox 312 4436 1806 4516; baseline -0.004 -18"><span class='ocrx_word' id='word_1_592' title='bbox 312 4465 333 4498; x_wconf 73' lang='grc' dir='ltr'><strong>ι</strong></span> <span class='ocrx_word' id='word_1_593' title='bbox 376 4447 632 4516; x_wconf 82' lang='lat' dir='ltr'><strong>Apertum</strong></span> <span class='ocrx_word' id='word_1_594' title='bbox 660 4453 747 4500; x_wconf 90' lang='lat' dir='ltr'><strong>est</strong></span> <span class='ocrx_word' id='word_1_595' title='bbox 774 4451 953 4497; x_wconf 88' lang='lat' dir='ltr'><strong>autem</strong></span> <span class='ocrx_word' id='word_1_596' title='bbox 984 4444 1126 4496; x_wconf 82' lang='lat' dir='ltr'><strong>itnco</strong></span> <span class='ocrx_word' id='word_1_597' title='bbox 1148 4456 1208 4495; x_wconf 93' lang='lat' dir='ltr'><strong>os</strong></span> <span class='ocrx_word' id='word_1_598' title='bbox 1239 4441 1356 4510; x_wconf 85' lang='lat' dir='ltr'><strong>ejus</strong></span> <span class='ocrx_word' id='word_1_599' title='bbox 1380 4448 1434 4493; x_wconf 90' lang='lat' dir='ltr'><strong>et</strong></span> <span class='ocrx_word' id='word_1_600' title='bbox 1463 4438 1644 4510; x_wconf 88' lang='lat' dir='ltr'><strong>lingua</strong></span> <span class='ocrx_word' id='word_1_601' title='bbox 1669 4436 1806 4506; x_wconf 90' lang='lat' dir='ltr'><strong>ejus,</strong></span> 
     </span>
    </p>
   </div>
   <div class='ocr_carea' id='block_1_75' title="bbox 243 4528 1813 4604">
    <p class='ocr_par' dir='ltr' id='par_1_75' title="bbox 243 4528 1813 4604">
     <span class='ocr_line' id='line_1_75' title="bbox 243 4528 1813 4604; baseline -0.002 -17"><span class='ocrx_word' id='word_1_602' title='bbox 243 4556 262 4587; x_wconf 77' lang='grc' dir='ltr'><strong>ι</strong></span> <span class='ocrx_word' id='word_1_603' title='bbox 308 4545 364 4591; x_wconf 89' lang='lat' dir='ltr'><strong>et</strong></span> <span class='ocrx_word' id='word_1_604' title='bbox 411 4535 747 4604; x_wconf 87' lang='lat' dir='ltr'><strong>loquebatur.</strong></span> <span class='ocrx_word' id='word_1_605' title='bbox 788 4552 806 4585; x_wconf 86' lang='grc'><strong>›</strong></span> <span class='ocrx_word' id='word_1_606' title='bbox 858 4530 1047 4585; x_wconf 83' lang='lat' dir='ltr'><strong>Merito</strong></span> <span class='ocrx_word' id='word_1_607' title='bbox 1084 4531 1263 4601; x_wconf 85' lang='lat' dir='ltr'><strong>lingua</strong></span> <span class='ocrx_word' id='word_1_608' title='bbox 1311 4544 1473 4599; x_wconf 90' lang='lat' dir='ltr'><strong>quam</strong></span> <span class='ocrx_word' id='word_1_609' title='bbox 1526 4528 1813 4584; x_wconf 78' lang='lat' dir='ltr'><strong>infidelitas</strong></span> 
     </span>
    </p>
   </div>
   <div class='ocr_carea' id='block_1_76' title="bbox 237 4620 1813 4692">
    <p class='ocr_par' dir='ltr' id='par_1_76' title="bbox 237 4620 1813 4692">
     <span class='ocr_line' id='line_1_76' title="bbox 237 4620 1813 4692; baseline -0.004 -12"><span class='ocrx_word' id='word_1_610' title='bbox 237 4629 510 4691; x_wconf 81' lang='lat' dir='ltr'><strong>vinxerat,</strong></span> <span class='ocrx_word' id='word_1_611' title='bbox 540 4625 673 4680; x_wconf 82' lang='lat' dir='ltr'><strong>ﬁdes</strong></span> <span class='ocrx_word' id='word_1_612' title='bbox 701 4622 949 4688; x_wconf 88' lang='lat' dir='ltr'><strong>absolvit,</strong></span> <span class='ocrx_word' id='word_1_613' title='bbox 997 4631 1057 4676; x_wconf 90' lang='lat' dir='ltr'><strong>ut</strong></span> <span class='ocrx_word' id='word_1_614' title='bbox 1103 4622 1420 4692; x_wconf 89' lang='lat' dir='ltr'><strong>impleretur</strong></span> <span class='ocrx_word' id='word_1_615' title='bbox 1447 4620 1588 4691; x_wconf 92' lang='lat' dir='ltr'><strong>quod</strong></span> <span class='ocrx_word' id='word_1_616' title='bbox 1613 4621 1683 4675; x_wconf 87' lang='lat' dir='ltr'><strong>ab</strong></span> <span class='ocrx_word' id='word_1_617' title='bbox 1713 4636 1813 4675; x_wconf 88' lang='lat' dir='ltr'><strong>an-</strong></span> 
     </span>
    </p>
   </div>
   <div class='ocr_carea' id='block_1_77' title="bbox 242 4714 1815 4790">
    <p class='ocr_par' dir='ltr' id='par_1_77' title="bbox 242 4714 1815 4790">
     <span class='ocr_line' id='line_1_77' title="bbox 242 4714 1815 4790; baseline -0.002 -19"><span class='ocrx_word' id='word_1_618' title='bbox 242 4718 362 4790; x_wconf 78' lang='lat' dir='ltr'><strong>gelo</strong></span> <span class='ocrx_word' id='word_1_619' title='bbox 388 4718 438 4772; x_wconf 91' lang='lat' dir='ltr'><strong>ci</strong></span> <span class='ocrx_word' id='word_1_620' title='bbox 473 4718 674 4773; x_wconf 90' lang='lat' dir='ltr'><strong>dictum</strong></span> <span class='ocrx_word' id='word_1_621' title='bbox 717 4715 897 4771; x_wconf 77' lang='lat' dir='ltr'><strong>fuerat</strong></span> <span class='ocrx_word' id='word_1_622' title='bbox 931 4733 945 4769; x_wconf 93' lang='lat'><strong>:</strong></span> <span class='ocrx_word' id='word_1_623' title='bbox 983 4714 1088 4770; x_wconf 89' lang='lat' dir='ltr'><strong>Pro</strong></span> <span class='ocrx_word' id='word_1_624' title='bbox 1122 4729 1189 4770; x_wconf 90' lang='lat' dir='ltr'><strong>eo</strong></span> <span class='ocrx_word' id='word_1_625' title='bbox 1218 4714 1361 4784; x_wconf 88' lang='lat' dir='ltr'><strong>quod</strong></span> <span class='ocrx_word' id='word_1_626' title='bbox 1399 4729 1505 4769; x_wconf 90' lang='lat' dir='ltr'><strong>non</strong></span> <span class='ocrx_word' id='word_1_627' title='bbox 1536 4714 1815 4769; x_wconf 91' lang='lat' dir='ltr'><strong>credidisti</strong></span> 
     </span>
    </p>
   </div>
   <div class='ocr_carea' id='block_1_78' title="bbox 241 4806 1813 4877">
    <p class='ocr_par' dir='ltr' id='par_1_78' title="bbox 241 4806 1813 4877">
     <span class='ocr_line' id='line_1_78' title="bbox 241 4806 1813 4877; baseline -0.004 -11"><span class='ocrx_word' id='word_1_628' title='bbox 241 4811 423 4867; x_wconf 87' lang='lat' dir='ltr'><strong>verbis</strong></span> <span class='ocrx_word' id='word_1_629' title='bbox 451 4810 609 4875; x_wconf 89' lang='lat' dir='ltr'><strong>meis,</strong></span> <span class='ocrx_word' id='word_1_630' title='bbox 646 4809 757 4865; x_wconf 90' lang='lat' dir='ltr'><strong>eris</strong></span> <span class='ocrx_word' id='word_1_631' title='bbox 784 4816 987 4873; x_wconf 90' lang='lat' dir='ltr'><strong>mutus,</strong></span> <span class='ocrx_word' id='word_1_632' title='bbox 1016 4821 1118 4862; x_wconf 90' lang='lat' dir='ltr'><strong>nec</strong></span> <span class='ocrx_word' id='word_1_633' title='bbox 1148 4806 1349 4876; x_wconf 89' lang='lat' dir='ltr'><strong>poteris</strong></span> <span class='ocrx_word' id='word_1_634' title='bbox 1376 4806 1521 4877; x_wconf 91' lang='lat' dir='ltr'><strong>loqui</strong></span> <span class='ocrx_word' id='word_1_635' title='bbox 1553 4820 1726 4877; x_wconf 88' lang='lat' dir='ltr'><strong>usque</strong></span> <span class='ocrx_word' id='word_1_636' title='bbox 1756 4806 1813 4860; x_wconf 91' lang='lat' dir='ltr'><strong>in</strong></span> 
     </span>
    </p>
   </div>
   <div class='ocr_carea' id='block_1_79' title="bbox 244 4899 1813 4972">
    <p class='ocr_par' dir='ltr' id='par_1_79' title="bbox 244 4899 1813 4972">
     <span class='ocr_line' id='line_1_79' title="bbox 244 4899 1813 4972; baseline -0.003 -14"><span class='ocrx_word' id='word_1_637' title='bbox 244 4905 387 4958; x_wconf 82' lang='lat' dir='ltr'><strong>diem</strong></span> <span class='ocrx_word' id='word_1_638' title='bbox 434 4918 541 4972; x_wconf 94' lang='lat' dir='ltr'><strong>quo</strong></span> <span class='ocrx_word' id='word_1_639' title='bbox 588 4902 704 4957; x_wconf 66' lang='lat' dir='ltr'><strong>haec</strong></span> <span class='ocrx_word' id='word_1_640' title='bbox 737 4901 888 4956; x_wconf 81' lang='lat' dir='ltr'><strong>ﬁant.</strong></span> <span class='ocrx_word' id='word_1_641' title='bbox 928 4899 1067 4968; x_wconf 89' lang='lat' dir='ltr'><strong>Quia</strong></span> <span class='ocrx_word' id='word_1_642' title='bbox 1107 4900 1251 4954; x_wconf 91' lang='lat' dir='ltr'><strong>enim</strong></span> <span class='ocrx_word' id='word_1_643' title='bbox 1302 4915 1407 4955; x_wconf 83' lang='lat' dir='ltr'><strong>vox</strong></span> <span class='ocrx_word' id='word_1_644' title='bbox 1446 4900 1732 4955; x_wconf 89' lang='lat' dir='ltr'><strong>clamantis</strong></span> <span class='ocrx_word' id='word_1_645' title='bbox 1759 4900 1813 4954; x_wconf 92' lang='lat' dir='ltr'><strong>in</strong></span> 
     </span>
    </p>
   </div>
   <div class='ocr_carea' id='block_1_80' title="bbox 245 4992 1816 5063">
    <p class='ocr_par' dir='ltr' id='par_1_80' title="bbox 245 4992 1816 5063">
     <span class='ocr_line' id='line_1_80' title="bbox 245 4992 1816 5063; baseline -0.002 -13"><span class='ocrx_word' id='word_1_646' title='bbox 245 4996 461 5050; x_wconf 90' lang='lat' dir='ltr'><strong>deserto</strong></span> <span class='ocrx_word' id='word_1_647' title='bbox 490 4995 830 5058; x_wconf 90' lang='lat' dir='ltr'><strong>nascebatur,</strong></span> <span class='ocrx_word' id='word_1_648' title='bbox 856 4995 1051 5049; x_wconf 89' lang='lat' dir='ltr'><strong>merito</strong></span> <span class='ocrx_word' id='word_1_649' title='bbox 1091 4994 1144 5048; x_wconf 90' lang='lat' dir='ltr'><strong>in</strong></span> <span class='ocrx_word' id='word_1_650' title='bbox 1185 4993 1302 5063; x_wconf 90' lang='lat' dir='ltr'><strong>ejus</strong></span> <span class='ocrx_word' id='word_1_651' title='bbox 1330 4994 1612 5048; x_wconf 88' lang='lat' dir='ltr'><strong>nativitate</strong></span> <span class='ocrx_word' id='word_1_652' title='bbox 1636 4992 1816 5063; x_wconf 84' lang='lat' dir='ltr'><strong>lingua</strong></span> 
     </span>
    </p>
   </div>
   <div class='ocr_carea' id='block_1_81' title="bbox 245 5083 1821 5156">
    <p class='ocr_par' dir='ltr' id='par_1_81' title="bbox 245 5083 1821 5156">
     <span class='ocr_line' id='line_1_81' title="bbox 245 5083 1821 5156; baseline -0.002 -18"><span class='ocrx_word' id='word_1_653' title='bbox 245 5085 440 5155; x_wconf 87' lang='lat' dir='ltr'><strong>patris,</strong></span> <span class='ocrx_word' id='word_1_654' title='bbox 466 5086 557 5155; x_wconf 90' lang='lat' dir='ltr'><strong>qui</strong></span> <span class='ocrx_word' id='word_1_655' title='bbox 584 5085 733 5156; x_wconf 90' lang='lat' dir='ltr'><strong>prius</strong></span> <span class='ocrx_word' id='word_1_656' title='bbox 755 5086 1116 5148; x_wconf 89' lang='lat' dir='ltr'><strong>obmutuerat,</strong></span> <span class='ocrx_word' id='word_1_657' title='bbox 1140 5084 1451 5139; x_wconf 89' lang='lat' dir='ltr'><strong>absolvitur.</strong></span> <span class='ocrx_word' id='word_1_658' title='bbox 1478 5083 1821 5154; x_wconf 89' lang='lat' dir='ltr'><strong>Loquebatur</strong></span> 
     </span>
    </p>
   </div>
   <div class='ocr_carea' id='block_1_82' title="bbox 250 5173 1822 5239">
    <p class='ocr_par' dir='ltr' id='par_1_82' title="bbox 250 5173 1822 5239">
     <span class='ocr_line' id='line_1_82' title="bbox 250 5173 1822 5239; baseline -0.002 -9"><span class='ocrx_word' id='word_1_659' title='bbox 250 5183 431 5230; x_wconf 88' lang='lat' dir='ltr'><strong>autem</strong></span> <span class='ocrx_word' id='word_1_660' title='bbox 471 5191 576 5229; x_wconf 93' lang='lat' dir='ltr'><strong>non</strong></span> <span class='ocrx_word' id='word_1_661' title='bbox 607 5174 771 5229; x_wconf 89' lang='lat' dir='ltr'><strong>verba</strong></span> <span class='ocrx_word' id='word_1_662' title='bbox 809 5175 982 5230; x_wconf 90' lang='lat' dir='ltr'><strong>otiosa</strong></span> <span class='ocrx_word' id='word_1_663' title='bbox 1030 5174 1112 5229; x_wconf 90' lang='lat' dir='ltr'><strong>vel</strong></span> <span class='ocrx_word' id='word_1_664' title='bbox 1155 5174 1435 5239; x_wconf 80' lang='lat' dir='ltr'><strong>fabulosa,</strong></span> <span class='ocrx_word' id='word_1_665' title='bbox 1477 5174 1570 5228; x_wconf 77' lang='lat' dir='ltr'><strong>sed</strong></span> <span class='ocrx_word' id='word_1_666' title='bbox 1600 5173 1822 5228; x_wconf 89' lang='lat' dir='ltr'><strong>benedi-</strong></span> 
     </span>
    </p>
   </div>
   <div class='ocr_carea' id='block_1_83' title="bbox 252 5264 1819 5332">
    <p class='ocr_par' dir='ltr' id='par_1_83' title="bbox 252 5264 1819 5332">
     <span class='ocr_line' id='line_1_83' title="bbox 252 5264 1819 5332; baseline 0 -13"><span class='ocrx_word' id='word_1_667' title='bbox 252 5280 383 5320; x_wconf 89' lang='lat' dir='ltr'><strong>cens</strong></span> <span class='ocrx_word' id='word_1_668' title='bbox 404 5265 593 5319; x_wconf 89' lang='lat' dir='ltr'><strong>Deum.</strong></span> <span class='ocrx_word' id='word_1_669' title='bbox 624 5264 761 5332; x_wconf 91' lang='lat' dir='ltr'><strong>Quia</strong></span> <span class='ocrx_word' id='word_1_670' title='bbox 786 5265 1118 5320; x_wconf 89' lang='lat' dir='ltr'><strong>consuetudo</strong></span> <span class='ocrx_word' id='word_1_671' title='bbox 1145 5273 1455 5319; x_wconf 89' lang='lat' dir='ltr'><strong>sanctorum</strong></span> <span class='ocrx_word' id='word_1_672' title='bbox 1483 5273 1588 5327; x_wconf 89' lang='lat' dir='ltr'><strong>est,</strong></span> <span class='ocrx_word' id='word_1_673' title='bbox 1617 5271 1675 5317; x_wconf 91' lang='lat' dir='ltr'><strong>ut</strong></span> <span class='ocrx_word' id='word_1_674' title='bbox 1695 5280 1819 5319; x_wconf 90' lang='lat' dir='ltr'><strong>cum</strong></span> 
     </span>
    </p>
   </div>
   <div class='ocr_carea' id='block_1_84' title="bbox 252 5357 1825 5427">
    <p class='ocr_par' dir='ltr' id='par_1_84' title="bbox 252 5357 1825 5427">
     <span class='ocr_line' id='line_1_84' title="bbox 252 5357 1825 5427; baseline -0.001 -14"><span class='ocrx_word' id='word_1_675' title='bbox 252 5372 467 5427; x_wconf 89' lang='lat' dir='ltr'><strong>semper</strong></span> <span class='ocrx_word' id='word_1_676' title='bbox 494 5358 815 5413; x_wconf 87' lang='lat' dir='ltr'><strong>benedicant</strong></span> <span class='ocrx_word' id='word_1_677' title='bbox 848 5358 1152 5422; x_wconf 88' lang='lat' dir='ltr'><strong>Dominum,</strong></span> <span class='ocrx_word' id='word_1_678' title='bbox 1191 5357 1428 5412; x_wconf 79' lang='lat' dir='ltr'><strong>maxime</strong></span> <span class='ocrx_word' id='word_1_679' title='bbox 1461 5366 1589 5412; x_wconf 93' lang='lat' dir='ltr'><strong>tunc</strong></span> <span class='ocrx_word' id='word_1_680' title='bbox 1626 5358 1678 5412; x_wconf 94' lang='lat' dir='ltr'><strong>in</strong></span> <span class='ocrx_word' id='word_1_681' title='bbox 1708 5358 1825 5427; x_wconf 89' lang='lat' dir='ltr'><strong>ejus</strong></span> 
     </span>
    </p>
   </div>
   <div class='ocr_carea' id='block_1_85' title="bbox 252 5446 1822 5516">
    <p class='ocr_par' dir='ltr' id='par_1_85' title="bbox 252 5446 1822 5516">
     <span class='ocr_line' id='line_1_85' title="bbox 252 5446 1822 5516; baseline -0.001 -14"><span class='ocrx_word' id='word_1_682' title='bbox 252 5446 635 5502; x_wconf 88' lang='lat' dir='ltr'><strong>benedictione</strong></span> <span class='ocrx_word' id='word_1_683' title='bbox 675 5462 771 5502; x_wconf 92' lang='lat' dir='ltr'><strong>ora</strong></span> <span class='ocrx_word' id='word_1_684' title='bbox 802 5447 1069 5511; x_wconf 87' lang='lat' dir='ltr'><strong>relaxant,</strong></span> <span class='ocrx_word' id='word_1_685' title='bbox 1111 5446 1325 5516; x_wconf 84' lang='lat' dir='ltr'><strong>quando</strong></span> <span class='ocrx_word' id='word_1_686' title='bbox 1346 5446 1415 5501; x_wconf 90' lang='lat' dir='ltr'><strong>ab</strong></span> <span class='ocrx_word' id='word_1_687' title='bbox 1439 5446 1618 5515; x_wconf 89' lang='lat' dir='ltr'><strong>aliqua</strong></span> <span class='ocrx_word' id='word_1_688' title='bbox 1651 5446 1822 5501; x_wconf 87' lang='lat' dir='ltr'><strong>tribu-</strong></span> 
     </span>
    </p>
   </div>
   <div class='ocr_carea' id='block_1_86' title="bbox 254 5535 1824 5608">
    <p class='ocr_par' dir='ltr' id='par_1_86' title="bbox 254 5535 1824 5608">
     <span class='ocr_line' id='line_1_86' title="bbox 254 5535 1824 5608; baseline 0.001 -18"><span class='ocrx_word' id='word_1_689' title='bbox 254 5535 459 5592; x_wconf 86' lang='lat' dir='ltr'><strong>latione</strong></span> <span class='ocrx_word' id='word_1_690' title='bbox 483 5536 699 5592; x_wconf 88' lang='lat' dir='ltr'><strong>liberati</strong></span> <span class='ocrx_word' id='word_1_691' title='bbox 740 5535 959 5590; x_wconf 82' lang='lat' dir='ltr'><strong>fuerint.</strong></span> <span class='ocrx_word' id='word_1_692' title='bbox 992 5536 1142 5603; x_wconf 90' lang='lat' dir='ltr'><strong>Quod</strong></span> <span class='ocrx_word' id='word_1_693' title='bbox 1172 5537 1404 5608; x_wconf 84' lang='lat' dir='ltr'><strong>hymnus</strong></span> <span class='ocrx_word' id='word_1_694' title='bbox 1435 5537 1595 5590; x_wconf 90' lang='lat' dir='ltr'><strong>trium</strong></span> <span class='ocrx_word' id='word_1_695' title='bbox 1627 5551 1824 5606; x_wconf 84' lang='lat' dir='ltr'><strong>puero-</strong></span> 
     </span>
    </p>
   </div>
   <div class='ocr_carea' id='block_1_87' title="bbox 259 5626 1826 5700">
    <p class='ocr_par' dir='ltr' id='par_1_87' title="bbox 259 5626 1826 5700">
     <span class='ocr_line' id='line_1_87' title="bbox 259 5626 1826 5700; baseline 0.001 -17"><span class='ocrx_word' id='word_1_696' title='bbox 259 5643 380 5683; x_wconf 91' lang='lat' dir='ltr'><strong>rum</strong></span> <span class='ocrx_word' id='word_1_697' title='bbox 405 5628 634 5698; x_wconf 89' lang='lat' dir='ltr'><strong>plenitcr</strong></span> <span class='ocrx_word' id='word_1_698' title='bbox 659 5628 900 5684; x_wconf 88' lang='lat' dir='ltr'><strong>declarat</strong></span> <span class='ocrx_word' id='word_1_699' title='bbox 926 5627 1088 5696; x_wconf 84' lang='lat' dir='ltr'><strong>(Dan.</strong></span> <span class='ocrx_word' id='word_1_700' title='bbox 1112 5626 1219 5697; x_wconf 89' lang='grc' dir='ltr'>ιιι),</span> <span class='ocrx_word' id='word_1_701' title='bbox 1249 5627 1341 5696; x_wconf 92' lang='lat' dir='ltr'><strong>qui</strong></span> <span class='ocrx_word' id='word_1_702' title='bbox 1368 5628 1422 5683; x_wconf 91' lang='lat' dir='ltr'><strong>in</strong></span> <span class='ocrx_word' id='word_1_703' title='bbox 1452 5628 1668 5684; x_wconf 88' lang='lat' dir='ltr'><strong>camino</strong></span> <span class='ocrx_word' id='word_1_704' title='bbox 1688 5628 1826 5700; x_wconf 89' lang='lat' dir='ltr'><strong>ignis</strong></span> 
     </span>
    </p>
   </div>
   <div class='ocr_carea' id='block_1_88' title="bbox 262 5718 1826 5785">
    <p class='ocr_par' dir='ltr' id='par_1_88' title="bbox 262 5718 1826 5785">
     <span class='ocr_line' id='line_1_88' title="bbox 262 5718 1826 5785; baseline 0.003 -12"><span class='ocrx_word' id='word_1_705' title='bbox 262 5719 502 5776; x_wconf 85' lang='lat' dir='ltr'><strong>ardentis</strong></span> <span class='ocrx_word' id='word_1_706' title='bbox 536 5720 694 5776; x_wconf 87' lang='lat' dir='ltr'><strong>soluti</strong></span> <span class='ocrx_word' id='word_1_707' title='bbox 732 5718 1155 5785; x_wconf 83' lang='lat' dir='ltr'><strong>deambulantes,</strong></span> <span class='ocrx_word' id='word_1_708' title='bbox 1189 5733 1293 5773; x_wconf 91' lang='lat' dir='ltr'><strong>non</strong></span> <span class='ocrx_word' id='word_1_709' title='bbox 1335 5719 1507 5776; x_wconf 90' lang='lat' dir='ltr'><strong>solum</strong></span> <span class='ocrx_word' id='word_1_710' title='bbox 1538 5721 1706 5777; x_wconf 90' lang='lat' dir='ltr'><strong>Deum</strong></span> <span class='ocrx_word' id='word_1_711' title='bbox 1731 5722 1826 5777; x_wconf 82' lang='lat' dir='ltr'><strong>be-</strong></span> 
     </span>
    </p>
   </div>
   <div class='ocr_carea' id='block_1_89' title="bbox 1983 3265 3473 3338">
    <p class='ocr_par' dir='ltr' id='par_1_89' title="bbox 1983 3265 3473 3338">
     <span class='ocr_line' id='line_1_89' title="bbox 1983 3265 3473 3338; baseline 0.005 -23"><span class='ocrx_word' id='word_1_712' title='bbox 1983 3284 2001 3315; x_wconf 72' lang='grc'><strong>(</strong></span> <span class='ocrx_word' id='word_1_713' title='bbox 2046 3265 2365 3323; x_wconf 82' lang='lat' dir='ltr'><strong>Benedictus</strong></span> <span class='ocrx_word' id='word_1_714' title='bbox 2408 3267 2664 3323; x_wconf 87' lang='lat' dir='ltr'><strong>Dominus</strong></span> <span class='ocrx_word' id='word_1_715' title='bbox 2691 3268 2832 3323; x_wconf 87' lang='lat' dir='ltr'><strong>Deus</strong></span> <span class='ocrx_word' id='word_1_716' title='bbox 2872 3268 3054 3334; x_wconf 86' lang='lat' dir='ltr'><strong>Israel,</strong></span> <span class='ocrx_word' id='word_1_717' title='bbox 3079 3269 3204 3338; x_wconf 91' lang='lat' dir='ltr'><strong>quia</strong></span> <span class='ocrx_word' id='word_1_718' title='bbox 3235 3269 3473 3324; x_wconf 87' lang='lat' dir='ltr'><strong>visitavit</strong></span> 
     </span>
    </p>
   </div>
   <div class='ocr_carea' id='block_1_90' title="bbox 1910 3356 3475 3427">
    <p class='ocr_par' dir='ltr' id='par_1_90' title="bbox 1910 3356 3475 3427">
     <span class='ocr_line' id='line_1_90' title="bbox 1910 3356 3475 3427; baseline 0.002 -19"><span class='ocrx_word' id='word_1_719' title='bbox 1910 3375 1927 3407; x_wconf 79' lang='grc' dir='ltr'><strong>ι</strong></span> <span class='ocrx_word' id='word_1_720' title='bbox 1976 3368 2031 3411; x_wconf 90' lang='lat' dir='ltr'><strong>et</strong></span> <span class='ocrx_word' id='word_1_721' title='bbox 2058 3356 2184 3412; x_wconf 83' lang='lat' dir='ltr'><strong>fecit</strong></span> <span class='ocrx_word' id='word_1_722' title='bbox 2214 3358 2635 3427; x_wconf 90' lang='lat' dir='ltr'><strong>redemptionem</strong></span> <span class='ocrx_word' id='word_1_723' title='bbox 2664 3357 2836 3426; x_wconf 88' lang='lat' dir='ltr'><strong>plebis</strong></span> <span class='ocrx_word' id='word_1_724' title='bbox 2872 3373 3001 3412; x_wconf 79' lang='lat' dir='ltr'><strong>suae.</strong></span> <span class='ocrx_word' id='word_1_725' title='bbox 3044 3378 3063 3409; x_wconf 78' lang='grc' dir='ltr'><strong>ι</strong></span> <span class='ocrx_word' id='word_1_726' title='bbox 3101 3356 3199 3412; x_wconf 90' lang='lat' dir='ltr'><strong>Ubi</strong></span> <span class='ocrx_word' id='word_1_727' title='bbox 3229 3356 3475 3413; x_wconf 88' lang='lat' dir='ltr'><strong>conside-</strong></span> 
     </span>
    </p>
   </div>
   <div class='ocr_carea' id='block_1_91' title="bbox 1908 3444 3478 3517">
    <p class='ocr_par' dir='ltr' id='par_1_91' title="bbox 1908 3444 3478 3517">
     <span class='ocr_line' id='line_1_91' title="bbox 1908 3444 3478 3517; baseline -0.001 -16"><span class='ocrx_word' id='word_1_728' title='bbox 1908 3448 2136 3502; x_wconf 90' lang='lat' dir='ltr'><strong>randum</strong></span> <span class='ocrx_word' id='word_1_729' title='bbox 2164 3448 2306 3517; x_wconf 90' lang='lat' dir='ltr'><strong>quod</strong></span> <span class='ocrx_word' id='word_1_730' title='bbox 2351 3447 2457 3502; x_wconf 91' lang='lat' dir='ltr'><strong>duo</strong></span> <span class='ocrx_word' id='word_1_731' title='bbox 2486 3457 2611 3502; x_wconf 88' lang='lat' dir='ltr'><strong>sunt</strong></span> <span class='ocrx_word' id='word_1_732' title='bbox 2644 3462 2763 3517; x_wconf 62' lang='lat' dir='ltr'><strong>quae</strong></span> <span class='ocrx_word' id='word_1_733' title='bbox 2792 3445 2971 3517; x_wconf 91' lang='lat' dir='ltr'><strong>posuit</strong></span> <span class='ocrx_word' id='word_1_734' title='bbox 3002 3463 3015 3499; x_wconf 92' lang='lat'><strong>:</strong></span> <span class='ocrx_word' id='word_1_735' title='bbox 3061 3466 3079 3498; x_wconf 82' lang='grc' dir='ltr'><strong>ι</strong></span> <span class='ocrx_word' id='word_1_736' title='bbox 3115 3444 3386 3512; x_wconf 83' lang='lat' dir='ltr'><strong>Visitavit,</strong></span> <span class='ocrx_word' id='word_1_737' title='bbox 3418 3454 3478 3500; x_wconf 86' lang='lat' dir='ltr'><strong>et</strong></span> 
     </span>
    </p>
   </div>
   <div class='ocr_carea' id='block_1_92' title="bbox 1904 3535 3485 3607">
    <p class='ocr_par' dir='ltr' id='par_1_92' title="bbox 1904 3535 3485 3607">
     <span class='ocr_line' id='line_1_92' title="bbox 1904 3535 3485 3607; baseline 0 -16"><span class='ocrx_word' id='word_1_738' title='bbox 1904 3536 2033 3591; x_wconf 89' lang='lat' dir='ltr'><strong>fecit</strong></span> <span class='ocrx_word' id='word_1_739' title='bbox 2089 3537 2507 3606; x_wconf 90' lang='lat' dir='ltr'><strong>redemptionem</strong></span> <span class='ocrx_word' id='word_1_740' title='bbox 2543 3536 2714 3607; x_wconf 86' lang='lat' dir='ltr'><strong>plebis</strong></span> <span class='ocrx_word' id='word_1_741' title='bbox 2763 3552 2893 3592; x_wconf 82' lang='lat' dir='ltr'><strong>suae.</strong></span> <span class='ocrx_word' id='word_1_742' title='bbox 2932 3556 2951 3588; x_wconf 80' lang='grc' dir='ltr'><strong>ι</strong></span> <span class='ocrx_word' id='word_1_743' title='bbox 2992 3535 3242 3592; x_wconf 76' lang='lat' dir='ltr'><strong>\‘isitatio</strong></span> <span class='ocrx_word' id='word_1_744' title='bbox 3279 3536 3485 3607; x_wconf 79' lang='lat' dir='ltr'><strong>quippe</strong></span> 
     </span>
    </p>
   </div>
   <div class='ocr_carea' id='block_1_93' title="bbox 1908 3624 3473 3698">
    <p class='ocr_par' dir='ltr' id='par_1_93' title="bbox 1908 3624 3473 3698">
     <span class='ocr_line' id='line_1_93' title="bbox 1908 3624 3473 3698; baseline -0.003 -16"><span class='ocrx_word' id='word_1_745' title='bbox 1908 3628 1975 3683; x_wconf 91' lang='lat' dir='ltr'><strong>ad</strong></span> <span class='ocrx_word' id='word_1_746' title='bbox 2005 3627 2250 3682; x_wconf 80' lang='lat' dir='ltr'><strong>inﬁrmos</strong></span> <span class='ocrx_word' id='word_1_747' title='bbox 2272 3628 2505 3698; x_wconf 90' lang='lat' dir='ltr'><strong>pertinet</strong></span> <span class='ocrx_word' id='word_1_748' title='bbox 2546 3645 2562 3682; x_wconf 94' lang='lat'><strong>:</strong></span> <span class='ocrx_word' id='word_1_749' title='bbox 2600 3627 2919 3696; x_wconf 87' lang='lat' dir='ltr'><strong>redemptio,</strong></span> <span class='ocrx_word' id='word_1_750' title='bbox 2946 3626 3014 3681; x_wconf 90' lang='lat' dir='ltr'><strong>ad</strong></span> <span class='ocrx_word' id='word_1_751' title='bbox 3043 3626 3302 3697; x_wconf 87' lang='lat' dir='ltr'><strong>captivos.</strong></span> <span class='ocrx_word' id='word_1_752' title='bbox 3332 3624 3473 3680; x_wconf 83' lang='lat' dir='ltr'><strong>Visi-</strong></span> 
     </span>
    </p>
   </div>
   <div class='ocr_carea' id='block_1_94' title="bbox 1906 3716 3475 3787">
    <p class='ocr_par' dir='ltr' id='par_1_94' title="bbox 1906 3716 3475 3787">
     <span class='ocr_line' id='line_1_94' title="bbox 1906 3716 3475 3787; baseline -0.003 -14"><span class='ocrx_word' id='word_1_753' title='bbox 1906 3718 2042 3773; x_wconf 88' lang='lat' dir='ltr'><strong>tavit</strong></span> <span class='ocrx_word' id='word_1_754' title='bbox 2086 3732 2217 3787; x_wconf 87' lang='lat' dir='ltr'><strong>ergo</strong></span> <span class='ocrx_word' id='word_1_755' title='bbox 2269 3727 2324 3772; x_wconf 91' lang='lat' dir='ltr'><strong>et</strong></span> <span class='ocrx_word' id='word_1_756' title='bbox 2366 3716 2494 3772; x_wconf 82' lang='lat' dir='ltr'><strong>fecit</strong></span> <span class='ocrx_word' id='word_1_757' title='bbox 2542 3717 2962 3787; x_wconf 88' lang='lat' dir='ltr'><strong>redemptionem</strong></span> <span class='ocrx_word' id='word_1_758' title='bbox 3000 3716 3173 3787; x_wconf 92' lang='lat' dir='ltr'><strong>plebis</strong></span> <span class='ocrx_word' id='word_1_759' title='bbox 3215 3732 3347 3781; x_wconf 65' lang='lat' dir='ltr'><strong>suae,</strong></span> <span class='ocrx_word' id='word_1_760' title='bbox 3377 3730 3475 3785; x_wconf 89' lang='lat' dir='ltr'><strong>per</strong></span> 
     </span>
    </p>
   </div>
   <div class='ocr_carea' id='block_1_95' title="bbox 1908 3806 3477 3877">
    <p class='ocr_par' dir='ltr' id='par_1_95' title="bbox 1908 3806 3477 3877">
     <span class='ocr_line' id='line_1_95' title="bbox 1908 3806 3477 3877; baseline -0.003 -13"><span class='ocrx_word' id='word_1_761' title='bbox 1908 3810 2197 3864; x_wconf 87' lang='lat' dir='ltr'><strong>adventum</strong></span> <span class='ocrx_word' id='word_1_762' title='bbox 2245 3822 2401 3863; x_wconf 89' lang='lat' dir='ltr'><strong>suum</strong></span> <span class='ocrx_word' id='word_1_763' title='bbox 2432 3808 2689 3863; x_wconf 92' lang='lat' dir='ltr'><strong>Dominus</strong></span> <span class='ocrx_word' id='word_1_764' title='bbox 2718 3806 2874 3863; x_wconf 91' lang='lat' dir='ltr'><strong>Jesus</strong></span> <span class='ocrx_word' id='word_1_765' title='bbox 2901 3806 3172 3872; x_wconf 86' lang='lat' dir='ltr'><strong>Christus,</strong></span> <span class='ocrx_word' id='word_1_766' title='bbox 3199 3806 3291 3877; x_wconf 89' lang='lat' dir='ltr'><strong>qui</strong></span> <span class='ocrx_word' id='word_1_767' title='bbox 3332 3807 3385 3860; x_wconf 93' lang='lat' dir='ltr'><strong>in</strong></span> <span class='ocrx_word' id='word_1_768' title='bbox 3417 3821 3477 3861; x_wconf 91' lang='lat' dir='ltr'><strong>se</strong></span> 
     </span>
    </p>
   </div>
   <div class='ocr_carea' id='block_1_96' title="bbox 1907 3900 3480 3974">
    <p class='ocr_par' dir='ltr' id='par_1_96' title="bbox 1907 3900 3480 3974">
     <span class='ocr_line' id='line_1_96' title="bbox 1907 3900 3480 3974; baseline -0.004 -15"><span class='ocrx_word' id='word_1_769' title='bbox 1907 3904 2189 3959; x_wconf 89' lang='lat' dir='ltr'><strong>credentes</strong></span> <span class='ocrx_word' id='word_1_770' title='bbox 2216 3911 2270 3959; x_wconf 93' lang='lat' dir='ltr'><strong>et</strong></span> <span class='ocrx_word' id='word_1_771' title='bbox 2296 3918 2327 3957; x_wconf 94' lang='lat' dir='ltr'><strong>a</strong></span> <span class='ocrx_word' id='word_1_772' title='bbox 2358 3902 2612 3974; x_wconf 90' lang='lat' dir='ltr'><strong>languore</strong></span> <span class='ocrx_word' id='word_1_773' title='bbox 2637 3902 2831 3957; x_wconf 75' lang='lat' dir='ltr'><strong>anima:</strong></span> <span class='ocrx_word' id='word_1_774' title='bbox 2869 3901 3139 3968; x_wconf 88' lang='lat' dir='ltr'><strong>liberavit,</strong></span> <span class='ocrx_word' id='word_1_775' title='bbox 3172 3909 3227 3957; x_wconf 92' lang='lat' dir='ltr'><strong>et</strong></span> <span class='ocrx_word' id='word_1_776' title='bbox 3251 3915 3282 3954; x_wconf 91' lang='lat' dir='ltr'><strong>a</strong></span> <span class='ocrx_word' id='word_1_777' title='bbox 3311 3900 3480 3969; x_wconf 91' lang='lat' dir='ltr'><strong>capti-</strong></span> 
     </span>
    </p>
   </div>
   <div class='ocr_carea' id='block_1_97' title="bbox 1907 3992 3474 4066">
    <p class='ocr_par' dir='ltr' id='par_1_97' title="bbox 1907 3992 3474 4066">
     <span class='ocr_line' id='line_1_97' title="bbox 1907 3992 3474 4066; baseline -0.002 -17"><span class='ocrx_word' id='word_1_778' title='bbox 1907 3995 2077 4050; x_wconf 90' lang='lat' dir='ltr'><strong>vitate</strong></span> <span class='ocrx_word' id='word_1_779' title='bbox 2128 3995 2392 4051; x_wconf 90' lang='lat' dir='ltr'><strong>diaboliea</strong></span> <span class='ocrx_word' id='word_1_780' title='bbox 2441 3996 2677 4066; x_wconf 90' lang='lat' dir='ltr'><strong>pretioso</strong></span> <span class='ocrx_word' id='word_1_781' title='bbox 2726 3995 2985 4065; x_wconf 88' lang='lat' dir='ltr'><strong>sanguine</strong></span> <span class='ocrx_word' id='word_1_782' title='bbox 3021 3993 3269 4050; x_wconf 88' lang='lat' dir='ltr'><strong>redemit.</strong></span> <span class='ocrx_word' id='word_1_783' title='bbox 3318 3992 3474 4049; x_wconf 90' lang='lat' dir='ltr'><strong>Unde</strong></span> 
     </span>
    </p>
   </div>
   <div class='ocr_carea' id='block_1_98' title="bbox 1912 4082 3480 4153">
    <p class='ocr_par' dir='ltr' id='par_1_98' title="bbox 1912 4082 3480 4153">
     <span class='ocr_line' id='line_1_98' title="bbox 1912 4082 3480 4153; baseline -0.001 -14"><span class='ocrx_word' id='word_1_784' title='bbox 1912 4082 2036 4140; x_wconf 83' lang='lat' dir='ltr'><strong>ﬁnis</strong></span> <span class='ocrx_word' id='word_1_785' title='bbox 2063 4082 2221 4153; x_wconf 89' lang='lat' dir='ltr'><strong>hujus</strong></span> <span class='ocrx_word' id='word_1_786' title='bbox 2257 4084 2454 4141; x_wconf 92' lang='lat' dir='ltr'><strong>cantici</strong></span> <span class='ocrx_word' id='word_1_787' title='bbox 2490 4085 2561 4139; x_wconf 87' lang='lat' dir='ltr'><strong>ita</strong></span> <span class='ocrx_word' id='word_1_788' title='bbox 2598 4084 2935 4141; x_wconf 87' lang='lat' dir='ltr'><strong>concluditur</strong></span> <span class='ocrx_word' id='word_1_789' title='bbox 2968 4102 2981 4138; x_wconf 91' lang='lat'><strong>:</strong></span> <span class='ocrx_word' id='word_1_790' title='bbox 3021 4103 3041 4136; x_wconf 81' lang='grc' dir='ltr'><strong>ι</strong></span> <span class='ocrx_word' id='word_1_791' title='bbox 3083 4083 3338 4139; x_wconf 86' lang='lat' dir='ltr'><strong>Visitavit</strong></span> <span class='ocrx_word' id='word_1_792' title='bbox 3378 4096 3480 4137; x_wconf 88' lang='lat' dir='ltr'><strong>nos</strong></span> 
     </span>
    </p>
   </div>
   <div class='ocr_carea' id='block_1_99' title="bbox 1916 4172 3484 4244">
    <p class='ocr_par' dir='ltr' id='par_1_99' title="bbox 1916 4172 3484 4244">
     <span class='ocr_line' id='line_1_99' title="bbox 1916 4172 3484 4244; baseline -0.001 -16"><span class='ocrx_word' id='word_1_793' title='bbox 1916 4194 1936 4227; x_wconf 79' lang='grc' dir='ltr'><strong>ι</strong></span> <span class='ocrx_word' id='word_1_794' title='bbox 1977 4176 2157 4230; x_wconf 86' lang='lat' dir='ltr'><strong>oriens</strong></span> <span class='ocrx_word' id='word_1_795' title='bbox 2198 4191 2265 4230; x_wconf 86' lang='lat' dir='ltr'><strong>ex</strong></span> <span class='ocrx_word' id='word_1_796' title='bbox 2309 4173 2437 4231; x_wconf 92' lang='lat' dir='ltr'><strong>alto.</strong></span> <span class='ocrx_word' id='word_1_797' title='bbox 2496 4175 2805 4232; x_wconf 85' lang='lat' dir='ltr'><strong>llluminare</strong></span> <span class='ocrx_word' id='word_1_798' title='bbox 2846 4175 2954 4241; x_wconf 88' lang='lat' dir='ltr'><strong>his,</strong></span> <span class='ocrx_word' id='word_1_799' title='bbox 3008 4174 3101 4244; x_wconf 91' lang='lat' dir='ltr'><strong>qui</strong></span> <span class='ocrx_word' id='word_1_800' title='bbox 3139 4174 3196 4228; x_wconf 92' lang='lat' dir='ltr'><strong>in</strong></span> <span class='ocrx_word' id='word_1_801' title='bbox 3237 4172 3484 4229; x_wconf 86' lang='lat' dir='ltr'><strong>tenebris</strong></span> 
     </span>
    </p>
   </div>
   <div class='ocr_carea' id='block_1_100' title="bbox 1914 4266 3486 4325">
    <p class='ocr_par' dir='ltr' id='par_1_100' title="bbox 1914 4266 3486 4325">
     <span class='ocr_line' id='line_1_100' title="bbox 1914 4266 3486 4325; baseline 0 -6"><span class='ocrx_word' id='word_1_802' title='bbox 1914 4286 1936 4319; x_wconf 71' lang='grc' dir='ltr'><strong>ι</strong></span> <span class='ocrx_word' id='word_1_803' title='bbox 1977 4279 2034 4325; x_wconf 90' lang='lat' dir='ltr'><strong>et</strong></span> <span class='ocrx_word' id='word_1_804' title='bbox 2079 4269 2133 4323; x_wconf 94' lang='lat' dir='ltr'><strong>in</strong></span> <span class='ocrx_word' id='word_1_805' title='bbox 2189 4268 2379 4324; x_wconf 92' lang='lat' dir='ltr'><strong>umbra</strong></span> <span class='ocrx_word' id='word_1_806' title='bbox 2420 4270 2609 4324; x_wconf 90' lang='lat' dir='ltr'><strong>mortis</strong></span> <span class='ocrx_word' id='word_1_807' title='bbox 2652 4270 2862 4324; x_wconf 89' lang='lat' dir='ltr'><strong>sedent.</strong></span> <span class='ocrx_word' id='word_1_808' title='bbox 2911 4288 2930 4321; x_wconf 76' lang='grc' dir='ltr'><strong>ι</strong></span> <span class='ocrx_word' id='word_1_809' title='bbox 2990 4267 3109 4323; x_wconf 88' lang='lat' dir='ltr'><strong>Etc.</strong></span> <span class='ocrx_word' id='word_1_810' title='bbox 3176 4266 3326 4321; x_wconf 87' lang='lat' dir='ltr'><strong>Plebi</strong></span> <span class='ocrx_word' id='word_1_811' title='bbox 3375 4280 3486 4321; x_wconf 63' lang='lat' dir='ltr'><strong>sum</strong></span> 
     </span>
    </p>
   </div>
   <div class='ocr_carea' id='block_1_101' title="bbox 1912 4355 3482 4428">
    <p class='ocr_par' dir='ltr' id='par_1_101' title="bbox 1912 4355 3482 4428">
     <span class='ocr_line' id='line_1_101' title="bbox 1912 4355 3482 4428; baseline -0.003 -14"><span class='ocrx_word' id='word_1_812' title='bbox 1912 4359 2065 4425; x_wconf 90' lang='lat' dir='ltr'><strong>dicit,</strong></span> <span class='ocrx_word' id='word_1_813' title='bbox 2094 4374 2200 4414; x_wconf 91' lang='lat' dir='ltr'><strong>non</strong></span> <span class='ocrx_word' id='word_1_814' title='bbox 2229 4359 2373 4428; x_wconf 91' lang='lat' dir='ltr'><strong>quod</strong></span> <span class='ocrx_word' id='word_1_815' title='bbox 2402 4359 2543 4415; x_wconf 89' lang='lat' dir='ltr'><strong>hanc</strong></span> <span class='ocrx_word' id='word_1_816' title='bbox 2594 4360 2816 4414; x_wconf 90' lang='lat' dir='ltr'><strong>veniens</strong></span> <span class='ocrx_word' id='word_1_817' title='bbox 2857 4373 3014 4413; x_wconf 90' lang='lat' dir='ltr'><strong>suam</strong></span> <span class='ocrx_word' id='word_1_818' title='bbox 3069 4355 3354 4419; x_wconf 87' lang='lat' dir='ltr'><strong>invenerit,</strong></span> <span class='ocrx_word' id='word_1_819' title='bbox 3384 4355 3482 4410; x_wconf 86' lang='lat' dir='ltr'><strong>sed</strong></span> 
     </span>
    </p>
   </div>
   <div class='ocr_carea' id='block_1_102' title="bbox 1915 4444 3484 4519">
    <p class='ocr_par' dir='ltr' id='par_1_102' title="bbox 1915 4444 3484 4519">
     <span class='ocr_line' id='line_1_102' title="bbox 1915 4444 3484 4519; baseline -0.003 -17"><span class='ocrx_word' id='word_1_820' title='bbox 1915 4450 2042 4519; x_wconf 91' lang='lat' dir='ltr'><strong>quia</strong></span> <span class='ocrx_word' id='word_1_821' title='bbox 2063 4464 2183 4504; x_wconf 90' lang='lat' dir='ltr'><strong>eam</strong></span> <span class='ocrx_word' id='word_1_822' title='bbox 2211 4448 2476 4504; x_wconf 89' lang='lat' dir='ltr'><strong>visitando</strong></span> <span class='ocrx_word' id='word_1_823' title='bbox 2505 4456 2560 4505; x_wconf 89' lang='lat' dir='ltr'><strong>et</strong></span> <span class='ocrx_word' id='word_1_824' title='bbox 2585 4448 2896 4504; x_wconf 86' lang='lat' dir='ltr'><strong>redimendo</strong></span> <span class='ocrx_word' id='word_1_825' title='bbox 2924 4461 3076 4502; x_wconf 88' lang='lat' dir='ltr'><strong>suam</strong></span> <span class='ocrx_word' id='word_1_826' title='bbox 3102 4445 3312 4507; x_wconf 79' lang='lat' dir='ltr'><strong>fecerit,</strong></span> <span class='ocrx_word' id='word_1_827' title='bbox 3342 4444 3484 4499; x_wconf 79' lang='lat' dir='ltr'><strong>sicut</strong></span> 
     </span>
    </p>
   </div>
   <div class='ocr_carea' id='block_1_103' title="bbox 1923 4534 3487 4612">
    <p class='ocr_par' dir='ltr' id='par_1_103' title="bbox 1923 4534 3487 4612">
     <span class='ocr_line' id='line_1_103' title="bbox 1923 4534 3487 4612; baseline -0.004 -14"><span class='ocrx_word' id='word_1_828' title='bbox 1923 4543 2038 4612; x_wconf 91' lang='lat' dir='ltr'><strong>ipse</strong></span> <span class='ocrx_word' id='word_1_829' title='bbox 2067 4556 2165 4612; x_wconf 93' lang='lat' dir='ltr'><strong>per</strong></span> <span class='ocrx_word' id='word_1_830' title='bbox 2197 4540 2335 4596; x_wconf 89' lang='lat' dir='ltr'><strong>Osee</strong></span> <span class='ocrx_word' id='word_1_831' title='bbox 2361 4542 2679 4610; x_wconf 89' lang='lat' dir='ltr'><strong>prophetam</strong></span> <span class='ocrx_word' id='word_1_832' title='bbox 2715 4540 2846 4595; x_wconf 89' lang='lat' dir='ltr'><strong>dicit</strong></span> <span class='ocrx_word' id='word_1_833' title='bbox 2881 4558 2895 4594; x_wconf 91' lang='lat'><strong>:</strong></span> <span class='ocrx_word' id='word_1_834' title='bbox 2931 4558 2950 4591; x_wconf 88' lang='grc'><strong>‹</strong></span> <span class='ocrx_word' id='word_1_835' title='bbox 2992 4537 3208 4594; x_wconf 80' lang='lat' dir='ltr'><strong>Vocabo</strong></span> <span class='ocrx_word' id='word_1_836' title='bbox 3237 4552 3342 4591; x_wconf 94' lang='lat' dir='ltr'><strong>non</strong></span> <span class='ocrx_word' id='word_1_837' title='bbox 3372 4534 3487 4606; x_wconf 82' lang='lat' dir='ltr'><strong>ple-</strong></span> 
     </span>
    </p>
   </div>
   <div class='ocr_carea' id='block_1_104' title="bbox 1922 4627 3486 4703">
    <p class='ocr_par' dir='ltr' id='par_1_104' title="bbox 1922 4627 3486 4703">
     <span class='ocr_line' id='line_1_104' title="bbox 1922 4627 3486 4703; baseline -0.003 -17"><span class='ocrx_word' id='word_1_838' title='bbox 1922 4630 2045 4703; x_wconf 75' lang='lat' dir='ltr'><strong>hem</strong></span> <span class='ocrx_word' id='word_1_839' title='bbox 2075 4645 2247 4685; x_wconf 90' lang='lat' dir='ltr'><strong>meam</strong></span> <span class='ocrx_word' id='word_1_840' title='bbox 2272 4629 2417 4701; x_wconf 69' lang='lat' dir='ltr'><strong>(05c.</strong></span> <span class='ocrx_word' id='word_1_841' title='bbox 2444 4630 2529 4702; x_wconf 92' lang='grc' dir='ltr'>ιι),</span> <span class='ocrx_word' id='word_1_842' title='bbox 2563 4649 2582 4682; x_wconf 78' lang='grc' dir='ltr'><strong>ι</strong></span> <span class='ocrx_word' id='word_1_843' title='bbox 2614 4640 2669 4685; x_wconf 92' lang='lat' dir='ltr'><strong>et</strong></span> <span class='ocrx_word' id='word_1_844' title='bbox 2694 4630 2918 4700; x_wconf 90' lang='lat' dir='ltr'><strong>reliqua.</strong></span> <span class='ocrx_word' id='word_1_845' title='bbox 2953 4628 3077 4685; x_wconf 64' lang='lat' dir='ltr'><strong>Haec</strong></span> <span class='ocrx_word' id='word_1_846' title='bbox 3106 4628 3173 4684; x_wconf 89' lang='lat' dir='ltr'><strong>de</strong></span> <span class='ocrx_word' id='word_1_847' title='bbox 3204 4627 3486 4683; x_wconf 80' lang='lat' dir='ltr'><strong>nativitate</strong></span> 
     </span>
    </p>
   </div>
   <div class='ocr_carea' id='block_1_105' title="bbox 1921 4719 3482 4789">
    <p class='ocr_par' dir='ltr' id='par_1_105' title="bbox 1921 4719 3482 4789">
     <span class='ocr_line' id='line_1_105' title="bbox 1921 4719 3482 4789; baseline -0.002 -14"><span class='ocrx_word' id='word_1_848' title='bbox 1921 4720 2274 4789; x_wconf 74' lang='lat' dir='ltr'><strong>prtecursoris</strong></span> <span class='ocrx_word' id='word_1_849' title='bbox 2308 4720 2519 4774; x_wconf 89' lang='lat' dir='ltr'><strong>Domini</strong></span> <span class='ocrx_word' id='word_1_850' title='bbox 2546 4720 2612 4775; x_wconf 89' lang='lat' dir='ltr'><strong>ad</strong></span> <span class='ocrx_word' id='word_1_851' title='bbox 2639 4720 2873 4775; x_wconf 89' lang='lat' dir='ltr'><strong>litteram</strong></span> <span class='ocrx_word' id='word_1_852' title='bbox 2902 4719 3141 4775; x_wconf 86' lang='lat' dir='ltr'><strong>breviter</strong></span> <span class='ocrx_word' id='word_1_853' title='bbox 3167 4719 3310 4775; x_wconf 91' lang='lat' dir='ltr'><strong>dicta</strong></span> <span class='ocrx_word' id='word_1_854' title='bbox 3335 4726 3482 4773; x_wconf 91' lang='lat' dir='ltr'><strong>sunt.</strong></span> 
     </span>
    </p>
   </div>
   <div class='ocr_carea' id='block_1_106' title="bbox 1924 4808 3483 4882">
    <p class='ocr_par' dir='ltr' id='par_1_106' title="bbox 1924 4808 3483 4882">
     <span class='ocr_line' id='line_1_106' title="bbox 1924 4808 3483 4882; baseline 0 -18"><span class='ocrx_word' id='word_1_855' title='bbox 1924 4809 2251 4882; x_wconf 90' lang='lat' dir='ltr'><strong>Spiritaliter</strong></span> <span class='ocrx_word' id='word_1_856' title='bbox 2289 4825 2412 4865; x_wconf 88' lang='lat' dir='ltr'><strong>cum</strong></span> <span class='ocrx_word' id='word_1_857' title='bbox 2440 4808 2662 4867; x_wconf 90' lang='lat' dir='ltr'><strong>Joannis</strong></span> <span class='ocrx_word' id='word_1_858' title='bbox 2699 4809 3003 4866; x_wconf 90' lang='lat' dir='ltr'><strong>celebratur</strong></span> <span class='ocrx_word' id='word_1_859' title='bbox 3040 4810 3313 4874; x_wconf 89' lang='lat' dir='ltr'><strong>nativitas,</strong></span> <span class='ocrx_word' id='word_1_860' title='bbox 3345 4808 3483 4864; x_wconf 85' lang='lat' dir='ltr'><strong>Novi</strong></span> 
     </span>
    </p>
   </div>
   <div class='ocr_carea' id='block_1_107' title="bbox 1924 4899 3484 4956">
    <p class='ocr_par' dir='ltr' id='par_1_107' title="bbox 1924 4899 3484 4956">
     <span class='ocr_line' id='line_1_107' title="bbox 1924 4899 3484 4956; baseline -0.001 0"><span class='ocrx_word' id='word_1_861' title='bbox 1924 4900 2254 4956; x_wconf 84' lang='lat' dir='ltr'><strong>Testamenti</strong></span> <span class='ocrx_word' id='word_1_862' title='bbox 2301 4900 2587 4955; x_wconf 90' lang='lat' dir='ltr'><strong>inchoatur</strong></span> <span class='ocrx_word' id='word_1_863' title='bbox 2615 4899 2935 4956; x_wconf 88' lang='lat' dir='ltr'><strong>sublimitas.</strong></span> <span class='ocrx_word' id='word_1_864' title='bbox 2974 4919 2992 4950; x_wconf 81' lang='grc' dir='ltr'><strong>ι</strong></span> <span class='ocrx_word' id='word_1_865' title='bbox 3037 4899 3082 4953; x_wconf 83' lang='grc' dir='ltr'>Α</span> <span class='ocrx_word' id='word_1_866' title='bbox 3122 4899 3315 4955; x_wconf 87' lang='lat' dir='ltr'><strong>diebus</strong></span> <span class='ocrx_word' id='word_1_867' title='bbox 3338 4900 3484 4956; x_wconf 91' lang='lat' dir='ltr'><strong>enim</strong></span> 
     </span>
    </p>
   </div>
   <div class='ocr_carea' id='block_1_108' title="bbox 1921 4989 3491 5061">
    <p class='ocr_par' dir='ltr' id='par_1_108' title="bbox 1921 4989 3491 5061">
     <span class='ocr_line' id='line_1_108' title="bbox 1921 4989 3491 5061; baseline -0.001 -13"><span class='ocrx_word' id='word_1_868' title='bbox 1921 4990 2178 5055; x_wconf 89' lang='lat' dir='ltr'><strong>Joannis,</strong></span> <span class='ocrx_word' id='word_1_869' title='bbox 2208 4990 2286 5045; x_wconf 92' lang='lat' dir='ltr'><strong>ait</strong></span> <span class='ocrx_word' id='word_1_870' title='bbox 2334 4989 2616 5057; x_wconf 87' lang='lat' dir='ltr'><strong>Salvator,</strong></span> <span class='ocrx_word' id='word_1_871' title='bbox 2660 5005 2884 5060; x_wconf 90' lang='lat' dir='ltr'><strong>regnum</strong></span> <span class='ocrx_word' id='word_1_872' title='bbox 2919 4990 3181 5045; x_wconf 65' lang='lat' dir='ltr'><strong>caelorum</strong></span> <span class='ocrx_word' id='word_1_873' title='bbox 3213 4991 3321 5046; x_wconf 88' lang='lat' dir='ltr'><strong>vim</strong></span> <span class='ocrx_word' id='word_1_874' title='bbox 3350 4992 3491 5061; x_wconf 87' lang='lat' dir='ltr'><strong>pati-</strong></span> 
     </span>
    </p>
   </div>
   <div class='ocr_carea' id='block_1_109' title="bbox 1926 5080 3483 5155">
    <p class='ocr_par' dir='ltr' id='par_1_109' title="bbox 1926 5080 3483 5155">
     <span class='ocr_line' id='line_1_109' title="bbox 1926 5080 3483 5155; baseline 0.002 -21"><span class='ocrx_word' id='word_1_875' title='bbox 1926 5089 2032 5146; x_wconf 92' lang='lat' dir='ltr'><strong>tur,</strong></span> <span class='ocrx_word' id='word_1_876' title='bbox 2066 5091 2119 5137; x_wconf 89' lang='lat' dir='ltr'><strong>et</strong></span> <span class='ocrx_word' id='word_1_877' title='bbox 2142 5082 2232 5151; x_wconf 88' lang='lat' dir='ltr'><strong>qui</strong></span> <span class='ocrx_word' id='word_1_878' title='bbox 2258 5082 2365 5135; x_wconf 92' lang='lat' dir='ltr'><strong>vim</strong></span> <span class='ocrx_word' id='word_1_879' title='bbox 2389 5080 2617 5145; x_wconf 82' lang='lat' dir='ltr'><strong>faciunt,</strong></span> <span class='ocrx_word' id='word_1_880' title='bbox 2646 5080 2905 5151; x_wconf 89' lang='lat' dir='ltr'><strong>diripiunt</strong></span> <span class='ocrx_word' id='word_1_881' title='bbox 2928 5081 3056 5136; x_wconf 92' lang='lat' dir='ltr'><strong>illud</strong></span> <span class='ocrx_word' id='word_1_882' title='bbox 3087 5081 3302 5151; x_wconf 78' lang='lat' dir='ltr'><strong>(Matth.</strong></span> <span class='ocrx_word' id='word_1_883' title='bbox 3333 5092 3434 5155; x_wconf 79' lang='lat' dir='ltr'><strong>xi).</strong></span> <span class='ocrx_word' id='word_1_884' title='bbox 3465 5102 3483 5137; x_wconf 77' lang='grc' dir='ltr'><strong>ι</strong></span> 
     </span>
    </p>
   </div>
   <div class='ocr_carea' id='block_1_110' title="bbox 1924 5174 3485 5246">
    <p class='ocr_par' dir='ltr' id='par_1_110' title="bbox 1924 5174 3485 5246">
     <span class='ocr_line' id='line_1_110' title="bbox 1924 5174 3485 5246; baseline 0.002 -17"><span class='ocrx_word' id='word_1_885' title='bbox 1924 5174 2449 5244; x_wconf 86' lang='lat' dir='ltr'><strong>Congratulabantur</strong></span> <span class='ocrx_word' id='word_1_886' title='bbox 2489 5176 2650 5231; x_wconf 89' lang='lat' dir='ltr'><strong>vicini</strong></span> <span class='ocrx_word' id='word_1_887' title='bbox 2681 5185 2736 5231; x_wconf 92' lang='lat' dir='ltr'><strong>et</strong></span> <span class='ocrx_word' id='word_1_888' title='bbox 2762 5177 2973 5246; x_wconf 87' lang='lat' dir='ltr'><strong>cognati</strong></span> <span class='ocrx_word' id='word_1_889' title='bbox 3004 5176 3281 5232; x_wconf 79' lang='lat' dir='ltr'><strong>Elizabeth</strong></span> <span class='ocrx_word' id='word_1_890' title='bbox 3305 5178 3365 5232; x_wconf 86' lang='lat' dir='ltr'><strong>in</strong></span> <span class='ocrx_word' id='word_1_891' title='bbox 3390 5192 3485 5232; x_wconf 79' lang='lat' dir='ltr'><strong>na-</strong></span> 
     </span>
    </p>
   </div>
   <div class='ocr_carea' id='block_1_111' title="bbox 1925 5263 3484 5337">
    <p class='ocr_par' dir='ltr' id='par_1_111' title="bbox 1925 5263 3484 5337">
     <span class='ocr_line' id='line_1_111' title="bbox 1925 5263 3484 5337; baseline 0.003 -18"><span class='ocrx_word' id='word_1_892' title='bbox 1925 5264 2134 5319; x_wconf 88' lang='lat' dir='ltr'><strong>tivitate</strong></span> <span class='ocrx_word' id='word_1_893' title='bbox 2178 5263 2418 5330; x_wconf 89' lang='lat' dir='ltr'><strong>Joannis,</strong></span> <span class='ocrx_word' id='word_1_894' title='bbox 2463 5265 2589 5335; x_wconf 90' lang='lat' dir='ltr'><strong>quia</strong></span> <span class='ocrx_word' id='word_1_895' title='bbox 2615 5266 2871 5337; x_wconf 89' lang='lat' dir='ltr'><strong>gaudium</strong></span> <span class='ocrx_word' id='word_1_896' title='bbox 2913 5275 3098 5322; x_wconf 88' lang='lat' dir='ltr'><strong>natum</strong></span> <span class='ocrx_word' id='word_1_897' title='bbox 3144 5269 3314 5323; x_wconf 90' lang='lat' dir='ltr'><strong>estin</strong></span> <span class='ocrx_word' id='word_1_898' title='bbox 3343 5267 3484 5323; x_wconf 60' lang='lat' dir='ltr'><strong>casto</strong></span> 
     </span>
    </p>
   </div>
   <div class='ocr_carea' id='block_1_112' title="bbox 1933 5354 3495 5426">
    <p class='ocr_par' dir='ltr' id='par_1_112' title="bbox 1933 5354 3495 5426">
     <span class='ocr_line' id='line_1_112' title="bbox 1933 5354 3495 5426; baseline 0.001 -16"><span class='ocrx_word' id='word_1_899' title='bbox 1933 5354 2135 5426; x_wconf 83' lang='lat' dir='ltr'><strong>angelis</strong></span> <span class='ocrx_word' id='word_1_900' title='bbox 2177 5356 2244 5410; x_wconf 92' lang='lat' dir='ltr'><strong>de</strong></span> <span class='ocrx_word' id='word_1_901' title='bbox 2289 5356 2560 5412; x_wconf 89' lang='lat' dir='ltr'><strong>ablutione</strong></span> <span class='ocrx_word' id='word_1_902' title='bbox 2607 5355 2894 5425; x_wconf 85' lang='lat' dir='ltr'><strong>justorum,</strong></span> <span class='ocrx_word' id='word_1_903' title='bbox 2949 5357 3179 5414; x_wconf 86' lang='lat' dir='ltr'><strong>Domino</strong></span> <span class='ocrx_word' id='word_1_904' title='bbox 3228 5357 3495 5413; x_wconf 87' lang='lat' dir='ltr'><strong>dicente:</strong></span> 
     </span>
    </p>
   </div>
   <div class='ocr_carea' id='block_1_113' title="bbox 1937 5446 3490 5520">
    <p class='ocr_par' dir='ltr' id='par_1_113' title="bbox 1937 5446 3490 5520">
     <span class='ocr_line' id='line_1_113' title="bbox 1937 5446 3490 5520; baseline 0.002 -21"><span class='ocrx_word' id='word_1_905' title='bbox 1937 5465 1957 5499; x_wconf 80' lang='grc' dir='ltr'><strong>ι</strong></span> <span class='ocrx_word' id='word_1_906' title='bbox 2003 5446 2267 5503; x_wconf 90' lang='lat' dir='ltr'><strong>Gaudium</strong></span> <span class='ocrx_word' id='word_1_907' title='bbox 2318 5448 2424 5503; x_wconf 91' lang='lat' dir='ltr'><strong>erit</strong></span> <span class='ocrx_word' id='word_1_908' title='bbox 2467 5463 2647 5505; x_wconf 88' lang='lat' dir='ltr'><strong>coram</strong></span> <span class='ocrx_word' id='word_1_909' title='bbox 2697 5448 2901 5520; x_wconf 87' lang='lat' dir='ltr'><strong>angelis</strong></span> <span class='ocrx_word' id='word_1_910' title='bbox 2946 5449 3039 5505; x_wconf 90' lang='lat' dir='ltr'><strong>Dei</strong></span> <span class='ocrx_word' id='word_1_911' title='bbox 3084 5449 3137 5503; x_wconf 92' lang='lat' dir='ltr'><strong>in</strong></span> <span class='ocrx_word' id='word_1_912' title='bbox 3166 5448 3307 5504; x_wconf 86' lang='lat' dir='ltr'><strong>coelo</strong></span> <span class='ocrx_word' id='word_1_913' title='bbox 3338 5446 3490 5518; x_wconf 77' lang='lat' dir='ltr'><strong>(Luc.</strong></span> 
     </span>
    </p>
   </div>
   <div class='ocr_carea' id='block_1_114' title="bbox 1931 5535 3492 5609">
    <p class='ocr_par' dir='ltr' id='par_1_114' title="bbox 1931 5535 3492 5609">
     <span class='ocr_line' id='line_1_114' title="bbox 1931 5535 3492 5609; baseline -0.001 -18"><span class='ocrx_word' id='word_1_914' title='bbox 1931 5535 2044 5609; x_wconf 86' lang='lat' dir='ltr'><strong>xv),</strong></span> <span class='ocrx_word' id='word_1_915' title='bbox 2080 5555 2097 5588; x_wconf 82' lang='grc' dir='ltr'><strong>ι</strong></span> <span class='ocrx_word' id='word_1_916' title='bbox 2130 5545 2235 5593; x_wconf 88' lang='lat' dir='ltr'><strong>etc.</strong></span> <span class='ocrx_word' id='word_1_917' title='bbox 2288 5538 2414 5593; x_wconf 88' lang='lat' dir='ltr'><strong>Sive</strong></span> <span class='ocrx_word' id='word_1_918' title='bbox 2459 5538 2968 5609; x_wconf 88' lang='lat' dir='ltr'><strong>congratulabantur</strong></span> <span class='ocrx_word' id='word_1_919' title='bbox 2992 5537 3147 5592; x_wconf 89' lang='lat' dir='ltr'><strong>vicini</strong></span> <span class='ocrx_word' id='word_1_920' title='bbox 3189 5545 3245 5590; x_wconf 84' lang='lat' dir='ltr'><strong>et</strong></span> <span class='ocrx_word' id='word_1_921' title='bbox 3278 5537 3492 5607; x_wconf 87' lang='lat' dir='ltr'><strong>cognati</strong></span> 
     </span>
    </p>
   </div>
   <div class='ocr_carea' id='block_1_115' title="bbox 1930 5627 3493 5702">
    <p class='ocr_par' dir='ltr' id='par_1_115' title="bbox 1930 5627 3493 5702">
     <span class='ocr_line' id='line_1_115' title="bbox 1930 5627 3493 5702; baseline 0.001 -19"><span class='ocrx_word' id='word_1_922' title='bbox 1930 5629 2181 5701; x_wconf 89' lang='lat' dir='ltr'><strong>genitrici</strong></span> <span class='ocrx_word' id='word_1_923' title='bbox 2227 5630 2281 5685; x_wconf 91' lang='lat' dir='ltr'><strong>in</strong></span> <span class='ocrx_word' id='word_1_924' title='bbox 2310 5639 2435 5686; x_wconf 89' lang='lat' dir='ltr'><strong>ortu</strong></span> <span class='ocrx_word' id='word_1_925' title='bbox 2466 5634 2589 5687; x_wconf 90' lang='lat' dir='ltr'><strong>novi</strong></span> <span class='ocrx_word' id='word_1_926' title='bbox 2616 5631 2791 5702; x_wconf 87' lang='lat' dir='ltr'><strong>pueri,</strong></span> <span class='ocrx_word' id='word_1_927' title='bbox 2825 5630 2950 5701; x_wconf 85' lang='lat' dir='ltr'><strong>quia</strong></span> <span class='ocrx_word' id='word_1_928' title='bbox 2983 5627 3223 5683; x_wconf 82' lang='lat' dir='ltr'><strong>Ecclesia</strong></span> <span class='ocrx_word' id='word_1_929' title='bbox 3251 5627 3493 5697; x_wconf 86' lang='lat' dir='ltr'><strong>spiritale</strong></span> 
     </span>
    </p>
   </div>
   <div class='ocr_carea' id='block_1_116' title="bbox 1930 5721 3500 5796">
    <p class='ocr_par' dir='ltr' id='par_1_116' title="bbox 1930 5721 3500 5796">
     <span class='ocr_line' id='line_1_116' title="bbox 1930 5721 3500 5796; baseline -0.001 -17"><span class='ocrx_word' id='word_1_930' title='bbox 1930 5724 2186 5796; x_wconf 87' lang='lat' dir='ltr'><strong>gaudium</strong></span> <span class='ocrx_word' id='word_1_931' title='bbox 2232 5724 2441 5793; x_wconf 86' lang='lat' dir='ltr'><strong>habuit,</strong></span> <span class='ocrx_word' id='word_1_932' title='bbox 2470 5740 2596 5782; x_wconf 89' lang='lat' dir='ltr'><strong>cum</strong></span> <span class='ocrx_word' id='word_1_933' title='bbox 2645 5725 2854 5781; x_wconf 82' lang='lat' dir='ltr'><strong>ﬁdelem</strong></span> <span class='ocrx_word' id='word_1_934' title='bbox 2894 5721 3145 5794; x_wconf 79' lang='lat' dir='ltr'><strong>populum</strong></span> <span class='ocrx_word' id='word_1_935' title='bbox 3186 5735 3287 5792; x_wconf 91' lang='lat' dir='ltr'><strong>per</strong></span> <span class='ocrx_word' id='word_1_936' title='bbox 3325 5721 3500 5793; x_wconf 80' lang='lat' dir='ltr'><strong>bapti-</strong></span> 
     </span>
    </p>
   </div>
  </div>
