4002 6348
530 368 634 426 759

1125 361 1474 419 HAYMONIS
1507 357 1982 417 HALBERSTAT.
2024 358 2238 415 EPISC.
2279 355 2431 415 OPP.
2473 356 2649 415 PARS
2685 358 2751 415 ll.
2788 387 2860 399 —
2896 356 3127 415 HOMIL.

3697 361 3814 420 τω

532 478 731 545 sinum
755 480 959 553 genuit.
1003 476 1252 534 Concinit
1294 485 1473 530 autem
1529 474 1701 544 gratia
1742 472 1877 528 Novi
1916 471 2105 527 Testa-
2133 466 2183 532 Α
2210 471 2410 526 montis
2431 469 2622 525 Libani
2641 466 2929 525 aediﬁcavit
2952 486 2966 525 :
2988 478 3046 525 et
3068 468 3207 525 hanc
3230 469 3533 527 Caesaream
3552 470 3809 544 Philippi

532 576 724 639 menti,
751 573 892 644 quod
942 570 1180 640 ejusdem
1220 570 1486 640 praeconis
1525 568 1867 625 circumcisio
1914 578 2103 622 octava

531 669 623 725 die
649 666 974 731 celebratur.
1005 660 1328 718 Octonarius
1368 662 1510 715 enim
1557 676 1814 716 numerus
1848 661 1913 713 ad
1943 659 2103 713 fidem

534 756 947 817 resurLectiouis
986 746 1240 824 pertinet,
1268 744 1512 809 dicente.
1544 753 1831 829 Salomone
1882 767 1897 806 :
1948 770 1966 804 ι
2028 751 2104 805 Da

532 856 716 917 partes
736 840 965 907 septem,
999 832 1208 899 necnon
1248 852 1302 898 et
1340 851 1462 898 octo
1494 836 1690 914 (Eccle.
1722 832 1825 911 xi).
1857 861 1875 893 ι
1910 841 1978 925 Et
1999 840 2106 895 Do-

530 930 716 992 minus
738 932 906 989 Jesus
934 922 1183 988 Christus
1213 938 1400 988 octava
1446 934 1532 989 die
1578 944 1863 1003 resurgens
1895 947 1925 987 a
1962 922 2106 987 mor-

531 1025 657 1089 tuis,
691 1036 931 1082 nostram
959 1020 1410 1082 resurrectionem
1434 1027 1487 1080 in
1516 1036 1707 1081 octava
1732 1033 1893 1081 :etate
1921 1016 2106 1080 Saeuli

530 1116 771 1171 futuram
816 1112 1226 1192 demonstravit.
1274 1118 1439 1173 Recte
1483 1132 1603 1171 cum
1656 1115 1862 1172 Novum
1913 1116 2103 1170 Testa-

536 1220 781 1267 mentum
811 1212 1115 1277 inchoatur,
1155 1206 1389 1267 Joannes
1426 1221 1615 1267 octava
1652 1211 1738 1266 die
1766 1209 2106 1266 circumcidi-

533 1311 648 1367 tur,
693 1300 919 1373 pulchre
949 1303 1112 1358 etiam
1154 1302 1432 1357 nativitate
1475 1302 1598 1357 novi
1643 1302 1909 1371 praeconis
1934 1302 2108 1370 patris

534 1393 720 1465 lingua
770 1392 1085 1459 absolvitur,
1130 1395 1255 1465 quia
1298 1390 1359 1449 et
1409 1388 1781 1465 Spiritualiter'
1815 1392 2104 1475 sacerdotii

529 1484 782 1553 dignitas,
828 1494 883 1540 et
928 1486 1137 1541 Veteris
1187 1485 1521 1540 Testamenti
1564 1485 1907 1557 mysterium,
1960 1484 2107 1553 quod

530 1578 905 1633 absconditum
929 1587 985 1632 et
1020 1579 1239 1649 ligatum
1266 1586 1407 1643 erat,
1436 1587 1558 1648 post
1582 1577 1794 1632 Domini
1828 1592 2105 1631 resurrec-

525 1668 731 1723 tionem
786 1668 1182 1724 manifestatum
1207 1676 1264 1723 et
1301 1667 1629 1724 declaratum
1660 1676 1762 1723 est.
1797 1667 1899 1722 llic
1925 1676 2105 1724 autem

527 1757 620 1828 qui
657 1758 825 1827 patris
866 1773 1272 1829 nomenpuero
1301 1759 1471 1831 magis
1505 1776 1665 1830 quam
1696 1758 1959 1815 Joannem
2000 1760 2103 1814 im-

2207 562 2623 632 cognominavit,
2650 562 2739 617 ubi
2765 562 2873 616 duo
2901 561 3080 617 fontes
3110 562 3380 628 oriuntur,
3408 579 3546 618 unus
3570 566 3813 621 nomine

2205 649 2318 715 Jor,
2333 650 2469 705 alter
2493 665 2622 707 vero
2645 652 2783 717 Dan,
2814 652 2928 721 qui,
2958 651 3120 707 simul
3144 650 3338 718 juncti,
3362 653 3653 708 Jordanem
3684 653 3809 709 cili-

2206 742 2353 796 ciunt
2373 740 2612 796 ﬂuvium.
2643 742 2699 797 ln
2723 742 2881 810 hujus
2898 758 3028 813 ergo
3049 752 3230 812 partes
3247 744 3469 800 veniens
3488 745 3646 801 Jesus
3669 761 3804 802 cum

2207 831 2481 900 discipulis
2509 834 2622 887 suis
2644 833 3014 904 interrogabat
3042 850 3136 890 eos
3169 835 3356 890 dicens
3387 855 3401 889 :
3439 856 3459 887 ι
3492 836 3668 903 Quem
3712 839 3805 893 die

2213 940 2232 971 ι
2270 930 2400 976 cunt
2439 922 2683 979 homines
2729 939 2850 980 esse
2899 923 3064 980 lilium
3119 927 3393 981 hominis?
3428 948 3448 980 ι
3486 928 3556 984 Ut
3585 930 3806 986 scilicet

2206 1015 2298 1069 ubi
2327 1014 2510 1070 Caesar
2544 1012 2822 1071 nummum
2870 1016 3121 1088 exigebat
3156 1018 3378 1083 tributi,
3424 1019 3495 1074 ibi
3544 1018 3809 1076 Salvator

2207 1121 2488 1161 nummum
2534 1107 2806 1177 acciperet
2861 1106 3006 1162 fidei.
3069 1107 3376 1163 Notandum
3421 1118 3625 1174 autem,
3668 1112 3808 1180 quia

2206 1212 2313 1251 non
2363 1198 2440 1252 ait
2480 1216 2494 1251 :
2544 1197 2717 1265 Quem
2767 1213 2854 1253 me
2897 1199 3082 1253 dicunt
3121 1199 3368 1255 homines
3413 1215 3569 1265 esse,
3621 1215 3694 1255 ne
3715 1199 3810 1269 ja-

2208 1297 2421 1343 ctanter
2441 1290 2509 1345 de
2539 1305 2599 1345 se
2624 1305 2866 1360 quaerere
2892 1292 3195 1353 videretur,
3234 1292 3328 1347 sed
3349 1290 3375 1344 ἰ
3410 1308 3573 1363 quem
3610 1294 3807 1348 dicunt

2208 1380 2455 1435 homines
2478 1396 2596 1436 esse
2624 1382 2788 1435 [ilium
2822 1382 3075 1436 hominis.
3110 1401 3132 1435 ι
3162 1383 3230 1437 Et
3271 1398 3413 1438 cum
3435 1381 3661 1451 majoris
3710 1385 3815 1440 ho-

2208 1473 2356 1527 noris
2384 1474 2660 1528 videretur
2684 1473 2877 1528 Filium
2918 1475 3012 1529 Dei
3058 1477 3373 1541 se'vocari,
3405 1476 3575 1531 filium
3628 1479 3811 1532 homi-

2208 1564 2294 1619 nis
2322 1580 2383 1619 se
2405 1564 2574 1618 voluit
2603 1566 2901 1631 nominare,
2921 1576 2980 1620 ut
3011 1567 3323 1622 ostenderet
3343 1568 3400 1622 in
3423 1570 3682 1625 omnibus
3708 1586 3811 1626 ac-

2210 1655 2353 1710 tibus
2383 1655 2742 1712 humilitatcm
2771 1673 2892 1714 esse
2922 1661 3241 1714 servandam
3291 1678 3304 1714 :
3357 1662 3471 1716 sive
3516 1672 3693 1729 certe,
3740 1680 3808 1719 ne

2209 1744 2404 1815 aliquis
2433 1747 2498 1801 de
2529 1748 2755 1802 veritate
2786 1732 3074 1820 assumpta:
3096 1740 3296 1805 carnis
3341 1751 3643 1819 dubitaret,
3692 1753 3809 1811 fre-

526 1862 731 1917 ponere
758 1848 1027 1914 volebam,
1054 1849 1197 1904 illam
1220 1859 1432 1920 partem
1456 1850 1635 1921 populi
1662 1850 1985 1920 signiﬁcant,
2011 1850 2102 1918 qui
2134 1834 2184 1895 Β
2208 1836 2463 1906 quentius
2500 1836 2666 1891 lilium
2694 1839 2945 1901 hominis,
2977 1856 3137 1910 quam
3178 1842 3374 1897 Filium
3403 1844 3497 1899 Dei
3526 1861 3587 1900 se
3611 1862 3809 1901 vocare

525 1938 704 2009 magis
734 1954 798 1994 cx
820 1941 1075 2011 Operibus
1099 1940 1233 2013 legis
1271 1957 1432 2011 quam
1462 1958 1558 2013 per
1584 1943 1744 1997 iidem
1773 1941 1972 1997 Christi
2006 1942 2105 1996 h'o-

524 2028 727 2082 mincm
760 2043 919 2098 posse
961 2029 1245 2100 justiiicari
1288 2031 1599 2086 credebant.
1640 2030 1747 2085 Sed
1788 2038 1961 2084 mater
1991 2031 2106 2086 hmc

526 2119 846 2192 prophetico
884 2121 1075 2191 spiritu
1105 2122 1376 2191 prohibet,
1411 2123 1595 2179 dicens
1625 2138 1641 2176 :
1678 2141 1696 2173 ι
1734 2121 2104 2192 Nequaquam,

527 2209 624 2264 sed
667 2209 948 2264 vocabitur
980 2210 1235 2277 Joannes,
1270 2231 1288 2263 ι
1324 2213 1449 2283 quia
1473 2212 1710 2267 Ecclesia
1735 2226 1924 2267 eorum
1959 2211 2110 2266 ablu-

527 2302 753 2365 tionem,
800 2318 935 2371 quos
983 2318 1080 2372 per
1105 2303 1432 2374 baptismum
1481 2312 1786 2375 regenerat,
1815 2304 1990 2377 magis
2012 2320 2111 2373 per

525 2389 687 2447 ﬁdem
718 2402 770 2447 et
799 2394 1046 2462 gratiam,
1084 2408 1245 2463 quam
1284 2408 1380 2464 per
1419 2409 1581 2464 opera
1629 2394 1764 2466 legis
1803 2409 1963 2463 posse
2001 2394 2105 2448 im-

523 2483 677 2558 plere
706 2483 897 2540 credit.
931 2483 1084 2552 Quod
1120 2500 1315 2540 nomen
1351 2483 1576 2541 Joannis
1617 2486 1671 2540 in
1710 2494 1895 2541 nostra
1928 2485 2107 2554 lingua

526 2588 723 2631 sonare
767 2575 999 2642 videtur,
1041 2576 1167 2645 quia
1220 2576 1394 2646 gratia
1443 2575 1561 2643 Dei,
1607 2576 1723 2631 sive
1768 2577 1824 2631 in
1878 2592 1981 2647 quo
2032 2584 2108 2629 est

526 2663 726 2732 gratia,
754 2664 1162 2733 interpretatur.
1184 2682 1202 2715 ι
1222 2663 1406 2719 Gratia
1435 2665 1577 2719 enim
1594 2660 1710 2731 Dei,
1731 2683 1750 2716 ι
1780 2664 1856 2719 ait
1880 2663 2109 2735 Aposto-

525 2753 636 2820 lus,
672 2772 691 2806 ι
726 2756 889 2812 salvae
914 2755 1069 2812 iactae
1096 2765 1225 2811 sunt
1253 2766 1441 2829 gentes
1470 2755 1684 2827 (Ephes.
1715 2756 1798 2828 ιι).
1822 2775 1841 2809 ι
1871 2750 1941 2832 Et
1967 2755 2107 2811 sicut

525 2846 655 2903 alibi
686 2847 763 2902 ait
790 2863 806 2903 ι
843 2866 863 2899 ‹
895 2847 1082 2919 Neque
1123 2849 1468 2904 circumcisio
1506 2849 1706 2919 aliquid
1738 2849 1899 2915 valet,
1928 2863 2106 2918 neque

522 2937 871 3007 praeputium,
917 2938 1010 2994 sed
1053 2938 1188 2994 fides
1239 2954 1358 3009 quae
1414 2954 1513 3010 per
1547 2939 1887 2995 dilectionem
1918 2954 2108 3009 opera-

526 3037 621 3081 tur
645 3024 787 3098 (Cal.
818 3029 894 3099 v).
942 3048 960 3081 ι
993 3028 1148 3084 Unde
1173 3030 1488 3099 spiritaliter
1516 3031 1687 3101 patris
1716 3046 1912 3086 nomen
1934 3045 2106 3101 puero

524 3117 806 3186 imponere
843 3118 1168 3185 volentibus,
1208 3120 1401 3175 Petrus
1438 3120 1713 3192 apostolus
1758 3136 1878 3177 cum
1929 3119 2106 3175 Eliza-
2152 3166 2156 3171 .

2211 1930 2418 1996 maluit,
2446 1932 2585 1986 sicut
2612 1944 2694 1987 est
2719 1933 2844 1987 illud
2870 1950 2884 1987 :
2913 1954 2930 1985 ι
2965 1934 3195 1990 Veniens
3224 1937 3365 1991 [ilius
3392 1938 3653 1999 hominis,
3700 1956 3801 2010 pu-

2212 2031 2297 2077 tas
2334 2024 2569 2079 inveniet
2598 2025 2753 2080 ildem
2786 2026 2837 2079 in
2874 2027 3058 2081 terra?
3087 2048 3105 2081 ι
3142 2027 3294 2099 (Luc.
3320 2032 3502 2101 xviii.)
3520 2032 3581 2086 Et
3601 2053 3615 2086 ;
3637 2031 3801 2089 Filius

2211 2114 2444 2170 hominis
2473 2126 2730 2173 venturus
2762 2126 2845 2173 est
2871 2119 2922 2173 in
2953 2118 3122 2189 gloria
3161 2121 3339 2176 Patris
3367 2124 3449 2177 sui
3480 2140 3605 2178 cum
3633 2141 3791 2195 auge-

2209 2206 2277 2262 lis
2314 2209 2426 2263 suis
2454 2208 2669 2279 (Matth.
2699 2212 2831 2280 xvi).
2873 2228 2892 2260 ›
2927 2210 2993 2263 Et
3024 2226 3039 2263 :
3089 2230 3107 2261 ε
3141 2209 3338 2281 Vulpes
3386 2212 3574 2268 foveas
3604 2213 3797 2269 habent

2212 2296 2423 2368 (Matth.
2452 2299 2593 2366 vm),
2616 2318 2634 2350 ι
2657 2307 2709 2354 ct
2733 2299 2819 2353 his
2855 2299 3070 2353 similia.
3097 2299 3416 2371 Ubicunque
3445 2304 3596 2357 enim
3626 2304 3680 2357 in
3702 2303 3798 2358 La—

2209 2389 2322 2444 tino
2374 2390 2514 2445 ﬁlius
2556 2391 2790 2446 hominis
2832 2391 3043 2461 legitur,
3082 2392 3134 2447 in
3182 2393 3410 2448 lichrmo
3448 2394 3598 2451 ﬁlius
3637 2396 3798 2450 Adam

2209 2476 2457 2542 habetur,
2489 2479 2629 2533 sicut
2649 2479 2777 2533 illud
2815 2480 2868 2535 in
2893 2479 3107 2535 Psalmo
3134 2498 3147 2534 :
3186 2500 3204 2532 ι
3235 2483 3352 2536 Filii
3383 2484 3697 2549 hominum,
3718 2501 3799 2540 us-

2210 2581 2423 2638 quequo
2449 2570 2597 2639 gravi
2625 2569 2824 2624 corde?
2850 2590 2867 2622 ι
2904 2570 3075 2641 (Paul.
3109 2573 3207 2643 iv.)
3238 2588 3336 2643 pro
3355 2589 3463 2643 quo
3496 2575 3552 2627 in
3578 2574 3799 2630 Hebraeo

2210 2660 2440 2715 habetur
2476 2660 2570 2715 filii
2596 2661 2787 2715 Adam.
2822 2662 2928 2716 Sed
2960 2664 3277 2735 interrogati
3323 2664 3579 2736 discipuli
3625 2667 3799 2721 diver-

2209 2762 2391 2803 sorum
2418 2750 2722 2819 opinionem
2755 2751 3054 2820 proferunt,
3078 2753 3323 2833 dicentes
3348 2768 3363 2807 :

2284 2858 2304 2891 ι
2343 2840 2446 2895 Alii
2501 2840 2762 2897 Joannem
2809 2842 3133 2913 Baptistam,
3168 2844 3258 2899 alii
3295 2862 3428 2901 vero
3473 2848 3677 2915 Eliam,
3715 2849 3796 2905 alii

2214 2946 2234 2979 ι
2269 2944 2397 2985 vero
2425 2928 2736 2994 Jcremiam,
2763 2939 2856 2986 aut
2884 2948 3050 2986 unum
3074 2949 3138 2988 ex
3167 2936 3467 3005 prophetis.
3500 2957 3519 2988 ι
3548 2937 3692 3004 Quid
3714 2956 3798 2992 au-

2208 3027 2319 3074 tem
2347 3020 2594 3075 homines
2618 3021 2787 3075 Eliam
2820 3030 2913 3076 aut
2944 3020 3233 3077 Jeremiam
3262 3025 3545 3093 Christum
3577 3037 3796 3095 putave-

2207 3110 2338 3177 rint,
2379 3127 2501 3166 cum
2546 3120 2669 3166 ante
2715 3112 2880 3166 multa
2914 3114 3180 3168 curricula
3211 3130 3475 3170 annorum
3510 3117 3672 3171 fuisse
3713 3118 3787 3172 lc-

523 3207 654 3262 beu.
690 3208 1028 3274 ροηιτοάῖρίι,
1074 3224 1195 3264 cum
1239 3211 1315 3265 aii
1342 3226 1357 3265 ε
1392 3231 1411 3263 ς
1449 3211 1589 3279 Quid
1618 3210 1782 3266 νυιιίε
1827 3211 2105 3282 imponere
2135 3204 2180 3267 C
2213 3210 2429 3273 guntur.
2458 3202 2563 3256 Sed
2588 3203 2678 3257 hic
2702 3218 2857 3258 error
2879 3204 2930 3257 in
2954 3206 3150 3275 populo
3171 3221 3235 3259 ex
3258 3206 3486 3262 stultitia
3521 3209 3793 3278 gentilium

522 3298 708 3370 iugum
734 3316 897 3371 super
919 3303 1157 3358 cervices
1181 3303 1591 3372 discipulorum,
1632 3303 1775 3373 quod
1808 3317 1985 3373 neque
2008 3319 2109 3359 nos

525 3405 706 3461 neque
731 3401 912 3460 patres
945 3392 1111 3447 nostri
1155 3402 1373 3462 portare
1410 3394 1720 3462 potuimus?
1743 3393 1836 3448 sed
1860 3407 1956 3462 per
1984 3408 2109 3463 gra-

525 3481 657 3534 tiam
692 3481 899 3535 Domini
926 3481 1052 3537 Jesu
1101 3483 1371 3537 credimus
1400 3483 1622 3551 salvari,
1655 3484 2106 3558 quemadmodum
2142 3506 2157 3520 -

525 3579 583 3629 et
611 3569 684 3625 illi
714 3570 852 3643 (Act.
878 3573 992 3642 xv).
1035 3592 1055 3624 ι

1118 3747 1397 3805 HOMILIA
1432 3747 1519 3804 Ill.

633 3897 687 3937 IN
727 3898 812 3936 DIE
850 3895 1054 3937 ΒΑΜ)Το
1090 3896 1477 3938 Αροδτοιοιιυιι
1515 3895 1673 3937 PETRI
1714 3896 1784 3935 ET
1821 3895 1999 3937 PAULI.

601 4013 843 4083 (Manu.
871 4016 1011 4087 xvi.)
1046 4036 1065 4067 ‹
1109 4016 1166 4071 1η
1211 4016 1305 4071 illo
1333 4026 1575 4085 tempore
1608 4032 1621 4067 :
1656 4014 1819 4070 Venit
1854 4014 2012 4070 Jesus
2054 4015 2109 4069 in

536 4118 558 4154 ι
601 4112 784 4173 partes
822 4104 1080 4160 Caesareae
1108 4104 1359 4174 Philippi.
1397 4123 1416 4157 ι
1450 4104 1519 4158 Et
1564 4103 1792 4172 reliqua.
1832 4103 2109 4159 Caesareas

529 4198 644 4247 tres
672 4192 915 4263 legimus,
958 4193 1091 4248 duas
1129 4194 1183 4247 in
1214 4201 1357 4247 terra
1396 4192 1853 4262 repromissionis,
1890 4193 2105 4247 tertiam

531 4298 665 4340 vero
694 4285 747 4339 in
794 4284 1152 4356 Cappadocia.
1204 4284 1300 4339 Est
1347 4285 1489 4338 enim
1530 4283 1773 4340 Ctesarea
1821 4284 2106 4340 Palestina:

530 4372 787 4447 regionis,
844 4377 898 4431 in
948 4376 1131 4430 littore
1166 4374 1334 4429 maris
1363 4373 1560 4446 Magni,
1592 4391 1711 4445 qua:
1760 4376 1911 4446 prius
1943 4375 2107 4431 turris

531 4467 784 4522 stationis
822 4466 1141 4528 vocabatur,
1182 4464 1274 4519 sed
1320 4474 1508 4536 postea
1556 4468 1626 4521 ab
1658 4466 1871 4523 llerode
1917 4468 1969 4522 in
2011 4468 2107 4522 ho-

2215 3292 2587 3358 descenderat,
2638 3302 2698 3348 ut
2730 3303 2984 3364 putarent
3031 3296 3262 3366 aliquem
3318 3314 3579 3370 magnum
3624 3303 3792 3355 virum

2213 3395 2334 3455 post
2363 3395 2589 3440 mortem
2635 3404 2791 3441 suum
2835 3388 3083 3458 spiritum
3122 3390 3252 3445 dare
3300 3406 3460 3461 posse
3488 3393 3583 3447 cui
3619 3393 3789 3448 vellet.

2213 3477 2331 3545 Quo
2359 3493 2544 3535 errore
2571 3481 2821 3535 seductus
2862 3481 3035 3535 funerat
3072 3481 3327 3545 Herodes,
3364 3485 3590 3554 quando
3624 3488 3793 3541 audita

2212 3567 2354 3623 fama
2378 3571 2442 3624 de
2464 3569 2611 3636 Jesu,
2648 3571 2820 3626 dixit:
2858 3591 2877 3623 ι
2907 3571 3145 3628 Joannes
3170 3589 3329 3643 quem
3369 3589 3471 3645 ego
3517 3575 3791 3639 decollari,

2213 3660 2450 3714 surrexit
2477 3675 2506 3714 a
2536 3660 2787 3725 mortuis,
2830 3669 2885 3716 et
2918 3662 3145 3718 virtutes
3193 3663 3374 3719 multa:
3410 3674 3717 3733 operantur
3750 3666 3794 3719 in

2211 3764 2277 3803 eo
2305 3748 2497 3820 (Marc.
2524 3750 2620 3820 vi).
2654 3769 2671 3802 ι
2712 3751 3054 3805 Diversarum
3091 3760 3271 3807 autem
3312 3753 3673 3822 opinionibus
3708 3771 3793 3809 επις

2212 3842 2372 3906 ditis,
2430 3840 2679 3896 Salvator
2707 3842 2774 3897 ad
2821 3842 3113 3914 discipulos
3153 3842 3461 3914 specialiter
3488 3861 3794 3902 sermonem

2212 3934 2497 4000 convertit,
2522 3944 2576 3989 et
2601 3935 2730 3990 dicit
2756 3953 2768 3989 :

2224 4032 2229 4041 ‘
2286 4043 2305 4076 ‹
2338 4023 2442 4081 Vos
2472 4035 2648 4082 autem
2675 4014 2938 4097 quemme
2960 4047 3080 4087 esse
3105 4032 3320 4089 dicitis?
3345 4053 3364 4084 ι
3387 4033 3467 4088 Ac
3482 4033 3531 4089 si
3561 4035 3793 4090 diceret:

2209 4113 2319 4169 illis
2345 4114 2653 4177 hominibus
2680 4120 2912 4174 humana
2963 4129 3170 4176 tantum
3201 4123 3267 4179 de
3310 4139 3396 4179 me
3423 4126 3793 4194 opinantibus,

2209 4219 2326 4272 vos,
2372 4205 2465 4276 qui
2506 4221 2570 4261 ex
2611 4207 2716 4262 illis
2754 4224 2860 4263 non
2901 4212 3056 4276 estis,
3097 4212 3224 4282 quia
3267 4228 3366 4283 ego
3406 4214 3551 4284 elegi
3599 4229 3698 4269 vos
3736 4214 3798 4269 de

2208 4297 2426 4363 mundo,
2448 4312 2605 4367 quem
2630 4314 2714 4353 me
2734 4315 2853 4355 esse
2872 4301 3087 4357 dicitis?
3114 4303 3171 4357 in
3192 4304 3386 4374 quibus
3404 4306 3593 4361 verbis
3620 4316 3797 4362 osten-

2208 4387 2306 4452 dit,
2320 4403 2412 4443 eos
2426 4388 2478 4443 in
2497 4389 2728 4444 humana
2746 4391 3034 4463 fragilitate
3049 4395 3295 4449 humanm
3317 4408 3530 4451 naturae
3546 4398 3798 4451 meritum

2208 4478 2635 4543 transcendisse,
2673 4488 2725 4533 et
2762 4481 2829 4533 ad
2869 4482 3221 4538 imitationem
3252 4484 3364 4539 veri
3405 4485 3498 4540 Dei
3533 4488 3796 4556 quodam-

528 4574 718 4614 norem
746 4558 976 4613 Caesaris
1002 4556 1231 4611 nobilius
1254 4557 1591 4621 retediﬁcata,
1627 4558 1872 4614 Caasarca
1902 4566 1985 4617 est
2012 4574 2103 4629 ap-
2133 4556 2184 4617 D
2210 4567 2369 4621 modo
2401 4572 2526 4622 deos
2560 4570 2737 4623 vocari
2766 4585 2947 4639 posse,
2973 4572 3125 4642 juxta
3158 4574 3286 4629 illud
3341 4574 3797 4647 Psalmograpbi:

527 4649 746 4719 pellata.
770 4647 826 4704 In
853 4665 959 4719 qua
985 4648 1126 4703 idem
1156 4647 1394 4705 Herodes
1416 4651 1468 4704 in
1489 4652 1692 4706 honore
1714 4651 1941 4708 Caesaris
1963 4666 2108 4721 mag-

528 4743 747 4797 niﬁcam
774 4743 989 4796 domum
1012 4741 1134 4798 albo
1154 4759 1420 4799 marmore
1449 4747 1751 4800 construxit
1776 4764 1788 4798 :
1822 4745 1910 4799 ubi
1942 4743 2108 4798 Hero-

531 4834 629 4887 des
641 4833 709 4887 ab
720 4832 911 4903 angelo
924 4847 1232 4902 percussus,
1248 4851 1313 4891 eo
1324 4837 1465 4907 quod
1479 4854 1582 4891 non
1599 4838 1833 4891 dedisset
1844 4838 2104 4891 honorem

528 4926 662 4988 Deo,
686 4934 1036 4996 consumptus
1067 4945 1094 4981 a
1126 4930 1397 4983 vermibus
1419 4931 1713 5000 exspiravit
1737 4931 1872 4998 (Act.
1906 4928 2022 4998 xu).
2048 4927 2104 4982 in

530 5017 636 5071 hac
656 5017 819 5071 etiam
834 5016 1114 5075 Cornelius
1134 5021 1381 5077 centurio
1403 5038 1433 5075 ιι
1457 5021 1675 5077 Simone
1686 5022 1848 5076 Petro
1868 5020 2107 5089 baptiza-

533 5116 624 5161 tus
643 5116 725 5163 est
753 5107 891 5169 (Act.
930 5110 986 5182 ι)
1016 5130 1028 5165 :
1054 5111 1106 5165 in
1136 5127 1200 5167 ea
1225 5128 1354 5167 vero
1376 5112 1859 5183 quatuorjﬁliarum
1879 5111 2109 5182 Philippi

532 5196 799 5269 Virginum
818 5201 1061 5270 sepulcra
1079 5216 1248 5269 usque
1262 5201 1420 5254 hodie
1436 5200 1810 5253 ostenduntur.
1831 5198 1987 5252 Estet
2007 5199 2108 5253 alia

526 5290 777 5357 Caesarea
807 5296 1051 5360 quaedam
1077 5292 1131 5345 in
1154 5289 1514 5359 Cappadocia,
1538 5289 1605 5342 de
1625 5304 1729 5357 qua
1752 5288 1924 5343 Lucas
1947 5305 2110 5343 evan-

534 5380 724 5451 gelista
748 5381 798 5436 in
819 5382 1040 5436 Actibus
1058 5380 1421 5449 apostolorum
1458 5381 1702 5434 meminit
1730 5398 1742 5431 :
1776 5397 1793 5431 ι
1826 5381 2111 5437 Descendit

533 5470 856 5534 Casaream,
877 5480 932 5523 et
954 5470 1204 5523 salutavit
1231 5467 1513 5523 ecclesiam
1537 5470 1672 5539 (Act.
1693 5471 1842 5541 xxv).
1874 5492 1891 5524 ι
1930 5472 2108 5528 Tertia

534 5572 713 5619 autem
736 5561 980 5615 Caesarea
1008 5570 1091 5613 est
1118 5557 1369 5629 Philippi,
1400 5558 1552 5628 cujus
1579 5561 1631 5616 in
1678 5564 1781 5618 hoc
1809 5564 1925 5619 loco
1954 5579 2114 5619 evan-

536 5651 722 5721 gelista
744 5650 1005 5711 meminit,
1024 5657 1076 5704 et
1105 5649 1215 5719 ipsa
1239 5650 1290 5703 in
1306 5658 1449 5706 terra
1470 5655 1926 5724 repromissionis,
1949 5674 2109 5727 quam

537 5739 813 5801 Pl‘iliuuus
832 5739 1055 5804 Herodis
1086 5740 1223 5801 lilius
1245 5742 1296 5796 in
1329 5743 1533 5800 honore
1559 5747 1787 5803 Caesaris
1812 5749 1876 5803 ad
1905 5750 2110 5804 radices

2218 4674 2236 4706 ι
2256 4656 2367 4728 Ego
2382 4658 2512 4722 dixi,
2529 4658 2600 4712 dii
2617 4660 2750 4713 estis
2762 4670 2813 4713 et
2831 4661 2921 4715 lilii
2940 4663 3138 4717 excelsi
3155 4680 3342 4720 omnes
3357 4663 3534 4736 (Psal.
3549 4668 3762 4738 um).
3775 4687 3793 4719 ι

2288 4768 2307 4799 ι
2342 4749 2691 4820 Respondens
2721 4762 2904 4808 autem
2939 4753 3124 4809 Simon
3166 4756 3379 4823 Petrus,
3411 4758 3554 4813 dixit
3585 4778 3598 4814 :
3632 4760 3713 4813 Tu
3743 4775 3800 4815 es

2218 4861 2235 4892 ι
2272 4840 2523 4897 Christus
2547 4844 2715 4899 Filius
2751 4845 2845 4901 Dei
2877 4848 3004 4902 vivi.
3043 4868 3061 4899 ι
3090 4848 3203 4903 Non
3234 4850 3405 4905 solum
3434 4850 3634 4908 Petrus
3654 4854 3799 4907 ordi-

2213 4946 2335 4984 nem
2360 4932 2439 4986 sui
2468 4933 2740 5002 prioratus
2779 4945 2990 4999 servat,
3025 4954 3145 4991 cum
3190 4940 3558 5011 interrogatus
3592 4943 3801 5012 primus

2213 5021 2515 5090 respondit,
2547 5024 2640 5077 sed
2666 5023 2829 5078 etiam
2861 5028 3288 5098 magnitudinem
3317 5031 3518 5086 amoris
3541 5036 3799 5088 ostendit.

2212 5109 2403 5167 Merito
2426 5126 2553 5184 ergo
2580 5115 2785 5184 primus
2813 5119 3121 5188 respondet,
3141 5121 3266 5189 quia
3293 5122 3411 5194 plus
3436 5127 3656 5180 caeteris
3678 5142 3801 5181 cum

2212 5203 2405 5274 diligit.
2450 5205 2505 5259 lu
2549 5207 2727 5261 multis
2773 5223 3008 5279 namque
3047 5211 3319 5280 Evangelii
3365 5214 3498 5270 locis
3548 5216 3801 5289 legimus,

2211 5292 2429 5350 Petrum
2478 5312 2589 5366 prae
2635 5298 2845 5354 ca'teris
2874 5300 3158 5355 Dominum
3201 5303 3477 5373 discipulis
3518 5305 3801 5370 dilexisse,

2213 5385 2331 5454 ipso
2359 5387 2584 5443 Domino
2629 5389 2839 5444 dicente
2866 5409 2881 5447 :
2929 5412 2947 5443 ‹
2978 5392 3165 5448 Simon
3195 5393 3418 5449 Joannis
3438 5437 3452 5461 ,
3484 5397 3670 5469 diligis
3717 5415 3803 5454 ine

2212 5476 2331 5547 plus
2357 5476 2474 5533 his?
2496 5478 2562 5532 Et
2584 5478 2671 5533 ille
2699 5498 2710 5532 :
2739 5479 2819 5534 Tu
2841 5482 2947 5536 scis
2972 5482 3216 5548 Domine,
3242 5484 3365 5554 quia
3391 5501 3516 5541 amo
3539 5498 3594 5542 te
3615 5488 3800 5558 (Joau.

2217 5571 2350 5638 xxi),
2392 5589 2410 5620 ι
2447 5568 2561 5623 sive
2582 5570 2765 5640 diligo.
2793 5570 2858 5624 Et
2884 5588 3006 5626 cum
3031 5573 3312 5629 duodecim
3341 5576 3624 5646 discipulis
3646 5593 3831 5633 suam-

2202 5658 2517 5730 passioncm
2546 5661 2880 5731 pratdiccrct,
2920 5665 3018 5718 hoc
3059 5664 3248 5721 Petrus
3284 5684 3394 5737 pra:
3432 5670 3808 5737 Iliaguitudine

2200 5750 2417 5805 amoris
2440 5752 2579 5805 ferre
2606 5769 2709 5806 non
2738 5753 2942 5821 valens,
2983 5757 3271 5829 assumpsit
3321 5773 3442 5813 cum
3483 5771 3717 5829 secreto,
3751 5771 3808 5820 ct
