4002 6348
174 269 310 328 ’161
966 269 991 275 ”
1348 290 1353 293 ·
1440 269 1743 329 1105111,ιῶ
1764 270 1817 327 ,Π

1923 270 1991 326 5A
2000 270 2218 329 NCTIS.

177 388 357 445 diiit
396 388 445 443 ei
475 404 488 441 :
522 386 793 463 Propitius
819 386 914 442 tibi
954 396 1091 453 esto,
1132 386 1379 453 Domine,
1417 401 1484 442 ne
1513 386 1607 439 ﬁat
1630 384 1792 439 istud.
1824 391 1873 446 Α
1902 383 2044 448 ﬁcat,
2075 386 2259 440 dicens
2299 403 2311 438 :

178 475 341 534 Non
368 477 513 533 enim
543 478 698 532 decet
716 477 961 532 utFilius
984 477 1078 532 Dei
1107 486 1292 548 gustet
1311 485 1537 531 mortem
1578 474 1793 546 (Matth.

181 569 357 640 XVI).
404 569 470 623 Et
508 584 630 623 eum
659 569 972 624 imminente
998 570 1225 624 articulo
1245 569 1511 638 passionis
1541 568 1745 621 diceret
1777 579 1796 620 :

3382 275 3487 331 762

2366 402 2384 435 ι
2421 384 2695 440 Conﬁteor
2723 383 3048 450 tibi,-Pater,
3086 382 3312 438 Domine
3360 385 3488 441 coeli

1899 484 1954 531 et
1985 486 2143 531 terrae
2174 474 2389 546 (Matth.
2427 476 2523 547 xu).
2573 497 2590 529 ι

1978 584 1996 617 t
2026 566 2089 620 Et
2111 580 2211 635 ego
2236 564 2356 620 dico
2379 565 2497 628 tibi,
2527 565 2653 633 quia
2684 574 2736 619 tu
2758 581 2817 620 es
2836 563 3048 629 Petrus,
3080 574 3136 619 et
3162 580 3323 634 super
3348 564 3487 619 hanc

196 680 219 712 ι
246 661 469 717 Omnes
482 676 575 714 vos
589 660 899 715 scandalum
919 661 1191 730 patiemini
1210 662 1263 714 in
1283 675 1367 713 me
1388 661 1438 713 in
1456 660 1554 713 ista
1573 656 1750 713 nocte.
1774 677 1793 709 ι

1907 676 1925 708 ι
1963 663 2171 725 petram
2191 654 2464 708 aediﬁcabo
2481 653 2774 708 Ecelesiam
2801 670 2997 708 meam.
3026 674 3043 705 ι
3066 653 3215 707 Αρυεί
3243 653 3481 708 diceret:

186 747 311 804 lite
350 749 628 818 respondit
658 767 670 802 :
714 769 731 800 ι
763 750 878 804 Etsi
931 764 1120 805 omnes
1150 748 1493 804 scandalizati
1522 747 1721 801 fuerint
1748 747 1829 837 ἰιιδ
1903 746 2039 812 Quia
2066 755 2122 798 tu
2156 757 2239 798 me
2277 741 2557 797 confessus
2585 757 2644 796 es
2671 743 2942 797 Christum
2988 743 3181 797 Filium
3226 742 3321 797 Dei
3352 743 3481 807 vivi,

188 849 290 905 te,
326 857 427 911 ego
453 856 721 910 nunquam
752 842 1178 898 scandalizabor.
1219 862 1237 894 ι
1284 843 1526 911 Cumque
1553 841 1695 910 quod
1725 841 1805 894 fn-

194 943 408 989 turum
446 945 563 989 erat
590 935 937 1005 praediceret,
986 937 1213 991 dicens:
1253 955 1270 987 ι
1298 935 1468 989 Amen
1519 935 1639 988 dico
1687 933 1803 997 tibi,

194 1037 513 1097 antequam
553 1027 724 1099 gallus
770 1036 970 1092 cantet,
1004 1038 1087 1082 ter
1122 1043 1209 1083 me
1256 1028 1503 1096 negabis,
1545 1045 1564 1078 ι
1616 1025 1808 1080 Petrus

198 1119 285 1174 de
322 1132 384 1173 se
414 1133 743 1188 pnesumens
771 1120 846 1173 ait
873 1136 887 1173 :
933 1138 951 1169 ι
985 1120 1208 1174 Etiamsi
1231 1120 1531 1190 oportuerit
1557 1133 1642 1173 me
1670 1117 1808 1172 mori

198 1218 429 1273 tecum,
464 1225 569 1264 non
605 1218 658 1264 te
692 1213 900 1280 negabo
927 1212 1138 1281 (Matth.
1165 1210 1337 1281 xxvr).
1376 1232 1394 1264 ›
1436 1213 1653 1266 Etcum
1688 1218 1810 1280 post

200 1302 679 1357 resurrectionem
720 1313 871 1359 stans
912 1304 963 1358 in
1006 1304 1207 1371 littore,
1247 1305 1521 1375 discipulis
1556 1304 1813 1373 piscanti-

200 1389 330 1444 bus
361 1391 712 1460 apparuisset,
742 1393 967 1448 audiens
997 1392 1186 1448 Petrus
1226 1393 1369 1463 quod
1408 1393 1664 1447 Dominus
1704 1401 1807 1455 est,

207 1480 416 1535 tunica
447 1479 714 1534 succinxil
740 1496 817 1545 se,
842 1492 897 1536 et
922 1483 1070 1537 misit
1096 1498 1155 1538 se
1190 1483 1243 1537 in
1282 1496 1455 1547 mare,
1476 1472 1540 1535 ‘et
1569 1481 1714 1536 venit
1742 1480 1811 1535 ad

204 1565 439 1622 Jesum.
466 1556 813 1625 Caeteri‘vero
832 1559 1085 1640 discipuli
1107 1571 1322 1643 navigio
1343 1579 1628 1625 venerunt.
1657 1571 1814 1641 Ejus—

210 1658 351 1713 dem
375 1672 504 1728 ergo
532 1660 734 1713 amoris
763 1658 976 1715 flamma
1005 1661 1197 1716 Petrus
1218 1675 1532 1726 succensus,
1555 1660 1809 1713 omnibus

1906 845 1960 891 et
1986 851 2086 905 ego
2108 837 2229 890 dico
2260 834 2380 899 tibi,
2413 850 2517 889 non
2547 850 2705 889 casso
2738 834 2823 888 vel
2867 835 3182 889 transitorio
3213 849 3487 897 sermone,

1906 927 2158 997 quoniam
2190 942 2367 981 meum
2416 926 2644 990 dixisse,
2696 925 2889 979 fecisse
2933 935 3034 989 est,
3086 926 3225 989 dico,
3271 926 3489 996 inquam

1910 1018 2023 1081 tibi,
2055 1018 2180 1088 quia
2211 1025 2265 1070 tu
2295 1032 2355 1070 es
2383 1016 2597 1081 Petrus,
2630 1023 2733 1070 etc.
2768 1015 2866 1069 Ubi
2906 1023 3134 1069 nonest
3170 1015 3486 1085 putandum,

1909 1108 2051 1180 quod
2065 1124 2206 1163 nunc
2220 1109 2269 1163 ei
2285 1108 2514 1177 primum
2536 1107 2682 1162 Petri
2705 1121 3002 1176 cognomen
3031 1107 3366 1175 imposuerit,
3396 1108 3493 1162 sed

1910 1198 2124 1268 quando
2136 1197 2538 1266 evangelizante
2552 1196 2765 1250 Andrea
2786 1196 2852 1248 ad
2865 1211 2986 1249 eum
3011 1196 3175 1259 venit,
3194 1212 3315 1250 cum
3331 1196 3491 1249 intui-

1912 1301 2154 1354 tuscum,
2170 1290 2307 1347 dixit
2330 1307 2341 1340 :
2372 1307 2390 1339 ‹
2412 1289 2490 1343 Tu
2512 1305 2571 1344 es
2588 1288 2771 1343 Simon
2787 1288 2927 1341 ﬁlius
2939 1285 3166 1353 JOanna,
3182 1296 3237 1341 tu
3255 1288 3480 1343 vocabe-

1912 1382 1988 1437 ris
2008 1381 2239 1450 Cephas,
2259 1381 2400 1449 quod
2423 1380 3018 1450 interpretaturl’etrus
3034 1379 3194 1448 (Joan
3210 1380 3271 1450 ι),
3303 1401 3321 1432 ι
3344 1381 3490 1451 quod

1912 1477 2055 1532 enim
2079 1475 2300 1546 Syriace
2330 1475 2550 1545 Cap/ias,
2575 1475 2765 1531 Latine
2798 1474 2991 1529 Petrus
3023 1475 3237 1530 dicitur.
3273 1475 3494 1530 Utrum-
3531 1535 3537 1543 ,

1914 1581 2018 1635 que
2038 1574 2218 1619 autem
2249 1581 2444 1620 nomen
2471 1568 2538 1621 ab
2570 1566 2656 1621 illa
2692 1575 2840 1636 petra
2872 1566 3169 1631 derivatur,
3192 1565 3259 1621 de
3288 1583 3392 1636 qua
3424 1566 3504 1621 ait

1913 1658 2205 1728 Apostolus
2236 1673 2250 1712 :
2279 1679 2296 1709 ι
2327 1658 2487 1713 Petra
2518 1670 2696 1715 autem
2718 1669 2834 1713 erat
2857 1658 3105 1715 Christus
3131 1658 3181 1729 (I
3202 1657 3325 1713 Cor.
3356 1660 3448 1729 x);
3478 1679 3497 1710 ι

209 1745 508 1816 discipulis
569 1747 933 1819 interrogatis,
975 1751 1181 1819 primus
1226 1751 1535 1819 respondit,
1584 1748 1807 1803 dicens:
1841 1737 1886 1796 Β
1913 1749 2055 1818 quod
2075 1758 2254 1804 autem
2277 1750 2374 1815 ait,
2399 1769 2417 1802 ι
2440 1750 2678 1821 Etsuper
2700 1753 2839 1805 hanc
2864 1760 3073 1821 petram
3094 1750 3374 1806 aediﬁcabo
3404 1751 3505 1806 Ec-

218 1854 242 1886 ‹
292 1836 378 1890 Tu
406 1852 465 1893 es
498 1837 747 1894 Christus
779 1840 947 1896 Filius
982 1841 1076 1894 Dei
1112 1841 1241 1895 vivi.
1271 1861 1288 1893 ι
1316 1841 1372 1894 in
1406 1841 1603 1911 quibus
1636 1839 1818 1894 verbis

210 1927 643 1983 fundamentum
692 1946 835 1986 verae
889 1930 1011 1986 ﬁdei
1066 1932 1444 1987 decentissime
1500 1929 1813 1985 declaravit.

212 2019 481 2075 Christus
509 2021 652 2074 enim
680 2020 866 2075 Graece
900 2021 970 2075 ab
1008 2022 1261 2075 unctione
1283 2021 1592 2075 chrismatis
1623 2034 1819 2074 nomen

216 2112 463 2180 accepit.
503 2112 570 2164 Et
605 2125 727 2166 cum
771 2112 1046 2166 Christum
1081 2113 1390 2176 conlitetur,
1424 2126 1611 2165 verum
1648 2110 1822 2164 homi-

214 2214 359 2253 nem
394 2201 617 2263 credere
645 2201 825 2265 docet,
848 2201 939 2269 qni
969 2215 1074 2255 non
1107 2200 1376 2255 materiali
1400 2199 1536 2262 oleo,
1569 2200 1665 2254 sed
1692 2197 1817 2268 Spi-

216 2289 377 2342 ritus
418 2290 589 2344 sancti
634 2290 775 2345 dono
817 2300 1010 2345 unctus
1054 2299 1156 2345 est.
1203 2290 1354 2345 Unde
1398 2288 1682 2344 Psalmista
1711 2288 1818 2342 ait:

222 2397 247 2429 ι
288 2378 457 2434 υηιιίι
506 2388 558 2435 te
610 2380 755 2434 Deus
806 2388 931 2434 tuus
977 2378 1162 2451 (Psal.
1220 2380 1417 2449 XLIV),
1458 2398 1474 2431 ι
1533 2387 1640 2434 etc.
1685 2378 1821 2432 Cum

217 2485 364 2526 vero
389 2470 653 2539 adjunxit,
691 2492 709 2523 ι
730 2470 899 2526 Filius
926 2471 1021 2526 Dei
1049 2472 1157 2526 vivi
1190 2491 1208 2523 ι
1245 2487 1433 2526 verum
1464 2472 1632 2525 Deum
1671 2469 1822 2523 illum

219 2575 354 2617 esse
384 2562 638 2627 insinuat,
661 2562 787 2631 quia
811 2562 955 2631 quod
978 2562 1256 2626 estPater,
1292 2563 1394 2616 hoc
1422 2560 1629 2631 genuit,
1658 2559 1711 2613 id
1740 2566 1823 2613 est

158 2674 166 2681 ·
220 2652 377 2708 Deus
406 2652 597 2708 Deum.
627 2654 794 2708 Deum
825 2664 1006 2709 autem
1028 2655 1208 2709 vivum
1237 2653 1488 2724 appellat,
1518 2652 1585 2705 ad
1605 2665 1823 2720 compa-

221 2742 497 2797 rationem
551 2741 809 2797 falsorum
857 2744 1115 2810 deorum,
1157 2744 1250 2813 qui
1289 2744 1358 2797 ab
1397 2742 1706 2797 hominibus
1746 2740 1821 2795 dii

221 2833 582 2902 putabantur,
625 2834 721 2889 sed
757 2836 957 2889 mortui
981 2842 1161 2899 erant,
1206 2843 1268 2889 ut
1310 2834 1537 2899 scilicet,
1590 2831 1817 2901 Jupiter,

225 2924 520 2988 Saturnus,
560 2923 724 2989 Mars,
759 2924 1075 2990 Mercurius,
1105 2925 1306 2989 Venus,
1337 2933 1392 2979 et
1420 2931 1616 2979 caetera
1645 2920 1817 2976 idolo-

222 3022 676 3082 rumportenta,
724 3014 792 3069 de
839 3015 1035 3085 quibus
1072 3029 1169 3082 per
1214 3013 1535 3084 prophetam
1582 3012 1816 3067 dicitur:

1917 1841 2139 1896 clesiam
2167 1856 2363 1905 meam,
2400 1862 2418 1893 ι
2454 1841 2559 1895 tale
2603 1848 2686 1896 est
2714 1857 2778 1895 ac
2817 1842 2862 1895 si
2908 1842 3135 1906 diceret,
3162 1857 3324 1911 super
3362 1842 3505 1896 hanc

1920 1932 2104 1995 ﬁdem,
2132 1932 2185 1985 id
2210 1940 2297 1986 est
2321 1946 2483 2002 super
2511 1947 2616 1995 me,
2641 1946 2799 2000 quem
2830 1944 2883 1984 tu
2914 1931 3197 1987 confessus
3225 1947 3304 1996 es,
3335 1930 3506 1985 tediﬁ-

1919 2024 2056 2079 cabo
2085 2022 2381 2076 Ecclesiam
2414 2037 2613 2076 meam.
2648 2042 2666 2073 ι
2694 2022 3126 2076 Fundamentum
3160 2023 3304 2087 enim
3333 2022 3503 2086 aliud,

1920 2116 1995 2166 ait
2023 2110 2334 2181 Apostolus,
2364 2125 2523 2164 nemo
2550 2120 2726 2181 potest
2754 2126 2975 2181 ponere,
3019 2120 3216 2181 prmter
3261 2112 3315 2166 id
3364 2114 3509 2181 quod

1919 2204 2151 2275 positum
2184 2213 2287 2268 est,
2328 2204 2469 2272 quod
2503 2213 2586 2259 est
2628 2202 2872 2259 Christus
2901 2203 3058 2259 Jesus
3095 2204 3146 2276 (ι
3171 2203 3292 2258 Cor.
3337 2208 3442 2276 ιιι).
3486 2225 3502 2256 ι

1921 2292 1998 2347 Ea
2035 2309 2162 2363 ergo
2190 2309 2309 2362 quae
2345 2295 2713 2360 continentur,
2741 2296 2933 2349 cadere
2962 2310 3069 2349 non
3106 2304 3348 2365 possunt,
3383 2295 3507 2364 quia

1923 2381 2031 2436 fixa
2083 2389 2209 2434 sunt
2254 2395 2316 2434 ea
2365 2396 2483 2450 qua:
2515 2382 2811 2436 continent.
2844 2380 2997 2436 Unde
3035 2388 3091 2435 et
3137 2381 3506 2437 subinfertur:

1928 2490 1949 2523 ε
1983 2471 2051 2525 Ει
2088 2479 2256 2540 porta:
2303 2470 2459 2525 inferi
2489 2486 2596 2525 non
2634 2470 3002 2540 praevalebunt
3028 2472 3287 2527 adversus
3311 2487 3453 2527 eam.
3483 2491 3503 2524 ι

1922 2559 2027 2614 Per
2049 2567 2233 2629 portas
2256 2558 2412 2614 inferi
2444 2560 2497 2614 in
2529 2560 2629 2614 hoc
2658 2559 2779 2614 loco
2803 2560 3101 2614 doctrinam
3132 2560 3509 2615 haereticorum

1924 2649 2170 2717 accipere
2199 2663 2503 2718 possumus,
2539 2665 2659 2719 quae
2700 2665 2827 2706 suos
2860 2651 3133 2705 auditores
3159 2650 3210 2704 in
3241 2650 3510 2705 infernum

1925 2754 2083 2793 ruere
2105 2738 2256 2805 facit.
2285 2739 2463 2793 Porta:
2483 2746 2613 2810 ergo
2643 2741 2800 2795 inferi
2825 2749 3016 2796 contra
3039 2741 3356 2806 Ecclesiam,
3392 2757 3513 2811 quae

1923 2845 2085 2900 super
2112 2829 2388 2884 Christum
2415 2829 2639 2884 fundata
2664 2839 2767 2895 est,
2807 2847 2913 2886 non
2946 2831 3257 2900 praevalent,
3291 2832 3416 2901 quia
3450 2831 3515 2885 li-

1924 2928 2010 2974 cet
2039 2919 2352 2988 frequenter
2381 2918 2588 2988 pulsata
2628 2920 2698 2975 sit
2725 2921 3190 2990 persecutionibus
3220 2922 3514 2977 IIZBl‘eliCO-

1925 3025 2065 3073 rum,
2101 3018 2276 3062 tamen
2312 3024 2342 3062 a
2374 3009 2478 3063 ﬁde
2503 3009 2767 3063 catholica
2796 3009 2950 3064 evelli
2982 3024 3088 3064 non
3120 3011 3312 3079 potuit.
3344 3009 3516 3065 Aliter

230 3122 253 3156 α
292 3105 383 3159 Dii
420 3105 510 3175 qui
546 3105 741 3160 ctelum
786 3113 843 3158 et
892 3113 1095 3159 terram
1142 3119 1250 3159 non
1290 3102 1555 3167 fecerunt,
1594 3110 1820 3172 pereant
1847 3089 1892 3151 C
1924 3108 2108 3169 portas
2150 3098 2329 3165 inferi,
2361 3099 2489 3152 vitia
2517 3108 2571 3153 et
2610 3107 2845 3169 peccata
2872 3100 3174 3170 intelligere
3202 3115 3512 3169 possumus,

225 3192 373 3263 (Jer.
402 3192 480 3264 ι),
512 3211 530 3243 ι
573 3200 629 3248 et
672 3192 899 3263 reliqua.
947 3193 1016 3246 Et
1057 3192 1390 3247 Psalmista:
1443 3208 1463 3242 ι
1500 3191 1703 3248 Omnes
1747 3190 1820 3245 dii

227 3286 477 3358 gentium
514 3284 777 3339 daemonia
803 3281 978 3355 (Psal.
1017 3281 1163 3352 xcv).
1206 3301 1223 3333 ι

304 3393 329 3427 ι
364 3373 714 3443 Respondens
737 3380 917 3427 autem
931 3371 1106 3437 Jesus,
1129 3371 1268 3427 dixit
1287 3370 1338 3425 ei
1364 3388 1380 3427 :
1411 3370 1627 3436 Beatus,
1653 3385 1713 3425 es
1740 3368 1825 3424 Si-

233 3486 254 3521 c
288 3460 711 3536 mon'Barjona.
746 3484 765 3518 ι
803 3464 1105 3520 Mercedem
1136 3464 1332 3534 recipit
1371 3478 1498 3517 vera
1534 3461 1820 3517 confessio.

228 3557 372 3625 Quia
392 3557 537 3612 enim
564 3556 760 3611 Petrus
782 3556 1063 3611 confessus
1083 3564 1168 3610 est
1198 3553 1473 3609 Christum
1502 3551 1695 3606 Filium
1726 3550 1822 3605 Dei

228 3650 367 3715 vivi,
393 3649 588 3704 merito
615 3648 978 3714 beatiﬁeatur,
1008 3655 1063 3702 et
1092 3645 1341 3714 Barjona,
1368 3645 1511 3715 quod
1539 3645 1594 3697 in
1629 3652 1814 3698 nostra

229 3736 417 3814 lingua
448 3749 604 3797 sonat
632 3741 774 3796 ﬁlius
818 3739 1100 3803 columbae,
1132 3755 1161 3793 a
1194 3738 1423 3792 Domino
1469 3735 1822 3806 cognomina-

233 3840 348 3886 tur.
384 3831 539 3898 Quod
583 3830 730 3887 enim
769 3829 1017 3885 columba
1046 3828 1307 3898 Spiritum
1338 3836 1584 3882 sanctum
1614 3825 1823 3897 signiﬁ-

232 3930 347 3987 cet,
370 3921 484 3990 ipse
511 3919 894 3985 manifestavit,
917 3920 1133 3989 quando
1156 3918 1821 3989 Redemptorebaptizato,

236 4011 291 4066 in
314 4009 499 4079 specie
526 4008 786 4063 columbae
817 4009 1084 4079 apparuit.
1120 4007 1347 4077 Barjona
1380 4023 1533 4078 ergo,
1564 4007 1708 4061 ﬁlius
1733 3997 1824 4061 co-

236 4101 456 4166 lumbze,
500 4100 554 4155 id
583 4110 667 4155 est
692 4098 927 4169 Spiritus
960 4102 1155 4166 sancti,
1181 4100 1378 4156 dicitur
1411 4116 1424 4154 :
1464 4099 1589 4169 quia
1618 4098 1823 4167 Spiritu

235 4201 430 4247 sancto
452 4191 746 4254 revelante,
770 4190 965 4245 Filium
993 4193 1089 4246 Dei
1115 4192 1220 4246 vivi
1245 4189 1526 4245 confessus
1548 4197 1651 4245 est.
1678 4188 1825 4242 Non—-

237 4281 372 4337 nulli
419 4290 599 4336 autem
645 4280 894 4350 Barjona,
947 4296 1045 4351 pro
1079 4282 1180 4336 bar
1223 4280 1429 4335 Joanua
1478 4280 1823 4335 scribendum

235 4383 449 4445 putant,
472 4390 537 4429 eo
551 4375 691 4445 quod
712 4375 866 4445 juxta
890 4374 981 4428 alii
998 4374 1269 4444 Evangelii
1287 4374 1482 4438 locum,
1499 4373 1640 4426 ﬁlius
1660 4371 1823 4427 Joan-

1924 3194 2103 3265 qualia
2131 3193 2422 3264 Apostolus
2458 3203 2866 3259 commemorat,
2915 3195 3140 3250 dicens:
3172 3212 3190 3245 ί
3226 3193 3511 3249 Manifesta

1924 3296 2052 3341 sunt
2074 3300 2237 3355 opera
2263 3286 2466 3349 carnis,
2498 3302 2620 3355 quae
2646 3285 3101 3348 suntfornicatio,
3133 3292 3187 3337 et
3211 3285 3296 3338 his
3317 3284 3514 3338 similia

1926 3375 2069 3447 (Gal.
2095 3378 2150 3448 v)
2177 3394 2190 3429 :
2226 3395 2244 3426 ι
2273 3391 2393 3445 quae
2423 3383 2571 3430 recte
2599 3384 2767 3445 porta:
2797 3374 2956 3430 inferi
2989 3374 3358 3439 nominantur,
3387 3377 3513 3442 quia

1924 3467 1980 3521 in
2020 3483 2078 3522 se
2108 3475 2517 3537 perseverantes
2565 3467 2634 3520 ad
2685 3464 2953 3521 infernum
2999 3465 3326 3535 dimergunt,
3377 3466 3517 3520 sicut

1924 3560 2066 3615 idem
2085 3558 2374 3630 Apostolus
2392 3558 2687 3623 concludit,
2709 3558 2896 3614 dicens
2917 3572 2933 3612 :
2956 3576 2974 3609 ι
3003 3557 3266 3625 Quoniam
3281 3558 3373 3628 qui
3389 3557 3514 3612 talia

1925 3659 2110 3721 agunt,
2144 3666 2366 3721 regnum
2398 3650 2489 3705 Dei
2527 3666 2634 3705 non
2657 3657 3079 3720 consequentur.
3118 3669 3136 3702 ι
3175 3648 3351 3704 Ροιιεε
3370 3649 3515 3704 enim

1926 3743 2085 3798 inferi
2105 3759 2211 3798 non
2242 3742 2609 3814 praevalebunt
2638 3740 3251 3807 adversustEcelesiam,
3282 3740 3517 3811 qualiter

1924 3830 2010 3887 his
2034 3832 2178 3887 vitiis
2202 3842 2256 3887 et
2286 3832 2532 3902 peccatis
2571 3831 2727 3887 electi
2759 3831 2958 3886 tentari
2986 3830 3216 3901 possint,
3250 3839 3429 3885 tamen
3458 3829 3514 3883 in

1926 3923 2012 3978 his
2042 3938 2212 3992 usque
2241 3922 2308 3977 ad
2349 3924 2508 3978 ﬁnem
2540 3936 2889 3993 perseverare
2919 3921 3185 3977 nesciunt.
3218 3922 3327 3979 Aut
3365 3921 3511 3975 enim

1886 4034 1893 4041 κ
1927 4022 2217 4083 antequam
2248 4015 2537 4070 vincantur
2562 4014 2810 4080 vincunt,
2850 4022 2943 4070 aut
2992 4022 3115 4084 post
3162 4014 3369 4083 lapsum
3405 4014 3515 4067 cilo

1928 4120 2024 4174 per
2047 4105 2423 4174 pmnitentiam
2451 4113 2696 4175 surgunt,
2729 4106 2883 4175 juxta
2920 4105 3062 4174 quod
3101 4104 3358 4158 Dominus
3384 4103 3513 4159 alibi

1927 4195 2046 4251 ait:
2086 4214 2103 4245 ι
2139 4194 2328 4250 Omnis
2361 4196 2451 4265 qui
2480 4196 2631 4250 venit
2673 4196 2740 4250 ad
2784 4211 2903 4262 me,
2945 4205 3002 4250 et
3049 4196 3197 4250 audit
3239 4209 3519 4249 sermones

1910 4302 2097 4351 meos,
2122 4286 2332 4341 etfacit
2365 4302 2481 4351 eos,
2519 4288 2693 4342 dicam
2722 4288 2876 4342 vobis
2913 4286 2999 4341 cui
3047 4286 3242 4340 similis
3270 4293 3352 4340 est
3397 4304 3410 4338 :
3444 4285 3518 4341 si-

1931 4376 2076 4432 milis
2102 4386 2187 4431 est
2219 4377 2423 4430 homini
2453 4376 2742 4432 aediﬁcanti
2774 4378 3009 4440 domum,
3042 4375 3136 4444 qui
3173 4374 3308 4429 fodit
3338 4375 3393 4428 in
3439 4374 3519 4428 al-

241 4467 331 4521 uis
355 4468 427 4521 sit
458 4466 773 4537 appellatus,
798 4466 1026 4520 Domino
1048 4466 1291 4520 dicente:
1321 4485 1339 4515 ι
1365 4464 1550 4519 Simon
1578 4463 1822 4528 Joannis,
1849 4447 1903 4506 D
1936 4478 2048 4525 tum
2074 4469 2288 4540 (Matth.
2316 4468 2440 4537 vii),
2474 4487 2493 4519 ι
2530 4475 2635 4522 etc.

241 4559 418 4630 diligis
443 4559 569 4613 me?
592 4578 610 4611 ι
641 4558 822 4628 (Joan.
850 4556 1196 4630 xu.)Joanna
1220 4572 1348 4611 vero
1378 4556 1549 4627 gratia
1570 4554 1686 4620 Dei,
1712 4556 1826 4611 sive

242 4652 295 4703 in
316 4666 418 4721 quo
450 4660 525 4704 est
566 4651 779 4720 gratia,-
802 4650 1211 4720 interpretatur.
1246 4648 1437 4702 Merito
1464 4663 1593 4715 ergo
1616 4648 1824 4716 primus

246 4741 608 4809 apostolorum
638 4737 861 4795 Joannis
882 4739 1024 4793 ﬁlius
1053 4738 1269 4802 dicitur,
1306 4740 1433 4808 quia
1469 4753 1574 4791 non
1609 4736 1822 4806 propria

242 4833 459 4897 virtute,
492 4832 585 4886 sed
618 4830 794 4885 Patris
824 4832 995 4902 gratia
1023 4831 1296 4886 revelante
1320 4831 1516 4885 Filium
1559 4830 1649 4883 Dei
1691 4844 1821 4899 cog-

241 4910 413 4981 novit.
438 4923 591 4979 Unde
606 4932 670 4983 et.
696 4925 946 4979 subditur
973 4941 987 4978 :
1029 4942 1048 4976 ‹
1077 4923 1214 4991 Quia
1236 4938 1364 4978 caro
1392 4931 1449 4976 et
1477 4921 1696 4992 sanguis
1718 4936 1824 4976 non

253 5034 271 5067 ι
296 5016 557 5071 revelavit
598 5016 714 5081 tibi,
752 5016 845 5070 sed
875 5016 1039 5071 Pater
1073 5030 1227 5070 meus
1262 5015 1352 5085 qui
1391 5015 1442 5068 in
1482 5014 1635 5068 caelis
1660 5022 1762 5067 est.
1800 5032 1819 5063 ι

248 5105 385 5162 Caro
428 5115 482 5162 et
539 5108 760 5177 sanguis
788 5108 843 5161 in
883 5109 985 5162 hoc
1023 5107 1143 5163 loco
1197 5106 1470 5161 carnalem
1525 5105 1825 5159 doctrinam

250 5194 561 5251 Scribarum
590 5206 647 5252 et
678 5197 1069 5253 Phariszeorum
1118 5198 1456 5269 signiﬁcant,
1499 5195 1652 5264 juxta
1697 5196 1825 5251 illud

250 5284 389 5356 quod
425 5288 698 5357 apostolus
724 5288 941 5345 Paulus
981 5298 1336 5360 protestatur,
1367 5290 1553 5344 dicens
1582 5306 1595 5341 :
1633 5308 1651 5339 ί
1680 5287 1823 5343 Con-

242 5375 397 5431 tinuo
418 5392 523 5431 non
548 5376 793 5447 acquievi
821 5378 973 5431 carni
1005 5386 1061 5431 et
1096 5377 1341 5448 sanguini
1365 5375 1510 5448 (Gal.
1540 5375 1600 5446 ι).
1638 5395 1658 5426 ›
1701 5374 1819 5430 Non

251 5479 375 5536 ergo
398 5482 498 5536 per
512 5467 813 5522 doctrinam
842 5466 1238 5521 Pharisaaorum
1259 5475 1313 5522 et
1337 5466 1650 5521 Scribarum
1672 5467 1822 5536 prin-

254 5575 376 5630 ceps
397 5562 760 5632 apostolorum
784 5561 1059 5618 Christum
1085 5562 1280 5617 Filium
1305 5564 1397 5618 Dei
1423 5564 1690 5634 cognovit,
1723 5562 1819 5619 sed

244 5649 407 5713 Patre
428 5653 720 5722 revelante,
735 5653 875 5717 sicut
893 5652 1100 5729 ideing
1105 5653 1228 5710 ilius
1254 5654 1381 5711 alibi
1413 5654 1626 5710 Patrem
1652 5654 1817 5727 glori-

2008 4581 2027 4613 ι
2062 4560 2128 4613 Ει
2179 4560 2273 4613 tibi
2323 4560 2462 4613 dabo
2514 4557 2695 4612 claves
2742 4557 2893 4625 regni
2940 4555 3221 4611 caelorum.
3253 4574 3273 4608 ι
3323 4553 3518 4609 Claves

1931 4651 2079 4721 regni
2123 4649 2384 4704 ccelorum
2415 4647 2549 4701 nihil
2576 4644 2745 4710 aliud,
2784 4646 2887 4700 nisi
2919 4645 3120 4715 ligandi
3172 4653 3228 4698 et
3274 4643 3517 4698 solvendi

1928 4752 2250 4831 potestatem
2292 4742 2622 4813 signiﬁcant.
2652 4742 2807 4796 Sicut
2834 4743 2977 4796 enim
3029 4737 3305 4796 clavis‘ad
3334 4741 3437 4796 hoc
3463 4741 3515 4796 in

1912 4836 2068 4890 .ostio
2096 4834 2332 4903 ponitur,
2364 4840 2422 4887 ut
2451 4832 2611 4893 amici
2661 4832 3011 4900 recipiantur,
3049 4832 3293 4886 extranei
3329 4838 3515 4886 autem

1928 4927 2288 4982 excludantur
2314 4943 2327 4979 :
2358 4925 2436 4979 sic
2456 4925 2653 4995 ligandi
2680 4933 2843 4993 atque
2873 4923 3115 4979 solvendi
3138 4932 3379 4993 potestas
3399 4922 3517 4992 jus-

1930 5027 2014 5072 tos
2044 5018 2253 5085 recipit,
2285 5014 2513 5084 injustos
2534 5031 2665 5069 vero
2699 5015 2960 5070 excludit.
2995 5015 3071 5069 De
3098 5031 3203 5084 qua
3236 5016 3512 5072 subditur:

1935 5126 1953 5158 ι
1988 5107 2055 5161 Et
2084 5107 2442 5176 quodcunque
2472 5104 2727 5176 ligaveris
2753 5121 2917 5176 super
2948 5114 3173 5167 terram.
3208 5126 3226 5157 ι
3271 5115 3376 5160 etc.
3415 5105 3516 5161 Ubi

1929 5198 2401 5261 considerandum,
2430 5197 2515 5251 vir
2550 5197 2655 5250 iste
2681 5197 2808 5265 quia
2848 5205 2993 5251 tanta
3026 5196 3328 5251 humilitate
3355 5210 3516 5250 voca-

1928 5299 2037 5353 tur,
2070 5290 2139 5344 ad
2180 5297 2436 5356 quantam
2474 5287 2702 5357 gloriam
2733 5288 2805 5341 sit
2833 5278 3148 5357 perductus,
3196 5286 3321 5356 quia
3368 5283 3514 5338 enim

1924 5380 2128 5435 relictis
2200 5378 2449 5432 omnibus
2524 5377 2797 5432 Christum
2872 5377 3254 5432 ardentissimo
3328 5389 3515 5433 amore

1922 5479 2141 5526 secutus
2207 5479 2321 5533 est,
2392 5469 2460 5523 ad
2515 5479 2717 5539 tantam
2797 5470 3176 5525 celsitudinem
3245 5464 3511 5535 pervenit.

1923 5572 1984 5617 ut
2033 5562 2146 5616 vice
2176 5561 2269 5633 Dei
2297 5562 2652 5639 quorumdam
2698 5570 2919 5631 peccata
2961 5565 3226 5621 relaxare,
3258 5571 3516 5626 quorum-

1925 5654 2046 5711 dam
2118 5652 2281 5710 etiam
2352 5652 2585 5707 retinere
2653 5660 2851 5723 posset.
2905 5647 3015 5705 Nec
3082 5657 3261 5718 tamen
3323 5652 3515 5718 putan-
