4002 6348
562 319 664 375 765

1181 314 1531 370 llAYMONiS
1570 309 2049 369 HALBERSTAT.
2091 302 2122 362 Ε

2222 307 2305 363 5C.
2342 304 2494 363 OPP.
2532 306 2711 363 PARS
2749 307 2810 361 ll.
2837 338 2908 347 -—-
2944 307 3176 364 HOMIL.

3729 309 3848 364 764

557 432 684 485 dum
715 438 820 493 est,
857 426 997 499 quod
1024 424 1193 481 solum
1224 427 1381 479 beato
1409 424 1569 480 Petro
1592 426 1707 479 haec
1732 431 1973 493 potestas
2009 421 2132 476 data
2160 423 2209 479 Α
2237 415 2455 486 pulchre
2476 417 2733 472 Dominus
2762 431 2931 487 grano
2957 417 3503 488 tritici'comparatur,
3528 419 3658 489 quia
3684 409 3853 475 sicu‘

558 530 665 587 est,
696 521 789 575 sed
812 520 950 573 sicut
988 532 1125 570 unus
1149 531 1246 585 pro
1273 517 1523 570 omnibus
1547 514 1824 583 respondit
1855 530 1867 565 :
1907 531 1924 563 ι
1966 510 2044 564 Tu
2074 526 2136 565 es

558 612 807 667 Christus
840 608 1008 663 Filius
1048 607 1142 661 Dei
1182 606 1310 670 vivi,
1348 626 1367 657 ι
1402 606 1474 660 ita
1505 606 1558 660 in
1594 621 1701 659 uno
1725 618 1914 659 omnes
1947 603 2136 667 audie-

558 711 716 757 runt:
747 720 765 752 ι
792 699 1160 767 Quodcunque
1191 697 1445 765 ligaveris
1475 711 1636 768 super
1663 705 1889 759 terram,
1919 714 1936 745 ι
1971 702 2029 749 et
2052 709 2149 749 rei

555 792 721 859 liqua.
749 789 902 846 Unde
931 804 1052 844 cum
1099 796 1222 857 post
1275 788 1723 842 resurrectionem
1751 785 2009 839 Dominus
2029 784 2139 839 dis-

554 881 747 951 cipulis
770 881 883 934 suis
908 878 1167 951 Spiritum
1194 888 1439 933 sanctum
1478 878 1735 939 dedisset,
1766 876 2016 930 omnibus
2046 891 2138 945 gev

551 971 814 1027 neraliter
842 971 917 1025 ait
949 988 962 1024 :
1007 988 1024 1021 ι
1060 970 1298 1035 Quorum
1326 969 1645 1023 remiseritis
1676 975 1917 1036 peccata,
1954 967 2138 1021 remit.

553 1072 742 1118 tuntur
771 1062 869 1117 eis.
910 1080 930 1113 ι
958 1060 1067 1117 Nec
1097 1061 1269 1116 solum
1295 1059 1548 1129 apostolis
1592 1059 1706 1113 haec
1738 1066 1981 1127 potestas
2011 1058 2134 1114 data

552 1159 653 1214 est,
704 1151 799 1205 sed
829 1150 991 1213 etiam
1020 1149 1289 1218 episcopis
1332 1157 1387 1203 et
1417 1146 1804 1209 sacerdotibus,
1856 1146 1950 1214 qui
1989 1161 2132 1204 nunc

551 1256 739 1296 eorum
784 1241 1029 1295 ordinem
1056 1240 1109 1293 in
1135 1239 1376 1295 Ecclesia
1407 1238 1661 1301 retinent,
1694 1244 1751 1290 et
1784 1237 1984 1306 ligandi
2019 1236 2129 1292 sol-

548 1330 814 1399 vendiqne
835 1336 1159 1398 potestatem
1181 1328 1398 1382 habent.
1420 1325 1571 1381 Unde
1594 1326 1644 1379 in
1676 1324 1793 1395 lege
1815 1324 1881 1379 de
1902 1324 2129 1395 leprosis

550 1419 847 1490 figuraliter
876 1418 1203 1489 prmcipitur.
1241 1425 1299 1471 ut
1326 1416 1369 1471 si
1401 1416 1521 1486 quis
1549 1416 1696 1484 lepra
1730 1429 2019 1484 percussus
2040 1430 2127 1469 es«

548 1521 646 1577 set,
677 1513 991 1568 ostenderet
1015 1527 1072 1566 se
1104 1510 1394 1575 sacerdoti,
1435 1517 1488 1565 et
1517 1508 1582 1562 ad
1613 1507 1728 1577 ejus
1748 1505 2009 1576 judicium
2034 1516 2127 1562 aut

547 1604 837 1674 ejiceretur
857 1615 1008 1659 extra
1045 1612 1247 1662 castra.
1290 1610 1381 1656 aut
1425 1602 1756 1671 reciperetur
1788 1618 1799 1654 :
1830 1616 1934 1654 non
1979 1601 2123 1670 quod

547 1700 662 1771 ipse
690 1700 957 1768 leprosum
980 1698 1262 1762 mundare,
1285 1704 1376 1749 aut
1402 1696 1711 1750 mundatnm
1738 1694 2007 1764 leprosum
2042 1693 2121 1748 fa-

2236 507 2289 562 in
2335 505 2593 563 omnibus
2635 509 2865 563 annonis
2892 509 3031 563 nihil
3055 508 3327 564 frumento
3351 510 3653 579 pulchrius,
3690 512 3843 566 nihil

2235 606 2319 652 est
2353 596 2722 655 delectabilius
2758 614 2771 647 :
2799 597 2872 651 ita
2915 597 3031 666 ipse
3057 610 3246 652 omnes
3272 606 3552 654 creaturas
3580 599 3839 663 excellit,

2236 687 2362 756 quia
2397 687 2529 741 nihil
2554 702 2620 741 eo
2646 687 2882 749 suavius,
2930 687 3066 742 nihil
3095 686 3303 742 dulcius
3353 689 3648 746 invenitur.
3698 689 3839 746 Sive

2237 786 2383 849 certe
2410 793 2581 847 grano
2606 776 2859 833 frumenti
2881 787 3249 848 comparatur,
3274 781 3400 849 quia
3421 780 3683 837 alimento
3705 797 3836 838 eor-

2237 848 2384 937 poris
2410 876 2467 923 et
2506 868 2783 939 sanguinis
2819 872 2902 924 sui
2944 869 3181 925 ﬁdelium
3217 848 3428 926 animas
3471 872 3673 928 reﬁcit.
3704 873 3835 944 Ipse

2236 958 2382 1013 enim
2422 959 2500 1012 ait
2532 959 2584 1013 in
2615 959 2905 1028 Evangelio
2950 978 2963 1014 :
3008 978 3027 1012 ι
3058 960 3170 1033 Ego
3196 976 3315 1015 sum
3347 963 3500 1030 panis
3533 964 3697 1019 vivus
3731 967 3829 1035 qui

2237 1048 2303 1103 de
2330 1048 2468 1103 caslo
2495 1050 2743 1104 descendi
2776 1050 2965 1118 (Joan.
2998 1051 3104 1121 vi).
3157 1071 3176 1103 ι
3209 1052 3276 1106 Et
3307 1052 3502 1107 iterum
3538 1042 3565 1109 εΔ
3598 1074 3618 1106 ι
3657 1054 3831 1111 Panis

2234 1151 2392 1206 quem
2432 1151 2531 1207 ego
2559 1140 2776 1205 dedero,
2806 1155 2933 1195 caro
2974 1156 3093 1196 mea
3134 1148 3239 1208 est,
3269 1157 3365 1212 pro
3409 1144 3593 1199 steculi
3624 1147 3767 1200 vita.
3802 1168 3822 1197 ι

2231 1225 2299 1281 Ει
2327 1228 2451 1283 alibi
2479 1242 2494 1282 :
2525 1249 2542 1280 ‹
2572 1229 2713 1285 Caro
2740 1246 2858 1286 mea
2887 1246 3014 1287 vere
3034 1241 3117 1287 est
3145 1232 3316 1295 cibus,
3348 1242 3403 1288 et
3423 1236 3649 1306 sanguis
3670 1252 3827 1293 meus

2229 1335 2356 1376 vere
2383 1329 2466 1376 est
2495 1329 2653 1390 potus
2704 1321 2915 1395 (Ibid.).
2950 1343 2967 1374 ι
3000 1323 3288 1378 Praemisso
3330 1333 3513 1379 autem
3557 1329 3824 1398 mysterio

2228 1427 2338 1466 sua:
2384 1413 2677 1482 passionis,
2710 1429 2833 1468 mox
2870 1414 2937 1468 ad
2969 1414 3324 1469 constantiam
3356 1416 3607 1485 martyrii
3663 1417 3827 1473 disci-

2224 1502 2377 1572 pulos
2403 1519 2529 1558 suos
2558 1504 2824 1570 hortatur,
2858 1504 3043 1560 dicens
3068 1522 3081 1558 :
3694 1572 3697 1573 γ

2298 1612 2317 1645 ‹
2348 1594 2465 1661 'Qui
2510 1603 2658 1649 amat
2699 1596 2934 1650 animam
2980 1611 3153 1662 suam,
3198 1597 3393 1666 perdet
3431 1614 3581 1663 eam,
3627 1607 3686 1653 et
3732 1602 3824 1670 qni

2231 1703 2249 1735 ι
2297 1685 2409 1741 odit
2438 1686 2675 1740 animam
2698 1702 2851 1740 suam
2882 1687 2936 1741 in
2966 1687 3069 1741 hoc
3108 1688 3326 1750 mundo,
3373 1688 3428 1742 in
3459 1690 3631 1744 vitam
3660 1700 3820 1745 aeter—

547 1764 673 1846 eere
700 1764 902 1859 posset,
935 1789 1028 1842 sed
1049 1787 1174 1858 quia
1197 1787 1266 1840 ad
1294 1785 1651 1840 ministerium
1681 1784 1849 1854 ipsius
1875 1785 2126 1840 sacerdo-
2156 1764 2201 1823 Β
2235 1796 2253 1827 ε
2301 1792 2427 1831 nam
2477 1777 2712 1832 ουδιοάῖι
2756 1792 2897 1831 eam-
2938 1797 2957 1829 ³
2992 1776 3187 1831 Αιιίῐηει
3237 1779 3290 1831 in
3338 1778 3666 1847 δετίιιιιιτίες
3723 1782 3821 1835 ³ιὶ-

546 1880 618 1935 tis
645 1881 899 1950 pertinet,
931 1887 987 1933 ut
1017 1879 1290 1933 discernat
1313 1877 1452 1931 inter
1486 1876 1688 1946 lepram
1727 1883 1783 1929 et
1816 1875 2039 1944 lepram,
2074 1875 2127 1930 id

544 1978 657 2035 est,
694 1970 836 2026 inter
868 1978 1151 2040 peccatum
1195 1966 1367 2035 majus
1396 1975 1450 2021 et
1479 1968 1677 2021 minus.
1710 1965 1864 2022 Hunc
1906 1982 2126 2022 sensum

544 2062 762 2132 require
792 2062 845 2115 in
874 2059 1164 2132 Evangelia
1191 2060 1245 2114 in
1272 2067 1464 2114 octava
1495 2056 1733 2112 Paschte.

1127 2188 1407 2245 HOMILIA
1444 2188 1532 2243 lV.

771 2291 777 2297 ’
861 2318 926 2358 nr:
962 2318 1162 2358 sxuc'ro
1198 2318 1500 2359 LAURENTIO
1540 2318 1809 2363 manus.

612 2410 786 2482 (Jom.
839 2412 960 2483 xu.)
1005 2431 1024 2463 ι
1065 2413 1122 2467 In
1171 2412 1262 2468 illo
1303 2422 1566 2483 tempore,
1610 2414 1928 2483 loquebatur
1968 2414 2125 2471 Jesus

548 2521 567 2551 ι
614 2519 734 2557 cum
761 2504 1033 2573 discipulis
1052 2504 1163 2559 suis
1188 2505 1241 2559 in
1271 2505 1544 2574 parabolis
1569 2524 1581 2560 :
1602 2505 1797 2571 Amen,
1820 2520 1976 2561 amen
2003 2506 2124 2562 dico

550 2610 569 2642 ε
619 2593 792 2658 vobis,
819 2594 921 2647 nisi
951 2608 1176 2664 granum
1215 2593 1470 2649 frumenti
1498 2596 1697 2649 cadens
1724 2595 1777 2648 in
1814 2603 1955 2649 terra
1983 2611 2126 2649 mor-

550 2698 568 2732 ι
616 2689 763 2734 tuum
783 2679 959 2735 fuerit.
986 2699 1004 2732 ›
1023 2682 1089 2735 Et
1105 2681 1329 2751 reliqua.
1350 2680 1937 2737 llortaturusDomiuus
1962 2682 2124 2736 disci-

542 2770 697 2840 pulos
726 2769 792 2824 ad
828 2771 1165 2840 martyrium,
1210 2786 1321 2825 sua:
1347 2771 1613 2841 passionis
1657 2771 1959 2839 exemplum
1987 2786 2123 2840 pra:-

543 2862 713 2924 misit,
741 2870 800 2915 ut
838 2870 984 2915 tanto
1013 2862 1190 2916 minus
1226 2876 1325 2930 pro
1349 2861 1466 2929 ejus
1494 2862 1711 2917 nomine
1741 2871 1968 2917 mortem
2009 2864 2122 2933 pati

544 2951 818 3016 timerent,
868 2960 1070 3020 quanto
1119 2952 1174 3006 in
1225 2952 1327 3007 hoc
1374 2967 1537 3021 opere
1588 2953 1827 3008 caalestis
1878 2954 2122 3024 magistri

543 3040 847 3097 imitatores
861 3042 1308 3096 exsisterent.Ait
1328 3042 1472 3096 enim
1501 3060 1512 3097 :
1544 3062 1561 3094 ι
1589 3043 1780 3108 Amen,
1811 3058 1968 3100 amen
2000 3045 2120 3101 dico

544 3134 717 3198 vobis,
763 3153 781 3185 ι
822 3145 877 3188 et
923 3132 1147 3204 reliqua.
1185 3134 1242 3189 ln
1288 3133 1483 3203 quibus
1526 3134 1704 3195 verbis
1750 3105 2115 3206 intelligimus,
2146 3105 2191 3167 θ

543 3226 667 3295 quia
699 3225 955 3280 Dominus
982 3226 1033 3279 in
1058 3224 1408 3280 similitudine
1431 3225 1589 3295 grani-
1606 3224 1857 3282 l'l'umenti
1882 3227 2119 3297 seipsum

543 3316 674 3371 dicit
726 3316 1158 3371 mortiﬁcandum
1205 3325 1262 3371 et
1302 3316 1770 3386 'multiplicaudum
1824 3335 1839 3371 :
1887 3316 2118 3372 mortiﬁ-

542 3408 810 3474 candum,
863 3410 917 3462 in
980 3408 1294 3463 inﬁdelitate
1348 3406 1656 3463 Judzeorum
1701 3422 1718 3462 :
1757 3409 2119 3479 multiplican—

541 3499 664 3553 dum
685 3540 699 3564 ,
732 3499 786 3553 in
819 3499 922 3554 ﬁde
952 3500 1190 3554 omnium
1228 3500 1566 3570 populorum.
1596 3500 1750 3566 Quod
1799 3517 1906 3555 non
1946 3500 2119 3555 solum

540 3591 768 3653 facilius,
824 3594 918 3646 sed
962 3591 1126 3645 etiam
1179 3593 1420 3660 apertius
1465 3591 1763 3663 intelligere
1811 3607 2116 3663 possumus,

538 3684 585 3738 si
627 3685 905 3754 superiora
935 3680 1094 3751 hujus
1129 3682 1400 3751 Evangelii
1437 3697 1728 3752 parumper
1757 3683 2116 3738 attendamus.

542 3775 718 3845 Supra
759 3778 901 3831 enim
950 3777 1133 3831 retulit
1199 3778 1561 3849 Evangelista,
1609 3777 1737 3847 quia
1789 3776 2117 3846 praedicante

540 3868 770 3922 Domino
820 3868 1205 3940 Hierosolymis
1235 3871 1288 3924 in
1340 3870 1426 3925 die
1472 3869 1631 3934 festo,
1689 3878 1843 3924 erant
1898 3869 2116 3938 quidam

540 3959 790 4029 gentiles,
825 3960 917 4030 qui
947 3969 1205 4015 venerant
1248 3963 1476 4016 adorare
1505 3962 1558 4014 iu
1584 3959 1882 4015 Jerusalem
1910 3978 1922 4013 :
1946 3961 2001 4014 hi
2029 3976 2120 4015 ac-

538 4063 821 4105 cesserunt
859 4051 924 4105 ad
954 4052 1277 4122 Philippum,
1319 4054 1410 4122 qui
1441 4063 1559 4107 erat
1585 4067 1615 4106 a
1645 4052 1935 4107 Bethsaida
1973 4051 2120 4109 Gali-

539 4139 674 4204 lmm,
720 4148 774 4195 et
813 4142 1065 4196 dixerunt
1091 4142 1178 4196 ei:
1211 4159 1228 4193 ι
1258 4143 1499 4204 Domine,
1547 4143 1791 4197 volumus
1816 4143 1999 4198 videre
2025 4142 2117 4199 Je-

538 4247 678 4286 sum.
712 4250 731 4283 ›
780 4232 938 4287 Venit
982 4233 1256 4303 Philippus
1302 4243 1357 4290 et
1400 4236 1534 4290 dixit
1572 4236 1821 4292 Andrem.
1873 4237 2117 4296 Andreas

538 4337 754 4377 rursum
784 4332 836 4378 et
870 4323 1146 4395 Philippus
1172 4327 1425 4381 dixerunt
1452 4326 1599 4382 Jesu.
1635 4326 1791 4382 Jesus
1816 4338 1998 4383 autem
2035 4346 2119 4386 re.

537 4400 1048 4481 spondensdixiteis
1079 4433 1092 4468 :
1125 4434 1143 4467 ι
1175 4415 1331 4472 Venit
1360 4418 1488 4471 hora
1514 4426 1573 4471 ut
1598 4418 1926 4474 clarificetur
1949 4420 2116 4477 Filius

536 4501 791 4556 hominis.
817 4521 836 4553 ι
870 4505 949 4558 Ac
967 4503 1161 4559 deinde
1180 4505 1456 4574 subjunxit
1496 4525 1508 4560 :
1541 4527 1559 4559 ‹
1589 4507 1781 4573 Amen,
1811 4524 1966 4563 amen
1996 4510 2117 4565 dico

535 4589 708 4654 vobis,
745 4611 765 4643 ι
799 4601 855 4646 et
897 4592 1121 4662 reliqua.
1152 4595 1257 4662 Qui
1288 4611 1417 4667 ergo
1456 4612 1522 4652 ex
1552 4598 1802 4668 gentibus
1838 4613 1899 4652 se
1930 4598 2116 4655 videre

533 4680 895 4736 desirantibus
928 4682 1099 4737 dixit:
1128 4703 1147 4735 ι
1172 4684 1330 4740 Venit
1359 4686 1489 4741 hora
1512 4694 1571 4741 ut
1592 4688 1918 4743 clariticetur
1950 4687 2119 4745 Filius

534 4769 788 4835 hominis,
810 4792 828 4823 ι
846 4787 909 4827 ac
922 4773 1113 4830 deinde
1127 4776 1436 4847 subjuuxit:
1464 4796 1481 4829 ‹
1507 4778 1699 4845 Amen,
1715 4795 1871 4834 amen
1886 4779 2007 4836 dico
2018 4796 2112 4835 vo-

533 4863 618 4917 bis
644 4879 657 4915 :
700 4864 802 4918 nisi
837 4880 1062 4935 granum
1093 4868 1348 4925 frumenti
1369 4872 1568 4926 cadens
1598 4872 1651 4924 in
1679 4880 1899 4938 terram,
1930 4891 1948 4923 »
1980 4881 2112 4938 etc.,

532 4952 779 5007 ordinem
828 4970 939 5011 suae
999 4958 1267 5027 passionis
1317 4958 1563 5029 profecto
1610 4960 1930 5026 insinuavit,
1986 4963 2113 5031 quia

533 5049 682 5118 prius
727 5051 1130 5108 mortiﬁcandus
1170 5062 1289 5108 erat
1317 5069 1345 5108 a
1369 5053 1585 5118 Judacis,
1614 5062 1668 5109 et
1698 5063 1880 5124 postea
1912 5056 2110 5126 praedi-

534 5139 738 5194 candus
763 5142 1031 5211 gentibus.
1072 5142 1205 5197 Nam
1235 5144 1350 5212 ejus
1378 5157 1572 5197 nomen
1605 5152 1752 5198 tanto
1788 5145 1960 5215 magis
1993 5160 2114 5201 cre-

532 5234 637 5289 scit
678 5235 732 5289 in
775 5234 881 5291 ﬁde
909 5236 1264 5301 credentium,
1295 5245 1498 5306 quanto
1526 5251 1622 5306 per
1655 5246 1881 5293 mortem
1909 5238 1961 5292 in
1992 5254 2112 5309 per-

531 5326 655 5381 ﬁdia
684 5325 992 5383 Judaaorum
1021 5338 1104 5383 est
1135 5328 1480 5384 exstinctum.
1509 5328 1619 5385 Nec
1643 5330 1917 5402 indignum
1948 5332 2112 5387 debet

531 5415 889 5487 Redemptore
911 5427 1097 5474 nostro
1119 5420 1314 5485 videri,
1339 5421 1384 5475 si
1406 5420 1458 5474 in
1476 5430 1749 5493 assumpta
1771 5422 2109 5477 humanitate

532 5520 701 5575 grano
748 5506 1003 5562 frumenti
1049 5515 1412 5578 comparetur,
1456 5509 1508 5563 in
1550 5524 1657 5579 qua
1701 5509 1866 5563 etiam
1911 5509 2107 5565 vilibus

530 5599 804 5653 vermibus
827 5598 1177 5665 assimilatur,
1200 5599 1340 5654 sicut
1359 5599 1475 5668 ipse
1496 5615 1593 5669 per
1614 5601 1929 5670 prophetam
1946 5601 2103 5655 dicit:

603 5708 623 5741 c
655 5689 767 5760 Ego
795 5708 912 5747 sum
942 5693 1142 5749 vermis
1188 5701 1242 5750 et
1284 5707 1388 5749 non
1412 5693 1572 5749 homo
1608 5691 1779 5769 (Psal.
1818 5694 1951 5750 χκιὶ.
1988 5715 2007 5748 ι
2039 5695 2107 5750 Et

2226 1869 2441 1939 quando
2467 1868 2777 1924 interiorem
2800 1869 3094 1934 hominem,
3120 1868 3172 1923 id
3195 1878 3278 1925 est
3298 1869 3518 1925 vitalem
3542 1871 3811 1940 Spiritum,

2226 1957 2513 2029 significat,
2563 1958 2853 2028 aliquando
2900 1967 3219 2029 praesentem
3270 1960 3458 2014 vitam.
3500 1959 3812 2016 Interiorem

2223 2051 2518 2117 hominem,
2536 2051 2673 2108 sicut
2687 2051 2946 2108 Dominus
2967 2054 3126 2109 dicit:
3151 2072 3168 2103 ι
3189 2053 3325 2121 Quid
3347 2054 3573 2122 prodest
3590 2056 3807 2120 homini,

2225 2141 2271 2196 si
2297 2151 2467 2197 totum
2495 2142 2757 2197 mundum
2783 2143 3044 2211 lueretur,
3076 2144 3270 2199 anima:
3298 2154 3483 2198 autem
3512 2161 3619 2199 sua:
3641 2147 3799 2200 detri-

2226 2242 2464 2289 mentum
2494 2234 2732 2303 patiatur
2770 2234 2986 2304 (Manli.
3018 2235 3168 2305 xvn)?
3200 2254 3219 2287 ι
3256 2233 3593 2291 Prtesentem
3628 2239 3806 2304 vitam,

2226 2324 2363 2379 sicut
2391 2324 2517 2379 alibi
2545 2324 2658 2379 ait:
2686 2346 2703 2378 ‹
2735 2324 2921 2381 Nonne
2956 2327 3135 2380 anima
3177 2326 3298 2395 plus
3326 2336 3413 2381 est
3458 2342 3628 2395 quam
3670 2343 3806 2391 esca,

2224 2425 2280 2471 et
2303 2432 2496 2487 corpus
2526 2417 2645 2487 plus
2672 2434 2833 2488 quam
2859 2418 3284 2475 vestimentum?
3322 2439 3340 2471 ι
3376 2417 3570 2489 (Ibid.)
3602 2420 3743 2492 Ergo
3760 2422 3805 2475 in

2222 2506 2329 2563 hoc
2370 2508 2488 2563 loco
2526 2510 2722 2564 animae
2750 2510 2969 2564 nomine
2997 2519 3320 2580 prmsentem
3347 2511 3516 2565 vitam
3545 2512 3804 2582 designat,

2222 2614 2346 2654 cum
2368 2600 2565 2654 dicitur
2588 2618 2602 2653 :
2633 2619 2652 2651 ‹
2684 2600 2784 2668 Qui
2804 2602 3195 2656 amatanimam
3218 2616 3393 2666 suam,
3417 2602 3763 2671 perdeteam.
3784 2624 3801 2654 ι

2224 2689 2356 2743 Mira
2396 2698 2577 2745 autem
2619 2706 2707 2746 res
2744 2700 2847 2757 est,
2888 2699 2946 2746 ut
2991 2692 3223 2748 amando
3279 2692 3464 2747 anima
3518 2704 3731 2761 pereat,
3756 2702 3803 2748 et

2224 2781 2455 2837 odiendo
2489 2782 2540 2837 in
2573 2782 2676 2837 hoc
2702 2783 2923 2849 mundo,
2971 2783 3024 2838 in
3054 2783 3219 2837 vitam
3248 2792 3511 2837 aeternam
3541 2784 3804 2838 custodia-

2225 2880 2331 2927 tur.
2380 2873 2530 2928 Tunc
2566 2874 2708 2928 enim
2749 2884 2987 2929 nostram
3027 2875 3263 2954 animam
3299 2874 3441 2928 bene
3478 2876 3716 2939 odimus,
3754 2886 3804 2929 et

2223 2965 2450 3020 odiendo
2491 2966 2843 3032 custodimus,
2883 2966 3099 3036 quando
3134 2967 3252 3037 ejus
3309 2966 3626 3021 carnalibus
3666 2967 3801 3021 desi-

2224 3056 2390 3111 deriis
2411 3055 2854 3121 contradiciinus,
2886 3057 3002 3128 ejus
3025 3057 3320 3127 appetitum
3346 3056 3668 3127 frangimus,
3688 3054 3797 3123 ejus

2220 3146 2560 3217 passionibus
2604 3146 2950 3213 reluctantur,
2999 3158 3055 3203 et
3096 3148 3150 3202 in
3182 3148 3585 3217 comparatione
3614 3147 3794 3205 fututa:

2218 3236 2342 3290 vita:
2370 3236 2889 3307 praesentemvitam
2919 3252 3016 3305 pro
3040 3237 3210 3292 nihilo
3236 3238 3489 3292 ducimus
3512 3252 3529 3290 :
3554 3236 3682 3291 illud
3702 3237 3797 3291 sol~

2220 3330 2364 3391 licite
2390 3331 2818 3393 considerantes,
2843 3328 2984 3400 quod
3011 3328 3267 3384 Dominus
3285 3329 3362 3383 ait
3394 3347 3407 3384 :
3437 3349 3457 3381 ι
3489 3328 3547 3385 Si
3579 3332 3793 3399 quisve-

2219 3419 2299 3473 nit
2325 3420 2392 3473 ad
2433 3436 2541 3484 me,
2574 3427 2630 3475 et
2669 3434 2775 3474 non
2800 3420 2913 3474 odit
2954 3429 3162 3489 patrem
3207 3434 3362 3474 suum
3393 3429 3453 3475 et
3483 3430 3791 3485 malrem,et

2200 3527 2463 3575 .uxorem,
2498 3512 2633 3567 ﬁlios
2673 3519 2729 3566 ct
2764 3513 2983 3577 fratres,
3017 3520 3071 3566 et
3107 3526 3342 3576 sorores,
3366 3531 3384 3562 ι
3419 3512 3609 3568 adhuc
3637 3522 3793 3569 autem

2220 3610 2274 3657 et
2306 3603 2540 3656 animam
2568 3618 2741 3667 suam,
2777 3621 2795 3653 ‹
2829 3617 2933 3657 non
2962 3610 3139 3671 potest
3179 3616 3301 3656 esse
3330 3616 3487 3657 meus
3516 3603 3794 3672 discipulus

2222 3689 2372 3763 (Luc.
2416 3691 2550 3761 xiv).
2585 3710 2603 3743 ι
2637 3691 2838 3746 Taliter
2880 3690 3077 3745 Paulus
3123 3690 3360 3746 animam
3400 3706 3556 3746 suam
3604 3694 3793 3754 oderat.

2220 3798 2341 3836 cum
2387 3782 2639 3838 dicebat:
2670 3801 2689 3834 ι
2718 3782 2831 3853 Ego
2874 3791 3055 3837 autem
3101 3798 3208 3837 non
3253 3781 3424 3837 solum
3457 3782 3794 3854 alligari,sed

2221 3874 2384 3928 etiam
2413 3875 2551 3930 mori
2583 3886 2805 3945 paratus
2853 3890 2971 3930 sum
3021 3874 3074 3929 in
3121 3873 3418 3930 Jerusalem
3462 3891 3566 3945 pro
3599 3876 3796 3931 nomine

2221 3964 2433 4019 Domini
2485 3965 2659 4019 nostri
2683 3963 2813 4021 Jesu
2841 3965 3041 4021 Christi
3071 3964 3209 4036 (Act.
3252 3964 3387 4035 xxi).
3433 3983 3453 4014 ι
3507 3963 3631 4020 Νοιι
3669 3968 3796 4020 enim

2222 4054 2361 4109 facio
2405 4055 2636 4109 animam
2679 4071 2852 4111 meam
2897 4056 3272 4126 pretiosiorem
3315 4071 3480 4126 quam
3514 4072 3629 4111 me.
3662 4057 3721 4111 Et
3747 4065 3796 4109 ut

2221 4144 2323 4199 hoc
2347 4144 2489 4213 quod
2515 4144 2743 4199 dicimus
2776 4146 2939 4200 etiam
2969 4146 3325 4215 simpliciores
3348 4145 3663 4215 intelligere
3690 4162 3794 4217 pos-

2220 4234 2350 4299 sint,
2380 4233 2510 4289 lihet
2538 4234 2749 4304 aliquos
2772 4236 2839 4291 ad
2869 4237 3103 4291 medium
3128 4237 3412 4298 deducere,
3438 4237 3534 4306 qui
3559 4238 3795 4294 odientes

2219 4323 2454 4377 animam
2476 4339 2629 4377 suam
2661 4332 2999 4391 amaverunt,
3024 4334 3080 4380 et
3113 4326 3249 4380 alios
3276 4327 3366 4395 qui
3385 4338 3664 4393 amantes,
3684 4327 3796 4383 odio

2222 4416 2543 4471 habuerunt.
2594 4415 2757 4472 Verbi
2804 4419 3011 4489 gratia,
3058 4418 3260 4473 dictum
3305 4426 3390 4474 est
3431 4419 3796 4489 quibusdam:

2144 4482 2197 4541 D
2221 4507 2456 4562 Adorate
2478 4506 2640 4574 idola,
2663 4482 2898 4578 alioquin
2925 4482 3342 4564 interﬁciemini.
3364 4509 3436 4563 At
3450 4482 3534 4564 illi
3557 4510 3797 4566 odientes

2220 4596 2456 4650 animam
2505 4611 2680 4661 suam,
2713 4596 2767 4650 id
2806 4604 2889 4652 est
2934 4606 3252 4667 prmsentem
3300 4598 3468 4651 vitam
3504 4614 3605 4668 pro
3636 4599 3797 4654 nihilo

2218 4684 2508 4749 ducentes,
2540 4685 2594 4739 in
2620 4693 2848 4740 mortem
2878 4686 3123 4755 corporis
3149 4685 3472 4751 inciderunt,
3504 4686 3603 4741 sed
3630 4688 3699 4741 ad
3727 4688 3795 4741 vi-

2218 4783 2331 4830 tam
2375 4776 2568 4830 animae
2612 4786 2992 4845 pervenerunt.
3044 4776 3257 4831 Dictum
3303 4784 3386 4831 est
3428 4777 3598 4831 etiam
3646 4777 3794 4832 aliis:

2217 4866 2455 4921 Adorate
2485 4865 2647 4932 idola,
2675 4866 2912 4937 alioquin
2943 4865 3360 4921 interﬁciemiui.
3391 4865 3471 4920 llli
3498 4880 3635 4922 vero
3661 4866 3795 4920 male

2215 4967 2463 5013 amantes
2508 4959 2742 5013 animam
2791 4974 2965 5024 suam,
3022 4959 3076 5014 id
3113 4967 3200 5014 est
3248 4967 3578 5029 praesentem
3634 4959 3794 5014 vitam

2215 5052 2595 5115 adoraverunt,
2628 5058 2684 5105 et
2710 5060 2936 5106 mortem
2966 5060 3279 5121 perpetuam
3313 5051 3664 5106 invenerunt.
3689 5049 3735 5104 Τ
3738 5066 3793 5102 a-

2214 5141 2338 5197 liter
2363 5142 2556 5197 beatus
2578 5142 2904 5198 Laurentius
2936 5142 3122 5208 levita,
3163 5140 3315 5210 cujus
3343 5141 3503 5197 hodie
3528 5140 3792 5196 festivita-

2216 5243 2324 5289 tem
2351 5235 2596 5300 colimus,
2646 5235 2880 5289 animam
2927 5250 3079 5290 suam
3132 5237 3344 5301 oderat,
3373 5244 3431 5291 et
3475 5235 3714 5291 odiendo
3742 5235 3790 5288 in

2216 5325 2378 5379 vitam
2410 5332 2668 5380 mternam
2695 5326 3051 5393 custodiebat,
3078 5326 3294 5396 quando
3336 5326 3591 5395 expensis
3622 5323 3789 5380 facul-

2214 5415 2413 5469 tatibus
2442 5413 2699 5470 Ecclesia:
2736 5425 2956 5485 propter
2997 5432 3193 5473 nomen
3222 5416 3431 5472 Domini
3461 5416 3639 5471 nostri
3667 5414 3790 5470 Jesu

2211 5507 2408 5564 Christi
2454 5508 2508 5563 in
2555 5510 2811 5565 craticula
2857 5512 3084 5580 positus,
3138 5512 3513 5568 crudelissimo
3563 5520 3789 5581 tyranno

2210 5599 2423 5654 dicebat
2459 5619 2471 5653 :
2514 5618 2531 5651 ι
2572 5601 2822 5657 Assatum
2852 5614 2937 5658 est
2958 5644 2973 5669 ,
3003 5602 3117 5673 jam
3156 5619 3314 5659 versa
3337 5612 3394 5658 et
3439 5604 3731 5665 manduca.
3763 5620 3782 5653 ι

2212 5708 2335 5747 nam
2361 5691 2645 5750 facultates
2671 5693 2945 5762 Ecclesiaa,
2973 5712 3109 5765 quas
3152 5695 3407 5765 requiris,
3441 5696 3494 5750 iu
3536 5694 3787 5751 cmlcstes
