4002 6348
164 336 276 393 765

1382 302 1684 366 IIOMILIE
1725 299 1813 356 DE
1851 294 2155 351 SANCTIS.

3314 282 3415 339 766

155 455 452 510 thesauros
500 456 691 499 manus
730 449 1030 511 .pauperum
1079 433 1510 501 deportaverunt.
1571 421 1737 492 Cujus
1765 420 1811 479 Α
1839 417 2013 471 virum
2041 428 2146 467 non
2178 410 2477 481 cognosco?
2506 428 2524 461 ι
2561 406 2712 480 (Luc.
2739 406 2803 470 ι.)
2836 404 2887 459 id
2910 411 3011 468 est,
3042 418 3110 457 ne
3131 416 3420 473 eognosce-
3508 426 3525 437 -

160 553 352 601 autem
381 539 680 595 imitatores
696 533 752 587 in
768 529 1021 601 passione
1039 524 1149 579 sint
1175 529 1461 591 martyres,
1488 513 1744 569 Dominus

162 632 485 693 manifestat
520 642 642 681 cum
680 623 843 678 dicit:
871 639 889 671 ι
922 617 980 674 Si
1019 617 1140 687 quis
1180 611 1313 668 mihi
1340 608 1630 669 ministrat,
1660 616 1747 656 me

170 749 193 782 ι
234 733 516 797 sequatur.
541 739 559 771 ι
596 715 928 787 Sequi'enim
942 710 1236 765 Dominum
1266 704 1464 760 imitari
1488 699 1749 766 est,sicut

165 833 293 889 Ipse
320 792 445 869 alibi
477 808 643 866 dicit:
682 828 698 858 ι
730 806 832 875 Qui
874 803 988 858 vult
1012 802 1195 857 venire
1234 804 1355 869 post
1380 810 1487 858 me,
1520 792 1751 862 abneget

164 905 523 973 semetipsum
557 908 611 955 et
656 898 810 953 tollat
854 909 1069 950 crucem
1096 906 1271 954 suam,
1300 896 1355 942 et
1381 892 1637 955 sequatur
1663 896 1749 936 me

168 995 394 1067 (Matth.
426 991 561 1061 xvi).
603 1010 622 1041 ι
654 990 721 1043 Ει
749 988 941 1041 iterum
970 1003 984 1039 :
1014 1002 1032 1034 ‹
1062 981 1160 1050 Qui
1185 995 1289 1035 non
1308 976 1511 1046 bajulat
1536 988 1752 1030 crucem

169 1062 351 1147 suam,
399 1090 454 1135 et
506 1078 653 1133 venit
702 1084 823 1146 post
846 1090 953 1138 me,
996 1087 1102 1127 non
1130 1079 1211 1125 est
1241 1083 1327 1122 me
1377 1066 1570 1138 dignus
1599 1062 1748 1134 (Luc.

170 1173 320 1243 le).
352 1192 371 1224 ι
408 1169 585 1224 Variis
606 1167 747 1223 enim
777 1164 950 1221 modis
972 1160 1155 1217 ﬁdeles
1178 1158 1395 1214 Christo
1423 1154 1747 1210 ministrant.

169 1264 282 1319 Alii
309 1264 447 1317 bene
470 1258 719 1321 dicendo,
755 1264 815 1310 ut
849 1253 1219 1315 confessores;
1243 1249 1329 1303 alii
1361 1262 1457 1318 pro
1500 1244 1615 1313 ejus
1652 1257 1751 1297 no-

170 1353 324 1407 mine
353 1348 650 1413 moriendo,
682 1355 742 1401 ut
770 1356 1072 1416 martyres;
1108 1341 1199 1396 alii
1222 1341 1363 1411 juste
1386 1337 1756 1404 eleemosyuas

178 1442 487 1507 tribuendo,
514 1451 573 1496 ut
604 1439 789 1495 ﬁdeles
811 1438 956 1492 laici.
987 1435 1091 1490 Sed
1109 1434 1200 1504 qui
1227 1431 1442 1487 Christo
1459 1427 1752 1491 ministrat,

172 1537 453 1618 Christum
487 1534 646 1590 debet
673 1532 846 1602 sequi.
876 1529 1012 1597 Quia
1042 1527 1183 1583 sicut
1221 1524 1455 1579 Joannes
1483 1516 1756 1589 apostolus

173 1615 292 1683 ait:
327 1648 344 1678 ‹
373 1625 474 1693 Qui
520 1625 650 1679 dicit
691 1638 749 1678 se
777 1622 831 1676 in
876 1620 1090 1676 Christo
1134 1628 1375 1678 manere,
1418 1610 1576 1665 debet
1619 1607 1759 1662 sicut

174 1721 269 1776 ille
294 1718 603 1784 ambulavit,
617 1725 670 1772 et
684 1716 797 1786 ipse
821 1712 1100 1769 ambulare
1122 1708 1174 1781 (I
1192 1707 1353 1761 Joan.
1379 1704 1464 1774 ll).
1496 1723 1513 1755 ι
1532 1700 1758 1770 Qualem

1847 521 1962 560 rem
1985 502 2241 574 disposui.
2273 501 2390 569 Ipsa
2419 500 2471 553 in
2501 497 2815 553 bmreditate
2842 493 3054 549 Domini
3084 501 3292 548 morata
3313 499 3417 555 est,

1847 610 1967 666 quae
1991 609 2096 647 non
2126 589 2398 662 peccando
2424 604 2453 641 a
2482 587 2730 657 passione
2759 583 2970 639 Domini
3015 581 3299 646 discessit,
3325 579 3420 635 sed
3501 623 3511 635 .

1848 687 2107 757 integram
2133 697 2285 737 suam
2320 681 2554 734 animam
2588 693 2618 731 a
2646 673 3102 746 concupiscentia,
3130 679 3183 726 et
3204 685 3421 726 carnem

1850 792 1881 831 a
1908 773 2249 844 corruptione
2277 782 2522 833 servans,
2550 766 2728 838 portio
2750 763 3082 820 haereditatis
3114 760 3208 815 Dei
3235 759 3423 816 ellecta

1849 874 1952 929 est,
1983 872 2205 918 cantans
2228 874 2348 915 cum
2378 857 2668 926 Propheta,
2693 854 2958 934 et'dicens
2987 871 2999 906 :
3030 871 3048 903 ‹
3067 851 3289 905 Etenim
3316 850 3425 904 bre-

1851 957 2054 1012 reditas
2079 969 2196 1009 mea
2223 951 2483 1022 praeclara
2521 956 2603 1002 est
2638 946 2770 1001 mihi
2821 944 2993 1016 (Psal.
3048 941 3160 1015 xv).
3211 962 3228 994 ι
3264 939 3426 1010 Cujus

1849 1068 2091 1126 persona:
2122 1048 2407 1106 convenire
2435 1046 2643 1100 videtur
2669 1040 2808 1113 quod
2840 1039 3083 1109 sequitur
3108 1054 3122 1092 :

1927 1163 1945 1195 ι
1995 1142 2146 1198 Tunc
2176 1137 2431 1212 praecepit
2465 1144 2519 1191 et
2560 1133 2695 1188 dixit
2733 1130 2863 1185 mihi
2902 1128 3128 1184 Creator
3166 1126 3428 1189 omnium,

1860 1254 1879 1289 ‹
1916 1242 1971 1289 et
1993 1233 2085 1303 qui
2117 1231 2319 1288 creavit
2345 1243 2451 1294 me,
2481 1224 2746 1297 requievit
2777 1223 2829 1276 in
2858 1219 3204 1276 tabernaculo
3231 1232 3368 1272 meo.
3404 1235 3421 1270 ι

1854 1325 1986 1392 Quis
2009 1331 2186 1378 autem
2216 1320 2441 1376 Creator
2473 1316 2712 1372 omnium
2745 1311 3045 1367 credendus
3072 1310 3160 1372 sit,
3194 1307 3432 1362 Joannes

1856 1417 1909 1471 in
1942 1412 2228 1483 Evangelio
2258 1406 2625 1475 declarat,qui
2656 1419 2778 1457 cum
2801 1400 3063 1454 dixisset:
3095 1416 3112 1449 ι
3148 1397 3204 1451 1η
3236 1397 3436 1466 princi-

1858 1508 1945 1579 pio
1974 1513 2092 1561 erat
2111 1503 2441 1565 Verbum,et
2455 1500 2688 1554 Verbum
2713 1502 2832 1549 erat
2858 1491 2995 1562 apud
3026 1492 3215 1553 Deum,
3247 1509 3266 1540 ι
3296 1487 3441 1557 adje-

1858 1577 1965 1656 cit:
1988 1617 2005 1648 ί
2030 1595 2219 1651 Omnia
2237 1592 2519 1664 peripsum
2546 1588 2686 1643 facta
2715 1593 2863 1650 sunt,
2890 1590 2944 1637 et
2967 1582 3085 1636 sine
3103 1580 3219 1649 ipso
3241 1577 3436 1630 factum

1858 1699 1940 1745 est
1965 1687 2094 1743 nihil
2127 1686 2309 1758 (Jonn.
2339 1681 2400 1753 ι).
2434 1701 2453 1733 ο
2494 1681 2559 1735 Ει
2588 1677 2755 1732 David
2781 1694 2793 1728 :
2825 1695 2842 1726 ι
2871 1672 3063 1728 Omnia
3095 1670 3147 1724 in
3178 1666 3440 1738 sapientia

176 1756 269 1776 Ιιιυ
294 1756 603 1784 αιιιυυηινιι,
617 1756 670 1772 νδ
684 1756 797 1786 ,νυν
821 1756 1100 1769 “lucanus-av
1145 1756 1166 1762 —
1193 1756 1214 1761 -
1235 1756 1353 1761 -.η-ν-
1379 1756 1437 1774 _-l
1454 1756 1459 1757 γ
1543 1756 1578 1770 ὐ
2139 1756 2145 1758 ν

176 1818 361 1863 autem
393 1805 879 1863 remunerationem
909 1817 1008 1872 pro
1039 1756 1140 1854 tali
1177 1796 1475 1853 imitatione
1512 1792 1757 1863 recipiat,
1785 1780 1834 1840 B
1862 1779 2034 1835 fecisti
2061 1776 2176 1849 (Ps.
2209 1773 2348 1846 cm).
2384 1792 2401 1826 ι
2433 1772 2538 1826 lste
2560 1770 2722 1839 igitur
2749 1766 2970 1822 Creator
2995 1761 3235 1817 omnium
3262 1758 3313 1811 in
3327 1756 3444 1827 ejus

2162 1868 2173 1872 -
2380 1866 2391 1872 -
2467 1866 2477 1872 .
2722 1860 2735 1872 ι
2802 1858 2847 1872 -ο
2914 1859 2926 1872 1
3073 1854 3164 1872 “-9
3190 1868 3281 1872 --.Α
3308 1848 3442 1872 __---I

177 1900 297 1970 ipse
322 1898 579 1962 declarat,
609 1910 730 1951 cum
761 1892 1070 1965 subjungit:

258 2007 277 2040 α
324 1989 391 2043 Et
420 1987 508 2043 ubi
539 2001 639 2055 ego
668 1999 812 2050 sum,
842 1982 915 2037 ibi
965 1992 1022 2037 et
1072 1978 1321 2034 minister
1375 1988 1530 2049 meus
1578 1969 1703 2027 erit.
1732 1988 1752 2022 ›

176 2079 321 2148 Quid
357 2077 584 2148 amplius
607 2083 785 2146 potest
810 2071 1054 2144 promitti
1099 2068 1245 2125 ﬁdeli
1275 2067 1543 2128 ministro,
1597 2075 1760 2131 quam

178 2182 244 2228 ut
271 2181 542 2228 mercatur
568 2184 688 2224 esse
714 2182 838 2224 cum
862 2164 1091 2222 Domino
1112 2176 1229 2225 suo,
1254 2173 1355 2214 nec
1379 2156 1551 2212 solum
1576 2155 1761 2208 videre

177 2267 301 2336 ejus
329 2263 736 2326 humanitatem,
778 2259 871 2315 sed
900 2257 1067 2313 etiam
1091 2250 1443 2322 contemplari
1484 2248 1653 2319 ipsius
1682 2245 1763 2301 di-

180 2354 484 2408 vinitatcm.
526 2351 677 2408 Unde
701 2358 755 2405 ct
781 2347 1026 2405 subditur
1051 2363 1064 2399 :

262 2462 282 2494 ι
330 2442 386 2497 Si
432 2445 553 2513 quis
600 2439 734 2497 mihi
774 2433 1185 2500 ministraverit,
1222 2427 1604 2513 honoriﬁcabit
1641 2440 1769 2481 eum

190 2552 211 2585 ‹
257 2531 418 2586 Pater
448 2504 602 2587 meus
623 2530 715 2600 qui
744 2537 832 2584 est
851 2528 906 2583 in
930 2526 1104 2583 ccelis.
1140 2542 1159 2576 ι
1194 2504 1582 2578 Honoriﬁcabit
1606 2515 1768 2571 Pater

185 2626 494 2689 ministrum
526 2624 671 2691 Filii,
697 2622 950 2694 quoniam
978 2634 1079 2690 pro
1100 2615 1241 2672 ﬁdeli
1273 2610 1576 2669 ministerio
1598 2609 1769 2662 vitam

188 2726 445 2774 :eternam
495 2715 773 2778 retribuet,
831 2712 1057 2767 dicens:
1092 2706 1312 2779 rEuge,
1343 2716 1499 2759 serve
1542 2701 1684 2754 bone
1714 2706 1769 2750 et

191 2809 364 2865 ﬁdelis
389 2805 601 2879 (Matth.
631 2804 781 2876 xxv),
819 2823 838 2855 ι
867 2811 924 2858 et
947 2800 1174 2869 reliqua.
1208 2797 1275 2852 Et
1304 2803 1432 2849 tunc
1458 2789 1769 2860 implebitur

191 2900 363 2955 oratio
387 2896 681 2959 Salvatoris
707 2911 720 2947 :
755 2911 774 2945 ι
797 2892 979 2955 Pater,
998 2890 1064 2944 da
1086 2897 1147 2943 ut
1166 2886 1305 2942 sicut
1325 2898 1426 2951 ego
1446 2890 1502 2936 et
1525 2890 1579 2936 tu
1603 2893 1770 2933 unum

193 3004 399 3052 sumus,
434 2987 506 3042 ita
533 2994 589 3041 et
616 2985 705 3040 isti
739 2985 793 3038 in
816 2982 970 3038 nobis
995 2995 1160 3036 unum
1193 2977 1303 3033 sint
1328 2974 1509 3045 (Joan.
1547 2970 1717 3042 xvu):
1746 2988 1765 3021 ι

194 3098 302 3137 non
346 3079 650 3151 :equalitate
699 3085 929 3141 natura,
979 3072 1073 3128 sed
1115 3067 1527 3142 participatione
1566 3062 1769 3134 glorias.

194 3171 278 3227 Ad
307 3186 467 3241 quam
513 3185 612 3224 nos
640 3167 908 3222 adducere
938 3164 1222 3235 dignetur,
1260 3157 1352 3229 qui
1381 3171 1502 3237 eum
1531 3153 1693 3208 Patre
1718 3157 1776 3207 et

197 3265 402 3334 Spiritu
429 3269 618 3319 sancto
646 3259 780 3316 vivit
802 3265 857 3314 et
886 3265 1075 3327 regnat
1118 3255 1174 3309 in
1215 3248 1410 3308 sazcula
1435 3244 1775 3309 saeculorum,

197 3355 389 3410 Amen.

798 3458 1080 3518 HOMILIA
1106 3455 1174 3511 ν.

344 3596 396 3636 ια
435 3589 807 3634 εοιεκκιτλτε
832 3582 1121 3626 ΡΕἎΡΕΤΗΕ
1159 3577 1393 3621 VIBGINIS
1430 3573 1633 3615 MANE.

202 3690 380 3746 Lectio
415 3687 534 3742 libri
558 3682 934 3747 Ecclesiastici,
959 3677 1197 3733 erunibus
1243 3674 1387 3743 festis
1415 3670 1597 3726 diebus
1618 3669 1779 3722 ὁραταί

624 3776 827 3848 Virgini
856 3774 1045 3827 dicatis
1067 3767 1377 3824 communis.

280 3880 482 3965 (Ecca.
523 3888 695 3959 xxrv.)
735 3906 754 3939 ι
800 3886 883 3940 Ab
924 3882 1080 3939 initio
1120 3889 1176 3936 et
1215 3887 1341 3933 ante
1367 3875 1561 3933 stecula
1606 3879 1789 3928 creata

214 4004 237 4038 ι
277 3999 417 4048 sum,
445 3990 501 4036 et
521 3994 693 4050 usque
718 3979 786 4033 ad
808 3976 1048 4031 futurum
1071 3971 1326 4029 saeculum
1349 3984 1456 4024 non
1478 3967 1742 4023 desinam.
1765 3984 1783 4017 ι

208 4074 281 4131 Et.
305 4072 532 4142 reliqua.
566 4068 842 4124 Lectionis
872 4066 1031 4136 hujus
1058 4061 1371 4133 capitulum,
1402 4058 1546 4128 quod
1572 4073 1637 4111 ex
1655 4056 1791 4111 libro

212 4170 503 4240 Sapientiae
531 4173 804 4235 sumptum
831 4160 1205 4231 cognoscitur,
1243 4154 1551 4225 specialiter
1578 4150 1792 4206 laudem

212 4278 432 4326 aeternae
483 4262 779 4334 sapientiae,
828 4274 927 4330 per
958 4271 1120 4326 quem
1174 4250 1353 4307 omnia
1409 4257 1591 4303 creata
1648 4249 1791 4304 sunt,

214 4330 597 4417 commendare
624 4352 857 4409 videtur.
892 4347 999 4402 Sed
1028 4345 1142 4399 haec
1166 4338 1432 4412 particula
1462 4352 1492 4390 a
1515 4330 1797 4390 catholicis

217 4462 275 4509 et
299 4447 525 4505 eruditis
549 4444 803 4499 Patribus
828 4439 880 4493 in
903 4434 1247 4493 solemnitate
1273 4435 1547 4500 perpetua:
1573 4419 1797 4493 virginis

218 4542 426 4607 Mariae,
451 4539 517 4594 de
544 4550 648 4607 qua
677 4532 866 4589 eadem
903 4528 1000 4584 Dei
1027 4523 1291 4595 sapientia
1337 4532 1555 4575 carnem
1584 4528 1795 4569 assum-

220 4632 352 4705 psit,
377 4604 447 4685 ad
476 4604 759 4696 legendum
783 4619 1030 4677 ordinata
1055 4624 1156 4671 est.
1188 4614 1370 4669 Potest
1390 4623 1517 4680 pars
1552 4604 1799 4676 quaedam

224 4697 369 4780 illius
390 4736 496 4776 non
526 4721 821 4785 incongrue
849 4712 1024 4767 eidem
1054 4707 1148 4763 Dei
1178 4703 1424 4778 genitrici
1461 4697 1659 4769 aptari,
1683 4710 1803 4766 qua:

228 4815 299 4870 ab
323 4812 438 4882 ipsa
467 4810 564 4865 Dei
594 4805 858 4877 sapientia
885 4800 1008 4857 talis
1036 4807 1218 4855 creata
1240 4803 1342 4861 est,
1369 4801 1429 4849 ut
1451 4806 1549 4862 per
1569 4789 1714 4844 illam
1737 4785 1806 4840 ad

228 4879 596 4963 redimendam
624 4902 913 4955 humanam
954 4900 1203 4947 naturam
1234 4885 1330 4941 Dei
1366 4883 1534 4939 Filius
1563 4881 1679 4936 sine
1704 4879 1808 4932 hu-

229 5012 392 5053 mana
412 4987 841 5062 concupiscentia
854 4990 1148 5042 crearetur.
1164 4976 1301 5046 Quid
1323 4974 1467 5031 enim
1489 4970 1805 5033 absurdum,

232 5088 443 5160 quodve
466 5081 797 5140 contrarium
828 5085 930 5142 est,
959 5075 1006 5131 si
1033 5073 1138 5129 hoc
1162 5067 1307 5139 quod
1333 5066 1410 5120 ait
1435 5082 1447 5117 :

313 5197 338 5229 ι
373 5177 432 5232 lu
458 5173 712 5230 omnibus
754 5167 993 5238 requiem
1037 5159 1259 5233 qutesivi
1299 5164 1354 5212 et
1398 5154 1453 5209 in
1498 5149 1812 5208 haereditate

244 5290 264 5323 ο
288 5268 499 5326 Domini
526 5264 798 5328 morabor,
819 5279 841 5312 ι
857 5257 951 5313 Dei
964 5252 1215 5326 genitrici
1237 5246 1525 5306 convenire
1538 5239 1812 5298 dicamus?

240 5364 358 5435 ipsa
383 5359 579 5429 quippe
612 5356 673 5410 in
694 5351 942 5409 omnibus
963 5347 1208 5417 requiem
1235 5338 1501 5413 quasivit,
1532 5348 1652 5405 quae
1679 5339 1738 5385 ut
1759 5333 1814 5385 in

241 5456 429 5525 requie
472 5450 800 5521 sempiterna
843 5451 1055 5515 patrem
1099 5435 1339 5494 invenire
1379 5436 1592 5502 posset,
1642 5424 1816 5496 prima

244 5545 484 5604 omnium
511 5538 876 5611 virginitatem
902 5547 1055 5589 suam
1099 5530 1215 5585 sine
1249 5522 1459 5580 macula
1485 5530 1701 5574 servare
1721 5513 1816 5567 de-

246 5638 419 5701 vovit,
469 5606 626 5690 sicut'
653 5628 845 5700 angelo
889 5620 1128 5680 Gabrieli
1158 5614 1371 5672 Domini
1417 5606 1819 5678 conceptionem

254 5695 525 5786 nuntianti
555 5695 865 5794 respondit:
908 5735 926 5769 ι
953 5710 1230 5782 Quomodo
1260 5707 1351 5762 tiet
1380 5702 1540 5769 istud,
1571 5695 1824 5769 quoniam

1864 1848 2213 1928 tabernaculo
2242 1866 2527 1935 requievit,
2557 1860 2773 1932 quando
2802 1858 3039 1913 Verbum
3071 1854 3165 1908 Dei
3188 1868 3283 1922 per
3303 1848 3446 1920 quod

1859 1962 2041 2017 omnia
2072 1959 2215 2013 facta
2244 1964 2388 2019 sunt,
2419 1962 2479 2007 ut
2507 1952 2670 2007 homo
2698 1963 2857 2002 verus
2895 1946 3067 2008 ﬁeret,
3099 1944 3238 1997 intra
3281 1939 3446 2009 virgi-

1861 2054 1946 2109 nis
1971 2060 2184 2106 uterum
2213 2061 2431 2102 carnem
2462 2041 2716 2112 suscepit.
2761 2040 3100 2107 Quapropter
3145 2039 3319 2088 cesset
3363 2031 3448 2085 la-

1862 2151 2011 2197 trare
2057 2136 2474 2192 Manicbaaorum
2508 2129 2763 2186 hmretico
2793 2126 3046 2198 grunnitu
3077 2121 3446 2193 prtesumptio,

1863 2231 1955 2303 qui
1983 2228 2099 2283 ausi
2128 2233 2254 2282 sunt
2283 2224 2467 2279 dicere
2490 2221 2762 2277 Christum
2791 2202 2859 2271 ex
2892 2214 3097 2286 virgine
3122 2226 3305 2266 veram
3336 2222 3440 2262 non

1864 2320 2218 2390 assumpsisse
2257 2331 2497 2374 carnem.
2537 2313 2689 2367 Dicat
2730 2319 2911 2364 autem
2942 2308 3057 2376 ipsa
3102 2304 3195 2359 Dei
3225 2302 3438 2372 sapien-

1862 2413 1937 2467 tia
1967 2412 2020 2466 in
2045 2422 2274 2478 persona
2302 2403 2541 2475 Virginis
2565 2419 2580 2456 :
2612 2420 2633 2455 ς
2663 2400 2765 2468 Qui
2794 2397 2999 2454 creavit
3028 2409 3135 2459 me,
3167 2394 3438 2463 requievit

1867 2507 1923 2562 in
1971 2502 2318 2560 tabernaculo
2370 2514 2511 2564 meo,
2566 2508 2622 2551 et
2674 2495 2810 2550 dixit
2833 2491 2988 2555 mihi,
3035 2489 3089 2544 in
3115 2486 3455 2543 Jacobinha-

1867 2595 1982 2651 bita
2012 2601 2068 2648 et
2123 2593 2177 2646 in
2227 2588 2394 2645 lsrael
2444 2585 2785 2642 htereditare.
2838 2600 2857 2633 ι
2889 2578 3056 2635 Jaeob
3082 2574 3454 2647 qni'supplan-

1870 2695 2008 2741 tator
2054 2684 2459 2751 interpretatur,
2506 2676 2722 2730 illorum
2766 2670 3036 2743 signiﬁcat
3075 2667 3335 2729 actiones,
3364 2664 3459 2734 qui

1869 2785 1930 2830 ut
1958 2776 2011 2830 in
2040 2772 2329 2828 virtutibus
2355 2768 2549 2823 anima:
2574 2764 2837 2835 proﬁcere
2865 2761 3101 2824 valeant,
3124 2756 3358 2811 viriliter
3379 2756 3460 2808 vi-

1870 2864 2068 2918 tiorum
2097 2860 2467 2915 blandimenta
2501 2855 2730 2911 calcant.
2772 2851 2830 2905 ln
2874 2849 2978 2903 illis
3007 2862 3136 2916 ergo
3173 2845 3337 2899 habet
3364 2843 3461 2897 Dei

1874 2952 2137 3024 sapientia
2168 2946 2555 3010 habitaculum,
2601 2942 2693 3013 qui
2723 2940 2853 2994 vitia
2899 2937 3325 3006 supplantantes,
3350 2933 3463 2991 hoc

1877 3045 2081 3100 habent
2115 3043 2168 3096 in
2195 3054 2380 3112 opere,
2404 3036 2547 3108 quod
2569 3033 2736 3089 Jaeob
2758 3032 2933 3102 signat
2961 3029 3012 3084 in
3044 3027 3278 3083 nomine.
3307 3025 3463 3079 Sicut

1798 3122 1845 3203 Ω
1878 3137 1991 3207 ipse
2019 3134 2187 3189 dicit:
2217 3151 2235 3183 ι
2271 3131 2333 3185 Et
2367 3125 2679 3183 inhabitabo
2735 3123 2788 3176 in
2838 3121 2962 3184 illis,
3009 3126 3065 3172 et
3122 3112 3463 3170 inambulabo

1881 3226 1967 3309 (1}
1996 3226 2119 3280 Cor.
2148 3233 2247 3291 vr).
2279 3241 2297 3272 ι
2331 3219 2494 3275 lsrael
2519 3231 2649 3271 vero
2683 3214 2822 3269 idem
2852 3211 3016 3265 Jacob
3041 3207 3337 3278 appellatus
3357 3210 3465 3269 est,

1879 3298 2162 3389 postquam
2201 3313 2448 3385 angelum
2488 3322 2771 3379 superans,
2800 3296 2968 3358 Deum
3016 3301 3197 3354 videre
3245 3296 3463 3351 meruit.

1882 3385 2036 3466 Unde
2076 3406 2270 3460 merito
2318 3403 2396 3457 vir
2423 3400 2599 3455 videns
2650 3397 2815 3450 Deum
2857 3388 3265 3460 interpretatur.
3303 3385 3470 3455 Igitur

1882 3510 2005 3573 post
2028 3494 2516 3568 supplantationem
2551 3488 2841 3556 vitiorum”
2860 3483 2927 3536 ad
2959 3475 3470 3546 contemplationem

1884 3564 1980 3653 Dei
2004 3564 2228 3649 tendens
2256 3586 2460 3648 anima,
2483 3580 2771 3639 hereditas
2797 3573 3024 3630 etilcitur
3046 3570 3142 3624 Dei
3167 3564 3468 3637 sapientiae,

1888 3686 1941 3741 id
1970 3691 2054 3740 est
2094 3678 2319 3743 Christi,
2350 3675 2505 3743 juxta
2537 3669 2666 3725 illud
2712 3663 2952 3737 Apostoli
2980 3681 2993 3716 :
3024 3679 3043 3713 ς
3074 3657 3326 3713 Hzeredes
3355 3655 3475 3724 qui-

1888 3778 2012 3834 dem
2055 3772 2173 3837 Dei,
2219 3766 2528 3825 cohzeredes
2562 3771 2742 3817 autem
2787 3755 2987 3813 Christi
3033 3752 3213 3824 (Rom.
3265 3746 3405 3818 vm).
3448 3763 3467 3798 ι

1888 3869 2118 3925 Jubetur
2143 3836 2496 3919 nihilominus
2522 3863 2577 3911 et
2607 3854 2659 3908 in
2688 3840 2874 3906 electis
2897 3847 3115 3901 mittere
3159 3840 3392 3903 radices,
3418 3836 3473 3891 id

1891 3967 1973 4015 est
1996 3952 2381 4027 cogitationum
2428 3959 2644 4003 suarum
2692 3939 2898 3996 semina
2947 3935 3161 3990 illorum
3206 3928 3478 3985 mentibus

1891 4047 2102 4106 occulta
2144 4040 2495 4113 inspiratione
2524 4033 2838 4095 immittere,
2884 4041 3020 4097 quos
3053 4022 3201 4078 novit
3240 4018 3477 4073 fructum

1892 4141 2018 4198 boni
2039 4137 2219 4208 operis
2249 4132 2574 4205 germinare.
2613 4125 2729 4180 Non
2778 4135 2908 4191 ergo
2954 4118 3010 4172 in
3066 4111 3331 4184 reprobis,
3381 4106 3479 4163 sed

1896 4232 1952 4286 in
1998 4198 2184 4284 electis
2234 4198 2446 4279 radices
2499 4216 2682 4276 mittit,
2728 4214 2780 4266 in
2832 4221 3060 4280 quorum
3102 4201 3355 4258 cordibus
3400 4198 3481 4278 ita

1896 4319 2170 4377 radicibus
2241 4311 2573 4383 spiritalibus
2642 4308 2785 4360 bona
2841 4300 3039 4368 ligatur
3094 4293 3363 4351 voluntas,
3419 4298 3483 4341 ut
3544 4302 3561 4309 ι

1901 4420 2189 4481 antequam
2239 4405 2307 4460 ad
2353 4396 2682 4457 maturitatis
2734 4393 2967 4446 fructum
3019 4381 3317 4455 perveniat,
3373 4392 3483 4430 non

1900 4471 2169 4559 arescant.
2217 4496 2324 4551 Sed
2367 4491 2458 4562 qui
2504 4488 2661 4543 modo
2700 4491 2889 4538 euntes
2927 4486 2982 4533 ct
3022 4474 3212 4529 ﬁentes
3264 4471 3487 4525 mittunt

1900 4596 2105 4652 semina
2159 4605 2275 4653 sua,
2306 4589 2359 4642 in
2389 4586 2572 4638 furore
2619 4578 2922 4637 venientes,
2973 4569 3193 4623 venient
3243 4578 3364 4618 cum
3388 4576 3486 4615 ex-

1903 4684 2193 4744 sultatione
2237 4682 2514 4748 portantes
2564 4664 2864 4737 manipulos
2919 4658 3091 4733 (Psal.
3121 4653 3305 4725 cxxv),
3349 4661 3492 4717 etc.,

1907 4739 2067 4849 apio
2100 4739 2280 4844 judice
2324 4754 2650 4820 audientes:
2687 4775 2705 4807 α
2743 4752 2960 4817 Venite,
2998 4744 3269 4803 benedicti
3306 4739 3499 4796 Patris

1908 4832 2040 4931 mei,
2063 4832 2321 4933 pet'cipite
2343 4867 2564 4925 regnum
2587 4847 2729 4918 quod
2750 4843 2903 4899 vobis
2924 4846 3194 4910 paratum,
3215 4843 3321 4890 etc.
3349 4832 3488 4888 Esu-

1911 4920 2276 5017 riviebim,et
2302 4920 2526 5004 dedistis
2544 4938 2673 4996 mihi
2699 4934 3025 4992 manducare
3047 4926 3262 5001 (Matth.
3294 4920 3485 4996 Χιν),ι

1910 5058 2016 5106 etc.
2049 5044 2303 5115 Sequitur
2325 5058 2339 5093 :

1990 5159 2009 5192 ι
2045 5107 2285 5194 Etsicin
2316 5130 2445 5186 Sion
2477 5126 2689 5180 ﬁrmata
2713 5135 2855 5185 sum,
2889 5124 2944 5172 et
2972 5115 3027 5171 in
3048 5112 3267 5169 civitate
3291 5107 3496 5164 sancti-

1922 5252 1941 5285 ι
1989 5232 2149 5287 ﬁcata
2180 5224 2429 5283 similiter
2456 5215 2728 5288 requievi,
2755 5220 2810 5267 et
2845 5210 2899 5265 in
2927 5205 3228 5263 Jerusalem
3252 5209 3499 5274 potestas

1923 5342 1942 5375 ι
1987 5335 2126 5377 mea.
2167 5337 2185 5370 ι
2214 5315 2347 5369 Sion
2380 5311 2433 5364 in
2466 5309 2581 5378 ipsa
2609 5300 2905 5359 Jerusalem
2934 5296 3104 5367 posita
3130 5300 3244 5356 est,
3274 5305 3379 5344 non
3409 5300 3498 5342 so-

1916 5414 2029 5467 lum
2057 5409 2124 5464 ad
2149 5403 2518 5463 defensionem
2546 5392 2826 5456 munitior,
2857 5389 2951 5446 sed
2973 5388 3137 5442 etiam
3163 5382 3229 5437 ad
3256 5385 3504 5436 contem—

1921 5500 2172 5577 plandum
2225 5492 2539 5556 sublimior,
2603 5484 2746 5541 unde
2797 5492 3035 5550 congrue
3094 5469 3360 5544 speculum
3415 5464 3501 5519 ve!

1923 5554 2207 5665 ;peculatio
2241 5554 2649 5655 interpretatur.
2680 5573 2846 5645 Cujus
2876 5566 3109 5625 nominis
3131 5554 3514 5629 interpretatio

1928 5645 2173 5755 congruit
2193 5676 2463 5742 Ecclesiae,
2492 5686 2609 5744 quze
2638 5684 2706 5725 ne
2735 5660 3083 5721 invisibilium
3111 5652 3344 5711 hostium
3371 5645 3504 5702 iusi-
