4002 6348
519 291 624 347 767

1120 283 1474 341 ilAYMONlS
1510 279 1987 339 liALBERSTAT.
2030 278 2244 336 EPISC.
2281 239 2438 336 Sorr.
2478 280 2658 339 rans
2696 279 2758 338 ιι.
2797 313 2867 326 η-
2901 283 3133 342 ιιοιιιι.

3693 282 3818 337 768

516 404 621 459 diis
651 410 850 473 pateat,
895 402 1139 470 superior
1163 413 1260 468 per
1298 396 1540 467 spiritale
1570 396 1894 452 desiderium
1936 393 2091 465 petit,
2121 397 2169 457 Α
2198 392 2319 448 dem
2346 392 2647 460 devotione,
2678 411 2783 466 qua
2806 392 2962 451 vidua
2987 396 3281 463 Sareptana
3304 402 3575 468 quondam
3604 398 3811 457 Etiam

518 503 682 562 atque
705 490 947 546 coelestia
976 503 1072 558 per
1109 486 1304 541 mentis
1336 484 1651 540 munditiam
1675 484 2091 555 contemplatur,

516 596 682 635 orans
705 597 823 635 cum
844 576 1111 648 Propheta
1137 586 1192 630 et
1215 576 1398 632 dicens
1424 596 1436 631 :
1475 596 1492 627 ι
1523 575 1649 631 Esto
1673 575 1823 639 mihi,
1851 572 2097 638 Domine,

517 670 684 725 turris
707 668 1035 723 fortitudinis
1056 666 1229 738 (Psal.
1260 667 1371 737 ιχ).
1405 686 1423 719 ι
1454 666 1659 722 Civitas
1684 673 1865 719 autem
1894 663 2096 720 sancti-

519 761 678 816 ficata
704 769 890 815 sancta
924 758 1165 813 Ecclesia
1193 768 1298 824 est,
1330 774 1450 829 quae
1471 760 1537 813 ab
1566 757 1656 813 illo
1686 757 2014 813 sanctificari
2042 772 2099 813 se

515 862 686 924 optat,
712 853 797 908 cui
820 853 1078 922 quotidie,
1103 853 1155 906 in
1180 854 1425 909 oratione
1451 854 1582 909 dicit
1620 872 1632 908 :
1662 874 1681 906 ί
1717 852 2100 909 Sanctificetur

515 959 714 998 nomen
749 952 898 997 tuum
942 941 1170 1003 (Matth.
1212 944 1363 1014 vm),
1414 963 1431 994 ι
1474 944 1824 999 considerans
1873 943 2099 999 sollicite

516 1033 939 1089 admonitionem
982 1034 1227 1099 Domini,
1275 1035 1505 1090 dicentis
1544 1053 1557 1089 :
1606 1052 1624 1086 ι
1674 1033 1856 1089 Sancti
1905 1043 2095 1097 estote,

482 1182 487 1183 γ
517 1124 640 1194 quia
667 1139 767 1194 ego
792 1133 1013 1187 sanctus
1039 1140 1158 1179 sum
1198 1126 1340 1180 Deus
1369 1134 1548 1180 vester
1579 1125 1721 1196 (Leu.
1748 1126 1848 1193 ιιι).
1888 1144 1905 1177 ι
1938 1123 1997 1178 In
2024 1126 2100 1179 ci-

516 1215 685 1268 vitate
710 1229 838 1285 ergo
868 1214 1199 1269 sanctificata
1225 1214 1316 1269 Dei
1345 1216 1607 1284 sapientia
1635 1215 1944 1284 requiescit,
1971 1216 2098 1286 quia

518 1307 573 1361 in
610 1305 821 1361 illorum
859 1306 1130 1361 mentibus
1173 1308 1495 1379 requiescit),
1544 1308 1634 1377 qui
1680 1308 2096 1362 sanctimoniam

518 1396 769 1468 diligunt.
824 1397 976 1464 Quod
1006 1413 1135 1453 vero
1177 1398 1468 1454 subditur:
1528 1419 1545 1451 ι
1594 1400 1661 1454 Et
1702 1400 1755 1453 in
1797 1399 2094 1454 Jerusalem

521 1498 766 1558 potestas
808 1503 945 1543 mea.
984 1508 1004 1541 ι
1038 1489 1118 1543 Ad
1147 1489 1248 1544 hoc
1276 1491 1526 1560 pertinet,
1557 1491 1681 1561 quia
1709 1492 1977 1561 quondam
2002 1506 2098 1560 po-

517 1587 770 1633 testatem
818 1580 872 1633 in
904 1579 1114 1634 illorum
1157 1581 1408 1635 cordibus
1434 1589 1600 1646 tenet,
1625 1581 1714 1651 qui
1736 1582 1996 1635 visionem
2019 1581 2097 1634 in-

520 1670 664 1725 timae
682 1671 830 1740 pacis
853 1679 963 1725 toto
986 1671 1178 1726 affectu
1201 1672 1448 1742 diligunt.
1484 1672 1739 1742 Sequitur
1768 1691 1781 1725 :
2058 1668 2062 1673 ⁷

595 1802 614 1835 ε
655 1782 723 1836 Et
754 1783 989 1838 radicavi
1018 1784 1070 1838 in
1102 1784 1297 1854 populo
1323 1785 1708 1849 honorificato,
1752 1793 1806 1840 et
1834 1785 1886 1839 in
1916 1793 2098 1854 partes

523 1892 543 1925 σ
587 1871 682 1927 Dei
703 1873 807 1928 mei
825 1873 1282 1929 hiereditasillius.
1321 1893 1338 1926 ι
1372 1873 1633 1943 Populum
1659 1874 2094 1941 bonorificatum,

517 1962 772 2032 populum
821 1963 951 2018 dicit
1004 1971 1270 2019 sanctum.
1318 1963 1487 2031 Quia,
1545 1973 1604 2019 ut
1645 1965 1723 2019 ait
1765 1966 2098 2035 Apostolus:

526 2074 544 2105 ι
569 2053 774 2118 Gloria,
798 2054 970 2109 honor
984 2062 1034 2109 et
1056 2070 1160 2123 pax
1175 2055 1226 2109 in
1245 2070 1460 2110 onmem
1475 2055 1707 2109 animam
1725 2056 1960 2110 hominis
1974 2072 2101 2126 ope-

518 2144 691 2199 rantis
728 2144 927 2199 bonum
959 2144 1151 2217 (Rom.'
1178 2146 1262 2214 ιι).
1304 2166 1323 2197 ι
1356 2145 1412 2200 1η
1446 2146 1536 2200 tali
1563 2161 1693 2217 ergo
1723 2147 1918 2217 populo
1953 2148 2097 2202 radi-

519 2250 673 2291 casse
709 2236 936 2301 dicitur,
976 2237 1068 2306 qui
1106 2252 1211 2299 non
1242 2235 1369 2290 flatu
1408 2238 1719 2291 tentationis
1747 2236 1891 2292 flevit
1920 2235 2098 2292 favilla

516 2326 839 2397 rapiuntur,
870 2327 964 2383 sed
992 2327 1220 2382 ﬁrmiter
1250 2327 1303 2382 in
1337 2343 1521 2383 amore
1546 2328 1637 2382 Dei
1664 2328 1893 2383 radicati
1920 2343 2100 2397 perse-

516 2425 740 2482 verant,
762 2417 919 2487 juxta
943 2418 1367 2474 admonitionem
1392 2419 1655 2489 Apostoli,
1687 2419 1914 2474 dicentis
1948 2437 1959 2472 :
1993 2437 2011 2470 ‹
2042 2419 2099 2473 ιιι

521 2508 788 2563 charitate
816 2510 1041 2564 radicati
1073 2519 1131 2563 et
1160 2508 1391 2575 fundati,
1421 2519 1479 2565 ut
1505 2511 1725 2582 possitis
1749 2512 2101 2581 comprehen-

522 2599 654 2654 dere
686 2615 810 2655 cum
845 2601 1096 2655 omnibus
1132 2603 1367 2667 sanctis,
1395 2619 1514 2672 quae
1540 2604 1611 2658 sit
1639 2602 1949 2672 longitudo,
1983 2602 2102 2656 lati-

519 2689 651 2743 tudo
675 2700 730 2744 et
751 2689 1126 2746 sublimitas’et
1150 2691 1474 2762 profundum
1502 2692 1718 2763 (Epltes.
1746 2692 1854 2763 ιιι).
1888 2712 1906 2743 ι
1927 2691 2098 2759 Hujus

519 2779 686 2849 igitur
731 2780 912 2851 populi
959 2790 1145 2851 partes
1198 2782 1291 2836 Dei
1339 2783 1628 2837 haereditas
1674 2791 1791 2846 est,
1841 2782 1932 2851 qui
1985 2781 2102 2848 ejus

519 2870 693 2925 amori
720 2871 794 2925 nil
828 2880 1193 2942 anteponunt,
1224 2882 1277 2927 et
1313 2874 1365 2926 in
1395 2873 1512 2943 ejus
1543 2872 1947 2942 comparatione
1969 2872 2101 2927 nihil

520 2959 746 3014 charum
762 2963 1050 3026 aestimant,
1074 2961 1141 3017 de
1160 2964 1356 3032 quibus
1380 2964 1431 3018 in
1454 2963 1569 3033 lege
1595 2963 1793 3018 dicitur
1819 2981 1832 3017 :
1865 2982 1883 3014 ι
1913 2963 2099 3017 Tribui

519 3058 699 3103 autem
734 3049 864 3105 Levi
911 3067 1015 3105 non
1047 3052 1200 3106 dabis
1240 3053 1630 3116 Increditatem,
1672 3068 1770 3122 ego
1794 3053 1939 3107 enim
1977 3069 2102 3123 pars

518 3148 575 3195 et
597 3139 883 3195 htereditas
920 3141 1062 3194 illius
1094 3140 1283 3209 (Num.
1324 3144 1503 3211 xvnt).
1546 3161 1565 3195 ι
1597 3142 1661 3195 Et
1704 3142 1770 3196 de
1797 3143 1994 3212 quibus
2029 3144 2103 3197 ait

519 3230 806 3287 Psalmista
848 3251 861 3285 :
902 3250 919 3284 ι
966 3232 1130 3287 Beata
1170 3248 1301 3302 gens
1343 3232 1496 3303 cujus
1539 3242 1623 3287 est
1662 3233 1919 3287 Dominus
1958 3233 2102 3289 Deus

526 3321 645 3392 ejus
670 3318 842 3393 (Psal.
875 3321 1084 3394 cum),
1117 3341 1134 3373 ι
1166 3331 1270 3376 etc.
1294 3321 1362 3376 Et
1390 3323 1504 3392 ipse
1528 3321 1770 3376 clamans
1796 3321 1930 3376 dixit
1952 3322 2019 3376 ad
2041 3312 2102 3375 il?

522 3411 633 3466 lum
673 3429 687 3466 :
724 3431 741 3463 ι
778 3411 1058 3477 Dominus,
1093 3427 1219 3482 pars
1263 3413 1591 3468 hzereditatis
1637 3430 1770 3469 mea:
1816 3423 1870 3469 et
1917 3414 2101 3469 calicis

520 3500 664 3567 mei,
691 3510 745 3555 tu
770 3516 828 3556 es
859 3501 1029 3566 (Psal.
1066 3501 1179 3572 xv),
1215 3520 1232 3553 ι
1270 3513 1375 3557 etc.
1406 3503 1506 3570 Qui
1533 3520 1663 3575 ergo
1695 3505 1829 3560 tales
1855 3515 2000 3572 sunt,
2032 3506 2101 3561 ad

520 3591 981 3658 perseverantiam
1029 3592 1252 3646 tendere
1291 3592 1505 3656 debent,
1559 3594 1699 3649 unde
1725 3602 1780 3649 et
1806 3596 2096 3656 subditur:

526 3698 546 3731 ι
593 3680 659 3735 Et
699 3681 752 3735 in
782 3681 1115 3750 plenitudine
1143 3691 1451 3738 sanctorum
1484 3685 1721 3740 detentio
1753 3701 1891 3740 mea.
1926 3706 1946 3737 ι
1979 3685 2100 3740 Ple-

522 3770 710 3826 nitudo
738 3780 1049 3826 sanctorum
1068 3813 1083 3838 ,
1122 3774 1384 3844 perfectio
1414 3785 1497 3830 est
1525 3791 1771 3845 operum.
1802 3776 2100 3831 Plenitudi-

522 3878 648 3918 nem
681 3865 912 3930 habent,
943 3866 1034 3935 qui
1063 3867 1116 3920 in
1154 3868 1309 3922 bonis
1340 3868 1597 3936 operibus
1628 3876 2098 3933 consummantur,

524 3970 686 4023 quam
726 3954 1113 4024 plenitudinem
1160 3960 1457 4015 concedere
1497 3961 1653 4015 nobis
1696 3962 1967 4031 dignetur,
2009 3960 2101 4031 qui

523 4051 611 4099 est
629 4045 943 4102 benedictus
972 4047 1024 4101 in
1055 4048 1247 4103 saecula
1280 4050 1622 4104 saaculorum.
1651 4049 1846 4104 Amen.

1114 4224 1395 4281 HOMILIA
1438 4226 1524 4281 Vl.

523 4371 577 4411 IN
600 4372 688 4412 DIE
715 4373 919 4413 SANCTO
951 4372 1331 4413 ASSUMPTIONIS
1368 4373 1609 4412 DEIPABE
1636 4371 1868 4412 VIRGINIS
1898 4373 2096 4413 HARIE.

2196 480 2513 552 prophetam
2541 492 2876 554 susceperat.
2916 485 3163 555 Suscepit
3200 486 3350 541 illum
3372 529 3386 553 ,
3428 490 3812 559 suscipienda

2200 570 2267 627 ab
2298 572 2425 639 illo;
2456 571 2732 629 seminans
2760 583 2815 630 et
2854 591 2949 629 sua
2987 577 3248 643 carnalia,
3281 588 3339 633 ut
3369 590 3600 635 meteret
3639 582 3813 636 illius

2199 665 2480 734 Spiritalia.
2520 665 2690 737 Hujus
2737 678 2917 722 autem
2962 684 3117 724 soror
3158 679 3276 724 erat
3307 670 3472 725 Maria
3522 673 3803 737 nomine;

2201 756 2323 825 quia
2348 755 2555 810 Martha
2583 766 2637 811 et
2662 757 2828 811 Maria
2855 774 3070 814 sorores
3104 769 3258 813 erant
3278 801 3292 825 ,
3323 778 3428 815 non
3458 763 3631 817 solum
3676 766 3807 834 spi-

2199 846 2327 911 ritu,
2385 850 2477 902 sed
2522 850 2684 902 etiatn
2727 865 2892 915 carne
2932 851 3229 919 germanae',
3279 869 3507 922 quarum
3555 854 3805 910 fratrem

2199 937 2461 993 Lazarum
2504 941 2761 994 Dominus
2804 958 2832 994 a
2879 944 3108 997 mortuis
3158 945 3598 1002 resuscitaverat.
3657 947 3805 1004 “me

2200 1042 2328 1097 ergo
2351 1027 2517 1081 Maria
2540 1030 2731 1083 sedens
2754 1044 2909 1085 secus
2933 1032 3096 1100 pedes
3121 1032 3329 1087 Domini
3355 1035 3580 1088 verbum
3603 1034 3673 1089 de.
3698 1053 3807 1094 ore

2203 1115 2343 1171 illius
2367 1118 2571 1171 intenta
2605 1119 2824 1174 auribus
2869 1120 3143 1174 audiebat.
3182 1121 3441 1175 Audierat
3482 1124 3630 1177 enim
3659 1142 3803 1195 pro-

2200 1208 2417 1275 phetam
2453 1208 2720 1263 dicentem
2757 1228 2770 1262 :
2808 1230 2826 1261 ‹
2870 1211 3070 1264 Vacate
3098 1221 3153 1265 et
3180 1212 3355 1267 videte
3382 1219 3645 1283 quoniam
3676 1218 3803 1285 ipse

2200 1307 2283 1353 est
2311 1298 2451 1353 Deus
2483 1297 2653 1369 (Psal.
2682 1300 2880 1373 va).'t
2912 1304 2977 1356 Et
3008 1303 3135 1358 illud
3157 1306 3296 1373 quod
3324 1321 3421 1374 per
3450 1306 3677 1377 Moysen
3712 1312 3797 1365 di-

2201 1387 2342 1441 citur
2375 1406 2387 1440 :
2428 1408 2444 1437 (
2481 1388 2547 1442 Et
2577 1389 2667 1457 qui
2714 1392 3146 1461 appropinquant
3173 1394 3397 1462 pedibus
3446 1396 3597 1463 ejus,
3651 1402 3801 1454 acci-

2198 1478 2349 1547 piunt
2372 1477 2438 1531 de
2465 1480 2705 1533 doctrina
2730 1481 2843 1550 ejus
2867 1482 3043 1548 (Deut.
3073 1484 3292 1549 xxxttt).
3332 1506 3351 1537 ι
3387 1485 3496 1540 Sed
3522 1489 3656 1557 quia
3681 1506 3798 1543 om-

2200 1566 2285 1619 nis
2314 1566 2403 1634 qui
2432 1567 2692 1636 hospitem
2716 1577 2770 1621 et
2793 1571 3134 1639 peregrinum
3159 1573 3403 1642 suscipit,
3425 1575 3587 1643 juxta
3618 1579 3797 1645 passi.

2200 1657 2461 1711 bilitatcm
2481 1674 2631 1712 suam
2670 1660 2963 1729 temporale
3002 1661 3298 1716 subsidium
3328 1665 3655 1720 ministrare
3705 1672 3792 1723 de-

2124 1743 2173 1803 B
2203 1741 2323 1811 b'et,
2368 1747 2572 1801 Martha
2606 1750 2749 1804 circa
2784 1749 3040 1819 frequens
3087 1752 3446 1806 ministerium
3495 1755 3547 1808 in
3582 1766 3792 1813 tantum

2203 1836 2432 1891 sollicita
2471 1844 2618 1900 erat,
2669 1848 2729 1891 ut
2773 1855 2879 1893 non
2929 1840 3101 1894 solum
3146 1850 3337 1896 contra
3380 1860 3658 1907 sororem.
3700 1850 3791 1903 sed

2201 1926 2365 1978 etiam
2408 1934 2596 1979 contra
2622 1926 2796 1996 ipsum
2833 1928 3121 1983 Dominum
3155 1930 3436 1999 querelam
3464 1938 3787 2000 assiunerct,

2202 2015 2386 2070 dicens
2411 2034 2424 2069 :

2276 2123 2297 2157 ι
2341 2106 2584 2177 Domine,
2617 2122 2720 2162 non
2750 2117 2834 2163 est
2856 2110 2953 2165 tibi
2988 2127 3133 2166 cura:
3160 2113 3303 2183 quod
3326 2131 3491 2169 soror
3519 2130 3633 2169 mea
3660 2118 3781 2171 rcli-

2207 2214 2226 2247 ε
2268 2197 2384 2265 quit
2408 2212 2493 2252 me
2517 2197 2824 2254 ministrare
2845 2201 3037 2279 solam;
3063 2203 3149 2257 die
3176 2218 3307 2275 ergo
3336 2205 3410 2259 illi
3444 2218 3507 2259 ut
3532 2223 3621 2260 me
3647 2208 3788 2278 adju-

2207 2307 2224 2338 ι
2272 2295 2378 2342 vet.
2426 2307 2443 2339 ι
2488 2287 2578 2341 Ille
2605 2304 2734 2342 vero
2759 2291 2849 2359 qui
2878 2287 2982 2345 non
3008 2302 3091 2346 est
3120 2308 3474 2362 personarum
3515 2308 3785 2367 acceptor,

2202 2379 2294 2433 sed
2326 2378 2594 2433 subtiliter
2636 2380 2966 2450 singulorum
3015 2384 3210 2439 merita
3255 2385 3544 2455 dijudicat,
3591 2398 3647 2441 et
3693 2390 3787 2442 vir-

2202 2480 2345 2527 tutes
2379 2473 2669 2538 discernit,
2700 2483 2759 2528 ut
2790 2475 3101 2531 ostenderet
3133 2478 3409 2533 meliorem
3445 2495 3577 2535 esse
3614 2482 3785 2535 cibum

2203 2558 2499 2634 spiritalem
2534 2580 2696 2633 quam
2722 2567 3020 2633 carnalem,
3048 2568 3124 2623 ita
3149 2569 3307 2625 unius
3330 2586 3467 2640 opus
3496 2571 3709 2636 laudat,
3737 2580 3791 2626 ut

2202 2658 2422 2713 alterius
2449 2674 2553 2713 non
2575 2659 2862 2729 vituperet.

2280 2768 2298 2800 ι
2331 2747 2420 2802 Ait
2447 2763 2575 2804 vero
2602 2768 2613 2802 :
2652 2749 2894 2816 Martha,
2923 2749 3158 2820 Martha,
3188 2754 3415 2808 sollicita
3438 2769 3500 2809 es
3525 2763 3585 2809 et
3614 2757 3788 2809 turba-

2212 2856 2230 2890 c
2274 2840 2349 2893 ris
2384 2855 2510 2910 erga
2538 2840 2786 2910 plurima.
2818 2841 2988 2897 Porro
3018 2860 3185 2898 unum
3217 2856 3301 2899 est
3330 2846 3727 2899 necessarium.
3764 2865 3781 2895 ι

2205 2931 2305 2988 Ubi
2339 2948 2443 2987 non
2464 2948 2602 3003 opus
2625 2933 2852 2988 Martha:
2886 2937 3323 3004 reprehenditur,
3351 2937 3449 2991 sed
3472 2936 3659 2991 Mariae
3681 2936 3785 2989 lau-

2204 3023 2381 3087 datur,
2411 3039 2534 3077 cum
2567 3023 2800 3079 dicitur:
2835 3045 2852 3076 ι
2888 3025 3055 3081 Maria
3085 3027 3343 3097 optimam
3370 3037 3587 3096 partem
3607 3027 3777 3096 elegit,

2130 3096 2173 3158 Ο
2205 3129 2325 3182 quae
2378 3123 2494 3168 non
2551 3113 2823 3197 aqferetur
2881 3117 2949 3170 ab
3003 3131 3086 3170 ea.
3124 3096 3170 3168 ί»
3225 3115 3379 3183 Quod
3441 3127 3621 3170 autem
3668 3117 3778 3169 ait:

2211 3220 2229 3256 ι
2252 3203 2728 3270 Martha,Martha,
2753 3225 2769 3255 ι
2796 3206 3044 3275 repetitio
3066 3206 3222 3261 istius
3242 3206 3482 3261 nominis
3496 3206 3782 3260 admonitio

2204 3303 2288 3348 est
2333 3294 2436 3364 piae
2477 3294 2807 3348 intentionis.
2846 3294 2972 3349 [late
2996 3295 3061 3350 ad
3092 3295 3327 3349 litteram
3375 3296 3626 3349 breviter
3651 3295 3776 3348 dicta

2203 3393 2348 3439 sunt.
2399 3384 2725 3455 Spiritaliter
2767 3396 2947 3440 autem
2994 3385 3276 3441 castellum
3328 3385 3474 3454 quod
3527 3385 3777 3439 Dominus

2205 3460 2482 3545 ingressus
2502 3483 2605 3538 est,
2634 3473 2892 3528 mundum
2923 3474 3212 3544 significat.
3240 3473 3404 3542 Quasi
3427 3474 3583 3529 enim
3608 3474 3784 3528 castel-

2206 3565 2316 3619 lum
2391 3564 2640 3629 intravit,
2688 3566 2907 3633 quando
2974 3565 3173 3619 numdo
3234 3564 3469 3619 visibilis
3521 3566 3780 3635 apparuit,

2205 3657 2423 3726 quando
2458 3675 2476 3707 ι
2503 3657 2799 3711 exinanivit
2822 3658 3207 3727 semetipsum,
3223 3655 3451 3710 formam
3479 3656 3629 3709 servi
3655 3654 3781 3708 acci-

2203 3748 2357 3819 piens
2386 3748 2439 3802 in
2473 3747 2821 3803 similitudine
2850 3749 3129 3804 hominum
3167 3746 3365 3811 factus,
3401 3754 3459 3800 et
3488 3746 3681 3801 habitu
3719 3746 3782 3799 in-

2209 3847 2402 3892 ventus
2428 3847 2485 3892 ut
2506 3839 2666 3893 homo
2696 3836 2917 3909 (Philip.
2950 3839 3035 3907 ιι).
3070 3838 3235 3892 »Βιιιιξ
3263 3848 3446 3891 autem
3479 3838 3690 3891 devota
3714 3851 3780 3890 so-

2206 3944 2358 3984 rores
2388 3946 2507 3999 quae
2548 3931 2832 3984 Dominum
2859 3938 3214 3999 susceperunt
3255 3929 3307 3982 in
3349 3929 3578 3982 domum
3623 3942 3777 3991 suam,

2209 4022 2341 4077 duas
2367 4021 2624 4076 Ecclesia:
2666 4022 2807 4076 vitas
2837 4020 3177 4092 significant,
3222 4020 3456 4074 activam
3491 4018 3700 4074 scilicet
3733 4027 3778 4072 ct

2206 4112 2697 4182 contemplativam.
2729 4112 2968 4179 Quarum
3008 4113 3398 4183 proprietatem
3426 4111 3484 4164 in
3514 4127 3637 4165 suis
3666 4108 3778 4164 acti-

2206 4202 2306 4257 bus
2343 4202 2732 4256 demonstrant.
2765 4202 2899 4257 Cum
2932 4218 3037 4256 una
3066 4203 3214 4258 circa
3244 4200 3504 4270 frequens
3545 4202 3778 4255 ministe-

2207 4292 2346 4346 rium
2380 4293 2689 4363 satagebat,
2740 4292 2929 4346 activae
2952 4293 3077 4347 vitae
3117 4292 3272 4347 labor
3305 4291 3636 4360 exprimitur
3670 4308 3683 4342 :
3721 4289 3776 4343 ad

2208 4396 2369 4450 quam
2392 4383 2627 4451 pertinet
2650 4380 2874 4436 reficere
2894 4383 3222 4437 esurientem
3239 4423 3254 4443 ,
3277 4390 3468 4452 potam
3492 4382 3776 4444 sitientem,

524 4468 527 4471 ’
593 4468 745 4539 (Luc.
768 4472 848 4541 ιι.)
877 4489 895 4520 ‹
932 4470 987 4523 1η
1013 4469 1102 4525 illo
1135 4480 1391 4538 tempore.
1422 4468 1821 4524 lntravithsus
1847 4470 1897 4524 iu
1930 4471 2102 4540 quod-
2132 4445 2183 4505 D
2210 4445 2411 4529 vestire
2456 4476 2658 4529 nudum
2679 4515 2693 4540 ,
2740 4474 3015 4544 suscipere
3049 4445 3346 4544 hospitem,
3378 4473 3612 4527 visitare
3649 4472 3779 4525 infir-

528 4581 547 4612 ι
591 4562 715 4615 dam
745 4562 1050 4628 castellum,
1077 4570 1132 4616 et
1157 4562 1351 4616 mulier
1374 4562 1619 4630 quaedam
1653 4560 1863 4616 Martha
1886 4563 2105 4618 nomine

528 4670 546 4703 ι
592 4652 805 4720 excepit
837 4651 1008 4705 illum.
1048 4671 1067 4702 ι
1102 4651 1166 4703 Ει
1198 4650 1420 4719 reliqua.
1447 4650 1707 4705 Conditor
1726 4660 1780 4704 et
1799 4652 2106 4720 redemptor

522 4738 772 4796 humana:
801 4750 1009 4796 naturae
1036 4741 1294 4796 Dominus
1321 4740 1478 4796 Jesus
1498 4740 1767 4806 Christus,
1798 4757 1904 4796 non
1932 4741 2103 4795 solum

521 4832 594 4890 ad
643 4849 702 4888 se
745 4833 1083 4888 venientibus
1131 4835 1353 4888 verbum
1395 4834 1520 4888 vitae
1579 4834 1952 4896 annuntiabat,
2011 4831 2105 4886 sed

525 4923 688 4979 etiam
712 4923 981 4977 circuiens
1007 4924 1254 4979 civitates
1293 4935 1347 4978 et
1377 4924 1596 4979 castella
1619 4964 1633 4988 ,
1666 4934 1724 4976 ut
1757 4922 2106 4991 Evangelium

526 5012 716 5078 refert,
734 5011 955 5068 caeleste
980 5029 1201 5083 regnum
1229 5014 1477 5068 omnibus
1503 5012 1923 5081 evangelizabat.
1947 5010 2109 5064 Cum-

528 5098 632 5176 que
656 5103 811 5174 juxta
838 5104 976 5160 hanc
996 5106 1439 5159 consuetudinem
1468 5119 1564 5173 per
1595 5105 1806 5157 diversa
1834 5102 2106 5156 discurre-

526 5204 611 5251 ret
626 5197 760 5261 loca,
782 5218 799 5247 ι
825 5197 1042 5252 intravit
1065 5199 1116 5251 in
1133 5196 1400 5266 quoddam
1432 5194 1779 5264 castellum,|»
1800 5204 1855 5247 ut
1872 5209 2109 5263 praesens

528 5287 805 5359 Evangelii
837 5287 997 5343 lectio
1026 5295 1233 5350 narrat,
1268 5304 1287 5336 ι
1320 5295 1376 5339 et
1406 5284 1599 5338 mulier
1624 5284 1867 5353 quaedam
1898 5283 2105 5337 Martha

527 5382 767 5445 nomine,
824 5381 1036 5450 excepit
1082 5378 1229 5432 illum
1273 5377 1325 5430 in
1358 5376 1575 5430 dommn
1620 5392 1791 5431 suam.
1829 5397 1846 5429 ι
1884 5376 2108 5445 Excepit

516 5482 705 5549 [autem
728 5472 875 5527 illum
898 5471 1049 5541 quasi
1076 5469 1367 5538 ltOSpitcm,
1391 5467 1541 5538 quasi
1569 5469 1927 5539 peregrinum,
1955 5468 2108 5537 quasi

528 5565 674 5620 illum
705 5565 795 5633 qui
821 5580 924 5617 non
950 5562 1174 5617 haberet
1196 5560 1282 5614 ubi
1311 5570 1471 5630 caput
1501 5561 1805 5617 reclinaret.
1841 5561 1909 5615 Et
1936 5562 2109 5616 adhuc

527 5657 909 5730 excepitillum
936 5654 1090 5727 quasi
1114 5653 1287 5708 virum
1313 5668 1562 5726 magnmn
1595 5665 1650 5711 et
1675 5655 1991 5727 prophetam
2022 5668 2112 5709 ea-

2208 4581 2376 4630 mum,
2407 4565 2633 4634 sepelire
2658 4574 2930 4619 mortuum
2955 4581 2969 4629 ;
3002 4564 3088 4620 his
3111 4565 3274 4619 etiam
3298 4579 3418 4633 qua;
3444 4564 3499 4617 in
3532 4564 3779 4632 regimine

2208 4664 2335 4711 sunt
2360 4654 2722 4722 subiectorum
2756 4655 3087 4721 necessaria,
3126 4655 3396 4711 laboriosa
3429 4655 3780 4710 sollicitudine

2206 4743 2520 4815 praevidere.
2564 4743 2667 4798 Per
2696 4743 2918 4798 Mariam
2958 4759 3088 4799 vero
3123 4760 3243 4812 qua:
3274 4742 3470 4798 sedens
3514 4758 3676 4797 secus
3702 4759 3783 4812 pe-

2210 4835 2307 4889 des
2328 4834 2540 4889 Domiui
2569 4835 2796 4889 verbum
2840 4835 2984 4889 illius
3014 4834 3300 4899 audiebat,
3333 4833 3780 4903 comtemplativm

2214 4926 2340 4979 vita:
2375 4924 2599 4981 dulcedo
2624 4925 2959 4995 designatur.
2989 4924 3153 4994 Cujus
3189 4941 3348 4994 sapor
3383 4937 3593 4995 quanto
3626 4925 3783 4995 magis

2218 5018 2561 5086 degustatur,
2589 5032 2653 5070 eo
2682 5014 2912 5085 amplius
2942 5031 2971 5070 a
2997 5018 3158 5072 rebus
3176 5016 3529 5081 ‘visibilihus,
3558 5026 3619 5071 et
3643 5031 3783 5071 cura~

2217 5122 2336 5160 rum
2386 5106 2699 5161 tumultibus
2741 5116 2903 5176 atque
2941 5108 3174 5177 negotiis
3220 5108 3435 5161 animus
3485 5114 3779 5175 separatur.

2220 5195 2430 5267 Spretis
2458 5198 2601 5252 enim
2628 5200 2878 5253 omnibus
2906 5200 3071 5263 curis,
3114 5198 3335 5254 calcatis
3354 5198 3611 5252 omnibus
3630 5197 3781 5259 vitiis,

2217 5290 2330 5344 sola
2359 5306 2510 5345 mens
2535 5307 2658 5345 cum
2687 5292 2799 5345 solo
2828 5292 2940 5346 Deo
2967 5306 3087 5346 esse
3115 5289 3409 5345 desiderat.
3434 5288 3595 5342 Libet
3621 5287 3670 5341 ei
3700 5301 3785 5341 ae-

2209 5380 2325 5435 dire
2350 5390 2614 5450 praecepta
2643 5381 2905 5446 coelestia,
2935 5381 3155 5437 lectioni
3189 5388 3245 5434 et
3273 5379 3508 5433 orationi
3536 5377 3780 5446 frequen-

2212 5479 2295 5526 ter
2330 5472 2669 5537 incumbere,
2699 5482 2755 5527 et
2786 5483 3045 5543 quantum
3077 5470 3325 5526 mortalis
3354 5469 3621 5539 fragilitas
3666 5482 3780 5539 per-

2214 5561 2399 5627 mittit,
2445 5563 2675 5617 coetibus
2715 5565 3025 5635 augelorum
3082 5564 3373 5626 interesse;
3431 5569 3487 5615 et
3541 5561 3665 5629 quia
3724 5559 3784 5612 ab

2216 5650 2428 5706 illorum
2459 5655 2732 5710 consortio
2761 5653 3152 5724 aliquantulum
3195 5659 3511 5721 separatur,
3539 5666 3660 5706 cum
3685 5650 3787 5720 spi:
