4002 6348
189 368 295 425 769

1416 353 1719 415 ΗΘΜΙΙΛᾹΞ
1759 351 1848 407 DE
1888 346 2196 405 SANCTIS.

3331 326 3435 387 ’ΠΟ

189 478 336 535 ritali
365 477 559 549 gaudio
580 473 916 530 amarissime
941 471 1119 527 deﬂet.
1146 471 1295 526 Hanc
1310 472 1535 543 gratiam
1564 467 1760 523 inaesti-
1786 474 1838 533 Α
1864 460 2200 517 termissioue
2222 463 2393 519 orate,
2426 454 2480 507 in
2509 451 2758 507 omnibus
2776 448 2975 520 gratias
3004 444 3145 515 agite
3174 440 3227 515 (ι
3253 440 3434 496 Thess.

189 567 481 632 mabilem,
521 567 659 620 hanc
686 562 998 618 felicitatem
1035 559 1632 632 incomprehensibilem
1658 558 1763 611 Do-

187 658 371 712 minus
408 655 715 726 signiﬁcare
740 653 943 719 voluit,
974 668 1097 707 cum
1124 652 1261 707 dixit
1291 666 1304 704 :
1340 669 1357 701 ι
1387 651 1555 705 Porro
1595 662 1762 702 unum

186 754 277 800 est
305 745 689 809 necessarium,
720 742 886 796 Maria
909 782 923 806 ,
969 761 986 792 ι
1021 749 1125 796 etc.
1156 740 1389 795 Tantum
1438 747 1618 793 autem
1645 735 1765 805 ejus

188 834 433 889 suavitas
460 842 545 888 est
573 831 899 895 necessaria,
948 839 1007 884 ut
1054 830 1215 884 etiam
1257 844 1320 883 ea
1362 843 1481 898 quae
1510 826 1598 881 hic
1624 826 1766 880 bona

196 934 323 979 esse
346 925 613 988 videntur,
644 922 711 975 ad
741 920 884 975 illius
911 920 1368 989 comparationem
1396 915 1659 987 superﬂua
1679 915 1767 986 ju-

195 1015 468 1068 dicentur.
496 1012 573 1066 lbi
588 1019 672 1067 est
695 1011 837 1067 enim
857 1010 998 1079 quod
1018 1028 1035 1061 ι
1056 1024 1156 1064 nec
1179 1008 1366 1065 oculus
1384 1008 1537 1068 vidit.
1554 1020 1652 1060 nec
1672 1019 1767 1058 au-

193 1105 274 1157 ris
305 1103 530 1177 audivit,
562 1116 663 1156 nec
690 1102 745 1156 in
774 1116 868 1156 cor
896 1099 1132 1156 hominis
1154 1098 1396 1153 ascendit
1415 1112 1534 1167 qua:
1558 1110 1765 1166 pnepa-

195 1193 341 1248 ravit
370 1192 512 1247 Deus
536 1191 881 1262 diligentibus
897 1204 954 1244 se
978 1189 1027 1261 (1
1045 1187 1168 1243 Car.
1194 1189 1276 1260 ιι).
1301 1208 1320 1242 ι
1348 1188 1518 1255 Quam
1533 1186 1769 1242 suavita-

197 1294 310 1338 tem
336 1284 558 1353 optabat
584 1283 674 1337 ille
703 1283 902 1337 habere
921 1322 935 1347 ,
971 1282 1063 1350 qui
1098 1282 1350 1336 dicebat:
1381 1297 1399 1330 ‹
1439 1278 1610 1335 Unam
1638 1275 1769 1347 petii

188 1386 221 1426 a
248 1372 475 1426 Domino
505 1369 674 1442 (Psal.
703 1385 886 1442 xxvi),
922 1390 940 1421 ι
973 1379 1076 1426 etc.
1114 1372 1181 1425 Et
1210 1371 1384 1425 activa
1413 1369 1629 1439 quidem
1657 1367 1768 1421 vita

188 1461 247 1515 in
279 1461 365 1515 via
386 1472 489 1528 est,
518 1459 934 1530 contemplativa
965 1460 1019 1514 in
1049 1460 1244 1530 patria.
1275 1459 1464 1514 Activa
1490 1457 1543 1511 in
1570 1470 1767 1511 neces-

187 1550 351 1606 sitate
371 1591 387 1617 ,
410 1550 823 1620 contemplativa
853 1550 906 1604 in
930 1550 1235 1605 dilectione.
1266 1548 1455 1603 Activa
1481 1547 1537 1601 in
1559 1545 1766 1610 labore,

190 1640 614 1709 contemplativa
639 1639 692 1693 in
719 1639 926 1708 requie.
953 1638 1146 1694 Activa
1178 1653 1414 1708 namque
1438 1638 1489 1691 in
1513 1633 1768 1706 przesenti

188 1728 303 1782 vita
352 1727 557 1797 incipit,
609 1737 665 1784 et
707 1743 831 1782 cum
870 1728 1119 1798 praesenti
1161 1728 1367 1793 ﬁnitur,
1408 1722 1655 1780 mercede
1680 1714 1769 1778 re?

1864 554 1971 626 ιιι).
2015 573 2033 605 ›
2077 552 2239 607 Liber
2282 547 2556 618 egreditur
2605 543 2801 615 gratis,
2844 539 2970 611 quia
3015 538 3099 602 hi,
3141 543 3434 607 postquam

1862 624 2042 702 omnia
2073 640 2328 703 fecerint,
2359 638 2538 691 dicunt
2571 650 2629 689 se
2664 632 2881 686 inutiles
2907 644 3094 685 servos
3119 625 3255 694 eius.
3300 624 3437 680 Pro-

1864 734 1951 789 cul
1978 733 2138 789 dubio
2159 731 2299 785 sicut
2326 728 2441 798 ipsa
2475 725 2647 779 activa
2669 722 2767 775 fuit
2787 737 2854 775 ex
2883 733 3123 780 munere,
3142 717 3215 771 ita
3241 714 3345 769 erit
3367 728 3436 769 ex

1864 823 2036 896 gratia
2074 820 2237 874 etiam
2273 812 2704 883 contemplativa.
2737 809 2870 864 Cum
2903 806 3045 878 quali
3076 813 3225 859 veste
3263 805 3435 857 intra-

1863 917 2024 980 verit,
2061 929 2184 969 cum
2214 911 2307 966 tali
2334 908 2678 977 respondeat,
2705 904 2828 973 quia
2851 901 3071 957 omnino
3100 906 3439 954 neccsseest

1866 1015 1929 1061 ut
1959 1003 2330 1072 unusquisque
2354 1006 2597 1053 nostrum
2625 994 2678 1048 in
2700 994 2801 1047 hoc
2821 991 2963 1061 quod
2986 989 3171 1058 incipit
3194 1001 3443 1056 perseve-

1867 1103 1970 1159 ret,
1998 1103 2158 1163 atque
2185 1104 2355 1161 usque
2375 1088 2441 1142 ad
2470 1086 2629 1140 ﬁnem
2659 1082 2839 1153 operis
2859 1082 2910 1135 in
2937 1096 2999 1136 ea
3029 1094 3134 1148 qua
3167 1077 3442 1132 inchoavit

1869 1183 2167 1241 intentione
2194 1180 2468 1252 perduret.
2499 1175 2589 1230 Ille
2618 1173 2816 1242 quippe
2845 1172 2982 1225 bene
3009 1167 3438 1235 adcontempla-

1869 1275 2034 1329 tivam
2058 1272 2226 1326 vitam
2259 1268 2495 1329 transiit,
2522 1264 2614 1335 qui
2646 1264 2701 1317 in
2730 1263 2828 1316 bac
2853 1261 2960 1314 vita
2987 1257 3298 1314 intentionis
3329 1271 3441 1312 suae

1868 1372 2074 1419 vestem
2096 1350 2203 1415 non
2233 1358 2542 1414 mutaverit.
2576 1355 2712 1410 Sunt
2739 1362 2917 1406 autem
2955 1350 3216 1415 nonnulli,
3248 1351 3336 1421 qui
3360 1349 3442 1405 die

1868 1457 1993 1511 vino
2021 1453 2293 1509 ferventes
2320 1463 2537 1511 amore,
2570 1447 2622 1501 in
2661 1446 2778 1515 ipso
2819 1441 3042 1496 exordio
3072 1440 3444 1496 conversionis

1871 1546 1937 1600 ad
1967 1540 2395 1610 contemplativa
2438 1538 2561 1591 vita:
2589 1533 2909 1589 suavitatem
2945 1529 3208 1598 incipiunt
3248 1544 3442 1584 convoo

1871 1634 2014 1698 lare,
2033 1632 2127 1687 sed
2155 1630 2335 1686 divina
2361 1626 2763 1698 dispensatione
2790 1623 2939 1691 prius
2961 1622 3016 1675 in
3043 1621 3218 1675 activa
3246 1620 3351 1673 vita
3379 1618 3445 1672 li-

1870 1726 2050 1782 berari
2090 1723 2494 1794 permittuntur.
2527 1718 2584 1773 ln
2622 1725 2770 1771 tanto
2797 1714 3070 1775 securius,
3105 1712 3215 1768 imo
3247 1719 3303 1767 et
3328 1711 3444 1765 feli-

188 1826 393 1873 stante.
438 1816 569 1883 Quis
594 1817 736 1873 enim
768 1818 820 1871 in
856 1817 944 1871 illa
969 1817 1143 1888 patria
1179 1816 1504 1872 esurientem
1539 1813 1768 1878 reﬁciet,
1797 1827 1846 1887 Β
1873 1819 1990 1873 cius
2028 1815 2095 1870 ad
2136 1810 2608 1882 contemplativam
2650 1809 2817 1862 vitam
2855 1805 3209 1876 perveniunt,
3242 1812 3444 1872 quanto

186 1909 282 1963 ubi
307 1910 477 1964 esurit
506 1909 702 1965 nemo?
723 1907 855 1977 Quis
883 1909 1084 1963 nudum
1112 1910 1340 1974 vestiet,-
1370 1908 1463 1962 ubi
1492 1906 1660 1962 vestis
1686 1913 1771 1960 est

187 2004 544 2060 immortalis?
574 2004 705 2070 Quis
742 2002 1019 2057 inﬁrmum
1048 1999 1321 2063 visitabit,
1358 1998 1449 2051 ubi
1486 1996 1579 2065 qui
1617 1995 1769 2050 inﬁr-

185 2101 371 2149 metur
404 2100 488 2149 est
520 2093 735 2148 nullus?
776 2090 912 2159 Quis
939 2097 1211 2143 mortuum
1233 2086 1492 2156 sepeliet,
1523 2084 1615 2139 ubi
1644 2098 1770 2152 per-

186 2193 354 2256 petua
376 2172 486 2240 'vita
522 2185 641 2241 est?
672 2181 1103 2252 Contemplativa
1129 2177 1399 2234 vero.vita
1430 2177 1485 2229 in
1516 2173 1769 2246 praesenti

184 2277 405 2345 incipit,
437 2274 531 2330 sed
556 2275 610 2329 in
636 2274 818 2328 futuro
842 2270 1173 2342 perﬁcietur.
1214 2266 1370 2325 Unde
1406 2265 1544 2320 bene
1569 2265 1635 2319 de
1658 2262 1768 2317 Ma-

184 2364 275 2420 ria
303 2365 501 2420 dicitur
531 2381 546 2418 :

268 2475 289 2509 ι
332 2456 599 2527 Optimam
629 2461 839 2524 partem
863 2451 1022 2523 elegit
1050 2449 1240 2515 Maria,
1269 2460 1390 2518 quae
1410 2460 1519 2500 non
1550 2441 1768 2499 aufere-

194 2564 217 2598 ι
263 2553 350 2600 tur
375 2546 443 2600 ab
471 2560 556 2600 ea.
590 2563 608 2595 ι
645 2543 780 2611 Quia
806 2543 949 2612 quod
981 2542 1071 2595 hic
1107 2540 1320 2593 animus
1345 2549 1638 2606 parumper
1674 2534 1769 2588 de-

188 2644 409 2707 gustare
433 2634 642 2704 incipit,
667 2633 777 2688 illic
803 2632 1033 2703 pleniter
1054 2629 1335 2700 percipiet,
1370 2626 1462 2680 ubi
1502 2624 1772 2679 videbitur

188 2725 332 2780 Deus
358 2724 579 2781 deorum
609 2723 665 2776 in
697 2720 857 2787 Sion,
883 2718 1140 2790 Apostolo
1171 2724 1308 2772 teste
1338 2715 1430 2784 qui
1465 2712 1542 2766 ait
1564 2710 1615 2783 (Ι
1643 2710 1766 2765 Cor.

188 2815 323 2885 xm)
376 2831 390 2868 :
438 2831 458 2864 ι
516 2812 669 2879 Quod
719 2826 861 2866 nunc
920 2810 1152 2871 vidimus
1215 2822 1313 2878 per
1376 2803 1653 2875 speculum
1713 2801 1769 2855 in

188 2905 494 2975 amigmate,
527 2911 654 2957 tunc
681 2910 864 2956 autem
887 2899 1027 2954 facie
1049 2898 1116 2952 ad
1138 2896 1351 2951 faciem.
1387 2911 1406 2943 ι
1438 2891 1505 2946 Et
1529 2891 1725 2944 iterum
1751 2906 1765 2941 :

193 3013 215 3047 ι
260 2994 415 3050 Nunc
455 3006 726 3065 cognosco
767 3005 835 3046 ex
878 2996 1052 3061 parte,
1098 3007 1116 3039 ι
1152 2995 1257 3042 etc.
1309 2981 1423 3038 Hoc
1458 2994 1587 3051 ergo
1630 2979 1770 3033 inter

190 3086 419 3140 activam
439 3092 495 3138 et
521 3080 995 3150 contemplativam
1016 3079 1183 3133 vitam
1212 3076 1399 3137 distat,
1430 3073 1558 3143 quia
1586 3071 1766 3125 activa

1868 1908 2163 1981 perfectius
2190 1906 2245 1959 in
2282 1902 2456 1959 activa
2488 1901 2704 1955 fuerunt
2729 1900 2834 1952 vita
2867 1896 3222 1966 cumprobati.
3250 1894 3446 1962 Quales

1869 1997 2311 2070 signiﬁcaverunt
2332 1993 2450 2047 dua:
2477 2005 2677 2044 uxores
2700 1988 2873 2042 sancti
2899 1986 3066 2041 Jacob
3096 1985 3440 2054 patriarchae,

1868 2088 2021 2145 Liam
2043 2085 2250 2142 scilicet
2272 2091 2329 2139 et
2364 2080 2587 2136 Rachel.
2615 2079 2857 2145 Quarum
2888 2091 2993 2130 una
3018 2075 3112 2129 Lia
3140 2073 3297 2144 lippis
3327 2081 3446 2127 erat

1868 2179 2061 2242 oculis,
2077 2177 2168 2232 sed
2187 2174 2412 2229 fecunda
2432 2169 2598 2242 prole.
2623 2167 2825 2223 Rachel
2844 2175 3024 2222 autem
3037 2164 3264 2235 pulchra
3288 2162 3443 2228 facie,

1870 2271 1966 2327 sed
2009 2267 2292 2323 infecunda
2340 2272 2475 2320 erat.
2505 2262 2609 2317 Per
2644 2261 2795 2316 Liam
2831 2273 2958 2329 ergo
2998 2274 3117 2327 quae
3146 2256 3305 2325 lippis
3331 2263 3448 2311 erat

1869 2359 2061 2423 oculis,
2084 2357 2180 2412 sed
2193 2355 2419 2412 fecunda
2433 2352 2603 2423 prole,
2635 2350 2806 2405 activa
2818 2350 2928 2403 vita
2954 2348 3287 2415 designatur.
3319 2344 3449 2412 Qua:

1871 2466 1994 2506 cum
2046 2449 2245 2503 mundo
2280 2444 2458 2501 cordis
2508 2442 2666 2497 oculo
2720 2441 2888 2494 Deum
2945 2435 3299 2505 contemplari
3340 2449 3445 2488 non

1870 2540 2061 2611 possit,
2104 2546 2283 2591 tamen
2331 2549 2429 2604 per
2458 2531 2857 2603 praedicationis
2907 2528 3064 2583 bonae
3117 2525 3448 2595 exemplum,

1871 2631 2143 2702 spiritales
2169 2629 2309 2683 ﬁlios
2338 2627 2448 2681 Deo
2475 2635 2715 2695 generat.
2742 2623 2889 2679 Unde
2910 2621 3049 2677 bene
3072 2620 3164 2674 Lia
3186 2619 3448 2671 laboriosa

1872 2720 2285 2790 interpretatur,
2310 2717 2436 2786 quia
2462 2715 2638 2770 activa
2662 2714 2772 2768 vita
2809 2713 2861 2766 in
2893 2711 3079 2766 multis
3103 2709 3380 2765 laboribus
3401 2718 3457 2763 et

1870 2809 2321 2865 sollicitudinibus
2356 2814 2440 2860 est
2487 2813 2769 2873 occupata.
2807 2802 2911 2859 Per
2936 2801 3142 2857 Rachel
3172 2816 3300 2855 vero
3336 2815 3455 2868 quae

1870 2899 2096 2970 pulchra
2122 2906 2239 2952 erat
2263 2896 2422 2960 facie,
2447 2897 2540 2950 sed
2583 2894 2894 2959 infecunda,
2922 2892 3353 2963 contemplativa:
3377 2891 3453 2944 vi-

1872 2998 1940 3045 ta:
1978 2989 2200 3045 dulcedo
2228 2987 2569 3059 exprimitur.
2602 2986 2738 3053 Quia
2789 3000 2963 3050 mens,
2995 2985 3122 3039 dum
3168 2982 3235 3037 ad
3263 2982 3454 3037 viden-

1873 3083 2000 3137 dum
2049 3080 2218 3135 Deum
2249 3052 2315 3134 se
2334 3078 2572 3146 undique
2603 3052 2825 3143 celligit,
2857 3075 3039 3128 minus
3070 3087 3168 3143 per
3195 3071 3455 3143 praedica-
3512 3052 3520 3063 ’

189 3177 491 3233 communis
518 3183 675 3231 estet
702 3174 1012 3228 multorum.
1038 3167 1463 3239 contemplativa
1486 3180 1622 3220 vero
1648 3179 1771 3234 spe-
1796 3171 1843 3235 c
1874 3175 2076 3228 tionem
2103 3171 2241 3225 ﬁlios
2264 3169 2427 3239 parit.
2457 3167 2610 3222 Unde
2636 3166 2775 3220 bene
2815 3162 3038 3227 Rachel,
3069 3163 3177 3216 ovis
3206 3161 3290 3215 vel
3314 3161 3456 3214 visus

189 3267 388 3321 culatio
408 3273 607 3335 quanto
636 3263 916 3319 sublimior
937 3269 1085 3315 tanto
1116 3266 1200 3313 est
1232 3257 1426 3311 rarior.
1450 3254 1597 3307 Raro
1622 3253 1772 3306 enim

188 3355 556 3420 inveniuntur,
578 3354 670 3424 qui
691 3354 746 3407 in
774 3352 1000 3415 veritate
1026 3350 1209 3405 dicere
1235 3345 1443 3416 possint
1475 3361 1488 3398 :
1525 3361 1544 3395 ι
1579 3341 1775 3397 Nostra

190 3455 373 3501 autem
417 3444 755 3501 conversatio
784 3444 841 3498 in
877 3440 1029 3497 caelis
1055 3448 1141 3495 est
1174 3437 1395 3510 (Philip.
1431 3434 1539 3506 ιιι).
1577 3452 1597 3485 ι
1628 3433 1694 3488 Et
1717 3431 1777 3486 ιι.

189 3538 284 3593 lud
315 3556 329 3592 :
366 3556 386 3589 ι
426 3536 553 3592 Sive
579 3543 759 3591 mente
802 3533 1104 3589 excidimus
1140 3520 1273 3595 Deo,
1324 3528 1436 3583 sive
1470 3525 1637 3581 sobrii
1685 3540 1778 3579 su-

192 3641 338 3692 mus,
366 3626 518 3680 vobis
539 3623 624 3695 (II
652 3621 776 3678 Cor.
812 3622 889 3693 v).
936 3642 956 3674 ι
997 3621 1142 3677 Ordo
1173 3628 1354 3674 autem
1384 3617 1580 3671 harum
1603 3613 1777 3667 virtu-

191 3727 311 3772 tum
369 3717 641 3787 exposcit,
697 3723 757 3769 ut
809 3728 908 3785 per
958 3712 1195 3768 activum
1256 3710 1496 3765 laborem
1558 3700 1778 3787 studeat

193 3784 750 3876 quisque—pervenire
785 3784 851 3858 ad
891 3800 1366 3870 contemplativam
1408 3784 1773 3853 dulce'dinem.

192 3898 476 3969 Plerisque
500 3889 668 3961 enim,
690 3904 974 3966 postquam
998 3896 1052 3948 in
1078 3893 1268 3948 activa:
1286 3891 1412 3945 vitae
1433 3890 1618 3944 labore
1645 3888 1779 3942 bene

194 3986 608 4051 desudaverint,
644 3985 1075 4054 contemplativa:
1108 3983 1232 4037 vitae
1280 3981 1521 4036 suavitas
1549 3980 1604 4033 in
1631 3992 1776 4032 mer-

194 4081 330 4135 cede
378 4079 555 4133 datur.
611 4076 760 4132 Unde
801 4078 857 4131 in
900 4076 1017 4146 lege
1065 4074 1363 4146 ﬁguraliter
1405 4069 1723 4142 praecipitur
1760 4087 1774 4123 :

201 4194 219 4224 ι
270 4172 327 4228 Si
368 4172 566 4227 emeris
611 4185 829 4225 servum
875 4168 1177 4232 Hebraeum,
1226 4180 1321 4222 sex
1371 4165 1527 4219 anuis
1576 4162 1779 4217 serviet

196 4264 321 4329 tibi,
365 4272 420 4318 et
457 4263 511 4317 in
556 4262 785 4333 septimo
831 4262 1140 4331 egredietur
1181 4259 1318 4313 liber
1360 4256 1528 4326 gratis
1574 4253 1774 4325 (Exod.

196 4356 339 4426 xm).
378 4373 397 4406 ι
432 4352 692 4408 Hebraeus
721 4351 917 4421 quippe
963 4350 1222 4403 transiens
1259 4348 1673 4413 interpretatur.
1710 4340 1778 4396 Et

200 4460 394 4501 servus
424 4443 681 4498 Hebraeus
707 4439 1022 4511 spiritaliter
1041 4439 1259 4502 emitur,
1283 4434 1499 4506 quando
1535 4446 1687 4485 mens
1712 4431 1777 4485 de

1871 3262 2187 3335 principium
2234 3260 2657 3328 interpretatur,
2685 3257 2810 3326 quia
2843 3270 2995 3309 mens
3019 3250 3456 3319 contemplationi

1875 3355 2077 3420 dedita,
2116 3353 2267 3407 illum
2302 3351 2487 3405 videre
2517 3348 2792 3404 desiderat
2826 3345 2917 3416 qui
2943 3345 3020 3398 ait
3056 3361 3070 3397 :
3111 3361 3130 3395 ι
3166 3343 3278 3411 Ego
3306 3341 3458 3411 prin-

1876 3444 2099 3514 cipium,
2134 3442 2225 3511 qui
2252 3449 2307 3497 et
2335 3440 2525 3509 loquor
2545 3439 2698 3493 vobis
2726 3436 2909 3508 (Joan.
2936 3433 3076 3504 vni).
3109 3452 3127 3484 ι
3163 3431 3329 3487 Jacob
3359 3431 3461 3500 igi-

1876 3544 1967 3590 tur
1988 3532 2191 3587 Rachel
2212 3531 2536 3600 concupivit,
2557 3529 2649 3583 sed
2666 3527 2815 3582 Liam
2839 3534 2995 3581 nocte
3022 3524 3270 3580 nesciens
3300 3537 3457 3577 acce-

1875 3625 1996 3695 pit:
2029 3623 2154 3692 quia
2196 3629 2321 3677 sunt
2361 3618 2627 3680 nonnulli,
2660 3625 2719 3672 ut
2747 3631 2908 3686 supra
2946 3614 3203 3678 diximus,
3251 3612 3341 3683 qui
3392 3611 3459 3666 ad

1877 3711 2348 3781 contemplativam
2380 3707 2668 3779 pervenire
2716 3705 3043 3765 desiderant,
3078 3703 3173 3757 sed
3201 3701 3351 3772 prius
3375 3699 3461 3754 di-

1848 3805 2004 3859 .vino
2026 3802 2229 3872 judicio
2268 3802 2320 3854 in
2350 3807 2507 3854 nocte
2552 3797 2837 3868 praesentis
2866 3795 3010 3857 vitae,
3040 3806 3139 3863 pro
3170 3790 3464 3846 multorum

1880 3896 2116 3950 utilitate
2153 3893 2402 3948 laborare
2456 3889 2865 3960 permittuntur.
2930 3885 3223 3952 Postquam
3284 3872 3469 3935 autem

1878 3987 2031 4042 Liam
2082 3984 2311 4054 accepit,
2356 3981 2422 4036 ad
2468 3979 2748 4050 amplexus
2785 3977 2988 4032 Rachel
3017 3973 3307 4044 pervenit:
3336 3971 3463 4042 quia

1879 4079 1972 4148 qui
2001 4079 2137 4133 bene
2168 4077 2222 4131 in
2250 4075 2426 4131 activa
2454 4074 2566 4127 vita
2604 4069 2990 4133 laboraverint,
3024 4065 3204 4121 divino
3238 4062 3466 4119 munere

1880 4154 2202 4240 quandoque
2233 4152 2307 4220 'ad
2346 4163 2820 4233 contemplativam
2856 4159 3021 4212 vitam
3045 4154 3377 4227 pervenient.
3406 4152 3466 4207 In

1880 4272 2109 4333 utraque
2149 4260 2311 4323 ﬁrmi,
2360 4268 2416 4314 et
2468 4259 2519 4311 in
2566 4266 2797 4325 utraque
2828 4254 3177 4307 inveniuntur
3214 4245 3465 4316 perfecti.

1881 4354 2066 4421 Qualis
2092 4360 2209 4408 erat
2235 4350 2434 4406 Paulus
2466 4347 2761 4419 apostolus,
2795 4344 2887 4413 qui
2912 4357 3034 4396 cum
3062 4340 3288 4393 haberet
3314 4334 3469 4390 solli:

1880 4443 2175 4519 citudinem
2227 4440 2467 4494 omnium
2510 4435 2896 4495 Ecclesiarum,
2938 4429 3079 4498 quod
3128 4425 3360 4495 pertinet
3399 4422 3469 4477 ad

200 4529 416 4593 terrena
440 4534 851 4590 conversatione
874 4531 942 4585 ad
965 4531 1183 4585 caeleste
1208 4525 1535 4583 desiderium
1558 4522 1772 4577 transit.
1809 4515 1857 4573 D
1882 4515 2115 4591 activam
2147 4534 2328 4593 vitam,
2383 4537 2570 4600 ,Ἥρως
2613 4534 2696 4581 εει
2724 4538 2896 4593 usque
2918 4520 2983 4574 ad
3009 4519 3227 4573 ιει-ιίιηη
3250 4515 3467 4578 emtum,

202 4626 463 4682 Senarius
504 4624 648 4678 enim
678 4632 954 4675 'numerus
995 4619 1063 4673 ad
1116 4618 1303 4672 activa:
1361 4618 1485 4672 vitm
1533 4616 1777 4671 laborem

201 4716 462 4791 pertinet,
495 4713 621 4784 quia
656 4723 750 4765 sex
777 4718 902 4764 sunt
935 4708 1053 4763 dies
1080 4707 1133 4761 in
1162 4706 1356 4775 quibus
1387 4705 1604 4776 operari
1630 4703 1778 4766 licet,

202 4804 542 4875 septenarius
576 4809 758 4856 autem
800 4807 1022 4871 propter
1048 4795 1256 4851 sabbati
1289 4796 1531 4866 requiem
1558 4835 1573 4859 ,
1600 4793 1781 4849 dulce-

202 4899 387 4953 dinem
409 4893 839 4962 contemplativaa
859 4892 983 4946 vita:
1004 4889 1277 4958 exprimit.
1305 4887 1504 4942 Servus
1524 4886 1785 4941 Hebrteus

206 4997 425 5057 emptus
459 5002 556 5042 sex
587 4984 743 5039 annis
769 4983 976 5038 servire
1002 4978 1346 5050 praecipitur,
1375 4986 1431 5031 et
1471 4977 1526 5030 in
1557 4975 1788 5045 septimo

204 5079 351 5133 liber
387 5076 555 5146 gratis
600 5072 783 5144 egredi
814 5073 1063 5142 jubetur,
1106 5069 1231 5139 quia
1270 5077 1396 5123 sunt
1426 5064 1667 5120 nonnulli
1698 5065 1791 5134 qui

206 5174 336 5239 post
374 5164 686 5220 diuturnum
728 5163 921 5216 activa:
970 5160 1093 5214 vita:
1127 5156 1385 5245 .laborem
1432 5153 1791 5239 adOrequiem

210 5227 683 5330 contemplationis
731 5261 1030 5310 transeunt.
1077 5227 1230 5318 Quod
1261 5249 1386 5318 quia
1425 5227 1531 5301 non
1573 5245 1789 5315 pr0pria

207 5353 435 5419 virtute,
449 5351 544 5407 sed
561 5350 742 5404 divino
759 5348 1073 5409 ﬁtmunere,
1088 5352 1232 5399 recte
1248 5341 1463 5405 dicitur,
1483 5338 1791 5408 egredietur

206 5445 353 5504 liber
374 5446 563 5518 gratis.
600 5442 751 5512 Quod
769 5442 984 5511 proprie
1008 5440 1222 5495 illorum
1239 5445 1344 5502 est,
1375 5435 1465 5505 qui
1489 5441 1612 5505 post
1634 5433 1792 5503 longa

210 5538 472 5594 exercitia
501 5525 816 5592 monastic-ae
851 5533 1004 5596 vitae,
1036 5539 1158 5601 post
1186 5530 1499 5585 diuturnam
1523 5534 1795 5580 monaste-

212 5627 405 5685 rialem
446 5626 839 5697 probationem,
892 5629 1102 5679 secreta
1157 5620 1258 5675 sibi
1301 5618 1418 5673 loca
1466 5615 1692 5686 eligunt,
1738 5613 1794 5668 in

214 5720 412 5795 quibus
433 5718 558 5773 illud
584 5717 947 5793 Apostolicum
971 5714 1190 5784 implere
1216 5712 1424 5784 possint
1456 5730 1468 5764 :
1506 5727 1523 5760 ι
1554 5708 1684 5764 Sine
1710 5708 1791 5762 in-

1883 4624 2026 4696 quod
2064 4621 2301 4693 pertinet
2337 4618 2405 4673 ad
2453 4613 2947 4685 contemplativam.
2982 4609 3089 4664 Has
3129 4614 3308 4661 autem
3335 4605 3469 4659 duas

1885 4718 2023 4770 vitas
2071 4712 2508 4783 signiﬁcaverunt
2534 4709 2652 4762 duae
2682 4706 2887 4759 devota:
2936 4714 3171 4762 sorores,
3203 4710 3323 4767 quae
3363 4697 3471 4750 Do-

1888 4804 2094 4859 minum
2116 4805 2469 4868 susceperunt
2494 4797 2546 4850 in
2572 4796 2786 4850 domum
2817 4806 2992 4855 suam,
3023 4786 3230 4841 Martha
3260 4784 3471 4840 scilicet

1888 4902 1944 4949 et
1970 4891 2158 4946 Maria.
2188 4889 2460 4956 Utrasque
2490 4885 2634 4939 enim
2665 4890 2903 4944 sanctas,
2943 4887 3200 4947 utrasque
3220 4875 3392 4932 bonas
3415 4878 3474 4929 et

1887 4984 2066 5054 justas
2091 4995 2211 5036 esse
2233 4977 2526 5034 credimus.
2573 4973 2679 5029 Sed
2703 4971 2877 5042 qualis
2911 4970 2981 5025 sit
3003 4968 3218 5033 melior,
3240 4966 3356 5036 ipse
3381 4960 3473 5020 de-

1895 5074 2107 5130 clarare
2154 5070 2408 5141 dignatus
2436 5074 2542 5131 est,
2591 5065 2684 5134 qui
2733 5071 2871 5117 teste
2919 5075 3022 5114 non
3054 5066 3194 5130 eget,
3236 5058 3470 5112 dicens:

1900 5185 1918 5217 ι
1957 5164 2120 5219 Maria
2148 5160 2407 5232 optimam
2452 5165 2659 5227 partem
2686 5143 2791 5210 sibi
2819 5152 3001 5222 elegit,
3027 5165 3148 5221 qua:
3175 5146 3477 5204 non'aufe-

1894 5265 2045 5311 retur
2065 5254 2133 5309 ab
2153 5265 2238 5313 ea,
2263 5270 2282 5303 ι
2302 5258 2405 5305 etc.

2464 5342 2765 5437 nouum
2797 5344 2905 5432 ιιι.

2074 5518 2125 5556 IN
2165 5513 2334 5555 FESTO
2371 5511 2559 5552 SANCTI
2599 5506 2884 5549 IICHAEIJS
2924 5499 3273 5545 ARCHANGEIJ.

1970 5616 2211 5689 (Mum.
2253 5611 2436 5683 xvm.)
2467 5630 2484 5661 ι
2518 5610 2574 5665 In
2605 5608 2696 5663 illo
2725 5615 2989 5675 tempore,
3018 5601 3369 5656 accesserunt
3393 5592 3474 5648 di-

1905 5727 1923 5763 (
1956 5684 2145 5777 scipuli
2180 5705 2246 5760 ad
2293 5703 2496 5765 Jcsum,
2527 5701 2772 5756 dicentes
2800 5714 2812 5751 :
2841 5694 2972 5762 Quis
2998 5699 3154 5761 putas
3196 5684 3368 5757 major
3393 5690 3478 5767 est
