4002 6348
535 336 634 391 ’171

1167 329 1519 388 [IAYMONIS
1554 328 2032 384 HALBERSTAT.
2072 328 2287 385 EPlSC.
2323 327 2474 384 OPP.
2510 328 2691 385 PARS
2746 329 2812 386 11.
2851 361 2919 372 -
2955 330 3183 388 HOMIL.

3719 335 3841 391 772

543 469 561 500 ι
600 448 655 503 in
705 461 871 517 regno
913 444 1172 501 etelorum
1193 444 1218 496 ?
1247 463 1265 495 ι
1298 443 1364 497 Et
1386 441 1611 512 reliqua.
1640 441 1863 508 Quoties
1887 440 2118 513 legimus
2144 448 2196 506 Α
2221 441 2320 497 sed
2348 441 2679 508 ministrare,
2708 451 2763 498 et
2789 442 2964 499 factus
2990 459 3108 499 sum
3139 445 3193 499 in
3219 446 3395 502 medio
3419 456 3670 504 vestrum
3707 451 3837 507 sic-

538 536 829 609 discipulos
863 534 1074 590 Domini
1103 534 1170 588 de
1197 533 1388 588 ordine
1430 534 1703 602 prioratus
1726 532 1869 585 inter
1892 546 1951 586 se
1981 546 2117 586 con-

535 629 775 696 tendisse
804 625 888 680 vel
936 626 1323 695 interrogasse,
1355 638 1462 677 non
1495 622 1650 677 livori
1672 630 1727 675 et
1769 620 1984 675 invidiae
2027 620 2122 676 de-

534 728 729 791 putare
757 717 1161 783 debemuspsed
1196 717 1447 771 humana:
1487 714 1766 785 fragilitati
1794 729 1858 768 ac
1894 711 2123 768 inﬁrmi-

537 810 657 875 tati,
703 809 901 879 quippe
953 807 1045 877 qui
1101 807 1262 863 rudes
1298 813 1455 861 erant
1481 821 1545 860 ac
1573 803 1803 866 novelli,
1828 802 1954 873 quia
1978 801 2121 857 enim

530 900 827 956 audierant
878 914 1001 953 eum
1034 914 1190 953 suam
1220 896 1677 953 resurrectionem
1714 895 2120 966 praedicantem,

537 1000 593 1047 et
631 991 867 1046 nondum
895 989 1132 1060 Spiritus
1157 990 1329 1045 sancti
1359 988 1534 1061 gratia
1567 987 1877 1053 illuminati,
1906 987 2125 1042 caeleste

540 1100 763 1155 regnum
814 1074 1055 1154 perfecte
1097 1100 1283 1138 amare
1323 1084 1670 1149 didicerant,
1727 1083 1896 1153 (quia,
1949 1091 2007 1137 ut
2050 1083 2127 1139 ait

552 1175 880 1245 evangelista
909 1173 1143 1229 Joannes
1174 1175 1484 1245 (Joan.vn),
1513 1192 1531 1224 ι
1559 1174 1794 1227 nondum
1812 1184 1927 1228 erat
1957 1173 2126 1244 Spiri-

547 1269 831 1332 tus.datus,
847 1267 969 1337 quia
984 1266 1140 1321 Jesus
1161 1267 1396 1320 nondum
1418 1266 1592 1321 luerat
1612 1265 1937 1336 glorificatus
1960 1264 2005 1335 ι)
2030 1280 2127 1334 pu-

545 1360 736 1414 tabant
768 1359 911 1427 quod
952 1359 1067 1426 ipse
1094 1371 1382 1427 resurgens
1412 1372 1443 1410 a
1488 1356 1735 1419 mortuis,
1772 1355 2128 1425 corporaliter

540 1466 767 1523 regnum
822 1457 1050 1514 teneret,
1101 1458 1156 1503 et
1202 1449 1299 1518 ipsi
1353 1448 1647 1503 honoribus
1681 1447 2124 1523 sublimarentur.

543 1541 701 1598 Unde
757 1540 1027 1611 passionis
1070 1539 1215 1594 illius
1271 1549 1513 1608 tempore
1563 1537 1705 1591 facta
1745 1544 1829 1591 est
1852 1522 2127 1592 contentio

537 1634 686 1688 inter
710 1646 826 1696 eos,
855 1632 978 1701 quis
1004 1645 1191 1685 eorum
1218 1628 1392 1698 major
1414 1627 1630 1683 essetin
1657 1642 1823 1698 regno
1844 1627 2123 1682 caelorum.

542 1722 656 1778 Hac
678 1720 984 1791 suspicione
1033 1720 1253 1774 seducta
1289 1717 1466 1772 fuerat
1497 1724 1671 1772 mater
1700 1716 1933 1771 ﬁliorum
1956 1716 2127 1771 Zebe-

2221 541 2281 588 ut
2308 533 2398 602 qui
2432 532 2725 597 ministrat,
2777 533 2873 589 sed
2903 548 3010 588 non
3034 535 3126 604 qui
3148 534 3234 590 vel
3262 537 3420 605 quasi
3449 539 3831 603 recumbens,

2220 637 2444 691 regnum
2489 621 2753 675 caelorum
2781 622 2923 692 quod
2951 622 3245 679 humilibus
3283 633 3366 680 est
3415 637 3832 696 praeparatum,

2222 712 2427 767 intrare
2455 726 2560 766 non
2588 712 2834 781 potestis.
2869 711 2926 767 Si
2949 721 3131 767 autem
3164 714 3489 784 simpliciter
3509 718 3831 787 quemlibet

2221 804 2505 873 parvulum
2546 804 2925 875 intelligamus,
2959 803 3115 860 facile
3143 815 3314 876 patet,
3346 810 3472 877 quia
3494 825 3606 864 non
3634 810 3828 866 solum

2224 894 2291 948 ad
2317 895 2698 960 humilitatem,
2735 895 2829 950 sed
2851 896 3014 951 etiam
3048 896 3115 952 ad
3147 898 3549 968 simplicitatem
3591 917 3829 957 servan-

2225 983 2347 1038 dam
2371 983 2474 1038 hoc
2500 983 2747 1053 exemplo
2772 999 2873 1039 nos
2898 985 3165 1039 hortatur.
3198 987 3276 1041 Ac
3304 988 3348 1042 si
3379 989 3587 1043 diceret
3615 1008 3630 1043 :
3663 989 3828 1045 Sicut

2224 1075 2481 1146 parvulus
2515 1076 2617 1131 iste
2662 1075 2815 1146 cujus
2865 1077 3020 1132 vobis
3065 1078 3370 1148 exemplum
3400 1081 3689 1151 proposui,
3747 1080 3827 1135 vi-

2226 1169 2357 1223 dens
2382 1168 2662 1224 mulierem
2693 1160 2979 1239 pulchram
3007 1184 3113 1224 non
3152 1172 3511 1241 concupiscit,
3543 1189 3658 1227 non
3683 1173 3821 1226 alie-

2227 1276 2326 1315 nas
2354 1260 2570 1315 divitias
2592 1261 2813 1330 appetit,
2839 1260 2999 1315 laesus
3021 1276 3127 1315 non
3156 1261 3381 1327 relaedit,
3409 1278 3517 1316 non
3544 1262 3701 1317 aliud
3729 1278 3819 1317 eoo

2228 1351 2384 1422 gitat,
2420 1350 2565 1403 aliud
2614 1349 2872 1420 loquitur,
2912 1358 2968 1406 et
2998 1351 3167 1405 iratus
3214 1366 3320 1406 non
3347 1362 3647 1422 perpetuas
3674 1362 3819 1407 tenet

2229 1443 2550 1509 discordias,
2587 1443 2661 1497 ita
2690 1452 2745 1499 et
2766 1458 2861 1498 vos
2892 1443 2996 1498 nisi
3031 1442 3192 1497 talem
3231 1443 3535 1499 habueritis
3565 1444 3819 1498 innocen-

2229 1535 2359 1591 tiam
2382 1535 2435 1589 in
2457 1544 2662 1599 mente,
2683 1535 2896 1604 qualem
2926 1535 3030 1589 iste
3050 1534 3214 1589 habet
3235 1533 3290 1588 in
3316 1548 3566 1603 corpore,
3594 1548 3817 1603 regnum

2229 1624 2511 1689 caelorum,
2542 1625 2684 1695 quod
2728 1623 3021 1679 humilibus
3050 1632 3105 1677 et
3145 1621 3481 1691 simplicibus
3501 1630 3591 1677 est
3616 1636 3819 1691 praepa-

2232 1725 2432 1779 ratum,
2463 1715 2670 1769 intrare
2693 1728 3038 1784 nequaquam
3073 1713 3323 1782 potestis.
3360 1710 3532 1780 Cujus
3551 1712 3703 1765 viam
3729 1727 3819 1766 ne-

543 1813 664 1877 dzei,
682 1789 895 1881 quando
918 1810 1147 1865 accessit
1169 1810 1235 1865 ad
1263 1809 1576 1873 Dominum,
1602 1808 1815 1863 dicens:
1842 1828 1859 1859 ι
1880 1808 2126 1874 Domine,
2158 1789 2204 1849 Β
2231 1824 2320 1863 ιιιο
2344 1809 2607 1878 superbus
2635 1808 2898 1878 graditur,
2947 1820 3109 1861 nemo
3152 1804 3390 1859 tumidus
3423 1803 3655 1869 incedit,
3696 1803 3815 1873 quia

543 1903 632 1958 dic
683 1909 743 1956 ut
778 1902 1002 1957 sedeant
1046 1900 1103 1955 hi
1146 1899 1252 1955 duo
1284 1899 1374 1954 filii
1407 1900 1535 1964 mei,
1576 1914 1715 1953 unus
1751 1899 1819 1953 ad
1848 1897 2129 1953 dexteram

544 2002 715 2057 tuam,
754 2000 811 2047 et
836 1991 976 2046 alius
1010 1991 1078 2044 ad
1144 1990 1422 2045 sinistram
1490 1998 1635 2043 tuam
1696 1988 1750 2042 in
1816 2003 1983 2059 regno
2038 1996 2131 2043 tuo

542 2082 759 2152 (Matth.
797 2081 915 2152 xx).
971 2101 991 2133 ι
1029 2080 1169 2135 llinc
1214 2080 1479 2149 Cleophas
1522 2088 1578 2135 et
1627 2079 1764 2135 alius
1811 2079 2126 2150 discipulus,

542 2171 743 2241 quibus
770 2186 895 2225 cum
925 2170 1185 2226 Dominus
1218 2179 1343 2240 post
1375 2168 1827 2225 resurrectionem
1860 2169 1915 2224 in
1948 2170 2129 2239 specie

540 2261 815 2332 peregrini
849 2261 1206 2331 apparuisset,
1255 2261 1551 2316 dicebant:
1592 2278 1611 2311 ι
1651 2258 1759 2315 Nos
1805 2268 1985 2314 autem
2009 2274 2129 2330 spe-

542 2352 799 2406 rabamus
842 2352 985 2421 quod
1036 2352 1150 2421 ipse
1179 2359 1324 2407 esset
1351 2352 1727 2419 redempturus
1771 2349 1940 2405 Israel
1975 2348 2124 2421 (Luc.

538 2442 713 2512 χειν).
755 2464 773 2495 ι
801 2443 867 2498 Ει
887 2443 1104 2513 quidam
1135 2442 1522 2512 discipulorum
1547 2443 1948 2512 interrogantes
1978 2456 2123 2506 eum,

538 2535 789 2591 dicebant
845 2554 857 2589 :
903 2555 922 2587 ι
981 2535 1229 2601 Domine,
1273 2535 1317 2590 si
1365 2534 1418 2589 in
1450 2544 1691 2603 tempore
1734 2535 1838 2588 hoc
1875 2533 2128 2588 restitues

539 2645 763 2700 regnum
818 2629 1024 2684 Israel?
1058 2648 1077 2681 ι
1127 2628 1264 2699 (Act.
1308 2625 1370 2694 ι.)
1400 2626 1628 2682 Occasio
1678 2632 1857 2691 autem
1897 2626 2128 2677 interro-

541 2720 703 2790 gandi
734 2717 1038 2779 Dominum,
1071 2718 1192 2788 quis
1239 2716 1454 2771 illorum
1499 2715 1673 2784 major
1707 2721 1852 2768 esset
1880 2714 1931 2767 in
1963 2728 2128 2782 regno

540 2811 821 2871 caelorum,
853 2808 1101 2866 fortassis
1134 2826 1203 2864 ex
1242 2806 1616 2876 superioribus
1649 2806 1937 2860 acciderat.
1970 2804 2125 2872 Nam,

541 2911 601 2955 ut
627 2916 793 2972 supra
823 2900 1156 2971 evangelista
1195 2899 1405 2965 retulit,
1433 2906 1779 2953 accesserunt
1804 2898 1873 2952 ad
1906 2896 2127 2952 Petrum

540 2990 633 3060 qui
670 2990 984 3045 didrachma
1018 2989 1374 3060 accipiebant,
1411 2996 1466 3043 et
1498 2988 1753 3043 dixerunt
1779 2988 1829 3043 ei
1864 3006 1877 3042 :
1913 3007 1932 3040 ι
1961 2988 2128 3058 Magi-

540 3086 656 3134 ster
701 3086 884 3134 vester
927 3095 1035 3134 non
1067 3078 1227 3134 solvit
1274 3077 1625 3133 didrachma?
1668 3077 1789 3143 Ait,
1823 3076 2018 3133 Etiam.
2058 3078 2127 3133 Et

540 3185 665 3225 cum
699 3171 959 3225 intrasset
984 3170 1222 3235 domum,
1244 3168 1507 3239 praevenit
1528 3183 1650 3223 eum
1680 3168 1858 3232 Jesus,
1888 3167 2075 3222 dicens
2105 3184 2119 3220 :

542 3259 681 3328 Quid
708 3260 803 3316 tilii
846 3261 1064 3316 videtur
1113 3259 1341 3315 Simon?
1370 3259 1547 3330 Reges
1576 3266 1731 3313 terra:
1761 3273 1789 3311 a
1813 3256 2010 3326 quibus
2036 3272 2126 3312 su-

540 3351 777 3422 scipiunt
807 3351 1069 3406 tributum
1098 3350 1182 3406 vel
1222 3350 1490 3406 censum?
1530 3365 1561 3403 a
1606 3348 1729 3404 ﬁliis
1764 3350 1896 3413 suis,
1944 3363 2013 3402 an
2057 3349 2126 3403 ab

541 3443 771 3498 alienis?
818 3438 884 3497 Et
924 3442 1014 3499 ille
1066 3441 1245 3498 dixit:
1278 3442 1361 3497 Ab
1390 3441 1603 3497 alienis.
1637 3441 1784 3495 Dixit
1826 3441 1902 3496 illi
1922 3440 2081 3497 Jesus
2109 3458 2123 3495 :

541 3534 687 3606 Ergo
708 3535 863 3590 liberi
903 3541 1030 3589 sunt
1071 3533 1189 3588 filii.
1215 3532 1294 3588 Ne
1316 3542 1494 3611 autem
1538 3532 1965 3588 scandalizemus
2007 3547 2125 3598 eos,

542 3625 680 3680 vade
703 3624 773 3678 ad
819 3638 969 3679 mare
987 3630 1044 3678 et
1083 3623 1239 3677 mitte
1284 3623 1525 3686 hamum,
1571 3633 1625 3676 et
1650 3637 1773 3677 eum
1802 3622 2007 3691 piscem
2036 3620 2130 3690 qui

541 3713 750 3783 primus
764 3712 1090 3778 ascenderit,
1115 3711 1279 3767 tolle:
1310 3720 1363 3767 et
1385 3721 1574 3782 aperto
1601 3712 1718 3783 ejus
1744 3728 1859 3779 ore,
1884 3712 2130 3769 invenies

545 3814 827 3871 staterem;
855 3804 1009 3859 illum
1039 3819 1278 3870 sumens,
1303 3804 1369 3858 da
1399 3805 1478 3860 eis
1506 3820 1607 3876 pro
1637 3820 1722 3859 me
1749 3815 1805 3861 et
1831 3814 1882 3859 te
1909 3805 2128 3874 (Matth.

545 3895 704 3966 xvu).
745 3915 763 3946 ι
801 3894 934 3962 Quia
963 3909 1092 3966 ergo
1140 3893 1232 3949 alii
1260 3895 1505 3964 discipuli
1543 3895 1794 3950 viderant
1829 3894 2050 3950 Petrum
2077 3894 2133 3950 in

548 3985 850 4042 redditione
895 4000 1091 4040 census
1142 3985 1370 4040 Domino
1425 3986 1713 4056 coaequari,
1754 3994 2135 4055 eomputantes

549 4091 673 4132 eum
704 4076 808 4131 illis
856 4076 1108 4131 omnibus
1157 4091 1277 4132 esse
1320 4076 1600 4147 prtelatum
1623 4118 1638 4142 ,
1666 4077 1723 4131 in
1755 4077 1846 4131 illa
1888 4078 2017 4132 hora
2046 4093 2137 4132 ac-

550 4175 833 4224 cesserunt
856 4168 924 4222 ad
953 4166 1157 4233 Iesum,
1198 4168 1477 4223 dicentes:
1518 4188 1536 4220 ‹
1565 4167 1719 4235 Quis,
1755 4176 1934 4238 putas,
1966 4166 2139 4236 major

549 4269 633 4315 est
674 4261 727 4315 in
773 4274 939 4329 regno
990 4259 1290 4315 caelorum?
1330 4281 1348 4313 ι
1376 4259 1483 4314 Sed
1505 4260 1764 4330 magister
1794 4259 2135 4326 humilitatis,

548 4351 642 4419 qui
675 4350 753 4404 ait
781 4350 835 4404 in
864 4349 1193 4421 Evangelio:
1224 4368 1243 4401 ι
1278 4350 1480 4404 Discite
1514 4365 1544 4403 a
1573 4365 1660 4404 me
1686 4350 1812 4419 quia
1842 4349 1988 4405 mitis
2019 4364 2138 4405 sum

549 4448 607 4495 et
640 4440 860 4495 humilis
902 4439 1090 4505 corde,
1134 4450 1189 4496 et
1238 4441 1527 4496 invenietis
1581 4442 1822 4510 requiem
1856 4442 2140 4498 animabus

550 4531 749 4586 vestris
778 4530 995 4603 (Matth.
1029 4531 1130 4604 xl),
1169 4551 1188 4584 ι
1220 4541 1278 4587 ιιι
1298 4533 1610 4588 ostenderet
1630 4549 1852 4605 regnum
1879 4533 2140 4589 etelorum

555 4636 665 4676 non
694 4636 792 4692 per
834 4622 1168 4691 superbiam,
1201 4623 1294 4678 sed
1323 4639 1420 4693 per
1454 4624 1816 4680 humilitatem
1851 4640 1970 4679 esse
1996 4640 2144 4694 quae-

554 4711 805 4775 rendum,
854 4710 1114 4781 illumque
1144 4714 1259 4766 lore
1287 4711 1544 4781 majorem
1576 4713 1631 4767 in
1659 4729 1744 4778 eo,
1787 4712 1877 4783 qui
1921 4722 2145 4784 propter

558 4799 730 4855 Deum
753 4815 811 4855 se
832 4800 1081 4855 humiliat
1106 4819 1118 4854 :

637 4907 656 4939 ι
689 4889 971 4945 Advocans
984 4891 1291 4960 parvulum,
1320 4892 1648 4947 statuiteum
1672 4891 1725 4946 in
1754 4892 1933 4949 medio
1948 4907 2143 4963 eorum

562 4997 584 5029 ‹
622 4986 680 5032 et
707 4978 845 5032 dixit
874 4997 888 5031 :
918 4979 1089 5054 Amen
1120 4981 1240 5037 dico
1284 4982 1469 5045 vobis,
1502 4980 1607 5035 nisi
1636 4981 1884 5036 conversi
1932 4981 2142 5037 fueritis

566 5085 587 5117 ¢
622 5074 678 5121 et
701 5066 1005 5124 elﬁciamini
1029 5070 1411 5141 sicutparvuli,
1428 5085 1533 5124 non
1549 5070 1819 5126 intrabitis
1846 5071 1898 5125 in
1916 5087 2141 5143 regnum

566 5178 588 5211 ς
621 5161 903 5217 ctelorum.
963 5181 982 5215 ι
1032 5161 1184 5229 Quod
1212 5161 1423 5217 duobus
1467 5162 1641 5217 modis
1677 5171 1853 5231 potest
1892 5163 2137 5234 intelligi.

559 5266 850 5322 possumus
867 5254 1011 5308 enim
1041 5254 1129 5308 hic
1149 5252 1429 5324 parvulum
1460 5252 1743 5307 Dominum
1769 5253 1950 5309 Jesum
1978 5244 2140 5309 Chri-

558 5353 704 5398 stum
734 5344 1004 5413 accipere,
1029 5344 1120 5412 qui
1148 5359 1269 5398 cum
1294 5344 1366 5397 sit
1393 5359 1620 5415 magnus
1646 5353 1702 5399 et
1725 5344 2008 5401 laudabilis
2053 5345 2139 5400 ni.

562 5432 689 5498 mis,
715 5441 771 5486 et
796 5433 1182 5504 magnitudinis
1207 5433 1325 5504 ejus
1347 5449 1453 5490 non
1487 5444 1572 5491 est
1592 5435 1713 5492 linis
1739 5434 1914 5507 (Paul.
1946 5436 2141 5507 XLVII),
2190 5444 2193 5447 '

562 5529 624 5576 ut
648 5537 748 5578 nos
772 5523 1015 5579 excelsos
1056 5522 1280 5590 faceret,
1304 5525 1560 5595 parvulus
1587 5537 1742 5581 natus
1776 5536 1859 5583 est
1884 5529 2062 5595 nobis,
2089 5536 2144 5582 ct

563 5611 708 5667 filius
757 5613 911 5668 datus
957 5624 1042 5668 est
1091 5615 1264 5670 nobis.
1311 5617 1378 5671 Et
1423 5626 1505 5671 est
1568 5633 1758 5673 sensus
1811 5618 1971 5674 :Nisi
2022 5634 2144 5673 meo

566 5703 815 5769 exemplo
836 5720 929 5761 vos
960 5706 1394 5775 humiliaveritis,
1426 5708 1516 5776 qui
1540 5723 1644 5764 non
1676 5710 1796 5765 veni
1823 5708 2140 5774 ministrari,

2152 3129 2199 3194 C

2239 1918 2258 1951 ι
2298 1900 2467 1955 ardua
2495 1915 2581 1954 vta
2610 1907 2693 1955 est
2720 1908 2777 1954 et
2820 1906 3070 1969 angusta,
3110 1912 3231 1966 quae
3259 1895 3406 1950 ducit
3434 1894 3509 1950 ad
3552 1896 3741 1959 vitam,
3764 1904 3815 1950 et

2228 1996 2384 2064 pauci
2429 1991 2674 2064 suntqui
2724 1993 3008 2047 inveniunt
3053 2005 3174 2045 eam
3208 1988 3425 2061 (Matth.
3470 1987 3597 2058 vn).
3640 1986 3808 2043 aCum

2228 2103 2357 2158 ergo
2383 2087 2480 2153 ait,
2530 2105 2549 2137 ‹
2582 2085 2697 2140 Nisi
2727 2083 2977 2140 conversi
3007 2082 3220 2136 fueritis
3245 2089 3302 2135 et
3331 2079 3644 2135 eﬂiciamini
3676 2081 3806 2135 sicut

2227 2175 2460 2247 parvuli,
2492 2190 2598 2230 non
2619 2172 2887 2229 intrabitis
2910 2173 2964 2227 in
2989 2186 3214 2241 regnum
3244 2169 3506 2225 ctelorum
3530 2185 3551 2225 ηε
3585 2188 3605 2221 ι

2304 2284 2323 2316 ι
2365 2265 2683 2335 Quicunque
2712 2278 2843 2333 ergo
2865 2260 3232 2318 humiliaverit
3280 2276 3340 2315 se
3369 2259 3516 2315 sicut
3562 2257 3808 2329 parvulus

2234 2374 2254 2408 ι
2293 2356 2416 2421 iste,
2470 2355 2558 2410 hic
2590 2365 2672 2410 est
2700 2354 2875 2423 major
2913 2353 2967 2407 in
3004 2366 3169 2423 regno
3198 2350 3482 2405 calorum.
3512 2349 3583 2403 Et
3620 2349 3713 2419 qui
3736 2364 3805 2403 su-

2233 2467 2253 2499 ‹
2302 2446 2543 2516 sceperit
2569 2459 2736 2503 unum
2781 2441 3065 2513 parvulum
3108 2440 3272 2495 talem
3313 2441 3367 2494 in
3410 2440 3639 2495 nomine
3678 2453 3802 2503 uico,

2234 2556 2254 2589 ι
2292 2551 2379 2591 me
2406 2536 2646 2605 suscipit.
2679 2533 2781 2602 Qui
2829 2540 3009 2588 autem
3052 2530 3513 2587 ~scandalizaverit
3558 2544 3726 2584 unum
3749 2543 3805 2583 ex

2235 2647 2254 2679 ‹
2291 2626 2502 2698 pusillis
2531 2626 2669 2692 lSliS,
2704 2644 2723 2677 ι
2755 2633 2862 2681 etc.
2907 2623 3037 2678 Tale
3066 2631 3150 2677 est
3180 2637 3245 2677 ac
3296 2621 3345 2676 si
3386 2621 3625 2676 dixisset
3663 2635 3678 2674 :
3707 2619 3805 2689 jam

2229 2717 2275 2773 si
2299 2734 2395 2773 vos
2423 2717 2654 2773 delectat
2692 2716 2844 2771 locus
2874 2714 3137 2777 sublimis,
3168 2713 3320 2784 prius
3345 2719 3607 2767 exerceat
3647 2711 3803 2766 humi-

2229 2810 2508 2865 liationem
2539 2808 2665 2864 vita:
2692 2807 3015 2870 innocentis,
3066 2821 3172 2862 non
3202 2805 3348 2875 quod
3391 2803 3673 2873 apostolos
3707 2818 3804 2858 eor-

2228 2916 2361 2973 pore
2380 2900 2541 2956 vellet
2563 2915 2684 2956 esse
2709 2898 2983 2970 parvulos,
3012 2899 3106 2954 sed
3135 2906 3194 2951 ut
3214 2897 3605 2975 innocentiam
3618 2912 3799 2967 parvu-

2229 2990 2409 3046 lorum
2432 2990 2486 3044 in
2516 2998 2697 3044 mente
2722 2989 3081 3060 possiderent.
3114 2986 3509 3057 llujuscemodi
3544 2976 3798 3059 parvulos,

2231 3080 2491 3145 Dominus
2520 3094 2648 3135 suos
2684 3078 2898 3135 volebat
2945 3092 3065 3134 esse
3094 3077 3409 3148 discipulos,
3435 3078 3629 3149 quibus
3663 3078 3794 3133 dice-

2228 3173 2355 3229 bat:
2376 3191 2395 3224 ‹
2417 3171 2590 3227 Sinite
2602 3171 2855 3242 parvulos
2866 3171 3052 3227 venire
3073 3171 3141 3225 ad
3155 3186 3260 3236 me,
3278 3170 3470 3225 talium
3484 3171 3714 3226 estenim
3729 3186 3798 3226 re-

2230 3280 2395 3337 gnum
2413 3264 2672 3321 ctelorum
2687 3264 2883 3337 (Marc.
2897 3263 2979 3335 ι).
2994 3284 3012 3316 ›
3031 3264 3311 3320 EtPaulus
3329 3264 3615 3334 apostolus
3634 3265 3795 3319 talium

2233 3354 2598 3410 innocentiam
2645 3355 2991 3426 parvulorum
3017 3369 3144 3410 suos
3182 3352 3398 3409 volebat
3422 3354 3636 3409 habere
3661 3353 3796 3408 disci-

2229 3445 2406 3516 pulos,
2440 3446 2638 3517 quibus
2678 3460 2776 3516 per
2804 3443 3101 3515 Epistolam
3140 3440 3492 3514 praecipiebat
3528 3461 3543 3497 :
3591 3464 3611 3494 ι
3653 3442 3798 3497 Nolite

2229 3535 2383 3606 pueri
2413 3534 2550 3591 ellici
2575 3534 2848 3599 sensibus,
2878 3534 2972 3589 sed
3004 3533 3207 3589 malitia
3230 3532 3443 3604 parvuli
3470 3543 3673 3597 estote,
3700 3548 3801 3587 sen-

2234 3629 2383 3686 sibus
2428 3636 2608 3683 autem
2654 3626 2882 3698 perfecti
2930 3626 3051 3683 sitis
3089 3625 3141 3698 (Ι
3172 3624 3295 3680 Cor.
3320 3624 3459 3698 xlv).
3498 3644 3519 3677 ι
3553 3624 3801 3679 Talemse

2234 3726 2460 3774 noverat
2491 3733 2583 3773 rex
2606 3717 2974 3788 propheticus,
2998 3717 3089 3786 qui
3115 3716 3171 3771 in
3201 3714 3366 3785 regali
3387 3714 3529 3771 solio
3553 3714 3804 3779 sublimis,

2236 3809 2331 3866 sed
2364 3816 2545 3864 mente
2564 3808 2784 3863 humilis
2798 3808 3008 3865 dicebat
3028 3806 3200 3879 (Psal.
3218 3806 3395 3875 cxtv):
3430 3826 3449 3857 ι
3477 3805 3805 3862 Custodiens.

2247 3898 2501 3970 parvulos
2515 3897 2798 3964 Dominus,
2823 3897 3140 3953 humiliatus
3167 3912 3289 3953 sum
3306 3903 3365 3954 et
3380 3895 3640 3952 liberavit
3666 3911 3764 3951 me.
3787 3914 3803 3947 ι

2240 3992 2309 4047 Ει
2342 3992 2539 4047 iterum
2571 4009 2584 4045 :
2625 4010 2644 4042 ι
2681 3989 2888 4045 Ludam
2922 3997 2976 4046 et
3001 3988 3314 4066 viliorjia'tn
3335 3987 3637 4059 plusquam
3658 3988 3811 4043 factus

2246 4098 2388 4148 sum,
2415 4090 2473 4137 et
2494 4096 2591 4137 ero
2612 4082 2833 4137 humilis
2854 4082 2907 4137 in
2933 4081 3107 4138 oculis
3127 4081 3263 4136 meis
3279 4079 3364 4149 (ΙΙ
3379 4079 3632 4151 Regni).
3658 4099 3679 4133 ι
3702 4080 3812 4136 Par-

2248 4175 2406 4230 vulus
2427 4182 2509 4229 est
2528 4174 2697 4240 enim,
2719 4174 2811 4244 qui
2841 4174 2943 4229 sibi
2965 4173 3210 4244 displicet
3233 4182 3293 4228 ut
3311 4172 3421 4227 Deo
3440 4172 3684 4244 placeat,
3710 4184 3813 4229 tan~

2247 4273 2407 4336 toque
2434 4271 2560 4320 ante
2590 4264 2759 4319 Deum
2803 4263 2904 4318 erit
2943 4262 3275 4333 pulchrior,,
3324 4272 3532 4333 quanto
3567 4264 3711 4334 apud
3739 4279 3812 4318 se-

2242 4357 2535 4427 metipsum
2585 4355 2687 4410 erit
2730 4354 3006 4409 humilior.
3040 4338 3195 4410 Unde
3215 4363 3272 4409 et
3292 4354 3540 4410 subditur
3572 4374 3587 4409 :
3624 4374 3644 4406 ι
3699 4354 3812 4422 Qui-

2244 4461 2457 4517 cunque
2480 4460 2612 4516 ergo
2648 4444 3018 4500 humiliaverit
3038 4459 3097 4500 se
3131 4444 3273 4500 sicut
3296 4444 3558 4514 parvulus
3591 4445 3715 4509 iste,
3748 4442 3817 4498 hic

2246 4538 2424 4609 major
2448 4537 2555 4592 erit
2578 4537 2634 4591 in
2664 4550 2831 4607 regno
2860 4535 3143 4591 cmlorum.
3181 4554 3201 4587 ›
3233 4532 3545 4590 Habeamus
3567 4549 3705 4604 ergo
3729 4534 3818 4587 vir-

2248 4636 2417 4682 tutem
2453 4625 2792 4691 humilitatis,
2814 4624 2863 4680 si
2886 4624 3136 4680 volumus
3154 4624 3358 4680 habere
3395 4624 3450 4678 in
3476 4640 3650 4694 regno
3671 4623 3818 4679 celo-

2247 4734 2367 4775 rum
2402 4717 2577 4772 locum
2609 4716 2967 4783 celsitudinis,
2994 4716 3253 4787 quoniam
3292 4717 3432 4772 sicut
3477 4714 3739 4772 Salvator
3759 4715 3821 4769 ait

2247 4810 2301 4863 in
2323 4807 2616 4879 Evangelio
2648 4825 2662 4862 :
2699 4827 2718 4861 ι
2748 4806 2938 4863 Omnis
2968 4809 3061 4877 qui
3085 4821 3145 4862 se
3169 4807 3440 4873 humiliat,
3463 4807 3817 4867 exaltabitur;

2245 4906 2302 4954 et
2322 4898 2412 4967 qui
2433 4913 2493 4952 se
2520 4897 2743 4963 exaltat,
2789 4896 3164 4952 humiliabitur
3194 4895 3348 4969 (Luc.
3377 4896 3514 4968 ειν).
3548 4915 3567 4947 ι
3607 4896 3762 4953 Unde
3778 4901 3821 4949 et

2249 5004 2351 5045 nos
2363 4987 2488 5043 alibi
2504 4987 2786 5059 Scriptura
2803 4989 3078 5054 admonet,
3099 4988 3316 5045 dicens:
3336 5007 3355 5039 ι
3377 4988 3596 5056 Quanto
3610 5000 3821 5061 magnus

2250 5093 2328 5143 es,
2362 5079 2589 5134 humilia
2632 5087 2683 5134 le
2713 5079 2767 5133 in
2811 5078 3095 5144 omnibus,
3129 5086 3185 5133 et
3221 5094 3409 5135 coram
3439 5079 3551 5134 Deo
3590 5078 3821 5135 invenies

2249 5170 2479 5242 gratiam
2508 5168 2700 5243 (Eccli.
2728 5170 2835 5241 ιιι).
2874 5162 2900 5221 ἶ
2920 5169 2986 5224 Ει
3007 5170 3205 5225 iterum
3228 5184 3246 5224 :
3274 5187 3294 5221 ι
3324 5168 3713 5226 Humiliamini
3739 5166 3822 5224 sub

2249 5260 2457 5333 potenti
2481 5276 2644 5315 manu
2677 5260 2797 5326 Dei,
2831 5268 2894 5315 ut
2922 5275 3019 5316 vos
3054 5260 3262 5315 exaltet
3294 5260 3348 5314 in
3376 5268 3628 5329 tempore
3656 5258 3824 5314 visita-

2254 5351 2419 5406 tionis
2449 5350 2502 5424 (Ι
2531 5348 2679 5405 Petr.
2733 5350 2810 5421 v).
2845 5371 2865 5404 ι
2909 5349 2978 5406 ΕΙ.
3006 5366 3076 5406 ne
3117 5360 3341 5421 putares
3377 5349 3528 5403 illum
3560 5365 3693 5406 esse
3715 5361 3824 5404 con-

2252 5441 2626 5507 temnendum,
2656 5440 2747 5511 qui
2778 5450 2999 5512 propter
3022 5441 3191 5498 Deum
3213 5441 3303 5496 hic
3328 5456 3387 5496 se
3408 5440 3689 5507 humiliat,
3714 5453 3822 5496 cou-

2251 5549 2441 5606 gruam
2468 5533 2787 5587 sententiam
2834 5531 3104 5602 adjunxit,
3132 5532 3317 5587 dicens
3346 5550 3358 5585 :
3393 5550 3412 5584 ι
3449 5531 3518 5585 Et
3544 5532 3641 5600 qui
3669 5542 3825 5588 susce-

2252 5626 2393 5696 perit
2443 5640 2605 5679 unum
2648 5623 2930 5693 parvulum
2983 5624 3142 5678 talem
3182 5624 3237 5678 in
3293 5624 3514 5679 nomine
3558 5639 3707 5689 meo,
3750 5631 3821 5673 me

2253 5715 2495 5781 suscipit.
2537 5735 2554 5767 ι
2586 5712 2696 5771 Hoc
2724 5724 2807 5771 est
2828 5714 2971 5784 quod
2997 5713 3258 5770 DOminus
3284 5713 3337 5767 in
3364 5712 3608 5768 futurum
3632 5727 3692 5767 se
3714 5720 3820 5778 pro-
