4002 6348
179 353 290 410 775

1449 343 1750 403 IIOMILM‘I
1791 343 1880 398 DE
1919 343 2221 402 SANCTIS.

3337 354 3443 408 774

181 467 336 524 misit
366 465 637 521 dicturum
683 476 701 520 :
729 480 748 516 ι
782 459 1026 529 Quandiu
1053 459 1257 516 fecistis
1283 459 1372 514 uni
1403 475 1472 516 ex
1523 454 1762 513 minimis
1790 458 1840 516 Α
1866 457 2094 513 veritate
2129 459 2441 514 scandalum
2470 461 2696 528 oriatur,
2751 463 2922 534 magis
2970 465 3170 521 veritas
3199 467 3443 540 eligenda

180 559 345 624 meis,
375 557 506 612 mihi
531 554 750 610 fecistis.
791 573 809 605 ι
835 553 901 607 Et
926 553 1204 621 signanter
1234 550 1308 605 ait
1341 568 1354 604 :
1386 570 1403 602 ι
1441 549 1543 616 Qui
1572 562 1754 604 susce-

179 649 328 720 perit
370 661 535 702 unum
563 644 844 716 parvulum
869 642 1025 697 talem
1049 642 1102 696 in
1129 641 1346 696 nomine
1369 655 1514 703 meo,
1542 653 1628 694 me
1671 653 1756 694 su-

179 741 348 810 scipit
377 738 594 809 (Matth.
619 737 795 806 xvm).
837 756 855 788 ›
875 733 1131 800 Quamvis
1157 731 1302 786 enim
1328 747 1434 786 non
1461 732 1532 784 sit
1555 730 1754 802 eligen-

177 832 312 886 dum
342 829 430 884 cui
465 827 617 896 juxta
653 826 944 896 Scriptura:
976 837 1161 879 vocem
1197 820 1516 876 benefacere
1554 819 1753 875 debea-

178 939 326 987 mus,
352 921 456 976 illis
483 929 659 975 tamen
686 921 776 990 qui
816 925 1037 988 propter
1062 915 1230 970 Deum
1254 914 1407 983 parvi
1437 923 1491 967 et
1525 913 1756 968 humiles

178 1029 306 1071 esse
341 1013 568 1083 eligunt,
605 1012 660 1065 in
703 1010 856 1080 cujus
881 1009 1004 1062 vita:
1049 1006 1291 1060 moribus
1328 1003 1603 1060 Christum
1634 1017 1755 1057 esse

178 1105 583 1178 cognoscimus,
625 1102 912 1174 specialem
961 1099 1391 1155 benevolentiam
1443 1097 1755 1167 impendere

178 1196 461 1251 debemus.
483 1193 634 1249 Unde
655 1208 775 1248 cum
801 1192 923 1262 pius
954 1199 1107 1260 pater
1139 1189 1307 1242 (ilium
1336 1188 1652 1251 instrueret,
1681 1186 1757 1240 ait

180 1284 338 1355 (Tob.
385 1283 459 1355 IV)
489 1301 503 1338 :
541 1302 559 1333 ι
603 1281 802 1336 Panem
832 1289 982 1334 tuum
1009 1287 1064 1332 et
1081 1277 1265 1331 vinum
1299 1287 1447 1332 tuum
1477 1291 1638 1345 super
1666 1290 1754 1330 se-

177 1376 453 1446 pulturam
488 1373 616 1443 justi
659 1373 942 1436 constitue,
975 1378 1030 1426 et
1067 1384 1136 1424 ne
1181 1366 1663 1423 communicaveris
1689 1381 1754 1420 cx

178 1479 250 1518 eo
275 1479 398 1518 cum
429 1462 824 1532 peccatoribus.
873 1478 891 1508 ι
933 1460 996 1512 Et
1025 1458 1220 1512 iterum
1250 1475 1263 1510 :
1295 1476 1312 1508 ι
1355 1456 1588 1512 Desudct
1616 1455 1756 1509 elee—

179 1569 410 1624 mosyna
437 1554 490 1608 in
513 1568 674 1607 manu
703 1561 812 1614 tua,
836 1550 1007 1604 donec
1036 1548 1278 1602 invenias
1299 1545 1504 1614 justum
1529 1545 1614 1601 cui
1643 1554 1755 1598 tra-

180 1647 282 1700 das
309 1660 447 1700 eam.
498 1663 516 1695 »
553 1643 689 1697 Hinc
725 1650 782 1696 et
829 1638 1118 1708 Apostolus
1157 1639 1272 1691 ait:
1305 1655 1323 1687 ‹
1362 1638 1495 1691 Dum
1546 1645 1757 1705 tempus

181 1736 468 1800 habemus,
496 1747 781 1802 operemur
823 1732 1022 1786 bonum
1051 1729 1117 1782 ad
1153 1742 1362 1792 omnes,
1392 1727 1625 1781 maxime
1655 1741 1754 1778 au-

1860 558 1942 603 est
1969 565 2128 619 quam
2153 551 2462 606 scandalum
2500 554 2798 608 vitandum.
2838 555 2933 610 Vel
2963 567 3108 612 certe
3129 574 3226 628 per
3245 561 3441 616 molam

1860 642 2148 697 asinariam
2179 657 2297 710 quae
2322 643 2532 711 pondus
2553 645 2733 708 habet,
2759 647 2852 700 sed
2893 647 3094 701 nullum
3142 649 3245 704 iter
3268 651 3442 721 expli-

1861 740 1968 795 cat,
1999 731 2246 785 volubilis
2274 747 2426 784 amor
2448 732 2627 786 saeculi
2653 734 2992 804 exprimitur.
3023 736 3156 791 Cum
3179 754 3308 810 ergo
3330 742 3438 795 ait:

1865 839 1886 874 ‹
1913 822 2143 892 Expedit
2171 823 2220 876 ei
2267 831 2326 876 ut
2369 824 2730 892 suspendatur
2774 825 2914 879 mola
2962 829 3196 882 asinaria
3227 829 3280 882 in
3307 830 3443 884 collo

1861 913 1996 983 ejus,
2029 926 2086 971 et
2112 917 2454 987 demergatur
2478 918 2532 970 in
2573 918 2894 986 profundum
2939 923 3124 986 maris,
3153 940 3172 973 ι
3201 923 3444 1004 carnales

1859 1020 2074 1076 quoque
2099 1017 2153 1062 et
2179 1008 2359 1061 mundi
2403 1017 2671 1062 amatores
2712 1024 2743 1062 a
2791 1011 3048 1080 regimine
3073 1012 3444 1069 ecclesiastico

1861 1099 2132 1168 prohibet,
2164 1100 2416 1167 quoniam
2444 1099 2637 1154 melius
2683 1108 2784 1165 est,
2818 1103 2960 1170 quod
3009 1104 3193 1157 mundi
3233 1115 3446 1160 amator

1861 1186 1914 1240 in
1940 1189 2136 1242 saeculo
2158 1189 2341 1244 vivens
2369 1190 2680 1253 carnaliter,
2733 1205 2792 1244 se
2836 1191 3006 1246 solum
3035 1195 3244 1262 perdat,
3275 1207 3440 1262 quam

1861 1277 1916 1330 in
1945 1278 2206 1346 regimine
2227 1279 2600 1334 ecclesiastico
2625 1281 2950 1335 constitutus
2977 1298 3034 1336 se
3078 1291 3131 1337 et
3155 1284 3287 1338 alios
3321 1299 3444 1352 per-

1859 1384 2014 1422 verse
2042 1369 2272 1424 vivendo
2309 1371 2375 1423 ad
2407 1371 2684 1425 interitum
2733 1374 2947 1426 trahat:
2982 1375 3106 1442 quia
3150 1374 3302 1442 cujus
3334 1378 3441 1431 vita

1859 1458 2169 1527 despicitur,
2207 1468 2372 1514 restat
2402 1468 2460 1513 ut
2511 1461 2627 1531 ejus
2679 1460 2990 1529 praedicatio
3040 1473 3441 1531 contemnatur,

1860 1548 2114 1616 quoniam
2147 1549 2273 1602 dum
2325 1549 2520 1602 infirmi
2570 1551 2816 1620 discipuli
2867 1553 3080 1620 patroni
3137 1565 3441 1622 sequuntur

1860 1641 2184 1711 exemplum,
2229 1651 2281 1696 et
2315 1643 2416 1712 ipsi
2445 1652 2692 1712 pereunt,
2745 1655 2801 1697 et
2852 1643 3065 1700 illorum
3109 1647 3340 1715 perditio
3386 1647 3442 1700 in

1861 1733 1979 1804 ejus
2005 1742 2168 1803 caput
2194 1734 2474 1796 redundat,
2506 1735 2596 1802 qui
2645 1745 2833 1789 auctor
2878 1745 2962 1791 est
3011 1737 3278 1792 criminis.
3315 1737 3444 1792 Sive

181 1837 298 1882 tem
335 1825 401 1879 ad
429 1825 750 1880 domesticos
799 1821 921 1877 ﬁdei
947 1819 1088 1892 (σοῖο
1115 1822 1212 1889 γι).
1247 1839 1265 1870 ³
1305 1818 1405 1884 Ωυί
1438 1818 1583 1872 enim
1613 1817 1755 1872 bona
1784 1814 1833 1875 B
1862 1833 2007 1880 certe
2035 1840 2132 1894 per
2159 1826 2353 1880 molam
2405 1826 2697 1880 asinariam
2752 1827 3002 1882 doctores
3049 1829 3441 1898 intelliguntur,

182 1916 501 1986 temporalia
526 1916 630 1970 illis
664 1914 944 1985 impendit,
971 1913 1023 1966 in
1050 1927 1277 1982 quorum
1299 1911 1408 1965 vita
1436 1919 1491 1964 et
1515 1909 1756 1964 moribus

182 2008 460 2063 Christum
511 2007 759 2061 habitare
806 2004 1102 2075 cognoscit,
1147 2001 1389 2071 profecto
1438 2000 1512 2055 illi
1544 2000 1752 2064 tribuit,

181 2117 285 2172 pro
297 2104 449 2174 cujus
470 2117 652 2156 amore
671 2100 948 2170 impendit.
969 2099 1121 2153 Unde
1146 2099 1280 2152 bene
1301 2096 1518 2161 dicitur,
1547 2114 1564 2147 ‹
1592 2096 1644 2149 in
1667 2110 1759 2148 no-

180 2195 332 2248 mine
360 2209 502 2246 meo.
534 2211 552 2244 ›
581 2191 729 2245 Multi
763 2191 907 2243 enim
933 2191 1073 2244 bona
1100 2189 1410 2257 temporalia
1445 2203 1551 2242 non
1585 2187 1636 2240 in
1662 2202 1757 2241 no-

180 2284 334 2337 mine
370 2282 590 2347 Christi,
625 2283 719 2336 sed
748 2291 806 2333 ut
832 2281 1040 2334 laudem
1072 2280 1347 2333 hominum
1376 2288 1594 2348 captare
1637 2292 1758 2346 pos-

181 2370 298 2424 sint
321 2370 577 2434 tribuunt,
609 2370 675 2423 de
699 2368 894 2438 quibus
932 2368 1190 2436 scriptum
1215 2376 1298 2422 est
1329 2385 1342 2420 :
1373 2386 1391 2419 ‹
1420 2366 1759 2434 Quaesierunt

179 2459 416 2530 gloriam
444 2461 720 2514 hominum
750 2460 924 2528 magis
953 2474 1113 2528 quam
1145 2459 1236 2512 Dei
1263 2459 1442 2528 (Joan.
1476 2460 1597 2528 xu).
1637 2478 1655 2509 ι
1693 2458 1758 2512 Et

178 2549 445 2604 Dominus
466 2549 593 2603 alibi
617 2566 630 2602 :
661 2568 680 2599 ι
703 2548 893 2603 Omnia
915 2563 1077 2617 opera
1103 2563 1198 2602 sua
1225 2546 1429 2601 faciunt
1455 2555 1512 2600 ut
1539 2547 1758 2601 videan-

177 2653 273 2700 tur
293 2646 360 2699 ab
386 2643 1120 2715 hominibus(Matth.xxm).
1151 2665 1168 2696 ι
1195 2646 1260 2699 Et
1284 2647 1477 2700 iterum
1506 2663 1518 2698 :
1547 2665 1564 2696 ‹
1586 2646 1760 2700 Amen

179 2735 306 2791 dico
329 2735 498 2798 vobis,
530 2744 850 2803 receperunt
879 2736 1183 2789 mercedem
1209 2750 1359 2788 suam
1379 2735 1591 2804 (Matth.
1609 2735 1705 2805 vi).
1730 2754 1750 2786 ι

178 2827 252 2881 Et
273 2840 341 2880 ne
389 2826 455 2878 ad
481 2825 850 2894 suscipiendos
894 2825 1132 2892 hospites
1158 2823 1243 2878 vel
1268 2825 1584 2894 peregrinos
1620 2824 1753 2894 pigri

182 2916 873 2983 remaneremus,.seipsum
904 2916 958 2969 in
989 2915 1073 2970 his
1111 2915 1311 2983 suscipi
1341 2915 1588 2985 promisit
1631 2930 1756 2969 cum

181 3008 261 3062 ait
300 3020 314 3059 :
358 3025 376 3057 ι
422 3006 523 3073 Qui
584 3005 882 3074 susceperit
930 3020 1097 3059 unum
1148 3005 1432 3073 parvulum
1482 3005 1644 3060 talem
1700 3005 1756 3058 in

182 3097 401 3151 nomine
426 3111 567 3162 meo,
599 3111 684 3150 me
719 3097 958 3166 suscipit.
996 3117 1014 3149 ι
1053 3095 1204 3152 Unde
1228 3106 1284 3151 et
1310 3098 1423 3167 ipse
1445 3098 1567 3152 alibi
1591 3099 1752 3154 dicit:

1862 1915 1988 1986 quia
2013 1917 2152 1970 sicut
2176 1917 2315 1971 mola
2345 1931 2566 1987 granum
2600 1917 2765 1972 tritici
2806 1917 3090 1987 frangitur,
3121 1927 3181 1973 ut
3209 1920 3443 1974 medulla

1861 2004 2018 2074 ejus:
2068 2006 2134 2059 ad
2179 2006 2624 2060 sustentationem
2671 2006 2754 2060 vel
2807 2006 3154 2062 refectionem
3194 2009 3444 2064 humanae

1863 2104 2068 2150 natura:
2096 2095 2429 2160 ostendatur,
2481 2095 2552 2148 ita
2606 2111 2819 2165 quoque
2843 2104 2897 2150 et
2928 2097 3172 2151 doctores
3200 2098 3443 2154 occultas

1863 2187 2158 2242 sententias
2189 2186 2480 2256 Scriptura:
2525 2202 2694 2240 sacrae
2742 2187 3070 2256 aperientes,
3131 2187 3442 2242 interiorem

1863 2293 2080 2332 sensum
2099 2293 2282 2331 eorum
2301 2276 2643 2332 manifestaut
2665 2277 2748 2332 vel
2769 2278 2935 2331 vitam
2957 2278 3071 2332 sive
3094 2278 3442 2332 refectionem

1862 2367 2162 2421 animarum
2189 2377 2516 2421 sanctarum.

1939 2476 1957 2507 ι
1990 2456 2082 2510 Vae
2110 2457 2310 2510 mundo
2351 2456 2420 2509 ab
2453 2455 2739 2510 scandalis.
2771 2476 2788 2506 ι
2825 2456 3053 2512 Mundus
3091 2458 3176 2512 cui
3205 2473 3284 2512 va:
3313 2457 3444 2512 dici-

1865 2554 1973 2610 tur,
1996 2562 2101 2600 non
2119 2547 2206 2600 ille
2229 2555 2484 2616 estquem
2513 2547 2657 2600 venit
2673 2546 2839 2600 Filius
2859 2549 3093 2602 hominis
3119 2565 3365 2618 quaerere
3387 2558 3442 2604 et

1863 2639 2094 2704 salvare,
2124 2639 2216 2693 sed
2247 2639 2336 2693 ille
2377 2640 2469 2709 qui
2521 2640 2573 2693 in
2614 2639 2846 2710 maligno
2872 2641 3080 2710 positus
3124 2650 3227 2707 est,
3258 2641 3310 2696 id
3359 2653 3444 2697 est

1863 2732 2048 2785 mundi
2070 2739 2357 2795 amatores,
2396 2733 2461 2786 de
2486 2747 2592 2800 quo
2635 2733 2895 2787 Dominus
2927 2733 3053 2788 alibi
3083 2734 3197 2788 ait:
3232 2753 3250 2784 ι
3285 2733 3443 2788 Pater

1857 2819 2022 2888 justo,
2055 2822 2286 2876 mundus
2331 2830 2384 2876 te
2429 2837 2534 2876 non
2585 2824 2838 2893 cognovit
2878 2823 3061 2893 (Joan.
3091 2826 3244 2896 xvii).
3281 2845 3299 2878 ι
3340 2826 3442 2891 Qui

1862 2909 2006 2964 enim
2036 2918 2216 2964 mente
2260 2918 2316 2964 et
2358 2911 2626 2965 desiderio
2681 2912 2950 2966 saeculum
2984 2915 3247 2980 incolunt,
3296 2924 3444 2970 recte

1861 3001 2095 3055 mundus
2125 3001 2484 3086 appellantur,
2507 3001 2573 3056 de
2599 3004 2794 3072 quibus
2825 3003 3060 3060 Joannes
3089 3007 3164 3060 ait
3194 3024 3208 3060 :
3250 3026 3268 3058 ι
3299 3006 3446 3062 Mun-

1865 3090 1964 3144 dus
2009 3091 2265 3144 transibit
2293 3099 2348 3144 et
2373 3093 2808 3161 concupiscentia
2839 3093 2954 3163 ejus
3001 3094 3053 3165 (1
3084 3095 3243 3149 Joan.
3286 3099 3369 3162 ιι).
3419 3117 3438 3147 ι

185 3208 206 3240 ε
237 3189 339 3255 Qui
363 3189 586 3258 suscipi;
606 3190 923 3258 prophetam
948 3188 1002 3242 in
1040 3189 1256 3242 nomine
1287 3166 1580 3258 pfophcm,
1601 3195 1754 3245 mer-
1783 3166 1831 3230 C
1863 3180 2042 3234 Mundi
2082 3182 2225 3235 enim
2268 3190 2538 3236 amatores
2567 3184 2692 3236 dum
2723 3193 2942 3252 propter
2996 3186 3318 3255 cUpiditates
3350 3202 3444 3241 sae-

181 3279 370 3333 cedem
398 3279 675 3346 propheta:
705 3278 954 3346 accipiet,
990 3287 1045 3332 et
1080 3277 1438 3347 quigsuscipit
1458 3277 1666 3346 justum
1698 3279 1754 3332 in

181 3370 402 3426 nomine
433 3369 588 3438 justi,
635 3370 938 3424 mercedem
959 3368 1088 3439 justi
1118 3369 1345 3438 accipiet
1366 3367 1583 3441 (Matth.
1615 3369 1695 3440 χ).
1733 3389 1751 3422 ι

180 3464 252 3519 Et
273 3465 467 3518 iterum
496 3482 510 3518 :
544 3482 563 3514 ι
594 3462 694 3530 Qui
721 3479 818 3519 vos
840 3464 1051 3532 recipit,
1080 3479 1167 3518 me
1191 3465 1383 3538 recipit
1412 3483 1427 3521 :
1461 3475 1516 3520 et
1545 3466 1637 3536 qui
1663 3481 1758 3522 vos

182 3555 411 3626 spernit,
440 3569 525 3609 me
571 3555 773 3624 spernit
823 3553 973 3626 (Luc.
1006 3554 1083 3625 x).
1119 3574 1138 3606 ›
1182 3554 1334 3610 Sicut
1361 3565 1541 3611 autem
1590 3558 1760 3612 susci-

180 3647 458 3718 pientibus
503 3661 714 3702 merces
763 3645 1119 3715 promittitur,
1177 3646 1252 3701 ita
1294 3646 1444 3703 duris
1478 3657 1533 3704 et
1579 3648 1761 3703 avaris

182 3752 348 3809 pmna
373 3737 644 3802 indicitur,
668 3752 790 3792 cum
816 3735 1147 3791 subinfertur
1176 3753 1190 3789 :

265 3847 282 3879 ι
320 3827 420 3895 Qui
447 3835 625 3886 autem
652 3827 1098 3882 seandalizaverit
1117 3842 1284 3881 unum
1311 3827 1376 3882 de
1401 3827 1609 3898 pusillis
1642 3828 1760 3883 istis

189 3938 210 3970 ι
250 3919 342 3987 qui
367 3918 420 3970 in
454 3932 539 3972 me
560 3917 803 3982 credunt,
835 3915 1052 3985 expedit
1081 3916 1131 3970 ei
1159 3925 1219 3969 ut
1239 3917 1594 3985 suspendatur
1618 3915 1760 3970 mola

188 4029 210 4062 ι
247 4007 482 4062 asinaria
511 4008 564 4061 in
588 4007 726 4062 collo
746 4008 880 4078 ejus,
904 4015 961 4061 et
986 4007 1327 4076 demergatur
1353 4006 1406 4060 in
1430 4005 1752 4076 profundum

189 4120 210 4152 ι
246 4100 430 4154 maris.
471 4118 489 4149 ›
524 4097 626 4153 Ubi
657 4098 1106 4154 considerandum
1129 4107 1232 4163 est,
1261 4113 1422 4168 quam
1453 4114 1614 4168 grave
1635 4113 1762 4169 pec-

182 4201 368 4251 catum
396 4193 466 4248 sit
500 4192 864 4248 scandalizare
897 4188 1140 4258 fratrem,
1172 4193 1386 4261 quando
1412 4193 1574 4247 etiam
1605 4209 1760 4248 scan-

185 4284 546 4340 dalizantibus
571 4283 693 4338 talis
732 4283 967 4338 vindicta
996 4282 1373 4337 comminatur.
1407 4282 1558 4349 Quod
1582 4290 1761 4338 autem

187 4374 311 4428 ait:
361 4391 380 4424 ι
411 4372 639 4442 Expedit
667 4372 717 4427 ei
760 4380 818 4426 ut
865 4359 1222 4441 suspendatur
1265 4370 1406 4425 mola
1450 4371 1683 4426 asinaria
1710 4371 1764 4425 in

186 4461 330 4518 collo
352 4462 486 4532 ejus,
515 4470 568 4516 et
593 4462 647 4516 in
668 4459 932 4531 profundo
960 4459 1127 4513 maris
1156 4459 1521 4528 demergatur,
1565 4478 1582 4509 ι
1605 4457 1759 4526 juxta

1862 3270 1966 3324 culi
2019 3270 2154 3324 alios
2200 3287 2307 3325 non
2360 3279 2606 3326 metuunt
2655 3273 3048 3338 scandalizare,
3109 3283 3288 3329 tamen
3339 3277 3443 3344 ipsi

1863 3359 2174 3413 scandalum
2229 3360 2538 3426 sustinent,
2599 3359 2890 3430 aliquando
2946 3370 3126 3416 autem
3175 3379 3438 3431 corpore,

1863 3466 2075 3520 seraper
2103 3460 2284 3505 autem
2316 3460 2514 3506 mente.
2548 3452 2614 3504 Et
2633 3452 2752 3506 ideo
2782 3467 2860 3507 vae
2887 3453 3014 3518 illis,
3036 3454 3164 3522 quia
3195 3473 3213 3504 ε
3239 3455 3446 3508 ducunt

1863 3544 1917 3598 in
1946 3545 2100 3598 bonis
2129 3544 2245 3598 dies
2273 3559 2418 3607 suos,
2444 3551 2499 3597 et
2539 3543 2590 3596 in
2634 3553 2832 3612 puncto
2874 3545 2942 3599 ad
2987 3545 3194 3599 inferna
3223 3547 3444 3600 descen-

1863 3636 2133 3707 dunt(.lob
2168 3637 2302 3707 xxi).
2338 3656 2356 3687 ι
2385 3636 2587 3702 Quibus
2611 3651 2708 3704 per
2742 3633 3000 3690 Jacobum
3031 3637 3261 3691 dicitur:
3294 3656 3312 3688 ι
3342 3637 3448 3704 Qui

1863 3730 2094 3784 voluerit
2116 3745 2234 3784 esse
2263 3731 2468 3784 amicus
2505 3728 2663 3798 hujus
2689 3728 2887 3793 smculi,
2917 3729 3165 3784 inimicus
3187 3730 3282 3784 Dei
3310 3746 3443 3785 con-

1863 3821 2106 3876 stituitur
2156 3819 2463 3891 (Jac.1v),r
2515 3819 2581 3873 ad
2634 3834 2770 3888 quos
2806 3819 3039 3888 pertinet
3093 3821 3234 3889 quod
3266 3821 3443 3875 adhuc

1864 3913 2243 3983 subjungitur:
2285 3930 2304 3963 ‹
2339 3912 2572 3966 Necesse
2610 3919 2692 3965 cst
2737 3911 2881 3964 enim
2935 3920 2992 3964 ut
3017 3913 3235 3966 veniant
3284 3927 3438 3966 scan-

1871 4025 1888 4057 ‹
1924 4005 2064 4070 dala;
2098 3999 2476 4058 verumtamen
2492 4019 2572 4058 va:
2596 4003 2798 4058 homini
2826 4018 2924 4070 per
2944 4019 3102 4073 quem
3133 4002 3446 4058 scandalum

1872 4114 1891 4147 ‹
1918 4096 2080 4151 venit.
2105 4116 2122 4146 ›
2144 4095 2296 4161 Quod
2317 4104 2496 4149 autem
2510 4095 2603 4158 ait,
2631 4113 2648 4145 ι
2671 4109 2892 4150 necesse
2906 4104 3010 4159 est,
3030 4113 3048 4145 ι
3070 4094 3175 4169 tale
3204 4101 3286 4148 est
3311 4107 3375 4146 ac
3398 4093 3442 4146 si

1867 4189 2101 4244 diceret:
2132 4188 2248 4244 Non
2295 4197 2471 4258 potest
2514 4204 2632 4244 esse
2662 4199 2721 4242 ut
2750 4189 3002 4244 scandala
3048 4205 3154 4244 non
3202 4191 3441 4242 veniant.

1874 4282 2147 4354 «:0portet
2175 4283 2318 4337 enim
2361 4290 2415 4337 et
2441 4283 2678 4338 haereses
2712 4298 2852 4347 esse,
2883 4301 2901 4334 ›
2937 4283 3076 4336 sicut
3111 4283 3187 4334 ait
3211 4281 3443 4350 Aposto-

1869 4373 1972 4440 lus,
1995 4393 2012 4424 ι
2043 4383 2100 4428 ιιι
2121 4374 2210 4443 qui
2232 4373 2443 4442 probati
2470 4381 2615 4436 sunt,
2643 4371 2917 4425 manifesti
2940 4372 3068 4423 fiant
3093 4368 3140 4438 (Ι
3160 4368 3395 4438 Cor.xr).
3422 4389 3440 4417 ι

1870 4467 1936 4521 Et
1963 4466 2067 4521 alia
2099 4465 2415 4535 Scriptura:
2450 4483 2468 4516 ς
2524 4463 2664 4518 Vasa
2712 4463 2855 4532 ﬁguli
2885 4463 3077 4531 prohat
3129 4460 3341 4520 fornax,
3389 4470 3445 4513 ct

186 4531 396 4611 morem
424 4553 709 4625 provinciae
740 4552 998 4622 loquitur,
1028 4550 1117 4604 ubi
1145 4552 1286 4620 apud
1309 4559 1520 4605 veteres
1546 4550 1758 4606 Judaeos

1868 4558 2112 4614 homines
2132 4531 2309 4626 justos
2336 4555 2560 4610 tentatio
2585 4531 2945 4608 tribulationis
2985 4551 3172 4621 (Eccli.
3196 4551 3386 4621 xxvu).
3422 4569 3441 4601 ι

186 4645 449 4714 capitalia
496 4643 722 4697 crimina
775 4643 876 4695 hoc
934 4639 1194 4710 supplicio
1220 4641 1595 4710 puniebantur.
1643 4641 1760 4697 Non

188 4747 322 4803 ergo
339 4733 630 4788 arbitretur
649 4731 765 4785 leue
786 4739 1066 4799 peccatum
1081 4745 1202 4784 esse
1225 4731 1538 4786 scandalum
1557 4732 1762 4798 fratris,

189 4838 320 4877 cum
349 4821 836 4876 scandalizantibus
879 4821 1000 4875 talis
1038 4834 1197 4889 poma
1246 4823 1575 4890 praedicitur,
1629 4840 1767 4894 quo-

189 4915 338 4970 niam
366 4913 504 4967 sicut
532 4912 657 4966 alibi
680 4913 732 4966 in
758 4911 1050 4982 E‘vangelio
1075 4911 1152 4964 ait
1177 4928 1188 4963 :
1221 4930 1239 4962 ε
1270 4911 1369 4979 Qui
1395 4915 1589 4968 dixerit
1613 4915 1767 4970 fratri

190 5022 317 5070 suo,
344 5003 511 5069 fatue,
529 5020 656 5058 reus
671 5004 772 5058 erit
789 5004 1046 5074 gehennae
1061 5003 1202 5073 ignis
1217 5003 1432 5075 (Matth.
1452 5006 1546 5077 vi).
1571 5027 1588 5058 ι
1611 5008 1765 5074 Quod

191 5111 254 5152 se
275 5109 470 5151 cavere
494 5095 714 5148 omnino
734 5094 1022 5164 Apostolus
1049 5095 1306 5159 ostendit,
1333 5110 1453 5150 cum
1474 5099 1550 5150 ait
1573 5112 1587 5150 :
1617 5117 1635 5148 ‹
1656 5099 1766 5153 Me-

191 5189 299 5244 lius
324 5189 464 5242 enim
510 5188 642 5242 mihi
667 5195 750 5242 est
785 5202 893 5242 non
943 5187 1270 5242 manducare
1319 5203 1562 5254 carnem,
1592 5206 1767 5261 neque

190 5282 382 5338 bibere
405 5282 608 5347 vinum,
639 5295 812 5350 neque
834 5279 1031 5348 aliquid
1067 5278 1120 5333 in
1149 5295 1255 5348 quo
1283 5279 1504 5336 fratrem
1533 5285 1765 5338 scanda-

192 5375 353 5428 lizem
378 5372 556 5443 (Rom.
586 5375 718 5439 xlv).
754 5393 772 5424 ι
804 5372 847 5425 Α
872 5387 979 5441 quo
1019 5382 1241 5442 peccato
1268 5374 1430 5428 etiam
1478 5375 1768 5446 discipulos

192 5478 325 5519 suos
347 5463 905 5533 compescit,'dicens:
944 5479 962 5512 ‹
1001 5461 1176 5528 Quare
1217 5472 1273 5517 tu
1299 5465 1633 5523 scandalizas
1655 5467 1768 5523 fra-

151 5540 157 5628 ς
193 5563 338 5607 trem
364 5561 534 5617 tuum,
566 5561 666 5634 aut
681 5567 849 5621 quare
875 5553 1082 5622 spernis
1111 5553 1306 5606 illum?
1337 5575 1354 5606 ι
1391 5555 1577 5629 (Ιὸἱά.)
1605 5558 1768 5630 Igitur

193 5643 251 5698 in
274 5651 531 5712 quantum
560 5658 867 5711 possumus,
891 5641 1043 5712 juxta
1063 5642 1302 5712 Apostoli
1325 5647 1765 5717 admonitionem,

190 5731 506 5789 scandalum
542 5733 764 5789 fratrum
801 5736 968 5789 vitare
1017 5735 1306 5800 debemus;
1355 5739 1396 5794 si
1447 5749 1623 5798 autem
1673 5759 1768 5809 pro

1868 4647 2024 4703 Pacis
2055 4654 2234 4699 autem
2262 4654 2505 4714 tempore
2535 4661 2640 4699 non
2665 4643 2821 4697 facile
2847 4641 3079 4696 discerni
3099 4651 3297 4712 potest,
3324 4642 3447 4710 quis

1870 4740 2042 4794 bonus
2073 4737 2311 4792 malusve
2361 4737 2451 4792 sit.
2508 4735 2613 4790 Sed
2645 4750 2766 4789 cum
2817 4734 3304 4789 scandalizatorum
3353 4733 3449 4788 ﬂa-

1871 4828 2010 4882 verit
2034 4836 2248 4892 ventus,
2271 4826 2456 4881 faciles
2493 4837 2548 4881 et
2571 4835 2760 4880 tenues
2798 4824 3044 4894 projiciet
3083 4825 3235 4894 quasi
3263 4824 3447 4894 paleas

1875 4928 2002 4974 ante
2031 4917 2222 4972 faciem
2247 4917 2413 4982 venti,
2440 4932 2607 4988 grana
2631 4931 2758 4971 vero
2795 4917 3144 4986 congregabit
3170 4916 3222 4970 in
3253 4917 3446 4971 horrea

1874 5011 2096 5066 Christi.
2129 5009 2219 5064 Vae
2245 5024 2372 5080 ergo
2396 5009 2602 5064 homini
2633 5007 2707 5061 illi
2735 5007 2825 5076 qui
2853 5007 3013 5062 talem
3045 5024 3104 5064 se
3123 5010 3360 5076 exhibet,
3389 5018 3447 5062 ut

1876 5102 2072 5156 malum
2103 5102 2246 5170 quod
2272 5110 2556 5156 venturum
2581 5108 2664 5154 est
2691 5115 2787 5170 per
2807 5098 2923 5168 ejus
2951 5101 3307 5156 ministerium
3350 5101 3448 5154 im-

1874 5195 2105 5266 pleatur,
2135 5194 2202 5248 de
2240 5195 2434 5264 quibus
2454 5195 2714 5249 Dominus
2751 5195 2863 5248 ait:
2899 5213 2917 5246 ‹
2962 5194 3133 5250 Mittet
3154 5195 3324 5250 Filius
3348 5195 3447 5250 ho-

1875 5287 2036 5341 minis
2057 5285 2274 5355 angelos
2302 5299 2448 5350 suos,
2475 5296 2529 5340 et
2549 5286 2798 5357 colligent
2820 5287 2885 5341 de
2910 5302 3076 5357 regno
3113 5286 3229 5354 ejus
3268 5286 3446 5341 omnia

1876 5377 2148 5442 scandala,
2178 5387 2234 5432 et
2261 5379 2473 5432 tradent
2503 5393 2564 5433 ea
2608 5379 2660 5432 in
2718 5379 2984 5434 caminum
3023 5381 3162 5449 ignis
3209 5379 3448 5434 ardentis

1877 5470 2089 5540 (Matth.
2115 5471 2257 5541 xm).
2288 5491 2306 5523 ›
2352 5471 2503 5538 Quod
2544 5471 2754 5527 facilius
2793 5472 3155 5542 intelligimus,
3198 5471 3242 5524 si
3281 5484 3448 5521 unum

1875 5561 1942 5616 ad
1965 5562 2198 5616 medium
2225 5561 2578 5630 deducamus,
2623 5562 2812 5618 Judam
2841 5563 3046 5617 scilicet
3070 5559 3278 5615 Domini
3317 5572 3445 5626 pro-

1876 5654 2127 5717 ditorem,
2175 5654 2241 5708 de
2277 5671 2381 5724 quo
2428 5656 2539 5725 ipse
2587 5663 2824 5725 tempore
2875 5652 3137 5724 passionis
3166 5666 3278 5704 sua:
3329 5649 3446 5702 ait:

1885 5765 1901 5796 ι
1939 5744 2104 5799 Filius
2144 5745 2375 5801 hominis
2429 5748 2568 5801 vadit
2624 5749 2764 5802 sicut
2804 5746 3062 5814 scriptum
3107 5751 3190 5798 est
3231 5741 3296 5797 de
3337 5739 3448 5804 illo,
