4002 6348
585 340 692 397 7ῗῦ

1184 339 1536 395 HAYMONIS
1576 338 2054 395 llALBERSTAT.
2097 333 2311 392 EPISC.
2351 336 2501 393 OPP.
2542 337 2721 395 PARS
2759 338 2821 395 II.
2861 370 2931 380 —
2959 339 3191 396 ΗΟΜῘῙῙ.

3765 344 3894 401 776

583 467 665 506 va:
704 450 911 506 homini
956 450 1032 504 illi
1062 464 1159 519 per
1207 464 1369 517 quem
1412 448 1895 520 tradetur.(.llattlt.
1924 447 2096 519 xxvi).
2126 467 2145 499 ι
2180 448 2231 507 A
2255 446 2411 502 dulce
2450 456 2535 504 est
2569 450 2713 520 quod
2751 451 2927 508 adhuc
2955 452 3309 519 subinfertur,
3359 468 3530 525 quare
3568 470 3697 511 non
3740 460 3885 514 ἐἰπε

582 539 812 595 Necesse
833 540 974 593 enim
997 547 1134 602 erat,
1167 546 1225 590 ut
1244 537 1413 591 Filius
1442 538 1532 589 Dei
1557 553 1653 605 pro
1680 538 1833 591 nobis
1851 537 2155 605 passionem

582 630 893 691 sustineret,
923 627 1015 681 sed
1048 642 1124 679 va:
1143 625 1311 689 Judaa,
1349 627 1441 694 qui
1476 636 1716 680 nostrum
1744 628 1969 689 bonum,
1998 641 2154 680 suum

582 717 710 773 fecit
742 717 960 771 malum.
997 716 1063 769 Et
1097 712 1163 769 ne
1192 715 1386 784 aliquis
1423 716 1523 770 sub
1568 717 1849 771 occasione
1881 717 2152 785 proximo-

578 824 701 862 rum
735 808 817 861 vel
873 806 1169 861 amicorum
1196 823 1226 860 a
1253 808 1339 861 via
1393 808 1484 861 Dei
1537 808 1636 862 sibi
1670 808 2026 861 recedendum
2055 795 2155 875 pué

578 905 735 966 tagct,
767 913 981 952 omnem
1008 898 1266 966 magister
1295 898 1539 952 veritatis
1589 913 1828 953 errorem
1860 897 1998 951 tollit
2031 912 2153 951 cum

576 955 953 1058 subjungitur:
992 1007 1009 1039 ι
1049 955 1126 1042 εἴ
1153 996 1333 1041 autem
1383 1003 1575 1043 manus
1605 997 1717 1052 tua,
1764 988 1845 1040 vel
1893 1002 1987 1057 pes
2031 996 2152 1049 tuus

579 1094 599 1127 ι
644 1079 974 1133 scandalizat
1020 1087 1089 1141 te,
1133 1078 1386 1133 abscinde
1433 1092 1555 1131 eum
1602 1089 1653 1131 et
1701 1078 1899 1146 projice
1930 1078 2027 1132 abs
2076 1084 2149 1131 te.

579 1186 599 1217 ί
635 1166 842 1222 Βοηιιιιι
872 1177 956 1224 est
985 1168 1076 1223 tibi
1109 1167 1175 1221 ad
1210 1168 1375 1222 vitam
1407 1168 1612 1236 ingredi
1640 1168 1868 1223 debilem
1889 1169 1972 1222 vel
2000 1170 2151 1224 clau-

579 1279 598 1310 ‹
634 1259 787 1324 dum,
815 1276 977 1330 quam
1018 1262 1155 1317 duas
1176 1275 1366 1314 manus
1391 1261 1473 1314 vel
1500 1260 1635 1315 duos
1664 1262 1825 1329 pedes
1862 1261 2150 1316 habentem

578 1370 597 1402 ι
630 1350 775 1404 mitti
806 1351 857 1405 in
883 1352 1184 1421 gehennam
1232 1350 1390 1420 ignis.
1432 1350 1499 1404 Et
1530 1352 1574 1405 si
1620 1351 1808 1406 oculus
1839 1360 1961 1405 tuus
1990 1367 2149 1406 scau-

577 1459 599 1493 ‹
629 1441 919 1506 dalizatte,
959 1456 1090 1495 erue
1126 1439 1271 1494 illum
1308 1448 1363 1493 et
1391 1440 1593 1509 projice
1615 1439 1714 1495 abs
1739 1448 1808 1494 te.
1836 1439 2038 1494 Bonum
2067 1447 2157 1494 est

575 1548 595 1582 ι
634 1531 727 1586 tibi
749 1547 873 1585 cum
898 1546 1006 1585 uno
1031 1530 1187 1585 oculo
1241 1530 1443 1583 intrare
1495 1530 1565 1584 ad
1617 1530 1802 1595 vitam,
1831 1545 1989 1599 quam
2017 1529 2148 1585 duos

574 1638 595 1671 ι
631 1621 814 1675 oculos
840 1620 1151 1683 habentem,
1186 1619 1324 1679 mitti
1348 1620 1401 1673 in
1428 1620 1729 1689 gehennam
1754 1619 1909 1689 ignis.
1940 1638 1955 1669 ι
1987 1617 2147 1673 Juxta

568 1713 805 1767 litteram
828 1719 1085 1781 quantum
1134 1711 1424 1766 abhorreat
1482 1711 1603 1775 hoc,
1656 1709 1811 1765 facile
1842 1719 2004 1779 patet.
2038 1709 2145 1764 Sed

2257 539 2631 592 contemnendi
2658 557 2672 592 :

2330 643 2349 675 ι
2380 625 2511 680 Dico
2536 626 2678 680 enim
2721 626 2897 693 vobis,
2950 627 3078 697 quia
3128 631 3301 701 angeli
3341 647 3533 690 eorum
3585 637 3653 690 in
3706 637 3887 695 antis

2261 732 2280 765 ι
2316 730 2528 784 semper
2548 718 2729 772 vident
2755 717 2946 774 faciem
2971 718 3150 774 Patris
3174 723 3279 775 mei
3302 724 3393 792 qui
3419 726 3471 779 in
3500 726 3668 780 caelis
3694 736 3821 781 est.
3856 747 3879 778 ι

2253 803 2310 858 In
2341 806 2445 860 hoc
2466 806 2583 862 loco
2611 808 2883 872 discimus,
2909 810 3036 878 quia
3058 815 3428 884 unusquisque
3452 816 3736 882 fidelium,
3770 836 3881 873 ano

2254 897 2435 965 gelum
2464 901 2534 954 ob
2562 899 2643 954 sui
2695 901 2995 956 custodiam
3043 903 3354 972 deputatum
3400 908 3587 972 habet,
3649 910 3763 979 qui
3820 919 3884 964 et

2253 1002 2375 1042 eum
2396 1004 2427 1042 a
2458 991 2843 1046 tentationibus
2869 992 3128 1059 defendit,
3157 1003 3213 1049 et
3246 996 3301 1049 in
3345 997 3647 1055 virtutibus
3672 998 3875 1067 juvat,

2254 1079 2396 1135 sicut
2416 1079 2704 1150 Apostolus
2733 1082 2786 1136 in
2839 1082 3065 1152 epistola
3111 1085 3179 1138 ad
3209 1084 3465 1142 Hehrreos
3491 1089 3610 1143 ait:
3655 1107 3684 1141 ι
3746 1090 3875 1145 Διι-

2252 1169 2353 1239 geli
2407 1180 2534 1226 sunt
2577 1173 3026 1233 administratorji
3073 1176 3312 1245 spiritus,
3367 1180 3420 1233 in
3466 1180 3866 1237 ministerium

2251 1260 2401 1339 missi
2432 1270 2649 1331 propter
2675 1264 2917 1333 eos,-qui
2963 1264 3327 1321 haereditatem
3382 1270 3627 1339 capient.
3653 1272 3869 1328 salutis

2252 1336 2438 1418 (Hebr.
2464 1349 2525 1421 1).
2558 1369 2578 1403 ι
2613 1351 2679 1405 Ει
2703 1351 2991 1407 Psalmista
3018 1351 3086 1409 de
3110 1352 3259 1422 justo
3286 1336 3568 1424 quolibet:
3604 1378 3631 1410 ι
3671 1360 3866 1430 Ange-

2251 1437 2315 1492 lis
2338 1439 2449 1493 suis
2478 1440 2754 1495 mandavit
2780 1441 2848 1495 de
2872 1448 2949 1507 te,
2992 1449 3051 1496 ut
3079 1444 3385 1507 custodiant
3407 1452 3461 1500 te
3498 1446 3553 1500 in
3578 1448 3863 1503 omnibus

2247 1529 2353 1584 viis
2379 1531 2504 1596 tuis,
2526 1540 2581 1585 et
2602 1532 2660 1586 in
2686 1533 2935 1599 manibus
2980 1532 3169 1588 tollent
3199 1544 3273 1600 te,
3296 1538 3372 1590 'ne
3416 1535 3567 1597 forte.
3583 1537 3862 1595 oﬂ‘endas

2246 1621 2315 1675 ad
2341 1620 2572 1689 lapidem
2607 1622 2795 1691 pedem
2821 1630 2968 1678 tuum
2998 1621 3171 1694 (Psal.
3196 1623 3306 1694 xc).
3336 1645 3359 1678 ι
3396 1626 3534 1683 Hinc
3563 1627 3637 1681 de
3674 1628 3854 1684 Petro

2248 1710 2301 1763 in
2329 1711 2554 1766 Actibus
2605 1712 2972 1782 apostolorum
3023 1714 3269 1784 legimus,
3299 1718 3425 1785 quia
3451 1734 3577 1773 cum
3623 1720 3712 1774 ab
3756 1736 3856 1776 an.

568 1816 691 1855 cum
714 1817 743 1855 a
768 1801 948 1856 littera
975 1800 1333 1863 excludimur,
1380 1800 1674 1869 spiritualis
1719 1816 1908 1855 sensus
1950 1808 2033 1855 est
2062 1816 2146 1857 re-
2174 1792 2222 1854 B
2248 1797 2367 1869 gelo
2390 1799 2456 1853 de
2478 1815 2698 1856 carcere
2740 1801 2967 1857 eductus
3013 1803 3236 1873 januam
3286 1805 3503 1874 pulsare
3547 1810 3853 1877 ccepisset,

566 1892 880 1961 quirendus.
913 1892 1017 1946 Per
1036 1891 1140 1945 hoc
1160 1890 1300 1960 quod
1330 1906 1543 1956 manus,
1567 1906 1681 1961 pes,
1712 1892 1920 1958 oculus,
1948 1896 2146 1951 nostris

564 1982 973 2038 necessitatibus
1011 1980 1378 2035 necessariora
1423 1988 1573 2046 sunt,
1633 1983 2057 2052 propinquorum
2092 1992 2146 2038 et

564 2072 1011 2128 charissimorum
1032 2069 1254 2126 affectus
1279 2072 1331 2125 in
1359 2072 1463 2125 hoc
1493 2071 1610 2135 loco
1633 2072 1967 2143 designatur.
1997 2073 2075 2128 Ac
2096 2075 2143 2130 si

562 2162 770 2217 diceret
818 2161 1113 2223 Dominus:
1150 2160 1206 2214 Si
1256 2160 1378 2229 quis
1420 2161 1516 2215 tibi
1561 2160 1723 2216 fuerit
1764 2165 2035 2232 pretiosus
2083 2173 2144 2220 ut

562 2254 773 2318 oculus,
798 2254 1131 2323 propinquus
1159 2261 1219 2306 ut
1239 2267 1352 2322 pes,
1386 2254 1723 2308 necessarius
1750 2262 1810 2308 ut
1852 2271 2060 2319 manus,
2090 2264 2147 2310 et

561 2346 705 2401 avia
748 2345 843 2400 Dei
896 2353 947 2399 te
1002 2341 1251 2398 recedere
1301 2343 1648 2413 persuaserit,
1697 2342 1854 2413 hujus
1904 2360 2143 2401 amorem

560 2438 817 2492 abscinde
847 2447 902 2490 et
928 2436 1024 2490 abs
1064 2446 1116 2489 te
1159 2434 1379 2504 projice.
1437 2432 1626 2490 Melius
1672 2445 1754 2489 est
1785 2444 1835 2489 te
1864 2435 2035 2489 solum
2062 2436 2144 2489 in-

471 2523 474 2527 ’
559 2535 707 2581 trarc
727 2525 793 2580 ad
821 2525 1009 2590 vitam,
1029 2540 1189 2593 quam
1213 2539 1334 2578 cum
1358 2524 1526 2577 multa
1549 2525 1701 2578 turba
1724 2525 2142 2594 propinquorum

560 2616 699 2671 mitti
727 2617 782 2671 in
812 2616 991 2686 ignem
1025 2623 1302 2691 aeternum.
1344 2633 1361 2665 ι
1401 2613 1541 2681 Quid
1595 2614 1811 2685 proficit
1848 2616 2051 2670 homini
2094 2617 2141 2671 si

559 2714 731 2762 totum
756 2707 997 2769 lucretur
1043 2708 1322 2773 mundum,
1376 2707 1570 2762 animtc
1627 2717 1805 2762 autem
1836 2708 2139 2763 sutedetri-

559 2804 799 2850 mentum
826 2797 1142 2866 patiatur?»
1170 2796 1381 2869 (Matth.
1411 2797 1546 2869 xvi.)
1564 2798 1725 2852 Verbi
1745 2799 1917 2868 gratia
1941 2815 1955 2851 :
1978 2798 2140 2852 Blan-

558 2886 705 2944 ditur
740 2903 896 2951 uxor,
934 2889 1170 2943 minatur
1215 2900 1391 2959 pater,
1439 2890 1723 2959 persuadet
1750 2898 1941 2956 mater,
1973 2890 2141 2961 lacry-

557 2984 739 3030 matur
787 2975 953 3031 frater
982 2987 1036 3032 et
1067 2994 1240 3043 soror,
1291 2988 1351 3032 ut
1378 2989 1557 3032 autem
1588 2979 1641 3032 in
1693 2980 1778 3034 via
1813 2980 2024 3035 Domini
2057 2989 2139 3036 sta

557 3065 767 3131 firmus,
800 3082 867 3122 ne
893 3067 1012 3122 illos
1042 3068 1303 3122 inutiliter
1330 3070 1562 3122 amando
1598 3084 1628 3122 a
1653 3069 1748 3127 Dei
1776 3084 1961 3124 amore
1990 3083 2138 3124 rece-

556 3160 675 3225 das,
707 3158 799 3214 sed
827 3159 976 3228 juxta
1009 3160 1137 3214 illud
1177 3161 1317 3228 quod
1345 3160 1472 3215 alibi
1508 3161 1617 3215 ait:
1652 3182 1668 3211 ι
1708 3161 1837 3216 Sine
1864 3169 2130 3226 mortuos,
2162 3133 2205 3195 Ο

555 3260 795 3306 mortuos
824 3268 948 3308 suos
971 3251 1215 3320 sepelire,
1248 3259 1301 3304 tu
1324 3264 1503 3306 autem
1545 3268 1772 3322 sequere
1800 3268 1885 3308 me
1915 3251 2131 3325 (Matth.

555 3342 697 3412 vui).
733 3362 751 3394 ›
786 3342 970 3411 Neque
998 3343 1099 3397 hoc
1128 3342 1381 3407 diximus,
1410 3343 1551 3412 quod
1580 3342 1893 3412 parentibus
1923 3352 1978 3397 et
2000 3342 2136 3397 ami-

553 3428 633 3484 cis
655 3429 845 3499 ingrati
868 3439 923 3483 ct
948 3429 1313 3485 inobedientes
1333 3443 1453 3483 esse
1475 3428 1783 3491 debeamus,
1807 3429 1898 3482 sed
1920 3430 2133 3496 quando

555 3533 587 3571 a
625 3519 706 3572 via
732 3518 822 3572 Dei
874 3532 1151 3572 removere
1190 3516 1474 3579 voluerint,
1505 3526 1630 3570 tunc
1656 3530 1845 3569 eorum
1894 3531 2132 3572 amorem

555 3606 932 3661 abscindamus
960 3622 991 3659 a
1014 3605 1188 3659 nobis.
1218 3605 1483 3659 Caeterum
1505 3619 1627 3657 cum
1649 3619 1742 3657 eos
1762 3603 1929 3658 Deum
1952 3620 2133 3660 amare

554 3697 983 3766 cognoverimus,
1017 3694 1303 3764 dupliciter
1341 3709 1371 3746 a
1417 3692 1572 3747 nobis
1632 3692 1931 3747 honorandi
1985 3703 2130 3749 sunt.

553 3786 815 3849 Primum,
847 3786 973 3854 quia
1020 3782 1153 3851 justi
1187 3791 1306 3837 sunt
1338 3799 1351 3835 :
1403 3782 1618 3848 deinde,
1648 3783 1775 3851 quia
1824 3783 2129 3852 propinqui,

556 3878 782 3931 Domino
809 3878 1019 3931 dicente
1071 3877 1125 3929 in
1152 3876 1306 3945 lege:
1350 3893 1368 3924 ι
1407 3873 1621 3928 Honora
1667 3884 1875 3944 patrem
1908 3885 2056 3929 tuum
2079 3883 2135 3931 et

555 3975 805 4028 matrem,
855 3976 914 4019 ut
942 3967 1079 4020 bene
1108 3965 1178 4019 sit
1227 3964 1343 4029 tibi,
1399 3972 1453 4018 et
1506 3965 1664 4035 longo
1709 3967 1860 4020 vivas
1893 3951 2131 4039 tempore

556 4056 756 4129 (Exod.
781 4057 894 4124 xx).
926 4075 944 4107 ι
974 4054 1109 4109 Hinc
1132 4055 1419 4124 Apostolus
1442 4054 1550 4108 ait:
1583 4074 1603 4106 ‹
1657 4054 1714 4109 Si
1757 4058 1877 4125 quis
1914 4071 2131 4111 suorum

554 4162 740 4203 curam
762 4162 867 4200 non
888 4144 1079 4210 habet,
1105 4155 1159 4199 et
1188 4145 1422 4200 maxime
1468 4145 1725 4209 fidelium,
1758 4147 1913 4201 [idem
1964 4162 2131 4219 nega-

555 4240 653 4305 vit,
690 4247 745 4293 et
788 4247 871 4293 est
919 4237 1120 4292 infideli
1180 4236 1416 4291 deterior
1458 4235 1510 4306 (I
1539 4235 1674 4290 Tim.
1700 4238 1776 4307 v).
1812 4256 1830 4288 ι
1864 4236 2129 4304 Quantam

554 4337 736 4384 autem
762 4327 1174 4381 sollicitudinem
1210 4333 1263 4379 et
1292 4340 1478 4379 curam
1511 4326 1766 4399 Dominus
1811 4326 1875 4380 de
1917 4327 2000 4381 his
2029 4328 2127 4380 ha-

2247 1890 2430 1948 lideles
2457 1892 2548 1962 qui
2573 1902 2954 1957 convenerant,
2982 1895 3229 1951 dicebant
3254 1910 3269 1949 :
3304 1914 3324 1946 ι
3361 1896 3475 1952 Non
3495 1910 3584 1955 est
3612 1899 3849 1965 Petrus,

2245 1982 2338 2035 sed
2357 1981 2579 2051 angelus
2607 1980 2722 2049 ejus
2751 1981 2889 2052 (Act.
2914 1983 3035 2054 xu).
3064 2002 3083 2036 ι
3118 1984 3304 2055 Angeli
3329 2001 3458 2057 ergo
3477 1989 3844 2057 parvulorum

2243 2085 2455 2141 semper
2490 2071 2673 2126 vident
2708 2071 2899 2128 faciem
2946 2072 3142 2140 Patris,
3188 2076 3315 2145 quia
3366 2077 3410 2131 si
3450 2089 3686 2149 propter
3745 2096 3844 2136 nos

2243 2161 2389 2219 foras
2412 2171 2630 2229 exeunt,
2657 2172 2715 2217 ut
2734 2164 2802 2218 ab
2828 2164 2944 2234 ejus
2970 2165 3176 2221 visione
3212 2183 3489 2238 nunquam
3534 2173 3836 2236 recedant,

2244 2257 2383 2311 sicut
2412 2256 2524 2325 ipse
2574 2253 2796 2324 angelus
2839 2254 3081 2323 ltaphael
3117 2256 3186 2315 ad
3218 2255 3443 2312 Tobiam
3486 2259 3600 2313 ait:
3642 2277 3668 2310 α
3726 2261 3838 2332 Ego

2244 2358 2362 2399 sum
2391 2359 2527 2397 unus
2556 2342 2622 2396 de
2669 2350 2873 2411 septem
2901 2343 3199 2411 spiritibus,
3225 2346 3317 2415 qui
3361 2347 3681 2413 assistimus
3712 2359 3838 2404 ante

2243 2431 2411 2499 Deum
2438 2432 2589 2504 (Tob.
2616 2432 2734 2504 xu).
2766 2452 2784 2484 ι
2820 2430 2888 2486 Ει
2909 2433 3134 2488 Daniel:
3168 2454 3185 2485 ι
3222 2435 3387 2490 Millia
3416 2436 3647 2491 miUium
3680 2440 3838 2493 mini-

2243 2525 2487 2579 strabant
2512 2524 2585 2587 ei,
2613 2533 2670 2578 et
2706 2523 2890 2578 decies
2919 2523 3113 2580 millies
3140 2536 3368 2581 centena
3409 2528 3578 2581 millia
3608 2532 3837 2585 assiste-

2241 2616 2372 2671 bant
2401 2616 2450 2670 ei
2475 2614 2636 2687 (Dan.
2658 2616 2776 2684 vu).
2810 2634 2828 2667 ι
2882 2615 3069 2685 Angeli
3107 2617 3252 2672 enim
3278 2618 3370 2688 qui
3401 2621 3660 2674 custodes
3708 2634 3835 2676 sunt

2240 2707 2365 2769 vita:
2389 2714 2611 2771 nostra},
2639 2707 2914 2761 orationes
2953 2716 3007 2762 ct
3029 2722 3191 2777 opera
3229 2718 3416 2763 nostra
3435 2710 3546 2764 Deo
3570 2713 3832 2767 nuntiare

2241 2798 2551 2861 creduntur,
2584 2798 2723 2851 sicut
2746 2796 2967 2867 angelus
3003 2798 3079 2852 ait
3120 2798 3343 2853 Tobiae:
3390 2819 3410 2851 ι
3449 2799 3586 2854 Cum
3614 2817 3828 2868 orares,

2239 2901 2338 2958 ego
2374 2886 2540 2941 obtuli
2593 2888 2870 2943 orationes
2906 2897 3024 2942 tuas
3058 2896 3183 2943 ante
3233 2891 3403 2945 Deum
3462 2891 3622 2963 (Tob.
3646 2897 3773 2964 xu).
3802 2918 3821 2948 ι

2240 2976 2308 3031 Ει
2346 2976 2566 3031 Daniel:
2604 2997 2621 3028 ι
2656 2977 2735 3031 Ex
2768 2978 2854 3031 die
2881 2993 2987 3047 qua
3024 2981 3247 3048 posuisti
3271 2997 3370 3036 cor
3390 2990 3540 3036 tuum
3570 2984 3640 3038 ad
3669 2985 3827 3039 intel-

2240 3063 2530 3136 ligendum,
2564 3071 2622 3118 ut
2649 3073 2701 3119 te
2729 3063 2997 3136 amigeres.
3025 3068 3078 3121 in
3114 3079 3402 3138 conspectu
3424 3070 3545 3137 Dei,
3568 3074 3821 3129 exaudita

2237 3165 2361 3210 sunt
2397 3155 2561 3210 verba
2599 3165 2708 3222 tua,
2756 3165 2812 3211 et
2848 3172 2947 3227 ego
2990 3161 3111 3214 veni
3138 3171 3359 3232 propter
3383 3179 3655 3221 sermones
3688 3174 3816 3225 tuos

2235 3248 2395 3320 (Dan.
2424 3248 2501 3320 x).
2533 3269 2552 3302 ›
2588 3248 2668 3303 Tu
2705 3257 2887 3338 augm
2913 3252 3165 3317 Domine,
3212 3263 3318 3311 etc.

2746 3346 3090 3405 HOMILIA
3130 3351 3293 3408 Vlll.

2793 3444 2859 3484 DE
2882 3446 3241 3489 IARTYRIBUS.

2244 3584 2245 3587 η
2306 3521 2459 3593 (Luc.
2485 3520 2582 3593 vi.)
2614 3540 2633 3573 ί
2672 3521 2730 3577 in
2752 3522 2843 3577 illo
2872 3532 3145 3594 tempore:
3174 3526 3524 3585 Descendens
3557 3529 3720 3587 Iesus
3754 3534 3813 3588 de

2237 3630 2256 3664 ι
2287 3620 2488 3678 monte,
2540 3613 2692 3668 stetit
2731 3613 2785 3667 in
2815 3613 2935 3669 loco
2960 3617 3270 3686 campestri,
3311 3629 3366 3674 et
3394 3612 3562 3675 turba
3587 3625 3816 3693 discipu-

2237 3721 2256 3755 ι
2284 3704 2459 3759 lorum
2489 3704 2625 3775 ejus,
2682 3713 2736 3760 et
2777 3707 3064 3779 multitudo
3106 3711 3325 3780 copiosa
3372 3713 3550 3782 plebis
3576 3717 3651 3768 ab
3676 3717 3812 3770 oraui

2238 3812 2256 3845 ι
2285 3793 2468 3850 Judaaa
2490 3806 2546 3851 et
2581 3795 2902 3851 Jerusalem.
2934 3816 2953 3849 ο
2985 3798 3055 3852 Et
3083 3798 3311 3869 reliqua.
3354 3801 3477 3856 Non
3506 3805 3687 3858 solum
3725 3820 3813 3873 per

2232 3885 2551 3954 mysterium
2580 3883 2967 3940 incarnationis
3004 3888 3071 3941 de
3096 3888 3233 3945 etelo
3264 3891 3318 3944 in
3351 3898 3557 3945 terram
3591 3894 3815 3948 descen-

2232 3973 2365 4047 dens
2412 3975 2669 4030 Dominus
2711 3976 2867 4031 Jesus
2923 3977 3192 4047 Christus,
3234 3982 3488 4037 humana:
3515 3984 3815 4039 infirmitati

2232 4063 2661 4119 condescendere
2685 4065 2934 4135 dignatus
2959 4078 3064 4136 est,
3092 4072 3187 4125 sed
3211 4072 3374 4126 etiam
3404 4073 3459 4126 in
3482 4076 3693 4130 sanctis
3710 4076 3816 4130 suis

2232 4154 2569 4209 sermonibus
2594 4155 2661 4210 ad
2702 4155 2994 4212 humanam
3039 4160 3398 4230 ignorantiam
3440 4163 3814 4219 instruendam

2233 4242 2307 4296 ita
2335 4243 2630 4298 doctrinam
2658 4260 2811 4299 suam
2850 4250 3189 4318 temperavit,
3240 4261 3303 4305 ut
3328 4267 3434 4307 non
3462 4254 3646 4308 solum
3694 4270 3815 4325 per-

2231 4331 2377 4398 fecti,
2410 4335 2502 4389 sed
2528 4334 2693 4388 etiam
2729 4336 2910 4392 minus
2942 4337 3162 4408 perfecti
3189 4342 3366 4396 cibum
3395 4343 3525 4397 vita:
3572 4345 3815 4417 invenire

551 4431 699 4496 beat,
726 4431 817 4501 qui
858 4439 1023 4485 totam
1057 4445 1206 4501 spem
1234 4430 1290 4484 in
1322 4445 1386 4485 eo
1418 4439 1638 4499 ponunt,
1673 4429 1981 4485 manifestat
2004 4446 2124 4485 cum
2153 4464 2204 4525 Β
2230 4437 2470 4495 possent.
2502 4430 2745 4499 Denique
2770 4440 2829 4485 ut
2858 4447 3023 4502 supra
3073 4436 3401 4506 evangelista
3450 4438 3667 4504 retulit,
3696 4455 3813 4494 cum

553 4523 864 4594 subjungit:
895 4541 913 4573 ι
978 4522 1165 4577 Videte
1203 4536 1272 4575 ne
1318 4522 1676 4576 contemnatis
1722 4537 1883 4575 unum
1935 4537 2003 4576 ex
2041 4522 2125 4577 his

2229 4521 2595 4577 ascendissent
2620 4521 2673 4576 in
2701 4531 2962 4589 montem,
2992 4527 3160 4581 secuti
3189 4536 3316 4581 sunt
3342 4543 3466 4582 eum
3510 4529 3634 4599 ejus
3660 4531 3815 4586 disci-

550 4615 780 4685 pusillis.
814 4633 832 4665 ι
864 4614 965 4680 Qui
1003 4614 1146 4667 enim
1178 4612 1351 4683 pusilli
1389 4624 1444 4667 et
1496 4613 1723 4668 humiles
1768 4614 1822 4667 in
1874 4613 2127 4682 prtesenti
2226 4612 2336 4682 puli
2369 4612 2584 4683 (Matth.
2605 4625 2681 4684 v),
2713 4615 2803 4670 ubi
2853 4632 2975 4671 cum
3002 4618 3322 4688 perfectiora
3370 4623 3631 4678 mandata
3661 4625 3813 4694 quasi

549 4716 661 4769 vita
687 4721 907 4784 propter
938 4715 1104 4767 Deum
1159 4721 1305 4776 sunt,
1358 4727 1694 4782 nequaquam
1744 4713 2124 4767 contemnendi
2225 4718 2416 4773 capere
2442 4705 2740 4762 valentibus
2778 4707 3034 4773 dedisset,
3061 4711 3251 4766 nolens
3277 4723 3500 4783 propter
3543 4731 3646 4770 eos
3690 4718 3813 4771 sim-

551 4815 694 4862 sunt.
748 4805 934 4860 Pusilli
965 4819 1197 4873 namque
1253 4814 1397 4870 sunt,
1431 4814 1491 4858 ut
1521 4805 1773 4869 diximus,
1819 4805 1909 4873 qui
1938 4821 2122 4861 coram

2241 4794 2474 4849 iliciores
2516 4798 2703 4851 turbas
2748 4798 3079 4873 relinquere,
3121 4802 3317 4857 iterum
3367 4802 3717 4861 descendens
3751 4807 3815 4861 de

550 4904 724 4960 oculis
748 4905 860 4959 suis
888 4903 1117 4957 humiles
1142 4914 1266 4957 sunt
1291 4911 1345 4956 et
1394 4905 1652 4973 despecti,
1677 4906 1742 4959 dc
1768 4905 1965 4974 quibus
2006 4904 2123 4959 Sal-

550 5012 710 5056 valor
757 5001 835 5055 ait
880 5003 934 5055 in
965 5000 1287 5071 Evangelio:
1339 5020 1357 5051 ι
1411 5000 1587 5055 Nolite
1641 5002 1853 5067 timere,
1900 5003 2126 5072 pusillus

553 5115 702 5171 grex,
754 5100 881 5168 quia
913 5099 1242 5169 complacuit
1266 5098 1412 5153 Patri
1441 5107 1627 5152 vestro
1677 5098 1809 5153 dare
1835 5100 1990 5153 vobis
2034 5112 2124 5153 re-

552 5216 716 5273 gnum
746 5200 896 5272 (Luc.
928 5200 1048 5271 xu).
1074 5221 1092 5253 ι
1124 5199 1379 5269 Quisquis
1413 5214 1542 5271 ergo
1592 5199 1731 5259 tales
1759 5200 2126 5264 scandalizare

550 5318 658 5357 non
682 5302 890 5368 metuit,
933 5299 1153 5356 offendit
1186 5298 1354 5352 Deum
1381 5298 1469 5367 qui
1502 5298 1779 5352 habilatin
1813 5298 1937 5365 illis,
1987 5301 2127 5354 sicut

550 5402 664 5471 ipse
702 5417 800 5471 per
837 5401 1152 5470 prophetam
1187 5397 1355 5450 dicit:
1387 5415 1404 5445 ι
1450 5396 1553 5463 Qui
1598 5399 1769 5468 tangit
1814 5412 1928 5464 vos,
1969 5401 2123 5469 quasi

549 5502 641 5570 qui
673 5499 1114 5571 tangitpupillam
1138 5497 1276 5551 oculi
1302 5490 1619 5568 mei‘(Zarh.
1647 5498 1728 5568 ιι).
1760 5520 1777 5550 ι
1807 5498 1873 5551 Et
1894 5499 2117 5554 iterum:

555 5628 573 5655 ι
610 5604 782 5661 Nolite
813 5616 1031 5672 tangere
1060 5601 1293 5655 ehristos
1322 5616 1490 5666 meos,
1532 5611 1585 5657 ct
1613 5602 1664 5655 in
1694 5601 1966 5672 prOphctis
1991 5603 2123 5657 meis

549 5709 713 5763 nolite
776 5685 1054 5776 maliguari
1114 5701 1287 5775 (Ptol.
1327 5708 1453 5773 etv).
1508 5724 1525 5756 ›
1594 5702 1667 5758 De
1730 5704 1923 5772 quibus
1969 5704 2121 5759 valde

2226 4893 2427 4951 monte,
2464 4887 2610 4940 stetit
2638 4889 2692 4942 in
2733 4888 2852 4944 loco
2899 4892 3206 4960 campestri.
3257 4892 3317 4947 In
3366 4908 3475 4961 quo
3525 4910 3630 4949 suo
3671 4895 3814 4951 facto

2226 4976 2479 5040 ostendit,
2507 4976 2560 5030 in
2586 4977 2969 5045 praedicatione
3006 4982 3161 5051 juxta
3190 4982 3549 5051 capacitatem
3592 4987 3812 5040 audito.

2227 5081 2345 5119 rum
2375 5068 2775 5135 temperandum
2804 5084 2924 5124 esse
2963 5086 3265 5126 sermonem
3291 5072 3602 5127 doctorum.
3662 5075 3814 5130 Mons

2225 5156 2369 5208 enim
2409 5155 2463 5209 in
2508 5157 2610 5210 hoc
2640 5155 2755 5211 loco
2781 5157 3154 5226 perfectiorem
3182 5160 3450 5231 significat
3479 5161 3810 5217 doctrinam.

2228 5245 2345 5300 loca
2388 5260 2516 5299 vero
2569 5248 2918 5315 campestria,
2953 5249 3295 5304 humiliorem
3327 5250 3810 5320 praedicationem;

2229 5345 2390 5404 atque
2424 5336 2867 5391 communiorem.
2920 5337 3021 5403 Qui
3049 5339 3192 5393 enim
3240 5339 3371 5395 tales
3414 5350 3565 5405 sunt,
3598 5351 3663 5395 ut
3690 5356 3812 5397 cum

2230 5426 2484 5495 apostolis
2510 5426 2698 5481 audire
2736 5426 2980 5496 possint:
3018 5446 3038 5480 ι
3100 5429 3263 5485 Vobis
3303 5431 3487 5485 datum
3536 5440 3624 5486 est
3652 5447 3816 5487 nosse

2231 5517 2546 5587 mysterium
2562 5517 2712 5587 regni
2737 5518 2826 5572 Dei
2845 5517 3039 5588 (Marc.
3057 5518 3152 5589 tv),
3169 5539 3188 5570 ι
3205 5520 3489 5576 sublimius
3504 5522 3818 5576 instruendi

2229 5619 2373 5662 sunt.
2438 5609 2539 5675 Qui
2592 5623 2717 5663 vero
2772 5617 2993 5679 proliter
3037 5612 3232 5665 mentis
3290 5611 3691 5677 infirmitatem,
3749 5612 3818 5666 ad

2229 5700 2472 5756 altiorem
2509 5716 2612 5755 non
2640 5710 2861 5771 possunt
2894 5701 3183 5758 ascendere
3208 5703 3532 5769 doctrinam,
3570 5704 3819 5759 minimis
