4002 6348
151 363 254 420 777

1385 365 1688 424 HOMILUE
1725 365 1813 424 DE
1853 366 2158 425 SANCTIS.

3305 377 3410 435 778

145 478 432 548 praeceptis
462 489 584 534 sunt
613 480 914 546 erudiendi,
961 489 1020 536 ut
1047 451 1353 552 qui’idonei
1383 497 1722 552 nequaquam
1750 483 1798 543 A
1827 489 1974 546 sunt,
2005 490 2060 537 et
2092 497 2160 537 ex
2194 490 2348 554 parte
2376 498 2497 540 cum
2524 488 2818 544 corticibus
2843 488 3223 560 relinquendae.
3251 491 3411 561 Quia,

147 574 390 630 existunt
418 574 484 627 ad
515 571 758 629 facienda
788 575 948 639 bona,
975 575 1164 630 saltem
1191 591 1295 629 non
1326 574 1434 628 sint
1467 575 1730 642 proclives

144 669 215 723 ad
249 667 606 738 perpetranda
628 666 786 719 mala.
819 665 968 732 Quod
996 666 1121 720 alibi
1153 666 1409 720 Dominus
1430 681 1526 720 suo
1547 681 1731 720 exem-

139 758 238 830 pio
257 758 651 821 ostendit,cum
674 757 885 811 cuidam
906 757 1166 826 quaerenti
1192 756 1406 828 (Matth.
1425 756 1538 827 xv),
1571 776 1589 808 ‹
1621 757 1731 810 Ma-

140 852 330 924 gister,
385 850 512 921 quid
555 849 799 904 faciendo
846 848 1013 902 vitam
1062 856 1318 902 aeternam
1365 845 1666 918 possidebo,
1704 866 1724 898 ι

139 942 301 1013 quasi
337 941 390 996 in
418 940 750 997 convallibus
779 940 1010 995 moranti
1057 938 1369 1009 respondit:
1405 959 1421 991 ι
1471 937 1729 994 Mandata

137 1031 330 1089 nosti?
377 1031 492 1086 Non
524 1031 757 1095 occides,
805 1045 912 1085 non
942 1027 1322 1094 mtecbaberis,
1378 1043 1485 1083 non
1534 1027 1729 1083 falsum

138 1124 511 1182 testimonium
569 1124 738 1189 dices,
789 1138 895 1178 non
949 1123 1300 1193 concupisces
1349 1135 1464 1176 rem
1492 1121 1729 1190 proximi

137 1219 245 1284 tui,
275 1217 479 1272 honora
505 1224 714 1286 patrem
735 1223 787 1271 et
820 1223 1068 1270 matrem.
1100 1233 1120 1268 ι
1151 1212 1256 1268 Sed
1293 1212 1383 1268 illo
1409 1213 1731 1283 responden-

133 1319 214 1374 te,
249 1330 266 1362 ε
302 1308 429 1364 Haec
458 1308 639 1363 omnia
662 1307 927 1363 custodivi
957 1322 987 1361 a
1007 1306 1291 1376 juventute
1317 1320 1457 1371 mea,
1492 1324 1510 1357 ι
1539 1313 1725 1362 osten-

133 1403 222 1457 dit
251 1403 298 1456 ei
331 1409 567 1456 montem
598 1400 937 1470 perfectioris
983 1399 1261 1466 doctrinae,
1292 1400 1512 1468 dicens:
1547 1417 1568 1451 ¢
1617 1399 1728 1454 Ad-

133 1495 249 1550 huc
276 1510 440 1548 unum
485 1493 582 1548 tibi
607 1493 778 1548 deest.
832 1491 888 1548 Si
919 1493 1002 1548 vis
1038 1492 1313 1564 perfectus
1341 1507 1479 1558 esse,
1512 1493 1646 1547 vade
1674 1499 1731 1547 et

131 1586 312 1640 vende
337 1584 516 1640 omnia
543 1599 662 1655 qua:
694 1584 882 1650 habes,
917 1593 973 1640 et
1012 1585 1076 1639 da
1107 1583 1452 1654 pauperibus,
1479 1590 1533 1638 et
1563 1582 1729 1638 habe-

129 1677 224 1732 bis
249 1678 562 1731 thesaurum
590 1673 645 1729 in
672 1675 828 1739 coelo,
871 1683 928 1730 et
960 1676 1104 1739 veni,
1139 1689 1368 1744 sequere
1413 1688 1518 1729 me.
1555 1692 1573 1724 ι
1619 1672 1727 1728 Sed

128 1767 267 1838 quia
292 1769 435 1822 hunc
459 1777 697 1822 montem
727 1764 940 1822 diﬂicile
962 1768 1054 1837 qui
1085 1766 1267 1822 smculi
1290 1765 1494 1821 divitiis
1513 1765 1725 1822 onerati

1836 584 1894 628 ut
1922 575 2175 640 diximus,
2208 576 2556 645 perfectiores
2582 582 2872 652 allegorico
2895 599 3056 638 sensu
3087 585 3410 654 instruendi,

1834 665 2104 734 simplices
2128 683 2256 722 vero
2291 678 2345 723 et
2377 671 2552 726 minus
2579 673 2934 745 intelligentes
2952 674 3103 744 juxta
3129 679 3413 735 veritatem

1832 757 2072 812 historia:
2097 768 2219 814 sunt
2245 763 2518 830 pascendi.
2551 763 2704 820 Unde
2732 777 2787 821 et
2814 767 3072 825 Dominus
3093 777 3214 826 cum
3245 773 3410 829 disci-

1833 847 1988 917 pulos
2027 850 2078 903 in
2111 860 2293 907 monte
2319 853 2516 916 docuit,
2545 868 2599 909 et
2626 857 2809 912 turbas
2852 861 2905 914 in
2956 862 3289 920 convallibus
3327 882 3417 922 cu-
3493 857 3498 862 ’

1833 955 1955 995 rare
1985 941 2176 1008 voluit,
2200 946 2437 1000 ostendit
2459 955 2518 1000 ut
2542 946 2618 1001 illi
2641 950 2731 1017 qui
2761 966 2827 1004 ex
2857 953 3102 1009 doctrina
3124 957 3414 1015 verborum

1831 1033 2055 1087 credere
2081 1049 2186 1087 non
2219 1045 2490 1104 poterant,
2518 1037 2709 1093 saltem
2756 1056 2821 1094 ex
2849 1044 3147 1102 virtutibus
3177 1049 3412 1105 miracu-

1832 1120 2004 1176 lorum
2056 1125 2360 1180 crederent.
2398 1125 2573 1194 Quod,
2625 1137 2684 1182 ut
2728 1131 2981 1200 diximus,
3015 1151 3113 1190 suo
3157 1137 3418 1197 Dominus

1831 1211 2079 1282 exemplo
2103 1215 2417 1281 declaravit,
2449 1219 2678 1286 quando,
2711 1241 2730 1272 ‹
2761 1223 3096 1281 descendens
3121 1231 3186 1283 de
3211 1243 3415 1299 monte,

1831 1302 1980 1357 stetit
2005 1304 2054 1358 in
2089 1304 2209 1360 loco
2239 1309 2550 1376 campestri,
2582 1320 2634 1364 et
2668 1314 2822 1366 turba
2864 1313 3248 1386 discipulorum
3277 1322 3414 1389 ejus,

1830 1401 1886 1446 et
1912 1394 2198 1450 multitudo
2229 1398 2446 1466 copiosa
2476 1400 2650 1469 plebis
2681 1403 2748 1457 ab
2781 1406 2926 1460 omni
2971 1406 3150 1463 Iudaea
3180 1422 3234 1467 ct
3263 1413 3420 1469 Jeru-

1831 1483 2092 1550 salem,et
2115 1487 2406 1553 maritima,
2437 1498 2493 1544 et
2519 1491 2668 1563 Tyri,
2700 1503 2754 1549 et
2781 1495 3017 1562 Sidonis,
3048 1502 3420 1569 quivercrant

1829 1582 1889 1664 ut
1915 1575 2165 1630 audirent
2188 1579 2664 1637 eum.»Maritima
2701 1585 2846 1640 enim
2898 1588 2986 1644 hic
3034 1589 3209 1664 Magni
3254 1599 3418 1654 maris

1829 1663 1947 1720 loca
1980 1667 2282 1739 intelligere
2309 1671 2591 1738 debemus,
2631 1677 2866 1733 maxime
2911 1695 3033 1735 cum
3077 1663 3143 1737 de
3175 1683 3316 1756 Tyro
3363 1699 3419 1742 et

1831 1755 2049 1824 Sidone,
2075 1775 2196 1829 quae
2227 1761 2280 1815 in
2309 1764 2472 1818 corde
2502 1767 2670 1822 maris
2716 1768 2833 1824 sitae
2877 1782 3022 1836 sunt,
3053 1755 3270 1832 all‘uisSe
3314 1795 3420 1834 me-

127 1865 285 1921 sunt,
345 1858 640 1914 ascendere
691 1867 918 1928 possunt
943 1898 958 1924 ’
1009 1857 1351 1927 subiunctum
1400 1865 1482 1912 est
1530 1857 1674 1913 illico
1709 1876 1722 1913 ε
1756 1840 1805 1901 Β
1831 1860 2132 1906 morantur.
2165 1852 2222 1906 In
2237 1871 2343 1924 quo
2367 1853 2485 1912 1000
2499 1861 2895 1928 cognoscimus,
2915 1865 3038 1932 quia
3052 1867 3278 1924 virtutes
3300 1872 3420 1940 ejus

132 1966 154 1997 ι
186 1948 282 2004 Ille
307 1958 486 2004 autem
509 1939 642 2005 abiit
661 1951 853 2016 tristis,
879 1951 1005 2020 quia
1033 1951 1230 2005 multas
1259 1950 1490 2005 habebat
1513 1966 1728 2019 posses-

126 2041 338 2095 siones.
376 2059 394 2092 ι
439 2038 609 2109 Hujus
639 2055 853 2110 quoque
895 2040 1199 2112 exemplum
1230 2040 1427 2094 Paulus
1451 2041 1729 2112 apostolus

125 2139 356 2188 Secutus
381 2140 487 2196 est,
533 2131 747 2200 quando
786 2146 908 2184 cum
939 2131 1218 2200 discipulis
1269 2140 1508 2186 montem
1541 2147 1728 2186 ascen-

123 2220 310 2284 derat,
337 2220 534 2290 quibus
568 2221 816 2276 dicebat:
853 2240 871 2272 ‹
909 2220 1244 2291 Sapientiam
1276 2221 1552 2291 loquimur
1581 2221 1729 2275 inter

120 2308 408 2380 perfectos
429 2307 478 2380 (Ι
505 2309 628 2364 Cor.
652 2309 736 2381 ll).
768 2329 787 2363 ι
824 2311 988 2378 Quasi
1024 2327 1143 2366 cum
1169 2311 1489 2380 quibusdam
1524 2313 1576 2366 in
1607 2327 1731 2366 con-

121 2402 366 2457 vallibus
411 2403 746 2469 morabatur,
800 2404 1018 2474 quando
1070 2405 1321 2460 dicebat:
1359 2424 1377 2456 ‹
1437 2405 1570 2476 Ego,
1623 2403 1730 2457 fra-

118 2505 267 2560 tres,
327 2510 435 2549 non
485 2496 633 2565 pomi
661 2496 815 2552 vobis
864 2496 1008 2566 loqui
1042 2498 1194 2566 quasi
1244 2496 1599 2567 spiritalibus,
1633 2496 1727 2550 sed

121 2586 290 2656 quasi
343 2585 691 2654 carnalibus;
725 2595 979 2658 tanquam
1011 2587 1247 2659 parvulis
1286 2589 1339 2642 in
1393 2588 1608 2644 Christo
1644 2586 1728 2642 lac

118 2678 288 2734 vobis
309 2687 494 2748 potum
517 2679 661 2744 dedi,
691 2695 797 2735 non
821 2694 1001 2735 escam
1026 2680 1076 2752 (I
1101 2679 1221 2734 Cor.
1239 2669 1351 2753 in).
1381 2700 1398 2732 ι
1437 2680 1553 2735 Non
1579 2681 1725 2736 enim

119 2783 321 2825 omnes
333 2768 512 2823 omnia
527 2768 771 2839 capiunt,
797 2783 971 2839 neque
987 2770 1131 2824 enim
1149 2785 1339 2824 omnes
1352 2770 1633 2841 aqualiter
1646 2770 1725 2824 in-

122 2859 616 2918 struuntur.Aliter
626 2859 825 2932 quippe
837 2861 1160 2916 admonendi
1174 2862 1550 2932 suntsuperbi,
1565 2861 1726 2916 aliter

125 2953 388 3018 humiles,
406 2952 566 3009 aliter
581 2953 741 3018 casti,
758 2953 916 3008 aliter
929 2953 1184 3019 adulteri,
1202 2953 1360 3008 aliter
1379 2951 1600 3016 ebriosi,
1625 2952 1724 3006 ali-

124 3053 220 3099 ter
242 3042 428 3107 sobrii,
463 3043 624 3099 aliter
640 3042 766 3108 viri,
800 3043 959 3099 aliter
986 3041 1223 3109 feminae,
1247 3042 1404 3098 aliter
1424 3040 1720 3113 conjugati,

125 3135 292 3191 aliter
327 3134 588 3206 virgines,
629 3135 788 3190 aliter
826 3135 926 3206 pii,
977 3135 1136 3190 aliter
1179 3134 1352 3206 impii,
1393 3135 1554 3190 aliter
1593 3150 1722 3190 con-

127 3235 431 3296 temptores
461 3227 673 3294 mundi,
713 3226 874 3282 aliter
917 3235 1226 3294 amatores,
1273 3228 1433 3282 aliter
1481 3228 1719 3299 pacifici,

127 3317 293 3372 aliter
336 3317 634 3382 discordes,
665 3316 824 3372 aliter
851 3332 948 3372 sua
989 3319 1202 3382 dantes,
1242 3316 1399 3372 aliter
1429 3317 1603 3373 aliena
1635 3334 1723 3372 ra-

127 3415 364 3486 pientes,
394 3421 458 3469 ut
497 3421 553 3468 et
591 3414 682 3469 isti
723 3412 949 3468 audiant
987 3414 1054 3469 de
1094 3413 1456 3483 promissione
1505 3421 1723 3470 aeterna:

130 3505 262 3559 vitae
308 3503 452 3574 quod
493 3511 698 3569 ament,
742 3513 799 3559 et
831 3504 906 3559 illi
933 3505 999 3559 de
1025 3504 1288 3575 supplicio
1333 3513 1538 3559 :eterno
1573 3504 1718 3575 quod

130 3596 384 3650 timeant.
410 3593 564 3666 Saepe
588 3595 787 3650 etenim
833 3596 976 3666 quod
1002 3597 1093 3650 uni
1124 3595 1313 3651 morbo
1355 3597 1600 3667 prodest,
1630 3597 1714 3651 al-

133 3686 241 3744 teri
270 3693 429 3742 nocet
455 3704 469 3740 :
499 3695 556 3741 et
581 3702 852 3742 venenum
891 3703 1013 3742 cum
1041 3688 1111 3742 sit
1141 3703 1288 3743 mors
1325 3688 1578 3755 hominis,
1612 3689 1722 3745 vita

132 3788 221 3836 est
245 3777 516 3850 serpentis
542 3796 556 3832 :
585 3787 640 3834 et
667 3778 804 3834 lcvis
826 3779 1015 3834 sibilus
1042 3794 1211 3848 equos
1239 3779 1482 3846 mitigat,
1513 3778 1722 3835 catulos

130 3872 381 3942 instigat.
427 3870 587 3925 Juxta
636 3870 738 3924 hoc
781 3886 910 3941 ergo
947 3869 1255 3940 exemplum
1289 3870 1538 3925 doctores
1566 3885 1720 3927 suam

130 3961 574 4035 praedicationem
602 3960 805 4016 debent
835 3970 1142 4029 temperare
1161 4001 1178 4027 ,
1203 3967 1262 4015 ut
1301 3968 1356 4015 et
1383 3959 1608 4031 perfecti
1637 3961 1722 4018 in-

131 4054 360 4111 veniant
388 4051 530 4123 quod
559 4067 773 4122 semper
811 4051 1023 4106 discant
1049 4065 1064 4106 :
1093 4051 1292 4107 inﬁrmi
1325 4052 1452 4107 talia
1475 4051 1718 4119 audiant,

132 4147 190 4202 in
219 4146 414 4216 quibus
443 4160 551 4200 non
587 4143 877 4216 refugiant.
923 4145 1078 4212 Quod
1128 4162 1227 4201 suo
1266 4147 1423 4202 nobis
1471 4147 1720 4218 exemplo

132 4240 329 4295 beatus
368 4237 677 4308 patriarcha
721 4235 888 4291 Jacob
933 4236 1174 4293 oste‘ndit
1216 4235 1368 4309 (Cen.
1418 4239 1574 4311 xxx),
1626 4239 1721 4309 qui

129 4343 259 4384 cum
283 4342 413 4383 oves
435 4325 684 4382 avunculi
715 4327 795 4383 sui
819 4326 1002 4383 Laban
1026 4335 1295 4398 pasceret,
1319 4335 1376 4383 et
1397 4327 1546 4383 varia
1575 4342 1721 4397 qua:-

130 4434 241 4491 que
265 4434 364 4488 pro
389 4419 636 4474 mercede
678 4427 994 4490 recepturus
1028 4427 1197 4484 esset,
1250 4419 1371 4474 tulit
1413 4420 1592 4491 virgas
1624 4435 1720 4489 po-

131 4510 325 4580 puleas
353 4516 408 4563 et
444 4508 832 4581 amygdalinas,
863 4523 1000 4580 quas
1045 4524 1111 4564 ex
1141 4519 1296 4581 parte
1338 4510 1713 4574 decorticavit,

131 4612 182 4657 et
218 4617 286 4657 ex
314 4609 468 4670 parte
493 4616 616 4656 cum
643 4601 939 4656 corticibus
967 4600 1205 4670 reliquit,
1236 4601 1523 4672 posuitque
1544 4616 1637 4656 eas
1662 4601 1716 4656 in

134 4691 418 4747 canalibus
465 4699 708 4761 tempore
753 4706 860 4761 quo
909 4692 1244 4746 ducebantur
1288 4691 1356 4746 ad
1409 4693 1716 4761 aquandum

134 4799 289 4848 oves,
317 4791 376 4837 ut
408 4783 460 4838 in
495 4797 685 4839 earum
721 4791 941 4854 aspectu
971 4783 1322 4852 conciperent
1348 4785 1528 4840 varios
1555 4784 1716 4840 fetus.

130 4874 300 4932 Jacob
329 4874 472 4930 enim
501 4884 686 4946 pastor
707 4875 908 4938 ovium,
938 4884 1184 4945 pastores
1211 4873 1479 4946 significat
1513 4876 1694 4931 anima

133 4983 278 5022 rum.
313 4966 552 5034 Quorum
596 4967 773 5038 primo
811 4967 1013 5022 dictum
1043 4975 1162 5022 est:
1214 4986 1232 5017 α
1284 4965 1341 5021 Si
1385 4968 1563 5039 diligis
1609 4983 1717 5033 me,

133 5074 299 5130 pasce
324 5075 454 5116 oves
481 5075 630 5116 meas
660 5059 841 5133 (Joan.
886 5062 1022 5133 xxi).
1065 5079 1083 5113 ι
1133 5059 1288 5130 Aqua
1339 5068 1520 5115 autem
1574 5060 1717 5115 Scri-

135 5159 351 5222 pturam
397 5160 642 5206 sanctam
688 5150 979 5222 significat,
1014 5151 1168 5222 juxta
1200 5150 1331 5206 illud
1363 5150 1666 5207 Salomonis
1698 5170 1712 5206 :

143 5262 159 5295 ι
190 5242 346 5312 Aqua
367 5242 632 5313 profunda
656 5243 820 5299 verba
847 5258 914 5299 ex
936 5259 1032 5299 ore
1059 5244 1184 5310 viri,
1208 5253 1264 5300 et
1287 5254 1498 5300 torrens
1525 5244 1718 5299 redun-

138 5335 272 5390 dans
316 5333 438 5390 fons
477 5336 761 5406 sapientiae
791 5332 974 5406 (Prov.
1023 5335 1202 5406 xvm).
1242 5356 1262 5389 ι
1311 5335 1486 5408 Virgae
1534 5338 1714 5391 autem

139 5427 327 5492 varie,
376 5427 664 5483 sententiae
705 5437 834 5482 sunt
881 5425 1305 5498 Scripturarum.
1338 5428 1621 5483 Ducuntur
1648 5428 1716 5482 ad

139 5519 450 5589 aquandum
498 5535 648 5586 oves,
705 5535 828 5575 cum
881 5519 946 5573 ad
990 5518 1313 5574 audiendum
1366 5521 1592 5576 verbum
1626 5519 1721 5574 Dei

141 5609 470 5665 conveniunt
498 5609 700 5666 fideles.
753 5608 997 5679 Cumque
1042 5625 1112 5665 ex
1137 5609 1367 5681 eloquiis
1413 5613 1608 5667 divinis
1643 5613 1723 5667 di-

142 5717 317 5759 versat
338 5705 619 5760 sententia:
643 5703 711 5759 ad
727 5703 962 5760 medium
985 5703 1356 5774 proferuntur,
1380 5707 1533 5778 quasi
1560 5707 1725 5779 virga:

147 5795 202 5854 in
230 5797 510 5854 canalibus
556 5807 849 5869 ponuntur.
897 5797 1027 5866 Quae
1054 5814 1120 5854 ex
1143 5807 1295 5869 parte
1332 5800 1727 5859 decorticandaa

425 5892 698 5956 Ρηιοι..
742 5890 1020 5955 CXVIII.

1831 1955 1938 1994 non
1957 1941 2130 1997 solum
2154 1943 2221 1998 ad
2240 1942 2546 2001 Judzeorum
2564 1964 2813 2019 regnum,
2830 1954 2923 2007 sed
2949 1956 3112 2010 etiam
3129 1959 3194 2012 ad
3213 1961 3419 2020 vicinas

1830 2036 1884 2083 et
1913 2039 2130 2087 exteras
2153 2035 2404 2104 regiones
2425 2046 3047 2112 pervenerant,-quand0
3069 2063 3258 2106 omnes
3283 2068 3416 2108 con-

1832 2122 2144 2189 currebant,
2190 2141 2293 2180 non
2325 2128 2597 2185 solumut
2641 2135 2891 2190 audirent
2923 2141 3145 2195 verbum
3178 2144 3293 2210 Dei,
3319 2148 3416 2203 sed

1832 2222 1891 2267 ut
1928 2225 2252 2272 sanarentur
2280 2234 2309 2272 a
2334 2219 2682 2291 languoribus
2709 2227 2849 2291 suis;
2883 2230 3023 2286 unde
3049 2241 3105 2287 et
3125 2235 3411 2294 subditur:

1908 2323 1926 2355 ‹
1957 2303 2222 2361 Etomuis
2255 2309 2410 2365 turba
2442 2312 2718 2380 quaerebat
2743 2329 2864 2370 eum
2889 2328 3131 2387 tangere,
3163 2327 3286 2392 quia
3310 2328 3417 2382 vir-

1835 2411 1855 2444 ι
1897 2401 1981 2449 tus
2011 2396 2076 2449 de
2109 2396 2198 2450 illo
2219 2399 2420 2464 exibat,
2455 2411 2510 2456 et
2543 2405 2773 2460 sanabat
2795 2423 3002 2464 omnes.
3037 2432 3056 2464 ι
3091 2413 3238 2470 Multi
3270 2419 3417 2474 enim

1830 2499 1952 2540 eum
1981 2495 2203 2558 tangere
2233 2492 2541 2560 cupiebant,
2567 2510 2596 2549 a
2626 2512 2733 2566 quo
2761 2503 2937 2556 omnis
2956 2504 3126 2559 virtus
3150 2512 3412 2576 procedit,

1828 2584 1882 2631 et
1911 2578 2002 2647 qui
2037 2589 2122 2634 est
2155 2581 2246 2635 Dei
2278 2583 2451 2637 virtus
2476 2595 2530 2639 et
2559 2584 2654 2641 Dei
2683 2591 2969 2658 sapientia,
3002 2595 3054 2648 in
3076 2612 3184 2666 quo
3211 2599 3421 2657 habitat

1827 2669 2006 2759 omnis
2050 2670 2332 2740 plenitudo
2378 2673 2692 2732 Divinitatis
2725 2684 3098 2751 corporaliter.
3151 2688 3216 2742 Et
3264 2692 3414 2759 ideo,

1827 2758 1954 2826 quia
1985 2759 2052 2815 de
2089 2761 2181 2816 illo
2225 2765 2404 2819 omnis
2448 2767 2621 2822 virtus
2661 2771 2879 2838 exibat,
2930 2790 3121 2833 omnes
3165 2758 3420 2840 volebant

1826 2862 1950 2904 eum
1987 2859 2230 2919 tangere.
2265 2851 2401 2908 Nam
2434 2867 2487 2910 et
2515 2871 2679 2926 supra
2725 2864 2995 2933 tangendo
3026 2866 3298 2938 leprosum
3325 2888 3418 2928 cu-

1826 2948 2065 3008 raverat,
2096 2951 2152 2997 et
2177 2959 2322 2999 nunc
2360 2946 2538 3002 omnis
2564 2951 2724 3004 turba
2757 2955 3034 3022 quaerebat
3075 2973 3198 3014 eum
3230 2969 3420 3035 tange«

1826 3047 1906 3098 re,
1958 3041 2017 3087 ut
2067 3033 2432 3105 intelligamus
2481 3041 2606 3108 quia
2650 3050 2825 3099 tactus
2873 3048 3081 3104 sanitas
3126 3061 3227 3106 est.
3265 3033 3420 3121 Quod

1826 3133 2052 3193 experta
2081 3135 2165 3180 est
2194 3125 2282 3180 illa
2309 3128 2525 3194 mulier,
2559 3147 2680 3200 quae
2714 3137 2990 3205 sanguinis
3014 3137 3215 3195 ﬂuxum
3241 3146 3416 3213 patie-

1749 3193 1796 3260 (ἶ
1826 3215 1986 3270 batur
2017 3217 2300 3273 duodecim
2347 3222 2526 3288 annis,
2575 3232 2632 3278 et
2676 3240 2797 3280 cum
2814 3193 3099 3300 Vtetigisset
3146 3193 3417 3294 fimbriam

1825 3307 2133 3362 vestimenti
2163 3307 2278 3376 ejus
2302 3312 2512 3377 statim,
2537 3324 2725 3369 sanata
2755 3318 2924 3372 estab
2953 3318 3268 3378 infirmitate
3297 3342 3414 3382 sua.

1823 3399 1906 3453 Ad
1944 3399 2097 3468 cujus
2123 3411 2324 3458 tactum
2355 3404 2527 3460 virtus
2553 3406 2620 3461 de
2657 3406 2748 3462 illo
2793 3409 2977 3465 exibat
3036 3414 3087 3468 in
3106 3425 3326 3478 tantum
3358 3429 3420 3476 ut

1825 3491 1980 3559 quasi
2005 3492 2218 3549 nescius
2243 3495 2504 3552 Dominus
2527 3508 2816 3568 quareret,
2845 3522 2862 3553 ‹
2881 3501 3034 3571 'Quis
3064 3521 3148 3560 me
3173 3508 3410 3579 tetigit?»

1825 3579 1894 3635 Et
1917 3580 2164 3652 discipuli
2198 3585 2314 3656 cjns
2342 3587 2407 3640 ad
2431 3603 2588 3646 eum:
2621 3607 2640 3640 ι
2673 3588 2870 3658 Rabbi,
2907 3593 3076 3649 turba:
3101 3605 3154 3651 te
3189 3600 3419 3668 compri-

1823 3680 1979 3726 munt
2007 3683 2062 3728 ct
2089 3674 2351 3746 aﬂligunt,
2377 3686 2432 3732 et
2455 3678 2612 3744 dicis,
2641 3679 2774 3746 Quis
2805 3696 2891 3737 me
2918 3685 3168 3756 tetigit?»
3201 3687 3268 3741 Ει
3289 3687 3411 3744 ille:

1830 3783 1850 3817 ‹
1878 3765 2078 3838 Tetigit
2108 3784 2195 3824 me
2225 3769 2445 3840 aliquis,
2475 3787 2600 3834 nam
2633 3788 2734 3843 ego
2785 3774 2908 3829 novi
2958 3776 3217 3832 virtutem
3240 3780 3306 3834 de
3327 3796 3417 3836 me

1823 3864 2006 3919 exisse
2059 3859 2209 3934 (Luc.
2262 3867 2414 3936 vm).
2464 3883 2483 3916 ι
2544 3863 2912 3933 Spiritualiter
2962 3884 3090 3924 vero
3139 3869 3416 3928 Christum

1823 3955 2012 4028 tangit,
2061 3957 2154 4025 qui
2186 3971 2308 4010 eum
2349 3969 2534 4010 verum
2585 3957 2751 4013 Deum
2799 3961 2990 4026 credit,
3039 3972 3095 4017 et
3124 3974 3269 4019 recta
3311 3967 3417 4022 fide

1822 4047 2132 4103 confitetur.
2164 4046 2235 4100 At
2262 4060 2392 4100 vero
2421 4047 2638 4118 pagani,
2681 4046 2854 4104 Judaei
2885 4059 2941 4104 ct
2980 4052 3220 4108 haeretici
3262 4056 3416 4110 Chri-

1822 4149 1966 4197 stum
1989 4139 2208 4194 minime
2255 4146 2500 4210 tangunt,
2541 4140 2667 4210 quia
2714 4155 2837 4196 eum
2867 4159 3056 4198 verum
3100 4145 3268 4201 Deum
3295 4164 3416 4204 cre-

1822 4231 1951 4287 dere
1998 4240 2378 4295 contemnunt,
2408 4239 2464 4286 et
2515 4230 2621 4287 fide
2667 4241 2814 4287 recta
2862 4233 3006 4289 hunc
3038 4237 3282 4292 confiteri
3316 4256 3414 4293 no-

1821 4318 1960 4374 lunt.
1995 4319 2148 4376 Unde
2175 4329 2229 4375 et
2271 4321 2451 4376 Mariae
2481 4338 2602 4392 quze
2642 4323 2928 4378 Dominum
2974 4328 3274 4383 surrexisse
3305 4346 3411 4384 non

1821 4411 2097 4476 credebat,
2148 4413 2240 4468 sed
2273 4429 2396 4468 eum
2427 4423 2700 4469 mortuum
2743 4415 2888 4470 inter
2917 4425 3160 4472 mortuos
3203 4434 3414 4488 quaare—

1820 4503 1934 4567 bat,
1961 4504 2167 4558 volenti
2201 4503 2348 4558 illum
2401 4512 2660 4576 tangere,
2693 4507 2896 4561 dictum
2940 4518 3063 4563 est:
3100 4528 3119 4560 ι
3175 4509 3290 4565 Noli
3323 4529 3410 4568 me

1824 4603 2080 4667 tangere,
2135 4597 2371 4651 nondum
2412 4597 2554 4650 enim
2606 4599 2822 4654 ascendi
2873 4599 2940 4654 ad
2978 4599 3192 4658 Patrem
3232 4619 3409 4660 meum

1825 4688 2007 4758 (Joan.
2049 4689 2165 4759 xx).
2203 4708 2222 4740 ι
2259 4689 2337 4744 Ac
2365 4690 2408 4744 si
2449 4689 2763 4747 diceretur:
2811 4693 2947 4762 Quia
2979 4712 3139 4751 manu
3173 4698 3292 4753 fidei
3323 4716 3408 4755 me

1825 4789 2048 4850 tangere
2097 4779 2346 4846 noluisti,
2396 4797 2559 4858 manu
2606 4785 2853 4854 corporis
2892 4801 2981 4841 me
3015 4794 3238 4859 tangere
3277 4791 3408 4845 noli.

1825 4867 2045 4924 Curatio
2090 4885 2219 4925 vero
2264 4871 2568 4925 daemonum
2609 4888 2714 4927 non
2757 4873 2930 4928 solum
2970 4890 3068 4945 per
3115 4878 3232 4949 ejus
3267 4895 3409 4950 pra:-

1828 4960 2056 5016 sentiam
2104 4961 2302 5026 ﬁebat,
2359 4964 2452 5018 sed
2500 4965 2662 5019 etiam
2701 4967 3041 5024 invocatione
3086 4971 3254 5039 ipsius
3312 4988 3410 5028 no-

1822 5053 1985 5108 minis
2006 5052 2058 5107 in
2087 5053 2170 5108 sui
2191 5054 2457 5124 absentia,
2490 5056 2631 5112 sicut
2667 5058 2914 5129 discipuli
2939 5075 3153 5131 quoque
3181 5061 3410 5120 Domino

1820 5145 2118 5214 gaudentes
2157 5146 2340 5201 dicunt
2373 5165 2384 5200 :
2423 5167 2440 5198 ‹
2491 5147 2738 5213 Domine,
2778 5151 2832 5205 in
2873 5159 2964 5207 tuo
2993 5154 3210 5210 nomine
3239 5155 3403 5210 etiam

1820 5236 2087 5293 daemonia
2124 5238 2278 5294 nobis
2305 5238 2667 5311 subjiciuntur
2695 5241 2845 5314 (Luc.
2871 5243 2948 5316 x).
2994 5264 3013 5298 ι
3043 5244 3333 5318 Sequitur:

1897 5349 1915 5380 ‹
1953 5329 2020 5384 Ει
2067 5331 2179 5402 ipse
2224 5331 2450 5388 elevatis
2482 5333 2654 5390 oculis
2703 5334 2756 5390 in
2805 5336 3100 5407 discipulos
3145 5339 3405 5394 dicebat:

1829 5440 1849 5474 ‹
1883 5423 2030 5478 Beati
2076 5439 2374 5494 pauperes,
2407 5426 2535 5496 quia
2568 5435 2801 5482 vestrum
2827 5435 2912 5483 est
2953 5443 3178 5500 regnum
3228 5429 3342 5484 Dei.
3381 5448 3400 5480 ι

1825 5518 1936 5573 Etsi
1968 5515 2291 5587 generaliter
2330 5516 2593 5573 Dominus
2623 5517 2964 5589 loquebatur,
3011 5519 3320 5590 specialiter
3346 5520 3406 5574 in

1827 5609 2118 5680 discipulos
2164 5609 2352 5664 oculos
2399 5609 2628 5677 levavit,
2677 5626 2817 5682 quos
2864 5612 3056 5681 majori
3103 5612 3276 5682 gratia
3331 5612 3406 5667 di-

1829 5704 2046 5774 gniores
2072 5701 2220 5757 fecit.
2249 5703 2493 5758 Elevatio
2515 5705 2710 5775 quippe
2730 5703 3008 5758 oculorum
3026 5700 3152 5756 Jesu
3181 5701 3402 5765 Christi,

1831 5796 2110 5868 amplioris
2166 5796 2554 5853 misericordiae
2595 5811 2829 5852 munera
2881 5793 3168 5866 signiﬁcat.
3228 5794 3292 5850 Et
3352 5797 3404 5854 in

2889 5887 2969 5952 25
