4002 6348
596 297 704 379 πθ

1202 295 1559 358 mvnoms
1596 300 2074 367 HALBERST—A'l‘.
2115 301 2329 365 EPISC.
2368 250 2519 366 one.
2560 307 2743 368 PARS
2779 298 2953 368 ni:
2986 312 3222 373 HOMIL.

596 412 893 506 discipulos
928 411 1112 469 oculos
1139 412 1357 481 levavit,
1387 431 1522 486 quos
1566 417 1853 487 specialius
1894 418 2184 475 virtutibus
2213 423 2268 486 Α
2294 424 2426 479 tiam
2474 426 2677 496 quippe
2714 406 2935 485 esurire
2978 436 3035 485 et
3079 429 3259 495 sitire,
3310 436 3398 487 est
3456 444 3759 506 praecepta
3815 432 3911 493 Dei

597 502 811 574 ditavit,
836 508 992 578 juxta
1028 507 1170 577 quod
1201 507 1326 562 alibi
1357 506 1622 578 legimus:
1657 508 1791 576 Quia
1815 526 1938 565 cum
1963 511 2188 566 dixisset
2287 515 2524 573 libenter
2549 519 2759 585 audire,
2801 528 2857 575 et
2898 519 3155 579 libentius
3205 537 3369 592 opere
3418 502 3679 596 implere.
3746 526 3908 584 Tales

596 600 646 654 ei
672 599 920 671 quidam:
951 617 969 650 ι
1001 597 1140 653 Ecce
1165 606 1339 654 mater
1367 608 1456 654 tua
1484 609 1539 656 et
1567 600 1763 656 fratres
1792 603 1865 657 tui
1889 601 2021 658 foris
2043 612 2187 658 stant

562 701 903 767 .quterentes
951 691 1096 762 loqui
1153 701 1363 759 tecum,
1405 712 1425 744 ι
1480 693 1592 763 ipse
1639 693 1865 748 elevatis
1911 695 2083 750 oculis
2130 696 2183 751 in

593 782 888 854 discipulos
907 798 1053 849 suos,
1078 783 1327 837 dicebat:
1363 801 1381 834 ι
1414 782 1555 839 Ecce
1578 793 1751 838 mater
1772 798 1890 837 mea
1912 792 1968 840 et
1985 783 2185 841 fratres

588 860 695 931 mei
729 873 947 946 (Matth.
983 874 1130 944 xm).
1171 894 1189 925 ι
1228 872 1367 940 Quid
1407 883 1589 929 autem
1629 873 1854 930 elevatis
1899 875 2071 933 oculis
2101 876 2181 931 di-

590 978 700 1031 cat,
736 966 1056 1023 audiamus:
1091 986 1108 1018 ι
1146 965 1295 1021 Beati
1333 982 1628 1038 pauperes,
1671 967 1797 1037 quia
1828 976 2067 1023 vestrum
2098 976 2183 1024 est

586 1074 813 1129 regnum
855 1057 971 1112 Dei.
1015 1078 1033 1109 ι
1077 1056 1144 1111 Et
1170 1073 1289 1129 qua:
1341 1060 1511 1112 virtus
1556 1057 1714 1111 talem
1759 1058 1900 1112 inter
1942 1057 2180 1128 reliquas

584 1147 951 1204 beatitudines
982 1157 1165 1203 tenere
1204 1149 1362 1204 debet
1388 1143 1776 1219 principatum,
1810 1148 1913 1203 nisi
1955 1158 2180 1218 sponta-

581 1254 683 1296 nea
705 1232 1029 1310 paupertas?
1058 1240 1132 1294 Ex
1168 1240 1282 1309 ipsa
1326 1240 1469 1295 enim
1501 1230 1711 1297 caetera:
1751 1241 1980 1296 virtutes
2021 1256 2181 1296 exor-

583 1331 732 1386 dium
761 1334 1031 1403 quoddam
1081 1343 1135 1387 et
1163 1332 1430 1398 originem
1475 1343 1713 1388 sumunt.
1763 1331 1916 1391 Sicut
1943 1332 2179 1401 denique

580 1439 649 1480 ex
678 1441 781 1478 una
815 1426 998 1480 radice
1029 1425 1240 1480 arboris
1271 1424 1425 1479 multi
1458 1424 1596 1479 rami
1639 1432 1693 1480 et
1725 1424 1849 1479 folia
1886 1424 2174 1495 prodeunt,

576 1516 661 1573 sic
687 1531 754 1570 ex
779 1526 1074 1586 spontanea
1104 1524 1422 1588 paupertate
1456 1516 1636 1571 multae.
1664 1517 1897 1572 virtutes
1919 1530 2178 1589 generan-

577 1596 691 1663 tur'.
721 1608 823 1676 Qui
860 1609 1003 1662 enim
1047 1619 1406 1679 spontaneam
1444 1615 1591 1662 amat
1632 1616 2037 1680 paupertatem,
2070 1610 2177 1664 erit

574 1702 895 1758 misericors
913 1716 1007 1770 per
1022 1702 1544 1772 largitatem,ctnon
1575 1709 1733 1756 tenax
1759 1702 2173 1773 peravaritiam.

2287 606 2432 663 enim
2460 609 2874 676 saturabuntur,
2902 612 3119 680 quando
3151 612 3218 667 ad
3250 613 3540 670 videndum
3574 616 3768 671 Deum
3817 634 3906 673 cu-

2280 698 2372 771 jus
2406 701 2496 757 hic
2533 702 2787 757 mandata
2822 718 2946 758 cum
2990 718 3183 774 magna
3214 706 3414 761 mentis
3458 708 3649 763 esurie
3710 724 3903 767 susce-

2283 800 2502 862 perunt,
2531 791 2916 863 perducentur,
2940 795 3183 851 dicentes
3208 812 3332 853 cum
3356 796 3650 854 Psalmista
3687 819 3704 854 :
3741 820 3764 853 ς
3796 802 3904 874 Ego

2286 893 2470 949 autem
2519 886 2571 939 in
2622 884 2831 953 justitia
2887 889 3195 958 apparebo,
3241 896 3299 944 et
3336 890 3390 945 in
3441 902 3763 962 conspectu
3816 905 3903 952 tuo

2284 976 2528 1047 Satiabor
2547 976 2675 1033 dum
2710 976 3149 1035 manifestabitur
3168 980 3338 1052 gloria
3368 990 3458 1036 tua
3482 979 3668 1054 (Ρωι.
3706 987 3851 1055 ιη).
3876 1008 3893 1039 ι

2286 1064 2441 1123 Unde
2467 1075 2521 1121 et
2548 1065 2802 1123 Salomon
2825 1069 2931 1123 ait:
2958 1088 2978 1122 ι
3012 1069 3229 1142 Diligite
3259 1071 3526 1142 justitiam
3552 1074 3653 1144 qui
3676 1072 3897 1144 judica-

2284 1157 2357 1213 tis
2384 1168 2586 1213 terram
2618 1159 2769 1231 (Sap.
2800 1161 2862 1231 ι).
2896 1181 2914 1213 ι

2362 1267 2380 1300 ι
2407 1247 2560 1304 Beati
2588 1251 2681 1321 qui
2707 1266 2851 1305 nunc
2879 1250 3041 1317 fletis,
3089 1254 3217 1323 quia
3244 1252 3509 1310 ridebitis.
3551 1275 3573 1308 ι
3608 1254 3787 1312 Beati
3817 1261 3893 1315 di-

2281 1348 2478 1393 cuntur
2498 1338 2707 1406 flentes,
2741 1356 2845 1396 non
2869 1341 2945 1396 illi
2976 1343 3067 1413 qui
3098 1341 3228 1399 flent
3247 1353 3469 1416 propter
3494 1349 3889 1417 temporalium

2280 1429 2478 1486 damna
2501 1431 2930 1498 commodorum,
2951 1443 3172 1504 propter
3189 1436 3537 1497 amissionem
3555 1439 3884 1506 charorurn,

2280 1520 2378 1589 sed
2409 1521 2499 1590 qui
2536 1518 2666 1576 flent
2714 1532 2934 1593 propter
2966 1523 3345 1580 remissionem
3374 1535 3777 1596 peccatorum,
3807 1531 3884 1584 vel

2279 1626 2380 1689 pro
2402 1613 2809 1681 exspectatione
2838 1614 2990 1684 regni
3011 1615 3302 1681 cmlorum,
3337 1619 3429 1687 qui
3452 1620 3745 1677 veraciter
3770 1637 3881 1677 cum

2280 1701 2567 1758 Psalmista
2596 1705 2777 1763 dicere
2798 1715 3027 1775 possunt
3052 1725 3066 1762 :
3105 1726 3124 1758 ι
3158 1708 3323 1775 Deus,
3352 1709 3520 1766 vitam
3564 1728 3763 1769 meam
3792 1731 3881 1769 an-

573 1795 696 1850 Erit
732 1803 1130 1863 consequemur
1159 1803 1213 1849 et
1245 1795 1412 1860 mitis,
1446 1796 1573 1865 quia
1599 1794 1818 1850 divitias
1850 1811 1958 1851 non
1982 1797 2178 1865 quaerit
2206 1789 2256 1851 Β
2282 1797 2527 1850 nuntiavi
2556 1797 2675 1863 tibi,
2722 1799 2952 1869 posuisti
3000 1799 3270 1872 lacrymas
3313 1817 3468 1859 meas
3497 1804 3553 1859 in
3584 1816 3879 1877 conspectu

571 1903 674 1959 per
704 1885 1051 1954 jactantiam,
1099 1886 1189 1953 qni
1233 1895 1612 1955 paupertatem
1640 1885 1817 1955 diligit
1845 1902 1968 1941 eum
1994 1887 2171 1942 humi-

568 1979 744 2035 litate.
775 1980 892 2033 Erit
924 1989 977 2033 et
1008 1981 1292 2051 paciticns,
1317 1982 1442 2049 quia
1476 1995 1580 2034 non
1609 1980 1715 2034 erit
1743 1980 1958 2035 occasio
1988 1980 2172 2035 rixan-

569 2073 646 2139 di,
682 2074 769 2126 ubi
801 2090 906 2126 non
928 2081 1005 2127 est
1041 2072 1287 2127 voluntas
1313 2071 1647 2141 acquirendi.
1675 2070 1906 2127 Habebit
1928 2072 2092 2126 etiam
2116 2080 2173 2128 et

568 2166 755 2222 cordis
782 2167 1127 2232 munditiam,
1178 2166 1304 2235 quia
1336 2167 1476 2220 sicut
1524 2164 1600 2219 illi
1652 2163 1742 2234 qui
1790 2164 2011 2219 divitias
2047 2163 2169 2219 dili-

569 2267 725 2331 gunt,
774 2258 1067 2313 turbulenti
1110 2265 1239 2312 sunt
1276 2257 1493 2323 animo,
1545 2257 1619 2310 ita
1668 2256 1760 2326 qui
1811 2264 2166 2327 spontaneum

566 2360 945 2423 paupertatem
991 2359 1209 2416 amant,
1258 2349 1480 2406 solliciti
1527 2358 1654 2405 sunt
1696 2364 1815 2418 quae
1860 2348 1955 2403 Dei
2005 2356 2165 2413 sunt,

566 2444 842 2515 quomodo
881 2443 1129 2514 placeant
1163 2445 1293 2519 Deo.
1345 2442 1452 2498 Sed
1487 2443 1617 2497 illud
1664 2443 1948 2514 diligenter
1984 2442 2168 2498 consi-

567 2536 905 2601 derandum,
953 2536 1081 2606 quia
1120 2533 1209 2589 illa
1251 2542 1543 2605 paupertas
1586 2533 1870 2588 laudabilis
1898 2541 2000 2596 est,
2034 2548 2164 2601 quae

567 2639 661 2684 aut
692 2630 895 2686 habere
940 2646 1046 2683 non
1079 2629 1249 2698 cupit,
1298 2638 1393 2683 aut
1432 2628 1477 2683 si
1526 2627 1662 2682 forte
1715 2627 1896 2691 habet,
1943 2637 2165 2697 propter

564 2721 735 2778 Deum
775 2722 1145 2776 distribuenda
1170 2720 1446 2791 relinquit.
1495 2718 1646 2777 Unde
1681 2718 1965 2772 Matthreus
1999 2732 2166 2771 evan-

564 2815 773 2886 gelista,
808 2823 866 2868 ut
893 2815 1032 2869 hanc
1053 2822 1429 2885 paupertatem
1472 2813 1539 2867 ad
1563 2810 1955 2866 beatitudinem
1983 2808 2159 2878 perti—

564 2922 699 2961 ncre
725 2906 1057 2971 ostenderet,
1088 2921 1213 2960 cum
1241 2904 1615 2959 additamento
1644 2903 1755 2956 ait:
1795 2920 1813 2953 ι
1848 2900 1998 2955 Beati
2028 2915 2165 2970 pau-

562 3013 723 3071 peres
767 2998 983 3067 spiritu,
1016 2997 1274 3067 quoniam
1308 2997 1550 3065 ipsorum
1597 3006 1679 3050 est
1724 3008 1946 3062 regnum
1992 2990 2162 3046 coelo-

564 3106 684 3145 rum
722 3088 937 3161 (Matth.
974 3089 1050 3159 v).
1092 3107 1110 3139 ι
1137 3086 1240 3142 Alii
1266 3087 1410 3145 enim
1432 3095 1559 3142 sunt
1594 3099 1857 3156 pauperes
1887 3082 2079 3154 spiritu
2106 3091 2160 3137 et

2276 1900 2370 1943 tuo
2414 1886 2586 1959 (Psal.
2638 1888 2749 1960 ω’).
2794 1909 2813 1942 ι
2863 1889 2932 1944 Ει
2967 1890 3210 1947 iterum:
3255 1912 3275 1945 ι
3333 1892 3581 1950 Fuerunt
3616 1897 3768 1951 mihi
3812 1899 3877 1952 la-

2273 1995 2476 2050 crymre
2521 1995 2656 2035 mea:
2681 1995 2850 2051 panes
2898 1982 2985 2037 die
3003 1997 3070 2038 ac
3099 1993 3278 2052 nocte,
3336 1985 3463 2043 diun
3507 1988 3722 2043 dicitur
3753 1991 3874 2045 mihi

2272 2072 2517 2142 quotidie
2546 2090 2559 2126 :
2588 2071 2689 2128 Ubi
2719 2082 2806 2129 est
2848 2072 2993 2130 Deus
3042 2077 3205 2131 tuus?
3239 2095 3258 2127 ι
3313 2074 3487 2148 (Ρεαι.
3515 2079 3673 2151 xu.)
3725 2080 3873 2136 Tales

2271 2164 2421 2219 enim
2450 2162 2726 2231 ridebunt,
2757 2164 2977 2236 quando
3006 2166 3323 2237 implebitur
3352 2169 3483 2224 illud
3506 2172 3656 2241 quod
3685 2171 3870 2227 Domi-

2269 2272 2376 2315 nus
2396 2255 2476 2311 ait
2504 2272 2517 2309 :
2548 2272 2567 2309 ι
2601 2254 2756 2311 Nunc
2784 2255 3003 2327 quidem
3055 2257 3335 2315 tristitiam
3386 2259 3622 2324 habetis,
3674 2261 3868 2316 iterum

2270 2358 2452 2413 autem
2483 2348 2681 2405 videbo
2707 2363 2829 2414 vos,
2855 2358 2912 2403 et
2938 2348 3193 2419 gaudebit
3224 2364 3320 2405 cor
3357 2358 3625 2417 vestrum,
3658 2361 3724 2406 et
3747 2367 3863 2422 gau-

2270 2442 2417 2498 dium
2462 2449 2703 2496 vestrum
2759 2455 2919 2495 nemo
2969 2439 3123 2495 tollet
3155 2456 3185 2494 a
3233 2440 3390 2497 vobis
3418 2440 3609 2511 (Joan.
3672 2444 3808 2513 xvi).
3841 2464 3857 2495 ι

2268 2531 2458 2587 Bisum
2491 2540 2672 2585 autem
2705 2529 2796 2585 hic
2821 2545 2928 2586 non
2961 2530 3242 2599 pueriliter
3288 2531 3537 2602 accipere
3584 2532 3859 2599 debemus,

2269 2623 2363 2678 sed
2392 2621 2592 2677 mentis
2615 2611 3040 2676 exsultationem
3069 2629 3124 2676 et
3142 2622 3420 2692 gaudium.
3472 2621 3630 2680 Unde
3655 2635 3717 2679 et
3738 2622 3855 2679 Sara

2266 2730 2337 2772 ex
2384 2715 2807 2787 repromissione
2844 2713 3025 2784 prolis
3068 2714 3374 2775 lattabunda
3421 2716 3499 2770 ait
3536 2734 3551 2769 :
3603 2736 3621 2767 ι
3681 2716 3855 2772 Risum

2266 2809 2401 2864 mihi
2424 2808 2555 2867 fecit
2582 2808 2724 2864 Deus
2750 2806 2904 2880 (Gen.
2931 2809 3065 2880 χχι).
3101 2828 3120 2861 ι
3148 2810 3225 2867 De
3254 2826 3363 2882 quo
3385 2826 3481 2881 per
3502 2812 3730 2867 beatum
3759 2813 3852 2869 Job

2266 2902 2469 2958 dicitur
2522 2920 2535 2956 :
2588 2920 2609 2953 ι
2665 2901 2733 2955 Ει
2769 2916 2832 2957 os
2882 2902 3158 2957 veracium
3208 2901 3524 2974 implebitur
3570 2904 3687 2960 risu
3735 2905 3847 2977 (Job
3890 2970 3898 2979 ⁴

2266 2996 2413 3065 vni).
2454 3016 2472 3047 ι
2502 2996 2578 3052 De
2606 3011 2716 3065 quo
2741 2996 2907 3050 etiam
2939 2995 3052 3051 risu
3082 2996 3139 3051 in
3169 2995 3419 3052 laudibus
3449 2996 3704 3054 Ecclesia:
3730 3000 3854 3054 dicio

2266 3096 2394 3143 tur:
2430 3106 2449 3138 ι
2485 3087 2741 3143 Accinxit
2782 3085 3100 3143 fortitudine
3130 3087 3344 3149 lumbos
3364 3103 3528 3153 suos,
3577 3099 3631 3144 et
3656 3089 3855 3145 ridebit

562 3182 747 3245 rebus,
777 3180 866 3235 alii
899 3194 999 3236 nec
1032 3179 1197 3233 rebus
1241 3191 1342 3232 nec
1383 3177 1599 3247 spiritu,
1630 3174 1722 3229 alii
1750 3176 1917 3230 rebus
1951 3181 2006 3229 et
2048 3189 2156 3229 non
2184 3153 2233 3219 Ο
2264 3180 2319 3235 in
2358 3179 2447 3233 die
2475 3178 2771 3234 novissimo
2801 3177 2984 3251 (Prov.
3026 3175 3198 3250 xxxi).
3238 3198 3257 3231 ι
3289 3178 3429 3245 Quia
3460 3193 3582 3234 vero
3605 3193 3700 3247 per
3744 3179 3848 3234 hu-

562 3273 775 3344 Spiritn,
802 3271 894 3326 alii
943 3271 1136 3343 spiritu
1166 3279 1222 3326 et
1243 3286 1351 3325 non
1379 3269 1561 3325 rebus.
1594 3267 1776 3325 Rebus
1801 3276 1928 3322 sunt
1955 3281 2159 3338 paupe-

561 3381 652 3421 res
672 3376 727 3420 et
754 3381 860 3421 non
892 3366 1109 3436 spiritu,
1139 3365 1229 3436 qui
1258 3364 1393 3421 nihil
1418 3365 1705 3428 habentes,
1746 3363 1913 3419 multa
1957 3363 2158 3418 habere

560 3459 977 3528 concupiscunt.
1013 3455 1218 3527 Spiritu
1251 3466 1380 3511 sunt
1421 3470 1689 3526 pauperes
1718 3462 1773 3510 et
1815 3468 1921 3508 non
1972 3454 2155 3518 rebus,

560 3550 702 3606 sicut
731 3550 803 3603 illi
836 3549 927 3619 qui
975 3548 1272 3604 secundum
1324 3547 1669 3617 Apostolmn,
1719 3554 1976 3615 tanquam
2021 3545 2158 3600 nihil

558 3642 847 3707 habentes,
875 3652 932 3697 et
958 3643 1140 3697 omnia
1183 3641 1524 3713 possidentes
1553 3648 1701 3704 sunt,
1728 3638 1917 3709 quales
1938 3637 2165 3694 fuerunt-

559 3736 857 3800 Abraham,
886 3734 1053 3791 Jacob
1075 3744 1131 3790 et
1156 3734 1362 3789 David:
1412 3733 1506 3804 qui
1541 3732 1707 3804 regali
1733 3731 1872 3788 solio
1898 3731 2158 3788 sublima-

559 3836 650 3882 tus
675 3837 813 3893 erat,
838 3842 1130 3898 pauperem
1152 3840 1210 3882 se
1236 3825 1474 3881 ostendit
1499 3825 1714 3896 spiritu,
1738 3825 1922 3882 dicens
1948 3842 1960 3879 :
1993 3844 2011 3876 ι
2042 3825 2167 3894 Ego.

559 3927 742 3974 autem
767 3919 1046 3973 mendicus
1079 3932 1199 3972 sum
1245 3926 1300 3972 et
1320 3932 1528 3985 pauper
1566 3914 1739 3986 (Psal.
1774 3914 1986 3986 xxxix).
2018 3934 2037 3965 ι
2088 3914 2158 3975 Et

558 4013 800 4068 iterum:
841 4031 859 4063 ι
902 4011 1079 4082 Egens
1129 4026 1268 4073 sum,
1319 4018 1373 4065 et
1422 4010 1476 4065 in
1508 4010 1783 4065 laboribus
1818 4025 1846 4065 a
1870 4008 2167 4074 iuventute»

557 4119 681 4160 mea
708 4100 880 4176 (Psal.
924 4102 1193 4173 Lxxxvu).
1231 4120 1250 4153 ι
1297 4100 1410 4157 Nec
1444 4103 1611 4157 rebus
1652 4115 1753 4156 nec
1792 4101 1985 4171 spiritu
2026 4108 2155 4154 sunt

554 4209 845 4267 pauperes,
871 4193 1071 4248 divites
1112 4192 1352 4261 superbi,
1408 4191 1499 4261 qui
1529 4190 1881 4246 facultatibus
1909 4189 2151 4259 locuple-

554 4288 679 4353 tati,
708 4286 1058 4342 nibilonzinus
1084 4292 1268 4340 mente
1294 4295 1420 4338 sunt
1449 4268 1667 4355 turgidi.
1726 4284 1799 4337 De
1839 4281 2039 4353 quibus
2062 4280 2150 4336 tli-

553 4380 698 4437 eitur
728 4381 783 4436 in
833 4378 1093 4435 Psalmo:
1133 4398 1152 4430 ι
1189 4377 1330 4433 Ecce
1372 4378 1473 4448 ipsi
1522 4386 1841 4447 peccatores
1875 4384 1930 4431 et
1978 4376 2150 4431 abun-

554 4476 747 4529 dantes
777 4473 830 4526 in
859 4470 1058 4527 saeculo
1082 4470 1437 4524 obtinuerunt
1459 4468 1680 4523 divitias
1702 4465 1877 4537 (Psal.
1914 4467 2145 4538 usu):

553 4565 738 4621 Rebus
772 4574 828 4619 et
860 4564 1056 4634 spiritu
1097 4570 1226 4618 sunt
1293 4575 1561 4631 pauperes
1602 4558 1829 4630 perfecti
1872 4559 2143 4622 monachi,

550 4659 644 4729 qui
682 4667 905 4729 propter
932 4656 1102 4712 Deum
1124 4654 1306 4710 omnia
1337 4651 1729 4722 relinquentes,
1761 4664 1861 4707 nec
1904 4651 2152 4722 corporis

549 4749 755 4817 proprii
813 4754 1139 4818 potestatem
1186 4745 1239 4799 in
1291 4759 1390 4801 suo
1436 4744 1665 4799 arbitrio
1712 4742 2049 4813 relinquunt,
2094 4752 2152 4797 et

554 4842 677 4896 ideo
722 4849 929 4911 quanto
973 4839 1063 4894 hic
1108 4846 1331 4909 propter
1374 4838 1543 4893 Deum
1593 4846 1722 4892 sunt
1770 4836 2144 4908 pauperiores,

478 4990 491 5006 ,
554 4944 707 4990 tanto
740 4936 794 4990 in
823 4933 1009 4989 futura
1035 4932 1208 5005 gloria
1247 4939 1409 4988 erunt
1433 4930 1682 4996 ditiores,
1724 4928 1883 4999 juxta
1911 4930 2146 5000 promis-

479 5017 484 5029 ’
553 5026 760 5081 sionem
790 5023 1005 5081 Domini
1028 5024 1260 5080 dicentis
1292 5041 1305 5077 :
1343 5040 1362 5075 ι
1399 5021 1589 5078 Omnis
1617 5022 1711 5090 qui
1739 5020 2022 5092 reliquerit
2048 5023 2144 5077 do-

553 5135 728 5186 mum,
760 5134 942 5191 agros,
979 5126 1193 5190 patrem
1217 5126 1272 5172 et
1296 5126 1554 5181 matrem,
1579 5113 1777 5170 fratres
1816 5123 1871 5169 et
1900 5128 2141 5181 sorores,

551 5228 777 5270 uxorem
806 5223 865 5275 et
887 5212 1028 5269 filios
1062 5220 1282 5283 propter
1312 5200 1423 5276 nie,
1457 5207 1768 5278 centuplum
1813 5207 2057 5278 accipiet,
2088 5216 2144 5263 et

555 5311 717 5366 vitam
741 5316 1002 5365 utemur
1036 5304 1338 5377 possidebit
1365 5302 1581 5375 (Matth.
1612 5302 1748 5372 xix).
1785 5321 1804 5355 ι
1931 5292 1941 5301 ’

627 5419 649 5454 ο
676 5400 827 5456 Beati
847 5400 940 5471 qui
956 5395 1354 5461 nuneesuritis,
1375 5396 1503 5466 quia
1524 5393 1922 5453 saturabimini.
1953 5412 1973 5447 ι
2000 5392 2141 5459 Quid

555 5494 764 5549 esurire
792 5492 876 5547 vel
904 5490 1060 5546 sitire
1090 5489 1321 5544 debeant
1350 5488 1443 5559 qui
1472 5488 1540 5543 ad
1584 5486 1977 5543 beatitudinem
2017 5500 2140 5557 per-

555 5589 736 5642 venire
759 5585 1089 5649 desiderant,
1123 5581 1262 5637 alius
1302 5582 1634 5653 evangelista
1674 5580 2017 5637 manifestius
2045 5581 2141 5635 de-

555 5679 747 5742 clarat,
776 5679 999 5731 dicens:
1032 5694 1053 5727 ι
1088 5674 1238 5731 Beati
1266 5674 1360 5743 qui
1388 5674 1636 5729 esuriant
1668 5682 1726 5728 et
1751 5674 1940 5729 sitiunt
1976 5672 2136 5744 justi-

557 5770 708 5835 tiam,
733 5769 987 5853 quoniam
1010 5768 1115 5840 ipsi
1142 5767 1531 5823 saturabuntur
1559 5765 1773 5836 (Matth.
1810 5764 1883 5836 v).
1922 5784 1942 5819 ι
1974 5763 2141 5822 Justi-

2260 3269 2510 3329 militatis
2535 3269 2790 3323 meritum
2840 3268 3161 3341 pervenitur
3189 3269 3258 3324 ad
3309 3270 3563 3342 martyrii
3610 3271 3843 3341 praemia,

2260 3370 2411 3417 recte
2440 3368 2562 3432 post
2586 3360 2722 3416 alias
2746 3360 3109 3418 beatitudines
3137 3360 3513 3417 subinfertur:

2338 3471 2357 3503 ι
2395 3451 2548 3507 Beati
2571 3453 2728 3508 eritis
2768 3467 2893 3511 cum
2923 3466 3019 3508 vos
3060 3452 3279 3517 oderint
3323 3453 3599 3520 homines,
3633 3465 3691 3511 et
3729 3469 3839 3510 cum

2266 3565 2285 3598 ι
2316 3547 2690 3615 separaverint
2734 3561 2831 3602 vos
2875 3556 2931 3601 et
2972 3548 3447 3617 exprobraverint,
3489 3557 3548 3605 et
3599 3549 3843 3618 ejecerint

2266 3656 2287 3689 ι
2323 3653 2521 3694 nomen
2562 3646 2803 3694 vestrum
2870 3646 3128 3709 tanquam
3174 3639 3378 3695 malum
3405 3650 3639 3712 propter
3664 3641 3841 3698 Filium

2265 3751 2283 3783 ι
2320 3732 2577 3788 hominis.
2605 3752 2624 3785 ι
2647 3731 2746 3787 Ubi
2765 3730 3209 3802 ostenditurquia
3231 3734 3543 3803 persecutio
3566 3750 3843 3806 pravorum

2257 3841 2366 3880 non
2394 3833 2481 3880 est
2501 3826 2757 3888 timenda,
2785 3826 2881 3881 sed
2906 3825 3085 3897 potius
3110 3841 3234 3881 cum
3260 3826 3521 3894 adfuerit,
3550 3827 3841 3892 toleranda,

2259 3919 2407 3991 quia,
2447 3918 2589 3974 sicut
2614 3919 2751 3973 dixit
2773 3918 3012 3975 Jacobus
3047 3919 3341 3990 apostolus,
3376 3939 3395 3972 ι
3417 3918 3629 3976 Beatus
3655 3924 3738 3977 vir
3764 3923 3847 3993 qui

2257 4011 2446 4067 sutl‘ert
2472 4012 2852 4078 tentationem,
2890 4011 3146 4081 quoniam
3187 4027 3311 4066 cum
3354 4012 3626 4082 probatus
3672 4014 3846 4079 fuerit,

2256 4103 2491 4172 accipiet
2513 4117 2774 4157 coronam
2800 4103 2945 4169 vitae,
2985 4118 3151 4173 quam
3179 4103 3495 4173 repromisit
3540 4104 3695 4161 Deus
3740 4105 3847 4162 dili-

2254 4195 2507 4265 gentibus
2535 4210 2594 4249 se
2615 4194 2755 4266 (Jac.
2792 4186 2857 4265 ι).
2894 4214 2913 4247 ι
2942 4193 3148 4250 Verum
3173 4194 3429 4252 subtilius
3448 4195 3846 4253 discutiendum

2252 4297 2358 4351 εει,
2387 4286 2514 4355 quia
2540 4299 2647 4342 non
2669 4301 2769 4342 nos
2797 4286 2867 4341 ad
2906 4296 3148 4343 nostram
3172 4288 3622 4359 persecutionem
3658 4305 3848 4362 pravos

2253 4375 2505 4431 homines
2538 4391 2884 4433 commovere
2918 4377 3202 4444 debemus,
3249 4379 3344 4435 sed
3373 4380 3561 4451 potius
3606 4397 3735 4439 cum
3768 4381 3847 4451 ju-

2252 4466 2399 4522 stitia
2424 4476 2478 4522 et
2504 4467 2830 4524 rectitudine
2857 4478 3119 4541 quantum
3143 4486 3452 4541 possumus,
3493 4489 3627 4529 cum
3656 4473 3850 4532 fuerint

2254 4561 2543 4626 commoti,
2585 4560 2859 4634 mitigare.
2914 4560 3068 4630 Quod
3111 4563 3156 4620 si
3202 4563 3493 4635 quiescere
3538 4566 3844 4632 noluerint,

2254 4652 2427 4724 magis
2475 4654 2909 4722 persecutionem
2959 4655 3329 4724 tolerandam,
3377 4672 3541 4729 quam
3581 4659 3851 4731 justitiam

2253 4742 2693 4813 relinquendam.
2739 4745 2892 4813 Quod
2935 4746 3075 4803 alius
3111 4748 3449 4820 evangelista
3501 4750 3851 4809 manifestius

2251 4832 2512 4899 declarat,
2542 4834 2729 4892 dicens
2762 4855 2776 4891 :
2811 4855 2830 4889 ι
2867 4835 3019 4893 Beati
3040 4838 3132 4908 qui
3156 4840 3599 4910 persecutionem
3639 4843 3848 4915 patiun-

2252 4934 2338 4980 tur
2356 4935 2581 4997 propter
2607 4928 2896 4999 justitiam,
2922 4930 3181 5001 quoniam
3214 4932 3457 5002 ipsorum
3501 4942 3598 4993 est
3626 4949 3847 5007 mm

2246 5016 2507 5074 cmlorum
2559 5018 2776 5092 (Matth.
2802 5019 2878 5093 v).
2912 5040 2932 5074 ι
2976 5018 3259 5077 Sustineat
3302 5023 3450 5089 enim
3499 5024 3725 5083 multas
3762 5026 3845 5079 tri

2244 5111 2551 5170 bulationes
2575 5108 2878 5179 homicidae,
2910 5113 3166 5180 adulteri,
3196 5113 3364 5183 fures,
3405 5114 3727 5173 aliena-um
3773 5131 3851 5173 re.

2246 5223 2365 5262 rum
2394 5208 2694 5265 invasores.
2725 5206 2837 5264 Nec
2861 5216 3045 5264 tamen
3071 5208 3199 5267 talis
3219 5209 3534 5280 persecutio
3577 5214 3655 5267 ad
3681 5212 3848 5268 beati-

2244 5300 2490 5357 tudinem
2515 5299 2796 5369 perducit,
2823 5316 2944 5371 qua:
2970 5309 3196 5372 propter.
3216 5301 3489 5373 justitiam
3515 5305 3847 5359 sustinetur.

2246 5389 2401 5448 Unde
2423 5406 2524 5447 nos
2557 5392 2814 5448 admonet
2841 5391 3034 5449 beatus
3061 5390 3278 5458 Petrus,
3326 5392 3515 5450 dicens
3544 5410 3565 5447 :
3599 5412 3621 5446 ι
3682 5393 3851 5449 Nemo

2244 5494 2488 5541 vestrum
2521 5485 2762 5556 patiatur
2788 5485 2944 5555 quasi
2972 5484 3271 5551 homicida,
3302 5492 3399 5540 aut
3414 5483 3529 5551 fur,
3556 5496 3664 5542 aut
3697 5486 3850 5542 adul-

2246 5588 2349 5645 ter,
2399 5591 2494 5634 aut
2541 5594 2726 5649 rapax.
2759 5577 2815 5634 Si
2864 5587 3045 5634 autem
3089 5585 3151 5634 ut
3174 5578 3542 5641 Christianus,
3571 5593 3692 5634 non
3720 5594 3849 5634 eru-

2243 5672 2450 5737 bescat,
2483 5672 2577 5727 sed
2606 5671 2872 5741 glorificet
2911 5672 3079 5727 Deum
3108 5670 3163 5725 in
3206 5670 3312 5727 isto
3345 5670 3567 5726 nomine
3599 5669 3660 5741 (1
3700 5668 3851 5724 Patr.

2246 5764 2346 5835 tv).
2391 5784 2408 5820 ι
2444 5765 2512 5821 Ει
2548 5764 2673 5835 quis
2700 5772 2787 5821 est
2807 5763 2902 5837 qui
2932 5762 3085 5819 vobis
3130 5771 3345 5829 noceat,
3376 5762 3422 5820 si
3450 5762 3583 5818 boni
3615 5761 3831 5818 aemula
