4002 6348
198 267 323 337 Ἰβι

205 476 379 543 siam,
408 478 571 533 beati.
606 477 757 535 Unde
784 488 931 536 recte
961 479 1208 538 Salvator
1236 484 1530 550 concludit,
1570 485 1754 541 dicens
1781 505 1792 541 :

298 588 317 620 ι
353 567 594 626 Gaudete
620 570 674 626 in
702 571 792 626 illa
823 572 908 629 die
936 583 991 631 et
1018 576 1304 643 exsultate,
1336 592 1464 634 ecce
1486 578 1626 634 enim
1659 595 1799 634 mer-

204 678 232 713 e
275 676 372 717 ees
399 669 574 716 vestra
593 662 760 718 multa
783 673 868 720 est
886 666 938 720 in
962 666 1119 724 cmlo.
1154 688 1174 722 ι
1202 667 1318 725 Non
1344 670 1487 727 enim
1513 671 1797 728 dolendum

198 761 305 807 est
337 751 393 806 in
430 752 920 822 persecutionibus,
969 758 1062 813 sed
1110 759 1289 829 potius
1331 761 1666 831 gaudendum
1691 802 1705 826 ,
1740 770 1801 819 ut

198 851 424 911 quanto
444 843 531 899 hic
550 845 778 915 quisque
796 855 1018 918 propter
1030 848 1296 919 justitiam
1314 850 1500 906 durius
1521 849 1798 923 atiligitur,

200 943 372 989 tanto
397 933 604 990 dulcius
642 935 696 991 in
721 936 863 993 cmio
904 941 1358 997 remunerabitur.
1390 940 1542 998 Unde
1566 941 1800 1005 Jacobus

199 1025 491 1091 admonet,
522 1026 708 1084 dicens
735 1045 749 1081 :
777 1047 796 1081 ι
841 1027 1013 1087 Omne
1045 1032 1300 1102 gaudium
1325 1033 1664 1098 existimate,
1692 1032 1799 1089 fra-

200 1123 328 1171 tres
346 1156 362 1180 ,
391 1130 511 1171 cum
561 1116 616 1171 in
647 1119 968 1176 tentationes
998 1122 1177 1177 varias
1206 1122 1536 1190 incideritis,
1566 1124 1800 1180 scientes

198 1206 362 1276 quod
392 1207 637 1276 probatio
668 1209 790 1264 ﬁdei
819 1218 1012 1266 vestrae
1039 1212 1206 1268 multo
1241 1214 1509 1285 pretiosor
1532 1226 1614 1270 est
1643 1230 1796 1281 auro,

200 1295 363 1365 quod
390 1311 489 1368 per
515 1298 694 1371 ignem
717 1301 1130 1374 probaturUac.
1155 1303 1218 1381 ι).
1242 1323 1260 1358 ι
1280 1306 1346 1361 Ει
1369 1306 1469 1359 alia
1496 1307 1794 1377 scriptura:

204 1407 241 1447 ι,
275 1389 421 1445 Vasa
445 1390 586 1461 ﬁguli
614 1391 812 1463 probat
859 1393 1071 1461 fornax,
1098 1405 1154 1452 et
1196 1398 1442 1454 homines
1470 1399 1646 1470 justos
1682 1410 1798 1456 ten-

202 1484 352 1539 tatio
380 1483 743 1541 tribulationis
768 1485 960 1558 (Eccli.
1002 1489 1193 1559 xxvii).
1225 1509 1242 1542 ι
1275 1490 1411 1547 Hinc
1455 1501 1511 1548 et
1550 1491 1797 1548 Salvator

203 1587 341 1635 cum
370 1573 662 1645 discipulos
693 1576 761 1631 ad
789 1581 1216 1647 persecutionem
1246 1579 1580 1637 tolerandam
1606 1582 1794 1638 horta-

204 1673 385 1729 cetur,
414 1663 496 1720 sui
526 1666 826 1737 exemplum
857 1668 1059 1738 posuit.
1095 1671 1278 1727 dicens
1305 1690 1320 1727 :
1357 1691 1379 1723 ι
1411 1672 1467 1728 Si
1501 1689 1589 1732 me
1614 1690 1795 1745 perse-

1485 275 1791 337 BOiuLiAs
1829 276 1925 355 us,
1948 277 2261 337 SANCTIS.
2670 328 2671 331 γ
2876 332 2884 341 ,

205 392 376 443 tores
404 384 649 443 fueritis?
679 384 785 443 Sed
810 394 863 444 et
889 387 935 445 si
963 388 1091 460 quid
1117 390 1366 461 patimini
1393 401 1613 463 propter
1637 391 1793 461 justi-
1821 397 1873 455 Α
1898 393 1999 448 sibi
2028 394 2092 448 ad
2133 395 2509 464 serviendum,
2555 413 2720 468 seque
2760 398 3080 455 laudandum
3127 364 3479 481 rationabiles

3370 286 3498 371 ut

1897 486 2151 541 condidit.
2180 485 2318 541 Huic
2341 496 2519 542 autem
2558 488 2761 543 homini
2786 489 2991 545 servire
3013 506 3221 547 summa
3252 491 3479 550 libertas

1896 588 1980 634 est
2011 597 2024 633 :
2055 579 2122 634 ab
2162 580 2280 651 ejus
2320 580 2578 635 servitute
2610 581 2860 637 recedere
2901 582 3211 653 turpissima
3242 568 3497 641 servitus.

1898 678 2000 742 est.
2038 658 2206 736 Hujus
2235 684 2296 723 se
2320 684 2533 724 servum
2562 669 2897 740 gloriabatur
2926 671 3143 735 Paulus,
3178 686 3300 727 cum
3331 672 3477 729 dice-

1897 758 1991 814 bat
2016 757 2191 831 (Rom.
2222 759 2260 828 ι)
2286 775 2299 809 τ
2331 775 2350 808 ι
2387 756 2579 812 Paulus
2606 773 2795 813 servus
2819 756 3018 814 Christi
3046 758 3195 816 Jesu.
3238 781 3257 814 ι
3280 759 3349 817 Ει
3376 763 3477 820 ite-

1900 854 2019 904 rum
2054 866 2067 902 :
2096 867 2114 899 ι
2152 847 2368 903 Gratias
2396 862 2496 919 ago
2524 847 2633 901 Deo
2662 862 2805 913 meo,
2836 848 2922 902 cui
2952 851 3132 904 servio
3163 866 3194 905 a
3226 853 3477 923 progeni-

1898 940 2104 997 toribus
2135 939 2290 997 meis.
2325 960 2344 992 ι
2376 939 2443 999 Ει
2464 937 2745 994 Psalmista
2781 957 2791 991 :
2832 958 2850 990 ι
2889 940 2999 1009 Ego
3030 955 3219 996 servus
3250 950 3392 1009 tuus,
3418 957 3478 1001 et

1898 1031 2041 1087 ﬁlius
2067 1031 2275 1087 ancillae
2303 1038 2406 1086 tuae
2436 1028 2607 1103 (Psal.
2641 1028 2786 1101 cxv).
2826 1050 2844 1081 ι
2871 1030 2939 1085 Et
2959 1032 3154 1087 iterum
3183 1049 3198 1088 :
3226 1052 3246 1086 ι
3273 1030 3491 1094 δειναί-ς’

1899 1106 2023 1179 tuus
2043 1138 2159 1177 sum
2195 1137 2295 1192 ego
2320 1120 2490 1194 (Psal.
2515 1120 2724 1189 cxvm).
2766 1140 2784 1172 ι
2810 1119 2956 1175 Bona
2982 1128 3162 1177 autem
3194 1122 3350 1192 hujus
3379 1127 3478 1182 ho-

1898 1214 2079 1279 minis,
2112 1212 2371 1283 spiritalia
2421 1211 2559 1265 dona
2605 1221 2752 1277 sunt,
2794 1209 2846 1264 id
2877 1218 2961 1265 est
3002 1210 3229 1267 virtutes
3255 1215 3466 1279 animae,

1898 1320 2017 1376 qua:
2051 1305 2117 1359 de
2159 1302 2276 1373 ejus
2319 1304 2561 1358 bonitate
2592 1312 2718 1358 sunt
2762 1300 2930 1367 nata},
2962 1312 3018 1357 et
3058 1303 3199 1360 illius
3225 1306 3478 1378 largitate

1898 1395 2054 1449 nobis
2083 1393 2290 1449 collata:
2311 1434 2326 1460 ,
2374 1394 2549 1464 qualis
2591 1400 2675 1449 est
2706 1393 2974 1460 Charitas,
3009 1409 3115 1464 pax
3138 1435 3154 1461 ,
3183 1397 3435 1463 patientia
3461 1446 3468 1456 .

1897 1479 2206 1555 humilitas,
2249 1483 2508 1547 castitas,
2551 1482 2843 1548 sobrietas,
2874 1488 2930 1538 et
2970 1482 3053 1538 his
3084 1484 3297 1540 similia.
3332 1486 3474 1558 Ergo

1895 1587 2118 1644 peregre
2148 1566 2486 1642 profecturus
2510 1573 2716 1628 vocatis
2744 1573 2917 1629 servis
2942 1575 3164 1630 tradidit
3190 1577 3329 1631 bona
3353 1593 3471 1642 sua,

1897 1665 2021 1739 quia
2068 1665 2403 1736 spiritalibus
2444 1665 2705 1736 spiritalia
2738 1668 2875 1721 dona
2916 1669 3201 1723 concessit.
3247 1668 3313 1723 Et
3346 1670 3487 1740 quia

204 1759 325 1819 cuti
354 1766 510 1824 sunt,
540 1768 594 1817 et
632 1775 730 1816 vos
749 1772 1161 1833 persequentur.
1191 1765 1249 1821 Si
1280 1782 1586 1823 sermonem
1617 1783 1795 1824 meum
1900 1758 2086 1814 eadem
2112 1758 2251 1813 dona
2282 1774 2387 1813 non
2415 1773 2605 1814 omnes
2631 1759 2911 1829 aequaliter
2939 1761 3232 1831 accipiunt,
3264 1762 3357 1817 sed
3385 1778 3475 1819 se-

203 1861 600 1918 servaverunt,
627 1862 685 1908 et
707 1865 949 1911 vestrum
980 1857 1274 1913 servabunt
1300 1856 1492 1931 (Joan.
1519 1858 1640 1931 xv).
1679 1880 1699 1913 ι
1727 1861 1796 1917 Ει

201 1946 410 1996 Iterum
434 1958 449 1997 :
481 1960 502 1994 ι
534 1942 591 1999 Si
614 1943 682 1999 de
706 1946 905 2001 mundo
927 1944 1187 2013 fuissetis,
1210 1948 1443 2007 mundus
1465 1951 1606 2021 quod
1634 1966 1790 2007 suum

182 2026 335 2097 erat
371 2031 653 2102 diligeret,
676 2034 804 2105 quia
833 2050 961 2091 vero
1006 2036 1074 2092 de
1112 2039 1313 2093 mundo
1346 2054 1453 2097 non
1504 2042 1664 2115 estis,
1696 2042 1795 2098 sed

201 2137 315 2194 ego
341 2123 477 2193 elegi
511 2139 608 2179 vos
635 2125 704 2179 de
727 2127 949 2188 mundo.
979 2138 1267 2199 propterea
1292 2129 1407 2184 odit
1435 2145 1528 2184 vos
1558 2132 1792 2190 mundus

201 2214 429 2286 (Ibid).
466 2234 485 2266 ι
513 2215 851 2288 Quapropter
878 2219 1191 2276 Studeamus
1219 2221 1373 2292 juxta
1413 2224 1620 2280 Domini
1649 2240 1789 2295 pra:-

204 2312 431 2373 eeptuni
453 2305 536 2361 vel
574 2308 879 2378 exemplum
906 2309 1087 2365 saaculi
1113 2310 1270 2380 hujus
1298 2323 1521 2370 cunctas
1547 2316 1789 2372 adversi-

203 2402 356 2450 tates
374 2397 748 2464 aquanimiter
772 2397 935 2464 ferre,
956 2400 1191 2456 scientes
1210 2403 1334 2472 quia
1356 2403 1402 2458 si
1424 2392 1581 2460 electi
1604 2422 1790 2463 sumus

203 2488 281 2542 ab
304 2501 393 2551 eo,
419 2504 526 2545 non
560 2491 629 2547 ad
668 2491 921 2562 gaudium
957 2492 1167 2559 mundi,
1196 2494 1291 2548 sed
1333 2495 1494 2564 (sicut
1519 2497 1632 2566 ipse
1662 2497 1791 2554 mis-

204 2591 306 2631 sus
338 2584 425 2630 est
448 2591 478 2630 a
510 2575 672 2633 Patre
691 2617 707 2644 ,
737 2593 898 2650 quem
927 2595 1026 2650 pro
1070 2581 1292 2637 humani
1322 2585 1534 2654 generis
1580 2587 1790 2643 redem-

205 2667 395 2738 ptione
421 2668 694 2724 incarnari
715 2671 1016 2744 constituit)
1041 2673 1107 2731 ad
1131 2674 1411 2744 passiones
1440 2676 1708 2735 mittimur
1734 2679 1789 2734 in

206 2759 490 2814 mundum.
532 2759 681 2817 lnter
726 2764 978 2819 scandala
1014 2764 1179 2836 igitur
1205 2774 1616 2837 persecutorum
1658 2769 1791 2824 tole-

207 2850 386 2904 rantia
413 2851 484 2906 sit
510 2852 844 2922 passionum,
867 2861 1085 2911 terrena
1107 2854 1371 2912 desideria
1398 2871 1517 2927 quae
1535 2867 1790 2929 separant

206 2955 238 2995 a
288 2940 403 2996 Deo
445 2939 742 3015 fugientes,
800 2952 860 3000 ut
903 2944 1143 3003 cmlestia
1181 2961 1488 3013 mereamur
1529 2950 1787 3022 consequi

207 3033 451 3103 praemia.
481 3033 673 3091 Amen.

789 3163 1071 3222 HOMlLlA
1107 3165 1199 3221 IX.

736 3290 804 3331 DE
839 3290 1276 3335 αοιιγεεδοιιῐιισε.

284 3389 530 3465 (Murri.
565 3389 718 3464 xxv.)
748 3408 767 3442 ι
797 3390 855 3446 1η
883 3388 973 3447 illo
1002 3400 1262 3463 tempore,
1290 3390 1424 3447 dixit
1449 3390 1607 3447 Iesus
1630 3389 1792 3447 disci-

216 3507 236 3540 ι
284 3486 426 3560 pulis
454 3487 567 3542 suis
586 3485 897 3558 parabolam
925 3487 1065 3542 hanc
1090 3500 1105 3540 :
1132 3485 1303 3541 Homo
1330 3484 1544 3556 quidam
1570 3497 1792 3556 peregre

215 3600 235 3637 ι
276 3577 630 3651 proﬁciscens
680 3578 891 3635 vocavit
919 3593 1107 3635 servos
1145 3593 1295 3644 suos,
1347 3584 1402 3633 et
1441 3576 1660 3632 tradidit
1686 3576 1794 3631 illis

216 3689 239 3724 ι
278 3670 424 3726 bona
470 3684 586 3727 sua.
619 3669 685 3725 Et
714 3670 806 3726 uni
836 3670 982 3726 dedit
1027 3669 1263 3741 quinque
1294 3669 1510 3732 talenta,
1549 3668 1637 3724 alii
1667 3662 1789 3732 duo,

218 3779 237 3813 ι
281 3759 375 3815 alii
403 3775 530 3816 vero
552 3775 742 3825 unum.
763 3760 1053 3832 unicuique
1073 3760 1369 3817 secundum
1396 3761 1664 3832 propriam
1689 3762 1798 3816 vir—

220 3868 238 3901 ι
281 3858 483 3913 tutem.
512 3860 568 3905 et
608 3849 883 3929 profectus
912 3860 1014 3907 est.
1050 3871 1072 3904 ι
1105 3851 1172 3906 Ει
1198 3851 1423 3923 reliqua.
1455 3852 1512 3908 in
1541 3852 1793 3908 similitu-

214 3940 461 4004 dinibus,
495 3956 632 4011 quas
655 3940 722 3999 ad
752 3942 1111 4015 ignorantiam
1147 3952 1389 3998 nostram
1426 3942 1794 3998 instruendam

214 4028 477 4086 Dominus
497 4032 794 4102 pr0posuit,
818 4031 1049 4099 sollicite,
1066 4032 1515 4089 considerandum
1538 4042 1640 4100 est,
1671 4033 1796 4104 quia

212 4118 295 4176 sic
317 4119 559 4187 quaedam
585 4120 654 4175 ad
686 4132 921 4177 nostram
961 4133 1334 4196 proponuntur
1356 4124 1794 4191 admonitionem,

215 4218 275 4265 ut
306 4210 612 4280 specialiter
652 4212 719 4267 ad
756 4213 929 4284 ipsum
975 4215 1067 4270 Dei
1097 4223 1154 4272 et
1183 4215 1458 4271 hominum
1495 4216 1798 4286 pertineant

218 4298 585 4357 Mediatorem.
618 4301 771 4370 Quod
814 4304 869 4359 in
900 4305 1060 4377 hujus
1089 4305 1338 4362 le'ctionis
1373 4307 1513 4361 serie
1545 4321 1799 4376 compro-

218 4389 396 4448 batur.
425 4406 547 4446 cum
581 4392 776 4447 dicitur
802 4412 816 4448 :
846 4413 864 4445 ι
901 4392 1074 4450 Homo
1115 4396 1332 4467 quidam
1374 4411 1599 4468 peregre
1636 4394 1801 4467 proﬁ-

221 4482 428 4541 ciscens
472 4484 686 4557 vocavit
730 4500 915 4542 servos
960 4501 1115 4551 suos,
1161 4496 1216 4543 et
1258 4485 1477 4542 tradidit
1524 4485 1630 4541 illis
1656 4486 1794 4542 bona
1822 4468 1872 4531 θ

220 4588 337 4628 sua.
372 4593 391 4624 ι
422 4574 593 4635 Homo
633 4575 779 4632 enim
824 4576 923 4634 iste
952 4593 1048 4649 per
1084 4577 1495 4634 similitudinem
1536 4577 1795 4635 Dominus

221 4662 372 4721 Jesus
396 4665 644 4725 Christus
662 4669 1003 4739 accipiendus
1022 4678 1126 4734 est,
1149 4670 1239 4743 qui
1265 4686 1385 4726 cum
1411 4670 1481 4727 sit
1501 4669 1642 4725 Deus
1668 4679 1797 4725 ante

223 4756 438 4822 saecula,
467 4746 644 4825 [actus
668 4767 750 4813 est
776 4759 937 4815 homo
983 4759 1037 4814 in
1066 4760 1172 4815 ﬁne
1200 4761 1513 4835 saeculorum
1532 4803 1546 4829 ,
1578 4761 1646 4817 de
1687 4776 1796 4831 quo

225 4847 480 4921 scriptum
503 4858 588 4929 est
610 4867 627 4921 ἐς
661 4868 679 4901 ι
716 4848 885 4906 Homo
920 4849 1095 4908 factus
1128 4860 1213 4907 est
1241 4852 1296 4906 in
1323 4868 1423 4919 ea,
1451 4860 1505 4909 et
1531 4854 1645 4924 ipse
1675 4851 1797 4907 fun-

225 4944 370 5001 davit
411 4959 533 5002 eam
561 4946 871 5009 Altissimus
911 4942 1096 5019 (Psal.
1138 4952 1389 5019 uxxvr).
1426 4966 1446 5001 ι
1475 4948 1579 5004 iste
1618 4958 1797 5003 autem

228 5035 631 5113 homqperegre
664 5038 939 5111 profectus
973 5048 1089 5107 est,
1139 5038 1353 5110 quando
1388 5054 1604 5096 carnem
1644 5056 1796 5096 suam

230 5143 477 5203 quamet
497 5131 804 5188 hominibus
833 5131 1125 5202 assumpsit
1150 5128 1490 5189 ascendendo
1516 5132 1570 5187 in
1601 5132 1797 5188 cretum

231 5221 471 5297 elevavit.
517 5213 598 5285 Ex
638 5237 703 5278 eo
744 5223 890 5281 enim
933 5231 1177 5296 tempore
1221 5238 1328 5294 quo
1371 5221 1547 5295 primo
1595 5211 1798 5278 homini

233 5315 427 5377 dicmm
447 5323 529 5375 est
553 5333 565 5368 :
597 5299 629 5368 ι’
645 5313 811 5371 Terra
833 5330 914 5381 es,
938 5322 992 5370 et
1020 5315 1073 5370 in
1098 5323 1296 5370 terram
1328 5314 1432 5371 ibis
1453 5310 1603 5385 (Gen.
1630 5313 1736 5387 ιιι),
1774 5334 1794 5368 ι

233 5406 441 5477 pr0prie
470 5405 620 5467 locus
645 5406 824 5465 carnis
844 5416 989 5464 terra
1011 5415 1113 5462 est.
1138 5403 1243 5481 Sed
1270 5405 1371 5461 iste
1392 5406 1554 5460 homo
1575 5416 1799 5476 peregre

222 5494 498 5565 prolectus
522 5504 623 5559 est,
650 5496 776 5571 quia
797 5510 925 5579 caro
950 5511 1110 5565 quam
1140 5494 1453 5583 assumpsit,
1481 5509 1586 5549 non
1618 5508 1802 5575 corru-

233 5585 464 5652 ptionem
511 5586 682 5651 vidit,
733 5586 826 5642 sed
874 5595 997 5657 post
1048 5579 1499 5667 resurrectionem
1541 5587 1593 5641 in
1633 5579 1801 5657 caelos

239 5674 489 5735 mandit.
522 5674 690 5750 Hujus
720 5676 950 5734 hominis
982 5668 1123 5733 servi
1172 5666 1421 5734 homines
1461 5685 1618 5745 sunt,
1665 5666 1801 5751 quos

1490 5917 1516 5938 δ

1896 1853 2127 1907 cundum
2153 1852 2331 1906 dantis
2347 1851 2802 1915 distributionem,
2820 1852 2957 1907 alius
2976 1844 3114 1923 plus,
3139 1854 3276 1909 alius
3297 1854 3475 1911 minus

1892 1940 2128 2014 Proﬁcit,
2162 1951 2306 1996 recte
2337 1942 2533 1996 dicitur
2564 1957 2577 1995 :
2944 1972 2947 1975 Α
3072 1934 3079 1965 ;

1970 2052 1989 2083 ‹
2020 2031 2087 2085 Ει
2116 2032 2206 2085 uni
2238 2031 2387 2085 dedit
2414 2033 2650 2103 quinque
2682 2032 2878 2088 talenta
2898 2075 2913 2099 ,
2943 2034 3030 2088 alii
3060 2035 3196 2100 duo,
3225 2036 3319 2091 alii
3344 2051 3481 2092 vero

1899 2143 1923 2179 ι
1954 2140 2139 2183 unum,
2172 2123 2459 2194 unicuique
2487 2124 2781 2179 secundum
2812 2124 3085 2195 proprlam
3118 2126 3391 2193 virtutem,
3418 2137 3475 2184 et

1898 2231 1919 2265 ι
1952 2211 2226 2285 profectus
2255 2221 2340 2270 est
2367 2214 2570 2268 statim.
2609 2234 2627 2266 ι
2668 2213 2819 2270 Sicut
2865 2214 3120 2270 talentum
3151 2218 3291 2287 apud
3325 2219 3471 2273 anti-

1891 2319 2027 2376 quos
2046 2304 2211 2361 variis
2239 2306 2411 2361 modis
2431 2305 2752 2371 librabatur,
2776 2307 2845 2361 ita
2870 2308 3007 2363 dona
3034 2307 3269 2379 Spiritus
3293 2310 3475 2366 Sancti

1890 2394 2106 2450 diversa
2138 2404 2261 2449 sunt
2279 2393 2435 2465 juxta
2482 2396 2857 2465 accipientium
2894 2399 3119 2463 merita,
3148 2413 3253 2452 non
3301 2399 3354 2453 in
3386 2415 3471 2465 se,

1891 2484 1984 2540 sed
2014 2484 2065 2538 in
2092 2482 2244 2549 aliis,
2276 2485 2366 2554 qui
2413 2501 2474 2540 ea
2503 2486 2789 2556 accipiunt.
2830 2486 2969 2542 Nam
3005 2488 3074 2542 ab
3106 2503 3213 2543 uno
3239 2489 3470 2544 Domino

1889 2575 2098 2632 diversa
2129 2576 2266 2631 dona
2296 2578 2468 2632 servis
2497 2578 2710 2643 dantur,
2733 2578 2887 2648 juxta
2910 2578 3037 2633 illud
3065 2581 3205 2649 quod
3236 2582 3476 2651 aitApo-

1890 2666 2059 2722 stolus
2085 2682 2099 2718 :
2130 2684 2150 2718 ι
2181 2667 2284 2722 Alii
2322 2669 2534 2737 quidem
2563 2683 2659 2738 per
2694 2669 2940 2738 spiritum
2973 2669 3132 2725 datur
3162 2686 3343 2726 sermo
3377 2686 3470 2726 sa-

1886 2758 2125 2828 pientiae,
2148 2757 2237 2811 alii
2266 2767 2443 2812 autem
2490 2773 2668 2813 sermo
2694 2760 2951 2825 scientize,
2984 2760 3279 2817 secundum
3324 2776 3479 2817 euma

1888 2842 2010 2901 dem
2054 2846 2338 2915 spiritum,
2397 2845 2551 2901 alteri
2599 2847 2730 2902 ﬁdes
2777 2848 2831 2902 in
2878 2849 3067 2903 eodem
3111 2851 3333 2920 spiritu,
3380 2851 3478 2925 alii

1888 2934 2062 3007 gratia
2111 2937 2400 2992 sanitatum
2438 2942 2492 2991 in
2530 2953 2638 2993 uno
2674 2938 2886 3008 spiritu,
2937 2939 3025 2993 alii
3073 2942 3316 3011 operatio
3364 2944 3476 2997 vir-a

1891 3035 2095 3089 tutum.
2124 3029 2212 3083 alii
2262 3030 2540 3099 prophetia
2561 3070 2575 3095 ,
2616 3029 2704 3084 alii
2735 3031 2991 3087 discretio
3025 3033 3333 3102 spirituum,
3379 3035 3470 3090 alii

1815 3115 1865 3183 (Ξ
1895 3132 2089 3191 genera
2123 3118 2445 3191 linguarum,
2478 3119 2567 3175 alii
2596 3122 2970 3191 interpretatio
2995 3139 3322 3180 sermonum.
3348 3125 3475 3181 Haec

1891 3220 2071 3268 autem
2100 3212 2279 3267 omnia
2306 3219 2561 3283 Operatur
2584 3228 2723 3268 unus
2750 3222 2912 3283 atque
2941 3215 3080 3270 idem
3099 3214 3353 3285 Spiritus,
3384 3217 3473 3273 di-

1889 3302 2080 3356 videns
2110 3301 2334 3373 singulis
2374 3313 2533 3373 prout
2562 3302 2676 3358 vult
2704 3303 2756 3375 (1
2784 3302 2907 3358 Cor.
2940 3305 3060 3375 xu).
3102 3324 3122 3358 ι
3148 3306 3204 3360 ln
3233 3307 3472 3376 quinque

1890 3405 2020 3462 ergo
2046 3391 2285 3456 talentis,
2313 3391 2552 3461 quinque
2588 3407 2778 3448 sensus
2820 3394 3064 3462 corporis
3094 3393 3471 3466 designantur,

1890 3494 1989 3556 per
2022 3499 2158 3554 quos
2185 3485 2425 3539 exterior
2451 3486 2613 3541 homo
2643 3486 2871 3556 regitur,
2903 3485 3055 3542 visus
3079 3486 3349 3550 videlicet,
3377 3503 3473 3543 au-

1893 3575 2058 3640 ditus,
2091 3584 2297 3647 gustus,
2344 3577 2599 3631 odoratus
2645 3588 2700 3631 et
2737 3584 2930 3642 tactus,
2960 3577 3014 3633 in
3046 3578 3254 3635 duobus
3292 3587 3472 3637 autem

1892 3663 2199 3721 intellectus
2232 3673 2287 3720 et
2327 3668 2571 3737 operatio
2615 3668 2949 3739 designatur.
2983 3668 3052 3725 Et
3092 3669 3254 3725 unius
3283 3669 3470 3726 talenti

1894 3758 2111 3811 nomine
2139 3756 2445 3812 intellectus
2466 3758 2801 3814 solummodo
2822 3760 3161 3830 exprimitur.
3190 3760 3317 3816 Plus
3344 3776 3474 3832 ergo

1894 3848 2093 3918 accipit
2119 3849 2205 3903 cui
2237 3850 2361 3914 duo,
2393 3865 2554 3919 quam
2578 3851 2665 3905 cui
2694 3852 2931 3922 quinque
2958 3852 3155 3908 talenta
3184 3854 3475 3909 commissa

1892 3940 2060 3995 ‘sunt:
2094 3941 2216 4010 quia
2260 3950 2386 3996 sunt
2411 3942 2649 3997 nonnulli
2678 3945 2769 4015 qui
2811 3958 2909 4016 per
2949 3947 3251 4002 exteriores
3286 3960 3478 4004 senm

1895 4045 2063 4101 opera
2094 4046 2215 4103 qua:
2242 4040 2461 4104 possunt
2487 4042 2802 4103 operantur,
2828 4043 2885 4090 et
2908 4042 3089 4090 tamen
3117 4036 3173 4090 in
3202 4035 3475 4093 intellectu

1894 4121 2160 4193 spirituali
2198 4123 2377 4178 minus
2406 4122 2713 4194 proliciunt.
2748 4123 2885 4178 Sunt
2915 4139 3044 4179 vero
3070 4133 3128 4180 et
3156 4124 3351 4194 aliqui,
3383 4124 3477 4196 qui

1895 4215 2234 4270 extrinsecus
2264 4231 2456 4287 magna
2500 4223 2695 4285 agunt,
2728 4225 2784 4271 et
2815 4216 3043 4272 interius
3081 4218 3286 4288 majora
3316 4216 3477 4273 intel—

1896 4303 2085 4375 lignnt.
2118 4304 2255 4360 Sunt
2281 4307 2447 4361 etiam
2473 4306 2635 4374 aliqui
2663 4308 2754 4377 qui
2788 4322 2953 4361 unum
2985 4315 3193 4361 tantum
3217 4307 3475 4363 talentu-

1897 4396 2191 4466 accipiunt,
2222 4397 2350 4467 quia
2378 4395 2517 4451 bona
2542 4398 2756 4466 quidem
2787 4395 3107 4467 intelligunt,
3134 4396 3230 4451 sed
3263 4396 3478 4465 operari

1898 4490 2122 4544 minime
2147 4489 2383 4543 student.
2407 4488 2484 4542 De
2506 4490 2701 4558 quibus
2722 4488 2985 4557 scriptum
3006 4496 3122 4541 est:
3144 4506 3165 4540 ι
3194 4485 3480 4557 Sapientes

1898 4587 2024 4634 sunt
2051 4587 2110 4633 ut
2139 4576 2343 4633 faciant
2385 4578 2526 4632 mala
2546 4618 2560 4640 ,
2589 4578 2724 4632 bene
2752 4585 2932 4633 autem
2962 4577 3142 4632 facere
3169 4577 3481 4634 nescierunt

1899 4670 2034 4741 (J'er.
2067 4669 2161 4735 iv).
2192 4688 2212 4723 ι
2237 4669 2391 4737 Quod
2432 4678 2610 4724 autem
2642 4668 2821 4724 studio
2851 4670 2905 4723 in
2936 4669 3353 4739 nultiplioamlis
3378 4669 3478 4726 δον-
3532 4680 3548 4690 ’

1899 4762 1984 4817 nis
2012 4762 2265 4833 operibus
2295 4761 2547 4817 insistere
2588 4760 2880 4817 debeamus
2902 4802 2917 4828 ,
2954 4762 3328 4817 manifestatur
3353 4778 3475 4819 cum

1899 4851 2151 4910 subditur
2177 4868 2193 4909 :

1955 4962 1996 5018 ~c
2028 4944 2177 5000 Abiit
2208 4956 2387 5001 autem
2416 4945 2507 5014 qui
2551 4945 2788 5016 quinque
2828 4943 3028 4999 talenta
3076 4954 3391 5014 acceperat,
3420 4954 3476 5001 et

1907 5054 1926 5089 ι
1959 5044 2213 5104 operatus
2240 5046 2324 5091 est
2368 5036 2421 5091 in
2465 5037 2562 5099 eis,
2593 5045 2649 5091 et
2677 5035 2918 5091 lucratus
2958 5044 3045 5091 est
3079 5036 3180 5090 alia
3215 5036 3473 5107 quinque.

1908 5147 1927 5182 ι
1966 5126 2225 5186 Similiter
2246 5131 2338 5205 qui
2363 5132 2467 5187 duo
2488 5140 2788 5201 acceperat,
2816 5131 3052 5187 lucratus
3070 5140 3154 5187 est
3177 5130 3281 5185 alia
3303 5134 3441 5187 dum
3455 5151 3474 5184 ι

1903 5222 2024 5279 Jam
2050 5223 2297 5295 superius
2319 5238 2417 5295 per
2444 5225 2680 5295 quinque
2707 5224 2906 5280 talenta
2927 5265 2942 5291 ,
2970 5225 3210 5295 quinque
3236 5224 3481 5293 corporis

1905 5330 2095 5371 sensus
2121 5334 2135 5370 :
2167 5323 2223 5370 et
2244 5329 2340 5387 per
2365 5317 2492 5383 duo,
2518 5316 2845 5373 intellectum
2873 5325 2930 5372 et
2950 5317 3320 5386 operationem
3346 5313 3481 5369 dixi-

1904 5423 2024 5463 mus
2051 5408 2338 5480 designari.
2378 5408 2625 5481 Quinque
2656 5425 2787 5480 ergo
2821 5409 3020 5464 talenta
3059 5407 3369 5479 geminare,
3396 5412 3481 5462 est

1902 5508 1999 5570 per
2026 5500 2328 5554 exteriores
2354 5509 2544 5555 Sensus
2578 5500 2934 5555 ’devotissime
2962 5498 3075 5552 Deo
3117 5496 3350 5560 servire,
3383 5494 3480 5551 tri-

1868 5585 1875 5592 ’
1902 5588 2112 5644 buendo
2137 5582 2397 5643 esurienti
2425 5588 2623 5654 cib‘ém,
2652 5589 2853 5644 sitienti
2892 5597 3101 5658 potum,
3128 5585 3273 5640 nudo
3308 5585 3476 5641 vesti-

1902 5688 2038 5744 tum,
2064 5677 2120 5733 in
2147 5684 2365 5735 carcere
2390 5681 2624 5749 positum
2661 5678 3003 5745 requirendo.
3034 5676 3305 5731 inﬁrmum
3338 5672 3466 5728 visi-
