4002 6348
545 342 654 403 783

1159 346 1514 408 numeras
1551 320 2030 410 HALBER'STAT.
2072 353 2096 409 ι

2198 353 2289 412 5C.
2327 352 2478 412 OPP.
2517 353 2696 414 PARS
2732 356 2796 413 ll.
2828 386 2900 399 --
2933 353 3165 416 HOMIL.

3730 361 3858 418 78$

543 463 745 530 tando,
787 471 1059 520 montium
1097 465 1438 537 sepeliendo,
1481 467 1693 538 aliaque
1719 469 1934 540 pietatis
1961 483 2125 538 opera
2153 475 2203 536 Α
2228 470 2493 526 benedicti
2519 471 2696 527 Patris
2724 472 2851 537 mei,
2882 473 3143 544 percipite
3196 488 3424 547 regnum
3463 477 3617 548 quod
3673 477 3852 533 vobis

543 555 835 628 implendo.
867 557 1030 625 Quasi
1067 558 1214 613 enim
1258 559 1461 615 talenta
1509 561 1913 632 multiplicando
1958 561 2125 631 gemi-

544 658 768 714 nentur,
798 651 1013 720 quando
1037 650 1281 706 nonnulli
1310 651 1576 708 tardiores
1603 653 1657 708 in
1686 668 1847 708 sensu
1873 669 1971 724 per
1994 667 2126 708 con-

540 739 882 797 suetudinem
908 742 1034 797 boni
1060 743 1272 813 operis,
1304 743 1358 799 in
1399 743 1667 800 intellectu
1698 743 1961 814 spirituali
1990 759 2121 814 pro-

541 831 751 887 ﬁciunt.
797 830 913 886 Duo
950 848 1164 903 quoque
1191 819 1712 905 talenta-geminant.
1755 834 1846 904 qui
1875 834 2012 889 bene
2033 833 2119 888 vi-

539 923 715 978 vendo
747 931 804 978 et
831 923 1096 990 docendo,
1141 925 1437 981 Ecclesiam
1483 926 1578 982 Dei
1623 926 1982 996 multiplicare
2013 941 2120 981 non

536 1015 847 1089 negligunt,
901 1017 1030 1072 illud
1076 1019 1419 1075 attendentes
1467 1018 1608 1089 quod
1657 1018 1725 1073 ad
1757 1017 2116 1073 Timotheum

536 1107 834 1164 scribitur:
867 1127 886 1160 ‹
933 1107 1245 1165 Doctrinam
1281 1125 1443 1180 quam
1483 1111 1734 1181 accepisti
1763 1125 1793 1165 a
1822 1125 1935 1175 me,
1969 1127 2119 1166 com-

535 1199 732 1280 menda
775 1197 1020 1255 ﬁdelibus
1048 1201 1376 1265 hominibus,
1407 1200 1497 1270 qui
1527 1201 1704 1256 idonei
1738 1209 1865 1255 sunt
1903 1210 1958 1256 et
1981 1202 2116 1258 alios

533 1291 728 1348 docere
772 1291 858 1361 (II
883 1290 1018 1346 Tim.
1045 1292 1131 1362 tt).
1164 1311 1184 1345 ι
1215 1291 1416 1348 Taliter
1453 1301 1671 1364 accepta
1713 1292 1912 1348 talenta
1942 1295 2114 1350 servis

532 1381 907 1452 spiritualibus
942 1382 1220 1453 geminare
1256 1382 1518 1439 suadebat
1546 1383 1851 1453 Apostolus,
1880 1399 2002 1440 eum
2033 1385 2114 1440 di-

529 1471 688 1528 eebat
730 1489 745 1526 :
792 1490 812 1524 ι
853 1472 1126 1530 Habentes
1171 1473 1486 1530 donationes
1540 1476 1833 1530 secundum
1880 1477 2110 1546 gratiam

531 1577 652 1634 qua
676 1563 802 1618 data
829 1571 912 1618 est
940 1562 1118 1630 nobis,
1144 1563 1471 1631 differentes,
1515 1565 1630 1621 sive
1661 1566 2000 1637 prophetiam
2027 1582 2114 1622 se-

528 1653 765 1711 cundum
802 1655 1064 1716 rationem
1112 1655 1276 1723 ﬁdei,
1319 1657 1434 1712 sive
1478 1657 1839 1715 ministerium
1871 1659 1924 1714 in
1955 1659 2115 1714 mini-

528 1745 774 1810 strando,
800 1745 916 1801 sive
943 1745 1035 1817 qui
1071 1745 1231 1802 docet
1274 1747 1327 1802 in
1373 1749 1638 1814 doctrina,
1669 1751 1760 1820 qui
1791 1751 2111 1806 exhortatur

527 1835 584 1892 in
611 1836 967 1902 exhortando,
995 1837 1086 1908 qui
1117 1837 1305 1893 tribuit
1335 1838 1386 1894 in
1409 1840 1771 1912 simplicitate,
1794 1843 1885 1912 qui
1913 1851 2108 1914 praeest
2134 1833 2184 1894 B
2212 1847 2380 1894 tuam.
2438 1857 2458 1892 ι
2505 1839 2604 1896 Cui
2650 1849 2798 1896 recte
2841 1842 3038 1897 dicitur
3091 1861 3104 1897 :

525 1927 581 1984 in
623 1926 1014 1996 sollicitudine,
1045 1929 1138 2000 qui
1183 1931 1475 1986 miseretur
1521 1931 1577 1988 in
1611 1931 1883 1989 hilaritate
1919 1933 2102 2000 (Rom.

526 2017 651 2091 xu).
687 2035 708 2071 ι

603 2128 624 2164 ι
661 2109 764 2177 Qui
792 2116 974 2166 autem
999 2126 1167 2167 unum
1201 2121 1507 2184 acceperat,
1538 2114 1725 2170 abiens
1752 2114 1888 2171 fodit
1915 2115 1970 2170 in
1999 2123 2107 2172 ter-

528 2224 548 2257 ι
585 2220 738 2271 ram,
768 2213 824 2262 et
866 2206 1150 2261 abscondit
1179 2207 1460 2277 pecuniam
1501 2207 1704 2263 domini
1745 2208 1847 2263 sui.
1889 2227 1908 2260 )
1939 2207 2104 2275 Quasi

522 2296 666 2352 enim
695 2311 858 2352 unum
888 2295 1150 2353 talentum
1195 2297 1249 2352 in
1297 2307 1440 2354 terra
1489 2299 1807 2364 abscondit,
1836 2299 1926 2370 qui
1955 2300 2106 2370 inge-

523 2389 698 2454 nium,
719 2389 863 2459 quod
891 2404 920 2444 a
952 2388 1063 2446 Deo
1090 2389 1332 2460 accepit,
1362 2390 1416 2445 in
1449 2391 1680 2446 terrenis
1705 2391 1918 2447 actibus
1942 2407 2104 2448 occu-

518 2489 645 2550 pat,
675 2495 904 2551 seseque
946 2487 1119 2536 totum
1165 2481 1220 2537 in
1267 2481 1449 2537 mundi
1495 2497 1680 2538 amore
1727 2483 1945 2556 obligat.
1995 2484 2102 2540 Sed

519 2573 698 2631 veniet
743 2583 954 2644 tempus
1000 2575 1215 2646 quando
1259 2575 1531 2646 spiritales
1556 2576 1623 2631 de
1653 2577 1918 2648 acquisita
1950 2577 2101 2635 lucro

518 2665 810 2737 gaudeant,
839 2674 896 2720 et
923 2667 1107 2722 mundi
1137 2676 1406 2724 amatores
1445 2682 1543 2740 pro
1579 2668 1692 2725 suis
1718 2669 2101 2738 cupiditatibus

517 2757 862 2821 erubescant,
886 2756 1030 2812 unde
1050 2765 1108 2816 et
1133 2757 1384 2813 subditur
1410 2776 1424 2813 :

591 2869 610 2903 ε
638 2848 769 2905 Post
805 2849 1035 2906 multum
1077 2867 1207 2906 vero
1234 2851 1493 2922 temporis
1517 2851 1664 2906 venit
1701 2851 1950 2907 dominus
1976 2865 2096 2906 ser-

519 2965 538 2998 ε
573 2960 763 3002 verum
795 2945 1026 3012 illorum,
1058 2955 1113 3001 et
1138 2945 1318 3016 posuit
1350 2946 1614 3000 rationem
1642 2961 1763 3000 cum
1793 2945 1894 3000 eis.
1921 2964 1940 2996 ι
1967 2944 2098 3001 Post

511 3038 744 3095 multum
768 3045 982 3110 tempus
1009 3037 1266 3093 Dominus
1287 3037 1465 3093 redire
1484 3037 1703 3103 dicitur,
1729 3038 1853 3107 quia
1875 3037 2096 3104 longum

512 3130 745 3202 spatium
771 3144 858 3184 esr.
883 3129 1024 3184 inter
1062 3128 1271 3184 Domini
1302 3129 1672 3185 ascensionem
1701 3138 1758 3183 et
1798 3130 2093 3185 secundum

2226 572 2474 634 paratum
2502 574 2588 619 est
2611 581 2641 619 a
2665 567 3050 621 constitutione
3075 569 3256 622 mundi
3281 569 3492 638 (Matth.
3525 571 3697 643 xxv).
3736 592 3758 626 ι

2301 672 2320 705 ι
2355 652 2603 709 Accessit
2628 662 2806 710 autem
2838 664 2894 712 et
2931 658 3022 726 qui
3051 659 3156 713 duo
3187 659 3389 714 talenta
3416 673 3748 732 acceperat,
3783 674 3842 718 et

2229 761 2252 796 ‹
2281 743 2358 800 ait
2384 762 2398 798 :
2427 743 2670 810 Domine,
2695 747 2803 802 duo
2833 747 3035 803 talenta
3066 751 3333 806 tradidisti
3363 752 3521 819 mihi,
3546 768 3692 808 ecce
3720 754 3842 810 alia

2229 854 2249 888 ι
2283 837 2390 892 duo
2417 838 2821 909 superlucratus
2854 855 2990 895 sum.
3025 861 3044 894 ι
3077 841 3340 898 Similiter
3368 843 3470 898 alia
3492 843 3604 899 duo
3643 845 3840 900 luera-

2221 934 2310 981 tur
2333 927 2531 982 talenta
2550 967 2566 994 ,
2597 929 2689 998 qui
2714 945 2743 984 a
2781 930 2998 985 domino
3032 932 3137 986 duo
3163 944 3463 1004 acceperat,
3493 935 3736 1004 quando
3787 936 3840 991 is

2219 1020 2312 1088 qui
2359 1019 2687 1075 intellectum
2734 1030 2790 1077 et
2826 1023 3192 1094 operationem
3240 1024 3434 1090 habet,
3475 1042 3582 1080 non
3633 1027 3835 1082 solum

2217 1110 2358 1167 bene
2385 1113 2642 1178 vivendo,
2671 1115 2763 1170 sed
2791 1116 2957 1171 etiam
2985 1117 3120 1172 bene
3165 1117 3404 1173 docendo
3431 1117 3720 1189 plurimos
3757 1122 3834 1174 ad

2217 1217 2454 1258 amorem
2479 1204 2574 1259 Dei
2605 1215 2778 1261 vocat.
2814 1205 3116 1264 Notandum
3149 1217 3352 1276 autem,
3381 1210 3524 1278 quod
3553 1219 3614 1264 et
3648 1211 3702 1265 is
3728 1212 3829 1281 qui

2216 1294 2281 1350 de
2305 1296 2541 1366 quinque
2566 1297 2782 1353 talentis
2808 1298 3026 1364 decem,
3055 1311 3110 1354 et
3135 1299 3182 1355 is
3210 1301 3301 1370 qui
3329 1300 3394 1355 de
3421 1301 3636 1356 duobus
3679 1318 3821 1373 qua-

2215 1394 2338 1442 tuor
2364 1389 2679 1458 reportavit,
2707 1389 2900 1459 aequali
2927 1405 3058 1446 voce
3082 1391 3478 1470 collaudantur,
3510 1409 3643 1447 cum
3673 1395 3818 1450 utri-

2212 1491 2318 1547 que
2336 1494 2366 1532 a
2387 1477 2607 1535 domino
2627 1479 2825 1535 dicitur
2847 1499 2859 1534 :
2889 1499 2908 1531 ι
2927 1481 3094 1552 Euge,
3126 1497 3282 1538 serve
3305 1480 3443 1537 bone
3467 1491 3523 1537 et
3546 1484 3768 1550 ﬁdelis,
3798 1504 3821 1540 ι

2211 1569 2356 1639 quod
2397 1578 2500 1635 est,
2541 1570 2682 1625 bene
2709 1571 2902 1641 gaude.
2931 1571 2998 1625 Et
3039 1572 3270 1642 qualiter
3303 1587 3488 1628 servus
3531 1590 3667 1629 cum
3719 1577 3821 1632 do-

2211 1659 2358 1714 mino
2383 1660 2646 1731 gaudeat,
2694 1659 3002 1715 declaratur
3035 1677 3158 1718 cum
3188 1662 3519 1718 subinfertur
3549 1681 3564 1717 :
3602 1683 3624 1716 ι
3666 1665 3817 1732 Quia

2212 1765 2374 1820 super
2417 1765 2588 1820 pauca
2634 1749 2780 1806 fuisti
2826 1750 3032 1820 ﬁdelis,
3081 1769 3243 1824 super
3285 1755 3450 1810 multa
3497 1765 3554 1811 te
3590 1759 3821 1813 consti-

3160 1863 3178 1894 ι
3239 1843 3384 1899 Intra
3429 1846 3482 1901 in
3535 1850 3814 1916 gaudium

2206 1931 2411 1987 domini
2467 1932 2566 1989 tui.
2624 1951 2643 1985 ι
2678 1931 2812 2000 Quia
2847 1949 2969 1989 cum
3009 1934 3172 1990 tantis
3219 1946 3276 1990 et
3308 1952 3409 2006 pro
3445 1939 3611 1993 tantis
3646 1955 3812 1995 mer-

2206 2025 2391 2079 cedem
2450 2022 2710 2094 accipiet,
2753 2032 2985 2095 quantos
3021 2026 3158 2081 bene
3207 2025 3473 2092 vivendo,
3507 2028 3652 2084 bene
3709 2032 3812 2085 do-

2206 2116 2376 2171 cendo
2430 2114 2669 2170 lucratus
2708 2123 2812 2170 est.
2861 2116 2920 2171 In
2958 2118 3156 2187 quibus
3201 2119 3381 2174 verbis
3414 2119 3811 2190 intelligimus,

2204 2207 2330 2277 quia
2379 2205 2456 2261 illi
2510 2204 2771 2274 majorem
2825 2208 3132 2265 mercedem
3193 2219 3319 2264 sunt
3362 2225 3393 2264 a
3451 2210 3688 2266 Domino
3737 2213 3800 2268 in

2202 2308 2403 2356 aeterna
2426 2301 2536 2355 v'ita
2567 2301 2858 2372 recepturi,
2889 2302 2980 2372 qui
3005 2303 3143 2358 bene
3169 2303 3418 2368 vivendo,
3444 2313 3505 2358 ut
3530 2305 3801 2370 diximus,

2201 2400 2257 2448 et
2317 2392 2456 2447 bene
2519 2391 2763 2448 docendo
2790 2434 2804 2458 ,
2865 2394 2933 2450 ad
2988 2393 3215 2449 aliorum
3279 2395 3640 2450 eruditionem
3716 2396 3802 2451 vel

2201 2481 2502 2536 doctrinam
2530 2482 2883 2552 spiritualiter
2917 2483 3217 2556 invigilant.
3249 2483 3399 2551 Quod
3435 2486 3564 2540 alibi
3602 2487 3800 2543 Domi-

2201 2588 2302 2628 nus
2356 2573 2595 2644 apertius
2639 2573 2906 2638 declarat,
2963 2591 3086 2631 cum
3136 2577 3438 2631 dicentibus
3491 2578 3797 2646 apostolis,

2207 2681 2226 2715 ι
2273 2663 2519 2728 Domine,
2573 2665 2638 2718 ad
2688 2679 2788 2720 nos
2831 2665 2964 2721 dicis
2992 2665 3132 2721 hanc
3162 2665 3494 2736 parabolam,
3529 2683 3600 2720 an
3639 2679 3701 2722 et
3729 2670 3798 2724 ad

2198 2754 2447 2809 omnes?»
2480 2755 2758 2825 respondit
2789 2773 2842 2810 ε(
2862 2754 2995 2822 Quis
3019 2766 3175 2826 putas
3209 2765 3294 2810 est
3315 2756 3488 2811 ﬁdelis
3507 2772 3706 2812 servus
3742 2768 3798 2814 et

2197 2847 2458 2918 prudens,
2490 2863 2650 2917 quem
2705 2849 2983 2904 constituit
3032 2849 3282 2905 dominus
3323 2866 3487 2921 super
3527 2851 3793 2908 familiam

2198 2955 2373 3006 suam,
2418 2949 2481 2995 ut
2515 2941 2608 2996 det
2655 2941 2761 2997 illis
2806 2941 2986 2998 cibum
3036 2943 3091 2997 in
3139 2945 3414 3013 tempore?
3451 2943 3652 3001 Beatus
3703 2947 3795 3003 ille

2198 3044 2410 3095 servus,
2449 3046 2611 3101 quem
2654 3047 2777 3087 cum
2827 3033 3039 3087 venerit
3080 3033 3350 3098 dominus,
3403 3035 3676 3091 invenerit
3707 3038 3792 3093 sic

2199 3120 2512 3177 facientem.
2563 3122 2736 3178 Amen
2765 3123 2890 3178 dico
2919 3124 3094 3190 vobis,
3119 3126 3376 3195 quoniam
3409 3141 3572 3196 super
3595 3129 3782 3183 enini:

509 3190 626 3291 ejus
647 3221 959 3276 adventum.
993 3219 1143 3277 Tunc
1164 3220 1309 3277 enim
1337 3221 1475 3276 ratio
1497 3237 1620 3277 cum
1646 3221 1817 3277 servis
1837 3230 2091 3292 ponetur,
2121 3190 2168 3254 (ἶ
2199 3215 2338 3270 bona
2380 3231 2480 3270 sua
2517 3217 2811 3272 constituet
2839 3232 2962 3272 eum
2990 3217 3142 3290 (Luc.
3184 3220 3304 3288 xu).
3342 3237 3360 3271 i
3396 3218 3501 3288 Qui
3527 3220 3671 3276 enim
3694 3236 3788 3276 su-

511 3316 728 3386 quando
762 3314 1007 3371 districts
1035 3329 1066 3368 a
1108 3313 1263 3370 nobis
1291 3314 1471 3387 exiget
1513 3313 1685 3380 dona,
1717 3329 1838 3384 quae
1883 3315 2095 3369 miseri-

508 3407 747 3464 corditer
785 3405 940 3462 nobis
984 3405 1193 3472 tribuit,
1238 3407 1457 3476 quando
1493 3406 1788 3462 astabimus
1827 3413 1952 3461 ante
1996 3405 2094 3460 tri-

507 3499 673 3555 bunal
703 3498 937 3564 Christi,
984 3505 1046 3554 ut
1085 3498 1372 3569 Apostolus
1420 3501 1536 3565 ait,
1580 3499 1846 3553 rationem
1877 3514 1975 3568 pro
2005 3498 2091 3554 his

508 3603 631 3660 quae
658 3589 927 3661 gessimus
950 3589 1210 3646 reddituri
1236 3589 1319 3659 (11
1348 3588 1471 3644 Cor.
1495 3589 1571 3659 v).
1596 3588 1748 3644 Felix
1795 3597 1973 3644 autem
1995 3588 2089 3658 qui

507 3682 561 3738 in
591 3681 678 3737 illa
714 3683 846 3738 hora
889 3681 1241 3738 discussionis
1266 3680 1390 3736 talis
1418 3681 1670 3736 inventus
1696 3680 1890 3747 fuerit,
1913 3680 2089 3753 qualis

504 3774 611 3830 iste
636 3781 992 3839 memoratur,
1024 3774 1093 3829 de
1119 3789 1227 3844 quo
1246 3771 1492 3829 subditur
1516 3791 1528 3826 :

579 3885 600 3918 ς
640 3865 706 3920 Et
734 3865 1000 3921 accedens
1027 3868 1116 3936 qui
1153 3864 1392 3936 quinque
1420 3864 1618 3920 talenta
1659 3875 1961 3937 acceperat,
1993 3869 2089 3922 ob-

512 3975 532 4010 α
575 3956 696 4011 tulit
718 3955 820 4010 alia
843 3956 1080 4026 quinque
1105 3954 1306 4011 talenta
1330 3956 1516 4010 dicens
1542 3973 1556 4010 :
1582 3956 1826 4022 Domine,
1851 3957 2090 4027 quinque

511 4063 532 4097 ο
577 4045 781 4100 talenta
811 4043 1077 4100 tradidisti
1102 4044 1272 4110 mihi,
1301 4059 1428 4100 ecce
1472 4045 1575 4100 alia
1617 4046 1855 4117 quinque
1901 4062 2090 4118 super-

509 4153 530 4189 σ
575 4137 819 4193 lucratus
863 4151 1002 4192 sum.
1061 4155 1081 4189 ι
1131 4135 1211 4192 Ex
1257 4136 1495 4206 quinque
1537 4137 1681 4192 enim
1731 4137 1946 4194 talentis
1981 4139 2086 4195 alia

502 4229 741 4300 quinque
764 4228 1026 4293 lueratur,
1053 4227 1144 4298 qui
1172 4242 1270 4299 per
1292 4227 1530 4298 quinque
1551 4243 1744 4284 sensus
1771 4245 2082 4302 corporeus,

496 4335 637 4392 quos
664 4333 827 4391 supra
856 4318 1109 4382 diximus,
1137 4319 1277 4375 bona
1299 4333 1419 4389 quae
1441 4327 1619 4390 potest
1641 4330 1920 4391 cperatur.
1945 4322 2085 4380 Sunt

496 4412 643 4470 enim
674 4411 916 4468 nonnulli
944 4413 996 4466 in
1027 4411 1286 4476 Ecclesia,
1311 4412 1547 4482 quicum
1571 4415 1836 4470 tardiores
1861 4416 2084 4472 videan-

496 4514 590 4559 tur
617 4504 864 4576 ingenio,
895 4510 1073 4558 tamen
1120 4510 1241 4558 eum
1288 4519 1385 4574 per
1425 4503 1666 4559 exterius
1719 4505 2078 4562 ministerium

495 4595 729 4651 ﬁdeliter
758 4593 1022 4658 serviunt,
1053 4591 1168 4661 ejus
1198 4608 1422 4650 munere
1445 4594 1512 4648 ad
1553 4595 1891 4664 spiritualem
1917 4597 2079 4653 intel-

496 4687 696 4744 lectum
737 4686 1125 4759 perducuntur,
1155 4686 1211 4742 in
1249 4694 1459 4742 tantum
1487 4696 1548 4743 ut
1575 4687 1738 4743 etiam
1787 4689 2080 4758 aliquando

496 4779 552 4833 in
606 4777 1035 4834 ecclesiasticum
1093 4777 1463 4848 magisterium
1513 4777 1799 4848 eligantur.
1853 4779 2079 4847 Qualem

496 4877 677 4924 autem
717 4869 1021 4924 mercedem
1066 4869 1137 4925 sit
1167 4879 1513 4939 recepturus,
1545 4870 1926 4926 manifestatur
1955 4887 2079 4928 cum

495 4960 744 5017 subditur
775 4976 789 5012 :

571 5069 591 5102 c
619 5051 709 5106 Ait
727 5049 800 5106 illi
825 5049 1076 5107 dominus
1098 5049 1251 5121 ejus:
1277 5051 1450 5121 Euge.
1475 5065 1630 5106 serve
1652 5052 1792 5108 bone
1811 5061 1869 5108 et
1881 5051 2076 5120 ﬁdelis,

499 5161 519 5194 σ
554 5141 681 5212 quia
728 5155 892 5212 super
939 5157 1109 5213 pauca
1153 5141 1301 5196 fuisti
1351 5140 1558 5206 ﬁdelis,
1604 5157 1765 5212 supra
1809 5143 1978 5198 multa
2026 5153 2079 5201 te

500 5250 522 5285 ‹
555 5233 913 5300 constituam;
948 5235 1089 5290 intra
1121 5233 1174 5288 in
1201 5232 1454 5304 gaudium
1481 5232 1682 5288 domini
1715 5234 1810 5290 tui.
1843 5254 1862 5289 ι
1898 5235 2078 5293 Pauca

493 5328 638 5384 enim
665 5336 794 5385 sunt
819 5327 1000 5383 omnia
1033 5325 1316 5398 praesentis
1338 5325 1464 5382 vitae
1504 5326 1572 5381 ad
1616 5329 2076 5398 comparationem

492 5419 799 5477 futurorum
822 5418 1111 5481 bonorum,
1134 5415 1382 5487 quamvis
1409 5431 1600 5488 magna
1626 5432 1748 5473 esse
1769 5403 2074 5475 videantur.

491 5513 595 5583 Qui
634 5528 768 5586 ergo
796 5527 958 5584 super
983 5523 1153 5582 pauca
1195 5507 1370 5564 ﬁdelis
1396 5506 1532 5574 fuit,
1561 5525 1726 5582 super
1753 5510 1919 5566 multa
1947 5526 2079 5568 eon-

492 5606 763 5672 stituitur,
809 5604 937 5677 quia
984 5604 1032 5659 is
1073 5601 1166 5674 qui
1207 5608 1476 5656 terrenam
1527 5601 1886 5658 substantiam
1939 5603 2078 5659 bene

491 5697 855 5768 dispensavit,
897 5711 994 5768 pro
1026 5693 1188 5750 rebus
1213 5693 1542 5750 transitoriis
1585 5706 1902 5764 perpetuam
1932 5695 2076 5751 acci-

491 5790 605 5862 pin
649 5789 953 5861 mercedem
975 5827 989 5850 ,
1020 5787 1243 5848 audiens
1291 5785 1360 5851 ab
1404 5786 1521 5867 ipso
1542 5785 1767 5854 judice:
1804 5805 1824 5839 ε
1858 5788 2072 5853 Venite,

2197 3323 2295 3379 per
2338 3307 2520 3362 omnia
2567 3308 2708 3364 bona
2753 3311 3120 3376 constituitur,
3164 3311 3435 3382 duplicem
3479 3313 3784 3369 mercedem

2194 3403 2445 3474 accipiet,
2486 3418 2594 3458 non
2642 3403 2814 3459 solum
2848 3406 2938 3476 qui
2971 3417 3159 3463 sancte
3188 3407 3341 3472 vixit,
3377 3408 3476 3463 sed
3501 3409 3669 3464 etiam
3692 3407 3783 3479 qui

2193 3495 2353 3564 digne
2402 3495 2605 3550 docuit.
2655 3494 2809 3552 Unde
2857 3495 3046 3552 Daniel
3093 3514 3217 3554 cum
3267 3500 3334 3554 de
3379 3499 3784 3555 resurrectione

2193 3597 2527 3644 mortuorum
2560 3587 2896 3658 loqueretur,
2921 3597 2982 3643 ut
3012 3590 3324 3646 ostenderet
3346 3591 3649 3662 magistros
3671 3592 3782 3660 spi-

2190 3681 2412 3737 rituales
2426 3695 2590 3750 super
2609 3681 2791 3736 omnia
2814 3681 3242 3746 constituendos,
3267 3682 3343 3735 ait
3370 3700 3385 3733 :
3415 3700 3435 3731 ι
3469 3681 3577 3748 Qui
3602 3690 3780 3735 autem

2189 3771 2334 3828 docti
2369 3769 2588 3836 fuerint,
2630 3770 2910 3842 fulgebunt
2939 3772 3092 3842 quasi
3135 3769 3388 3840 splendor
3414 3769 3779 3834 ﬁrmamenti,

2188 3871 2244 3918 et
2266 3863 2360 3934 qui
2394 3863 2462 3917 ad
2483 3861 2753 3930 justitiam
2779 3862 3036 3917 erudiunt
3063 3861 3281 3926 multos,
3315 3862 3476 3931 quasi
3527 3861 3704 3916 stella:
3727 3863 3784 3916 in

2187 3963 2477 4025 perpetuas
2504 3951 2837 4007 aeternitates
2860 3950 3022 4023 (Dan.
3050 3951 3172 4021 xu).
3198 3971 3218 4004 ι
3247 3951 3419 4019 Quam
3441 3951 3785 4006 desiderabi-

2188 4045 2292 4102 lem
2315 4059 2503 4100 vocem
2542 4053 2599 4099 et
2639 4042 2911 4099 ineffabile
2938 4043 3191 4114 gaudium
3232 4043 3421 4099 audire
3457 4042 3784 4099 desiderans

2188 4139 2536 4196 beatissimus
2583 4146 2738 4209 pater
2782 4145 2985 4203 noster,
3032 4139 3186 4208 cujus
3223 4137 3382 4192 hodie
3417 4135 3783 4192 festivitatem

2187 4230 2546 4295 celebramus,
2577 4228 2836 4284 talentum
2868 4229 2970 4285 sibi
3000 4228 3423 4302 creditumbene
3445 4228 3700 4282 docendo
3729 4237 3784 4283 et

2185 4322 2324 4378 bene
2367 4321 2597 4376 vivendo
2635 4319 2842 4374 studuit
2889 4333 3133 4390 erogare,
3182 4328 3241 4372 ut
3281 4319 3621 4388 geminatum
3651 4318 3783 4373 illud

2184 4413 2413 4468 Domino
2445 4419 2768 4482 reportaret,
2808 4425 2914 4465 non
2964 4419 3174 4465 tantum
3217 4411 3488 4465 monendo
3511 4410 3660 4480 pios,
3685 4410 3784 4465 sed

2183 4505 2348 4561 etiam
2391 4503 2796 4574 comprimendo
2843 4503 3122 4573 reprobos.
3174 4501 3242 4557 Et
3297 4502 3416 4557 ideo
3454 4502 3583 4572 quia
3621 4504 3783 4572 juxta

2186 4596 2482 4665 Scriptum
2508 4610 2718 4659 vocem,
2745 4595 2999 4666 gaudium
3030 4593 3201 4664 patris
3244 4601 3328 4647 est
3365 4593 3508 4648 ﬁlius
3525 4595 3782 4664 sapiens,

2189 4694 2338 4740 tanta
2374 4683 2537 4754 hujus
2576 4691 2899 4738 excrescunt
2952 4683 3142 4737 merita
3199 4681 3538 4754 gaudiorum,
3567 4691 3783 4750 quanta

2161 4778 2521 4858 -incrementa
2568 4773 2860 4845 proﬁciunt
2901 4772 3262 4843 spiritualium
3309 4771 3568 4828 ﬁliorum.
3624 4771 3784 4828 Unde

2185 4882 2410 4923 necesse
2455 4875 2561 4932 est,
2603 4874 2665 4920 ut
2708 4865 3080 4935 unusquisque
3119 4873 3387 4928 nostrum,
3411 4862 3618 4921 fratres
3647 4866 3824 4920 cha-:

2185 4958 2409 5022 rissimi,
2449 4958 2610 5029 hujus
2650 4956 2952 5012 beatissimi
3000 4957 3170 5026 patris
3211 4955 3381 5010 nostri
3425 4955 3664 5026 vestigia
3695 4972 3784 5012 se-

2181 5059 2433 5123 quentes,
2483 5049 2744 5104 talentum
2796 5049 2940 5118 quod
2970 5064 3001 5102 a
3052 5048 3159 5102 Deo
3194 5045 3524 5116 accepimus,
3573 5063 3693 5102 non
3728 5047 3782 5102 in

2184 5151 2328 5199 terra
2356 5143 2780 5206 abscondamus,
2830 5141 2923 5196 sed
2946 5156 3070 5197 cum
3117 5155 3312 5211 magno
3353 5137 3635 5194 desiderio
3661 5154 3786 5195 ero-

2181 5249 2311 5304 gare
2331 5235 2670 5297 studeamus,
2701 5239 2763 5287 ut
2796 5231 3126 5302 geminatum
3167 5230 3396 5286 Domino
3436 5228 3783 5288 referamus.

2180 5327 2248 5383 Et
2277 5327 2405 5397 quia
2435 5327 2574 5382 alius
2620 5336 2793 5383 artem
2847 5327 3079 5395 legendi,
3132 5327 3273 5382 alius
3313 5325 3591 5391 cantandi,
3635 5327 3787 5384 alius

2185 5418 2530 5488 praedicandi,
2563 5417 2702 5474 alius
2749 5418 3028 5489 pingendi,
3061 5417 3201 5474 alius
3245 5433 3307 5472 ea
3337 5432 3458 5488 qua:
3495 5418 3566 5473 ad
3610 5435 3788 5475 orna-

2181 5520 2422 5567 mentum
2485 5510 2730 5568 ecclesia:
2795 5511 3068 5581 pertinent
3135 5509 3438 5568 fabricandi
3503 5511 3786 5568 talentum

2181 5602 2430 5674 accepit,
2476 5602 2618 5658 alius
2657 5603 2763 5659 hoc
2807 5603 2953 5674 quod
3006 5602 3196 5658 didicit
3259 5603 3478 5658 studeat
3513 5617 3785 5675 erogare.

2179 5692 2291 5748 Nec
2336 5691 2511 5748 solum
2559 5693 2612 5748 in
2658 5681 3046 5750 ecclesiasticis
3095 5695 3434 5757 ministeriis,
3471 5695 3565 5749 sed
3603 5696 3790 5749 etiam

2178 5795 2306 5843 sunt
2370 5786 2506 5842 tales
2559 5787 2611 5842 in
2677 5787 2781 5843 hoc
2843 5785 3084 5858 populo,
3155 5787 3246 5855 qui
3321 5786 3570 5841 diversas
3624 5797 3792 5842 artes
