4002 6348
541 393 644 451 787
1166 385 1516 442 HAYMONIS
1557 377 2035 439 HALBERSTAT.
2076 372 2292 433 EPISC.
2330 375 2482 434 OPP.
2518 376 2696 433 PARS
2731 377 2793 432 ll.
2834 405 2906 418 —
2942 373 3175 432 HOMIL.
3724 374 3859 433 ⁸188

542 508 663 563 tiat.
690 506 758 562 Et
789 515 844 560 tu
876 519 1005 576 ergo
1033 502 1124 572 qui
1170 500 1321 572 cupis
1358 515 1477 556 esse
1517 498 1670 554 miles
1702 497 1817 561 Dei,
1848 495 2115 566 praecinge
2140 488 2196 552 Ἀ
2220 491 2353 548 dens
2377 492 2429 547 in
2457 491 2675 558 ctelum,
2698 489 3093 546 multitudinem
3116 489 3428 561 angelorum
3452 506 3632 546 novus
3659 488 3859 546 homo

561 599 756 655 umbos
797 605 939 659 tuos,
980 593 1036 649 id
1080 601 1165 649 est
1216 591 1398 649 omnia
1437 590 1580 665 ﬂuxa
1626 598 1681 645 et
1734 587 2117 658 impedimenta
2220 581 2323 636 sibi
2352 582 2595 637 sociavit.
2640 580 2789 636 Tunc
2818 589 2998 635 autem
3025 588 3330 635 revertetur
3352 581 3419 636 ad
3444 597 3640 637 servos
3673 596 3853 649 suos,

543 691 725 749 mundi
754 698 1038 760 postpone,
1073 695 1132 741 ut
1158 696 1404 757 pugnare
1436 684 1620 738 valeas
1651 696 1758 736 non
1805 699 1824 732 ι
1859 679 2120 735 adversus
2223 672 2438 741 Quando
2463 688 2558 743 per
2582 672 2842 743 judicium
2881 669 3212 727 manifestari
3246 673 3491 743 coeperit.
3554 672 3699 728 Sive
3732 672 3855 728 al-

543 796 762 840 carnem
794 790 843 836 et
877 779 1218 850 sanguinem,
1251 779 1344 834 sed
1376 777 1636 832 adversus
1661 773 1846 829 mundi
1878 766 2119 828 rectores
2215 771 2306 819 181'
2334 781 2348 817 τ
2374 762 2535 818 Certe
2571 762 2830 818 Βοιηίηυε
2870 761 3025 819 Doms
3058 762 3298 831 (Ιιιοιίάίθ
3324 763 3488 828 νθηίί,
3518 778 3652 818 cum
3690 777 3851 817 ωηο

532 876 888 931 tenebrarum
935 872 1154 937 harum,
1197 878 1387 926 contra
1427 867 1725 939 spiritualia
1770 866 2027 936 nequitiae
2063 863 2120 920 in
2214 856 2475 913 Scienlias
2500 866 2713 913 nostras
2747 872 2848 928 per
2883 872 3039 912 suam
3084 857 3313 927 gratiam
3363 856 3569 922 visitat,
3626 864 3694 911 et
3738 871 3853 911 eor

545 966 877 1031 caelestibus,
907 983 925 1017 ι
946 973 1007 1020 ιιι
1029 963 1317 1034 impleatur
1338 961 1392 1016 in
1415 969 1468 1016 te
1492 960 1632 1029 quod
1664 960 1803 1014 idem
1831 956 2120 1028 Apostolus

2226 955 2466 1002 nostrum
2501 961 2599 1003 suo
2625 962 2807 1003 amore
2830 945 3143 1001 inﬂammat.
3195 945 3380 1001 Pulsat
3407 962 3555 1013 vero,
3588 946 3845 1018 quando

541 1058 815 1127 subjungit
848 1075 861 1110 :
910 1075 929 1108 ι
972 1054 1126 1111 State
1164 1068 1294 1125 ergo
1341 1040 1602 1107 succincti
1659 1049 1870 1104 lumbos
1908 1056 2120 1103 vestros
2219 1048 2319 1110 Per
2351 1036 2685 1107 mariludinis
2714 1037 3035 1099 molestiam.
3076 1034 3308 1091 Vicinam
3338 1045 3568 1092 mortem
3602 1037 3847 1091 denun-

539 1150 592 1203 in
623 1124 872 1212 veritate,
895 1155 950 1200 et
972 1145 1145 1201 induti
1175 1124 1338 1198 lorica
1358 1141 1602 1209 justitim,
1627 1150 1681 1195 et
1710 1139 1932 1195 calceati
1957 1139 2122 1207 pedes
2221 1127 2340 1183 ῑίειῑο
2383 1127 2480 1183 Οιιί
2504 1128 2592 1183 ille
2613 1127 2791 1182 statim
2815 1126 3011 1196 alter“.
3037 1124 3128 1195 (ἰοί
3152 1125 3310 1181 ίπῑιιε
3329 1127 3394 1181 de
3415 1142 3655 1197 corpore
3688 1127 3843 1193 θιὶιν

540 1237 594 1293 iu
622 1236 1019 1308 prteparatione
1049 1232 1325 1304 Evangelii
1355 1232 1507 1303 pacis
1534 1229 1695 1301 (Eph.
1722 1229 1822 1301 vi);
1862 1248 1881 1280 ι
1919 1226 2124 1282 Taliter
2214 1226 2277 1273 ει
2321 1217 2438 1287 eius
2474 1218 2732 1308 speCiem.
2773 1230 2933 1308 quem
2975 1230 3191 1308 semper
3235 1215 3583 1308 desideravit,
3628 1216 3844 1272 videre

544 1329 703 1384 miles
731 1328 1034 1384 castrorum
1060 1325 1269 1382 lumbos
1296 1326 1681 1396 praecinxerat,
1713 1321 1930 1392 quando
1965 1321 2120 1376 audi-

2226 1308 2573 1379 concupiscit.
2630 1307 2874 1361 Pulsanti
2907 1306 3075 1377 judici
3100 1307 3311 1377 aperire
3354 1308 3527 1371 timet,
3566 1309 3671 1379 qui
3708 1308 3839 1377 ejus

533 1421 653 1476 vit:
686 1440 704 1471 ι
733 1420 967 1492 Accinge
989 1420 1127 1475 sicut
1154 1419 1239 1474 vir
1262 1418 1475 1473 lumbos
1509 1425 1627 1472 tuos
1644 1414 1771 1487 (Job
1802 1413 2054 1487 xxxviii).
2095 1428 2116 1466 ι

2226 1397 2501 1468 praeceptis
2549 1411 2607 1451 se
2654 1396 2874 1451 minime
2925 1397 3329 1466 obtemperasse
3382 1397 3676 1466 cognoscit
3711 1411 3730 1450 :
3780 1408 3838 1452 et

548 1512 705 1568 Unde
729 1520 783 1568 et
804 1513 858 1567 iu
888 1488 1045 1566 laude
1067 1511 1319 1566 Ecclesiae
1344 1510 1542 1565 dicitur
1568 1527 1580 1562 ε
1618 1527 1635 1559 ι
1674 1507 1926 1563 Aceinxit
1959 1505 2116 1561 forti-

2226 1491 2407 1546 videre
2437 1504 2560 1544 eum
2597 1488 2785 1545 exiens
2824 1489 2890 1545 de
2933 1502 3161 1558 corpore
3192 1489 3441 1558 trepidat,
3485 1505 3655 1557 quem
3696 1504 3839 1543 cou-

540 1604 726 1659 tudine
766 1603 980 1659 lumbos
1021 1617 1169 1667 suos,
1226 1608 1282 1657 et
1328 1600 1604 1657 roboravit
1638 1598 1919 1654 brachium
1964 1611 2121 1652 suum

2226 1583 2507 1653 tempsisse
2546 1597 2604 1637 se
2641 1581 2885 1636 meminit
2911 1599 2925 1635 :
2957 1589 3013 1635 et
3040 1581 3191 1650 quasi
3215 1581 3453 1648 judicem
3481 1580 3683 1635 videre
3714 1595 3838 1636 me-

539 1694 679 1765 (Job
732 1694 850 1765 ιιι).
912 1714 931 1746 ι
983 1692 1239 1763 Quisquis
1293 1700 1473 1747 autem
1526 1690 1649 1745 talis
1697 1699 1822 1755 est,
1880 1688 2002 1744 aliis
2056 1687 2122 1742 ad

2226 1675 2343 1738 tuit,
2384 1672 2539 1742 cujus
2580 1674 2747 1743 jussis
2799 1688 2858 1728 se
2906 1672 3308 1741 obtemperasse
3354 1686 3460 1726 non
3506 1672 3829 1741 cognoscit.

536 1760 843 1855 éxempjmj‘
900 1760 1214 1838 εωίωεοίηε
1247 1781 1630 1853 proponemus
1673 1787 1780 1846 εει,
1816 1780 1939 1849 quia
1979 1780 2117 1834 sicut
2140 1838 2189 1855 ἰ
2214 1761 2375 1818 Sicut
2398 1763 2542 1817 enim
2563 1760 2759 1855 judicis
2782 1762 3070 1817 adventum
3096 1761 3151 1816 in
3177 1761 3395 1855 civitate
3419 1761 3536 1832 ejus
3560 1761 3711 1830 justi
3742 1762 3830 1816 di-

539 1878 615 1933 ait
642 1838 945 1934 deinus:
979 1895 998 1929 ι
1042 1874 1212 1932 Nemo
1248 1838 1510 1931 acc-endit
1557 1838 1849 1930 lucernam.
1878 1882 1933 1928 ct
1964 1870 2115 1943 ponit
2140 1838 2406 1927 θίίςυηίν
2441 1854 2586 1910 Γυνεε
2622 1863 2676 1909 ei
2716 1854 2955 1911 Ῑτίῑτοηθε
2998 1854 3190 1910 “mem
3233 1872 3246 1908 ε
3286 1853 3363 1908 ita
3415 1862 3469 1908 εί
3515 1855 3830 1908 adventum

537 1984 656 2024 eam
684 1970 782 2024 sub
816 1967 1017 2033 modio,
1072 1968 1166 2022 sed
1210 1981 1373 2036 super
1406 1965 1812 2029 candelabrum,
1840 1972 1900 2018 ut
1937 1963 2117 2018 luceat

538 2060 786 2115 omnibus
819 2060 911 2131 qui
942 2060 996 2114 in
1041 2057 1203 2114 domo
1230 2068 1355 2114 sunt
1394 2058 1546 2131 (Luc.
1580 2058 1679 2130 xi).
1728 2078 1748 2110 ι
1784 2056 1936 2113 Unde
1962 2064 2114 2127 post-

538 2168 699 2224 quam
713 2152 889 2207 dixit:
921 2169 940 2202 ι
972 2151 1094 2205 Sint
1118 2150 1284 2206 lumbi
1310 2150 1479 2205 vestri
1501 2148 1778 2221 prtecincti
1799 2157 1854 2203 et
1880 2147 2119 2203 lucerna:

539 2238 809 2313 ardentes,
853 2268 870 2299 ι
905 2250 1031 2320 quid
1054 2263 1150 2317 per
1172 2248 1442 2312 lucernas,
1470 2246 1573 2301 nisi
1605 2261 1766 2317 Opera
1789 2246 1931 2300 bona
1973 2243 2116 2299 desi-

534 2339 814 2413 gnantur?
847 2340 1119 2395 Lueernas
1148 2340 1401 2395 ardentes
1433 2339 1651 2403 habere,
1678 2346 1761 2393 est
1782 2338 1922 2392 bona
1952 2349 2117 2408 opera

539 2424 664 2487 aliis
691 2432 755 2486 ad
798 2432 1131 2487 imitandunr
1145 2433 1453 2496 ostendere,
1481 2431 1635 2502 juxta
1676 2430 1802 2485 illud
1842 2431 1983 2500 quod
2010 2429 2119 2485 Do-

539 2524 718 2579 minus
744 2522 871 2577 alibi
892 2522 973 2576 ait
1006 2540 1019 2576 :
1055 2540 1075 2573 ι
1108 2522 1314 2578 Luceat
1348 2522 1438 2576 lux
1460 2530 1645 2577 vestra
1676 2536 1857 2576 coram
1888 2519 2120 2575 homini:-

539 2620 658 2681 bus,
686 2621 747 2668 ut
770 2613 988 2668 videant
1014 2628 1179 2685 opera
1205 2620 1385 2667 vestra
1416 2613 1578 2676 bona,
1610 2620 1663 2667 et
1692 2610 1993 2683 gloriﬁcent
2020 2609 2120 2663 Pa-

539 2697 678 2761 trem
714 2713 954 2760 vestrum
979 2704 1068 2774 qui
1111 2704 1168 2758 in
1209 2703 1360 2759 caelis
1397 2710 1480 2758 est
1501 2701 1715 2770 (Matth.
1756 2700 1832 2773 v).
1873 2718 1892 2752 ι
1923 2698 2117 2754 Consi-

540 2795 836 2852 derandum
864 2803 1046 2850 autem
1072 2793 1201 2849 illud
1229 2804 1330 2859 est,
1357 2809 1466 2863 quo
1500 2793 1605 2847 duo
1634 2801 1762 2847 sunt
1788 2806 1908 2861 qua:
1932 2789 2119 2860 praeci-

538 2886 783 2956 piuntur,
815 2885 1031 2940 lumbos
1056 2884 1264 2939 scilicet
1285 2884 1637 2955 praecingere,
1667 2891 1723 2937 et
1748 2882 2001 2936 lucernas
2032 2884 2120 2933 aré

541 2976 730 3031 dentes
775 2976 994 3039 habere,
1032 2976 1157 3045 quia
1190 2990 1292 3031 nec
1335 2976 1559 3030 castitas
1588 2974 1807 3045 prodest
1829 2973 1945 3028 sine
1976 2973 2119 3027 bono

540 3081 725 3138 opere,
761 3081 860 3123 nec
888 3068 1088 3123 bonum
1122 3081 1257 3137 opus
1284 3065 1487 3135 aliquid
1525 3066 1669 3121 valet
1697 3064 1815 3121 sine
1847 3063 2116 3119 castitate.

540 3156 781 3211 Primum
832 3158 977 3212 enim
1026 3157 1370 3227 pnecipimur
1419 3156 1630 3212 lumbos
1681 3154 2028 3224 restringere,
2066 3161 2121 3210 et

540 3254 663 3318 post
707 3248 955 3303 lucernas
987 3256 1172 3305 tenere
1197 3266 1225 3325 ε⁵
1245 3248 1370 3318 quia
1406 3247 1493 3303 ille
1519 3249 1586 3303 ad
1619 3247 1846 3302 aliorum
1871 3246 2116 3316 exempla

548 3339 946 3409 promovendus
991 3349 1090 3403 est,
1136 3340 1190 3395 in
1222 3339 1377 3409 cujus
1422 3349 1641 3409 pectore
1676 3338 1933 3394 salutaria
1980 3337 2120 3393 desi-

540 3427 689 3483 deria
723 3429 923 3499 vigent,
953 3438 1009 3485 et
1036 3430 1191 3502 cujus
1216 3439 1453 3484 mentem
1481 3428 1718 3484 carnalis
1744 3430 1992 3498 voluptas
2013 3442 2119 3482 non

541 3528 789 3591 occupat.
821 3520 975 3587 Quod
1023 3522 1076 3575 iu
1126 3521 1241 3589 lege
1274 3519 1676 3590 praeﬁguratum
1716 3525 1819 3582 est,
1856 3531 1979 3572 cum
2025 3530 2123 3586 per

541 3609 763 3682 Moysen
811 3611 1139 3683 praecipitur,
1174 3618 1232 3663 ut
1273 3609 1451 3663 levitte
1490 3623 1661 3676 usque
1689 3607 1756 3659 ad
1786 3606 2123 3675 quinquage-i

540 3702 738 3758 simum
770 3717 972 3758 annum
1020 3702 1352 3766 ministrent,
1402 3711 1527 3770 post
1569 3715 1769 3754 annum
1811 3713 1938 3753 vero
1969 3699 2124 3769 quin-

540 3795 923 3865 quagesimum
938 3793 1192 3849 custodes
1215 3806 1467 3846 vasorum
1486 3790 1638 3856 llant,
1667 3790 1965 3861 legitimum
1987 3799 2123 3845 tem-

542 3901 642 3956 pus
676 3886 1038 3947 attendentes,
1065 3885 1180 3939 sive
1200 3884 1267 3939 ad
1296 3884 1609 3961 regendum,
1643 3884 1759 3938 sive
1785 3882 1851 3938 ad
1880 3881 2122 3938 oliicium

542 3978 948 4048 praedicationis
987 3977 1392 4048 suscipiendum
1420 3976 1611 4050 (Num.
1639 3976 1783 4047 vm).
1814 3975 1925 4031 Sed
1976 3980 2126 4047 quae;

542 4069 681 4123 ritur
727 4081 897 4138 quare
949 4068 1223 4139 praecipiat
1274 4070 1523 4132 lucernas
1564 4077 1770 4134 tenere,
1825 4083 1949 4122 cum
1995 4065 2122 4124 alibi

544 4158 736 4213 dicat:
777 4177 793 4210 ι
825 4157 905 4213 Tu
939 4144 1117 4214 autem
1161 4175 1283 4215 cum
1330 4160 1594 4225 oraveris,
1640 4160 1781 4214 intra
1820 4158 1873 4213 in
1906 4158 2124 4213 cubicu-

541 4249 652 4304 lum
681 4258 852 4317 tuum,
880 4260 937 4306 et
966 4252 1149 4307 clauso
1170 4254 1308 4308 ostio
1332 4268 1426 4308 ora
1459 4252 1669 4307 Patrem
1721 4260 1874 4306 tuum
1903 4249 2119 4321 (Matth.

542 4341 643 4414 vt).
684 4361 703 4394 ι
743 4343 825 4397 Ad
854 4343 994 4411 quod
1038 4343 1345 4406 dicendum,
1389 4343 1513 4411 quia
1545 4341 1649 4396 illis
1692 4339 2004 4411 praecipitur
2028 4341 2125 4394 bo-

542 4449 672 4489 num
700 4450 838 4505 opus
859 4436 924 4490 ad
949 4435 1255 4504 exemplum
1285 4435 1513 4490 aliorum
1548 4434 1854 4498 ostendere,
1888 4433 1980 4502 qui
2011 4441 2121 4486 tam

544 4526 771 4596 perfecti
797 4535 943 4589 sunt,
975 4534 1034 4580 ut
1064 4527 1131 4579 ab
1161 4526 1471 4580 hominibus
1493 4524 1691 4579 laudati
1727 4540 1834 4578 non
1860 4522 2122 4578 extollan-

543 4624 650 4669 tur.
679 4614 787 4671 lllis
825 4624 1004 4669 autem
1033 4615 1125 4684 qui
1178 4612 1475 4685 imperfecti
1514 4621 1657 4676 sunt,
1687 4622 1778 4667 aut
1803 4626 1940 4682 quos
1968 4609 2124 4666 favor

546 4706 811 4760 humanus
834 4705 1065 4765 extollit.
1090 4706 1399 4776 praecipitur
1425 4720 1438 4759 :
1469 4722 1489 4755 ι
1527 4703 1606 4759 Tu
1634 4713 1813 4759 autem
1850 4719 1973 4759 cum
1995 4718 2123 4758 ora-

546 4797 707 4859 veris,
728 4797 881 4864 intra
919 4797 973 4850 in
1014 4796 1319 4852 cubiculum
1349 4803 1521 4850 tuum.
1568 4795 1634 4849 Et
1672 4811 1796 4857 cum
1828 4794 1961 4850 facis
1983 4794 2126 4850 elee-

548 4900 849 4957 mosynam,
890 4888 1096 4943 neseiat
1142 4887 1364 4942 sinistra
1407 4897 1497 4943 tua
1532 4886 1660 4955 quid
1690 4884 1859 4940 faciat
1901 4885 2124 4940 dextera

548 4987 639 5030 tua
675 4975 882 5048 (Ibid).
914 4996 933 5030 ι
960 4977 1027 5032 Et
1051 4976 1348 5048 quiajuxla
1373 4976 1598 5032 Joannis
1625 4991 1814 5029 vocem
1842 4994 1855 5029 :
1888 4993 1908 5027 ι
1946 4975 2004 5031 Si
2029 4988 2127 5031 cor

546 5072 795 5120 nostrum
833 5082 938 5121 non
974 5068 1383 5137 reprehenderit
1424 5081 1546 5131 nos,
1577 5065 1832 5119 ﬁduciam
1862 5065 2126 5123 habemus

549 5160 603 5213 in
640 5159 727 5213 die
750 5156 939 5227 judicii
986 5159 1039 5231 (1
1059 5158 1223 5213 Joan.
1258 5158 1360 5230 ιιι),
1394 5177 1413 5210 ι
1447 5157 1753 5227 quicunque
1790 5156 2001 5212 lumbos
2032 5158 2129 5211 hs-

550 5250 679 5302 bent
737 5250 1060 5319 praecinctos
1110 5256 1167 5303 et
1208 5248 1463 5304 lucernas
1509 5247 1787 5309 ardentes,
1836 5247 2125 5303 adventum

550 5340 760 5396 Domini
786 5356 893 5398 non
928 5350 1039 5397 tam
1069 5340 1262 5396 timere
1285 5339 1486 5394 debent
1511 5352 1675 5408 quam
1698 5337 1943 5408 diligere.
1972 5335 2127 5394 Unde

549 5439 606 5484 et
630 5430 884 5486 subditur
916 5449 930 5485 :
1012 5472 1019 5479 .

627 5539 645 5571 ι
673 5519 742 5576 Et
764 5534 864 5576 vos
896 5518 1103 5575 similes
1128 5517 1437 5573 hominibus
1477 5518 1917 5588 exspectantibus
1958 5517 2131 5574 domi-

546 5631 574 5664 1
605 5628 732 5667 num
762 5627 939 5678 suum,
963 5612 1177 5683 quando
1202 5620 1501 5667 revertatur
1546 5629 1577 5667 a
1624 5614 1847 5683 nuptiis,
1899 5621 1959 5668 ut
2004 5622 2128 5669 cum

554 5722 576 5756 ι
606 5704 816 5759 venerit
836 5712 896 5761 et
918 5704 1239 5776 pulsaverit,
1276 5702 1558 5761 confestim
1596 5706 1844 5775 aperiant
1887 5704 1956 5759 ei.
1988 5723 2006 5756 ι
2045 5703 2128 5758 Ad

548 5800 771 5873 nuptias
793 5800 992 5874 quippe
1019 5799 1279 5857 Dominus
1301 5808 1485 5858 uoster
1511 5800 1677 5868 abiit,
1702 5797 1916 5873 quando
1943 5812 2128 5855 ascen-

2220 1946 2428 2001 Domini
2462 1945 2535 2000 illi
2569 1946 2780 2013 timent,
2807 1947 2900 2018 qui
2929 1946 3046 2017 ejus
3066 1946 3349 2016 praeceptis
3372 1960 3431 1999 se
3456 1945 3691 1999 minime
3730 1943 3826 1998 ob-

2214 2046 2549 2107 temperasse
2588 2039 2782 2093 sciuut.
2836 2035 2947 2093 Soli
2989 2045 3169 2092 autem
3202 2035 3277 2089 illi
3309 2035 3558 2105 diligunt,
3589 2034 3692 2103 qui
3736 2048 3824 2089 re—

2217 2138 2304 2183 cte
2328 2143 2386 2184 se
2409 2129 2595 2185 vivere
2630 2128 2876 2185 recolunt
2909 2145 2923 2181 :
2954 2128 3097 2199 quod
3125 2126 3335 2182 illorum
3373 2135 3457 2181 est
3485 2124 3696 2188 facere,
3728 2123 3823 2196 qui

2217 2222 2384 2275 vitam
2425 2236 2576 2275 suam
2606 2228 2868 2290 quantum
2896 2220 3132 2273 humana
3174 2216 3439 2288 fragilitas
3463 2214 3709 2285 patitur,
3739 2216 3825 2270 iu-

2218 2311 2538 2383 culpabilem
2597 2311 2907 2367 custodiunt
2950 2349 2964 2375 ,
3013 2315 3069 2363 et
3116 2323 3212 2363 cor
3264 2322 3419 2362 suum
3475 2306 3543 2360 de
3595 2313 3823 2363 terreno

2219 2419 2403 2459 amore
2429 2404 2483 2458 in
2512 2402 2749 2459 cmlestis
2790 2399 2978 2470 patria:
3016 2398 3211 2470 gaudio
3239 2404 3466 2468 ponunt.
3505 2395 3661 2452 Talis
3698 2403 3821 2451 erat

2218 2494 2414 2549 Paulus
2445 2491 2739 2562 apostolus,
2770 2490 2860 2560 qui
2893 2489 2960 2544 de
2993 2487 3150 2543 bonis
3175 2485 3387 2542 actibus
3418 2501 3646 2541 securus
3675 2485 3824 2541 dice-

2218 2589 2312 2644 bat
2344 2606 2357 2641 :
2395 2605 2413 2638 ι
2451 2586 2561 2656 Ego
2585 2592 2765 2641 autem
2790 2582 2903 2652 jam
2929 2581 3156 2645 delibor,
3179 2586 3235 2636 et
3264 2588 3474 2649 tempus
3500 2592 3638 2632 meae
3663 2592 3820 2633 reso-

2219 2677 2438 2733 lutionis
2486 2676 2669 2730 instat.
2741 2673 2949 2726 Bonum
2994 2678 3269 2726 certamen
3316 2666 3538 2726 eertavi,
3591 2664 3820 2721 cursui

2219 2763 2608 2830 consummavi,
2657 2762 2816 2816 ﬁdem
2859 2759 3092 2823 servavi,
3134 2758 3200 2813 de
3228 2755 3437 2826 reliquo
3465 2756 3706 2824 reposita
3733 2762 3819 2809 est

2219 2857 2352 2913 mihi
2404 2870 2602 2911 corona
2650 2851 2876 2923 justitiat
2931 2848 3021 2923 (II
3074 2847 3209 2903 Tim;
3258 2847 3354 2917 tv).
3384 2866 3402 2898 ι
3453 2846 3520 2900 Et
3562 2847 3813 2900 iterum:

2225 2969 2243 3002 ι
2272 2949 2440 3020 Cupio
2467 2946 2706 3011 dissolvi,
2737 2953 2792 3000 et
2824 2958 2944 2999 esse
2983 2957 3105 2997 cum
3160 2939 3381 3007 Christo
3421 2937 3591 2993 multo
3618 2936 3817 2992 melius

2219 3050 2302 3097 est
2343 3038 2567 3112 (Philip.
2600 3040 2661 3107 l).
2693 3056 2712 3088 ι
2756 3034 2823 3091 Et
2849 3047 3038 3089 rursus
3068 3050 3082 3086 :
3115 3049 3133 3083 ι
3166 3026 3300 3086 Vivo
3341 3026 3520 3083 autem
3546 3027 3659 3097 jam
3698 3044 3808 3082 nou

2220 3149 2340 3206 ego,
2385 3132 2515 3186 vivit
2554 3145 2683 3185 vero
2714 3129 2769 3184 in
2804 3142 2893 3184 me
2935 3126 3187 3183 Christus
3230 3116 3383 3195 (Gal.
3429 3121 3511 3193 ιι).
3540 3139 3560 3172 ι
3602 3116 3810 3174 Taliter

2147 3212 2192 3273 C
2222 3224 2455 3297 pulsanti
2471 3220 2640 3294 judici
2671 3221 2859 3277 beatus
2886 3217 3149 3273 Martinus
3173 3214 3385 3286 aperire
3414 3222 3636 3283 paratus
3661 3218 3810 3277 erat,

2221 3318 2437 3391 quando
2462 3316 2604 3371 inter
2624 3312 2961 3385 aegritudinis
2994 3308 3294 3365 molestiam
3331 3305 3697 3369 constitutus,
3729 3303 3808 3358 di-

2221 3407 2547 3480 scipulorum
2581 3403 2796 3459 lletibus
2824 3407 3147 3464 commotus,
3180 3398 3435 3453 dicebat:
3463 3395 3664 3452 Gravis
3702 3401 3803 3458 est,

2222 3500 2468 3563 Domine,
2507 3512 2686 3568 pugna
2730 3491 2950 3559 laboris,
2997 3504 3102 3560 qua
3142 3489 3425 3557 hucusque
3452 3484 3685 3551 ωηονί
3715 3483 3808 3539 sed

2222 3591 2266 3647 si
2296 3590 2473 3645 adhuc
2506 3586 2702 3658 populo
2747 3594 2839 3639 tuo
2888 3596 3008 3638 sum
3058 3577 3416 3643 necessarius,
3465 3591 3577 3632 non
3624 3586 3808 3631 recu-

2221 3687 2439 3751 propter
2461 3691 2554 3733 eos
2584 3675 2822 3731 laborem
2855 3689 2868 3726 :
2900 3671 2994 3726 ﬁat
3021 3668 3268 3725 voluntas
3290 3673 3402 3721 tua.
3429 3664 3660 3723 Talibus
3683 3676 3810 3736 qua-

2222 3774 2288 3829 lis
2316 3768 2681 3828 remuneratio
2718 3771 3016 3838 pmpamta
3058 3761 3151 3827 sit,
3201 3758 3463 3814 Dominus
3505 3755 3810 3813 malum

2223 3879 2345 3920 cum
2392 3861 2573 3917 subdit
2605 3877 2619 3913 :

2297 3973 2316 4007 ι
2342 3953 2493 4010 Beati
2524 3951 2665 4008 servi
2708 3948 2806 4014 illi,
2836 3961 2970 4017 quos
2994 3960 3118 4001 cum
3145 3942 3358 3999 venerit
3378 3941 3638 3996 dominus
3668 3942 3812 3995 laver

2229 4067 2250 4102 ι
2278 4047 2420 4104 nerit
2439 4044 2742 4116 vigilantes.
2775 4062 2795 4095 ι
2840 4039 3073 4112 Vigilare
3099 4036 3243 4094 enim
3271 4043 3371 4095 est,
3404 4034 3458 4089 in
3484 4034 3813 4101 bowopen

2225 4150 2659 4208 unumquemque
2699 4131 2990 4189 sollicitum
3041 4144 3182 4183 esse.
3231 4125 3322 4182 [Ile
3350 4140 3483 4180 vero
3510 4126 3655 4180 bene
3679 4123 3809 4208 vigif

2224 4229 2316 4294 lat,
2348 4206 2441 4298 qui
2474 4232 2621 4281 recte
2648 4224 2820 4280 credit
2847 4228 2902 4277 et
2942 4228 3089 4276 recte
3135 4218 3289 4273 vivit.
3344 4212 3561 4286 Vigilat,
3604 4211 3709 4283 qui
3744 4206 3810 4265 ad

2224 4328 2500 4391 aspectum
2553 4316 2664 4371 veri
2703 4314 2923 4370 luminis
2949 4319 3165 4384 apertos
3200 4318 3349 4365 tenet
3376 4306 3564 4363 oculos
3594 4304 3809 4359 mentis

2224 4410 2321 4466 Vel
2351 4420 2498 4466 certe
2551 4407 2756 4479 vigilat,
2805 4406 2897 4476 qui
2942 4414 3211 4474 torporem
3253 4408 3311 4456 et
3353 4393 3743 4469 negligentiam
3776 4404 3812 4447 ι

2225 4516 2285 4557 se
2312 4498 2536 4563 excutit,
2565 4506 2623 4552 et
2641 4496 2838 4551 divinis
2870 4492 3141 4549 mandatis
3182 4489 3393 4545 ardenti
3425 4488 3614 4542 animo
3644 4487 3813 4542 inha-

2229 4607 2327 4655 ret.
2390 4596 2593 4652 Taliter
2621 4592 2819 4648 Paulus
2843 4588 3114 4661 apostolus
3137 4586 3363 4663 vigilare
3392 4578 3675 4648 monebat,
3702 4581 3818 4652 qui:-

2226 4691 2327 4746 bus
2380 4685 2632 4741 dicebat:
2667 4699 2687 4734 ι
2716 4680 2994 4752 Evigilate,
3041 4676 3209 4749 justi,
3264 4683 3322 4730 et
3367 4671 3540 4730 nolite
3589 4668 3773 4742 βοωθὶ

2229 4779 2281 4850 (I
2321 4777 2444 4833 Cor.
2488 4773 2598 4848 xv).
2632 4792 2653 4826 ι
2710 4773 2778 4828 Et
2824 4771 3019 4826 iterum
3052 4784 3067 4821 :
3102 4786 3121 4818 ι
3152 4766 3296 4823 Hora
3337 4762 3566 4832 estiam
3621 4777 3726 4817 nos
3754 4760 3819 4815 δ

2229 4885 2420 4927 somno
2456 4879 2681 4936 surgere
2715 4862 2891 4935 (Rom.
2927 4856 3071 4929 xui).
3104 4877 3124 4910 ι
3168 4856 3237 4912 Et
3262 4869 3497 4910 rusus:
3533 4872 3552 4905 ι
3587 4852 3818 4923 Vigilat.

2228 4969 2285 5015 et
2305 4967 2478 5023 orate,
2509 4965 2566 5011 et
2598 4963 2736 5010 state
2764 4956 2820 5006 in
2852 4949 2960 5005 ﬁde
2986 4946 3041 5019 (ι
3066 4944 3191 5001 Cor.
3224 4944 3359 5016 xvi).
3384 4942 3623 4998 additae
3648 4941 3817 4995 etiam

2229 5053 2400 5123 ipsius
2442 5043 2896 5104 remunerationis
2937 5039 3173 5112 qualitas
3200 5037 3504 5092 insinuatur
3528 5048 3660 5088 cum

2230 5119 2377 5199 ditur
2404 5157 2418 5193 :
2453 5156 2473 5190 ι
2504 5137 2678 5192 Amen
2714 5135 2838 5189 dico
2876 5132 3031 5187 vobis
3057 5128 3204 5200 quod
3236 5125 3530 5197 praecinget
3554 5137 3622 5178 se
3642 5130 3707 5177 et
3736 5119 3816 5175 fac

2236 5252 2255 5288 ι
2279 5230 2516 5290 cietillos
2529 5224 2869 5283 discumbere
2891 5231 2948 5277 et
2977 5219 3246 5275 transiens
3269 5213 3605 5273 ministrabit
3626 5211 3763 5268 illis.
3792 5226 3816 5264 ι

2230 5323 2492 5394 Praecingi
2516 5334 2650 5376 vero
2677 5316 2771 5374 Dei
2789 5357 2806 5382 ,
2835 5324 2918 5371 est
2946 5313 3015 5369 ad
3046 5308 3459 5367 retributionem
3502 5318 3566 5361 se
3610 5318 3823 5376 praepa-

2234 5434 2376 5477 rare.
2432 5414 2688 5471 Nostrum
2732 5417 2914 5465 autem
2960 5404 3334 5467 discumbere,
3378 5408 3466 5455 est
3509 5399 3565 5454 in
3617 5404 3827 5453 aeterm

2232 5512 2565 5573 beatitudine
2612 5506 2915 5579 quiescere,
2953 5501 3107 5573 juxta
3159 5496 3306 5569 quod
3346 5495 3469 5565 ipse
3513 5492 3648 5549 alibi
3698 5490 3823 5547 ait

2240 5625 2258 5657 ι
2288 5604 2438 5659 Multi
2463 5596 2767 5655 venientab
2788 5596 2999 5652 oriente
3016 5601 3075 5649 et
3098 5591 3401 5653 occidente,
3424 5598 3479 5642 et
3502 5586 3830 5642 recumbeﬂ

2234 5713 2356 5752 cum
2382 5694 2680 5757 Abraham,
2703 5698 2759 5747 et
2782 5689 2953 5753 lsaac,
2979 5695 3038 5742 et
3077 5682 3244 5740 Jacob
3273 5683 3327 5737 in
3358 5696 3528 5751 regno
3555 5677 3829 5733 etclam
3862 5714 3871 5724 .

2232 5788 2451 5860 (Matth.
2487 5790 2625 5860 vui).
2659 5806 2679 5840 ι
2723 5782 2979 5842 Transire
3005 5793 3137 5838 vero
3162 5777 3382 5844 (ﬁcitur,
3418 5788 3546 5835 cum
3580 5767 3829 5851 puti.»
