  <div class='ocr_page' id='page_1' title='image "/cluster/home/n/w/nwhite01/storage/ocr_20150623/118/hvd.32044015466907/400.png"; bbox 0 0 4002 6348; ppageno 0'>
   <div class='ocr_carea' id='block_1_1' title="bbox 195 391 2197 452">
    <p class='ocr_par' dir='ltr' id='par_1_1' title="bbox 195 391 2197 452">
     <span class='ocr_line' id='line_1_1' title="bbox 195 391 2197 452; baseline 0 -1"><span class='ocrx_word' id='word_1_1' title='bbox 195 393 304 451; x_wconf 72' lang='lat'><strong>789</strong></span> <span class='ocrx_word' id='word_1_2' title='bbox 1414 391 1720 450; x_wconf 61' lang='lat' dir='ltr'><strong>HOMILIIE</strong></span> <span class='ocrx_word' id='word_1_3' title='bbox 1760 392 1851 450; x_wconf 72' lang='lat' dir='ltr'><strong>DE</strong></span> <span class='ocrx_word' id='word_1_4' title='bbox 1889 392 2197 452; x_wconf 71' lang='lat' dir='ltr'><strong>SANCTIS.</strong></span> 
     </span>
    </p>
   </div>
   <div class='ocr_carea' id='block_1_2' title="bbox 3351 406 3459 465">
    <p class='ocr_par' dir='ltr' id='par_1_2' title="bbox 3351 406 3459 465">
     <span class='ocr_line' id='line_1_2' title="bbox 3351 406 3459 465; baseline 0.037 -3"><span class='ocrx_word' id='word_1_5' title='bbox 3351 406 3459 465; x_wconf 83' lang='lat'><strong>790</strong></span> 
     </span>
    </p>
   </div>
   <div class='ocr_carea' id='block_1_3' title="bbox 194 506 3643 593">
    <p class='ocr_par' dir='ltr' id='par_1_3' title="bbox 194 506 3643 593">
     <span class='ocr_line' id='line_1_3' title="bbox 194 506 3643 593; baseline 0.005 -31"><span class='ocrx_word' id='word_1_6' title='bbox 194 506 398 563; x_wconf 84' lang='lat' dir='ltr'><strong>dieium</strong></span> <span class='ocrx_word' id='word_1_7' title='bbox 456 507 524 562; x_wconf 91' lang='lat' dir='ltr'><strong>ad</strong></span> <span class='ocrx_word' id='word_1_8' title='bbox 568 522 791 579; x_wconf 78' lang='lat' dir='ltr'><strong>regnum</strong></span> <span class='ocrx_word' id='word_1_9' title='bbox 843 519 1113 578; x_wconf 77' lang='lat' dir='ltr'><strong>properat.</strong></span> <span class='ocrx_word' id='word_1_10' title='bbox 1174 508 1268 566; x_wconf 85' lang='lat' dir='ltr'><strong>Vel</strong></span> <span class='ocrx_word' id='word_1_11' title='bbox 1319 520 1467 566; x_wconf 89' lang='lat' dir='ltr'><strong>certe</strong></span> <span class='ocrx_word' id='word_1_12' title='bbox 1518 511 1851 572; x_wconf 70' lang='lat' dir='ltr'><strong>DominusA</strong></span> <span class='ocrx_word' id='word_1_13' title='bbox 1876 523 2039 579; x_wconf 87' lang='lat' dir='ltr'><strong>opere</strong></span> <span class='ocrx_word' id='word_1_14' title='bbox 2068 520 2263 582; x_wconf 89' lang='lat' dir='ltr'><strong>torpet,</strong></span> <span class='ocrx_word' id='word_1_15' title='bbox 2287 524 2342 568; x_wconf 91' lang='lat' dir='ltr'><strong>et</strong></span> <span class='ocrx_word' id='word_1_16' title='bbox 2368 514 2747 573; x_wconf 88' lang='lat' dir='ltr'><strong>brevissimum</strong></span> <span class='ocrx_word' id='word_1_17' title='bbox 2771 527 2980 589; x_wconf 85' lang='lat' dir='ltr'><strong>tempus</strong></span> <span class='ocrx_word' id='word_1_18' title='bbox 3004 520 3126 575; x_wconf 68' lang='lat' dir='ltr'><strong>vitae</strong></span> <span class='ocrx_word' id='word_1_19' title='bbox 3152 525 3455 592; x_wconf 82' lang='lat' dir='ltr'><strong>praesentis,</strong></span> <span class='ocrx_word' id='word_1_20' title='bbox 3566 538 3573 545; x_wconf 74' lang='lat'>&#39;</span> <span class='ocrx_word' id='word_1_21' title='bbox 3622 568 3643 593; x_wconf 77' lang='lat'><strong>,</strong></span> 
     </span>
    </p>
   </div>
   <div class='ocr_carea' id='block_1_4' title="bbox 194 599 3458 674">
    <p class='ocr_par' dir='ltr' id='par_1_4' title="bbox 194 599 3458 674">
     <span class='ocr_line' id='line_1_4' title="bbox 194 599 3458 674; baseline 0.005 -20"><span class='ocrx_word' id='word_1_22' title='bbox 194 599 470 657; x_wconf 85' lang='lat' dir='ltr'><strong>transiens</strong></span> <span class='ocrx_word' id='word_1_23' title='bbox 503 600 659 657; x_wconf 87' lang='lat' dir='ltr'><strong>nobis</strong></span> <span class='ocrx_word' id='word_1_24' title='bbox 682 599 1029 667; x_wconf 73' lang='lat' dir='ltr'><strong>ministrabit,</strong></span> <span class='ocrx_word' id='word_1_25' title='bbox 1066 616 1189 657; x_wconf 90' lang='lat' dir='ltr'><strong>cum</strong></span> <span class='ocrx_word' id='word_1_26' title='bbox 1215 604 1282 658; x_wconf 88' lang='lat' dir='ltr'><strong>de</strong></span> <span class='ocrx_word' id='word_1_27' title='bbox 1316 604 1486 658; x_wconf 73' lang='lat' dir='ltr'><strong>forma</strong></span> <span class='ocrx_word' id='word_1_28' title='bbox 1532 604 1776 659; x_wconf 86' lang='lat' dir='ltr'><strong>humani-</strong></span> <span class='ocrx_word' id='word_1_29' title='bbox 1876 601 2031 669; x_wconf 87' lang='lat' dir='ltr'><strong>quasi</strong></span> <span class='ocrx_word' id='word_1_30' title='bbox 2059 602 2277 672; x_wconf 89' lang='lat' dir='ltr'><strong>longum</strong></span> <span class='ocrx_word' id='word_1_31' title='bbox 2303 604 2406 659; x_wconf 84' lang='lat' dir='ltr'><strong>sibi</strong></span> <span class='ocrx_word' id='word_1_32' title='bbox 2436 608 2720 674; x_wconf 73' lang='lat' dir='ltr'><strong>promittit.</strong></span> <span class='ocrx_word' id='word_1_33' title='bbox 2776 609 2931 665; x_wconf 85' lang='lat' dir='ltr'><strong>Furis</strong></span> <span class='ocrx_word' id='word_1_34' title='bbox 2972 620 3151 666; x_wconf 89' lang='lat' dir='ltr'><strong>autem</strong></span> <span class='ocrx_word' id='word_1_35' title='bbox 3196 612 3458 670; x_wconf 82' lang='lat' dir='ltr'><strong>adventus</strong></span> 
     </span>
    </p>
   </div>
   <div class='ocr_carea' id='block_1_5' title="bbox 195 688 3460 774">
    <p class='ocr_par' dir='ltr' id='par_1_5' title="bbox 195 688 3460 774">
     <span class='ocr_line' id='line_1_5' title="bbox 195 688 3460 774; baseline 0.005 -30"><span class='ocrx_word' id='word_1_36' title='bbox 195 688 325 744; x_wconf 87' lang='lat' dir='ltr'><strong>tatis</strong></span> <span class='ocrx_word' id='word_1_37' title='bbox 350 698 519 758; x_wconf 84' lang='lat' dir='ltr'><strong>usque</strong></span> <span class='ocrx_word' id='word_1_38' title='bbox 546 688 614 744; x_wconf 88' lang='lat' dir='ltr'><strong>ad</strong></span> <span class='ocrx_word' id='word_1_39' title='bbox 636 690 1101 759; x_wconf 84' lang='lat' dir='ltr'><strong>contemplandam</strong></span> <span class='ocrx_word' id='word_1_40' title='bbox 1124 691 1441 746; x_wconf 87' lang='lat' dir='ltr'><strong>charitatem</strong></span> <span class='ocrx_word' id='word_1_41' title='bbox 1472 692 1775 748; x_wconf 87' lang='lat' dir='ltr'><strong>Divinitatis</strong></span> <span class='ocrx_word' id='word_1_42' title='bbox 1877 706 2025 747; x_wconf 92' lang='lat' dir='ltr'><strong>mors</strong></span> <span class='ocrx_word' id='word_1_43' title='bbox 2063 704 2169 758; x_wconf 87' lang='lat' dir='ltr'><strong>est,</strong></span> <span class='ocrx_word' id='word_1_44' title='bbox 2210 710 2332 764; x_wconf 69' lang='lat' dir='ltr'><strong>quas</strong></span> <span class='ocrx_word' id='word_1_45' title='bbox 2368 696 2658 766; x_wconf 90' lang='lat' dir='ltr'><strong>improvisa</strong></span> <span class='ocrx_word' id='word_1_46' title='bbox 2705 698 2886 755; x_wconf 88' lang='lat' dir='ltr'><strong>subito</strong></span> <span class='ocrx_word' id='word_1_47' title='bbox 2909 700 3035 756; x_wconf 94' lang='lat' dir='ltr'><strong>dum</strong></span> <span class='ocrx_word' id='word_1_48' title='bbox 3062 716 3169 757; x_wconf 89' lang='lat' dir='ltr'><strong>non</strong></span> <span class='ocrx_word' id='word_1_49' title='bbox 3207 712 3460 774; x_wconf 82' lang='lat' dir='ltr'><strong>speratur</strong></span> 
     </span>
    </p>
   </div>
   <div class='ocr_carea' id='block_1_6' title="bbox 188 781 3454 866">
    <p class='ocr_par' dir='ltr' id='par_1_6' title="bbox 188 781 3454 866">
     <span class='ocr_line' id='line_1_6' title="bbox 188 781 3454 866; baseline 0.005 -31"><span class='ocrx_word' id='word_1_50' title='bbox 188 795 297 836; x_wconf 84' lang='lat' dir='ltr'><strong>nos</strong></span> <span class='ocrx_word' id='word_1_51' title='bbox 330 782 605 850; x_wconf 81' lang='lat' dir='ltr'><strong>perducet.</strong></span> <span class='ocrx_word' id='word_1_52' title='bbox 663 781 926 838; x_wconf 82' lang='lat' dir='ltr'><strong>Omnibus</strong></span> <span class='ocrx_word' id='word_1_53' title='bbox 961 783 1111 838; x_wconf 88' lang='lat' dir='ltr'><strong>enim</strong></span> <span class='ocrx_word' id='word_1_54' title='bbox 1152 784 1209 839; x_wconf 92' lang='lat' dir='ltr'><strong>in</strong></span> <span class='ocrx_word' id='word_1_55' title='bbox 1247 782 1454 851; x_wconf 89' lang='lat' dir='ltr'><strong>judicio</strong></span> <span class='ocrx_word' id='word_1_56' title='bbox 1497 784 1550 838; x_wconf 89' lang='lat' dir='ltr'><strong>in</strong></span> <span class='ocrx_word' id='word_1_57' title='bbox 1600 784 1772 839; x_wconf 81' lang='lat' dir='ltr'><strong>forma</strong></span> <span class='ocrx_word' id='word_1_58' title='bbox 1879 783 2122 849; x_wconf 88' lang='lat' dir='ltr'><strong>veniens,</strong></span> <span class='ocrx_word' id='word_1_59' title='bbox 2155 784 2467 842; x_wconf 77' lang='lat' dir='ltr'><strong>thesaurum</strong></span> <span class='ocrx_word' id='word_1_60' title='bbox 2492 788 2687 844; x_wconf 62' lang='lat' dir='ltr'><strong>anima;</strong></span> <span class='ocrx_word' id='word_1_61' title='bbox 2722 799 2918 847; x_wconf 66' lang='lat' dir='ltr'><strong>nostra:</strong></span> <span class='ocrx_word' id='word_1_62' title='bbox 2947 794 3013 847; x_wconf 89' lang='lat' dir='ltr'><strong>ad</strong></span> <span class='ocrx_word' id='word_1_63' title='bbox 3058 807 3249 862; x_wconf 70' lang='lat' dir='ltr'><strong>pmnas</strong></span> <span class='ocrx_word' id='word_1_64' title='bbox 3297 798 3454 866; x_wconf 85' lang='lat' dir='ltr'><strong>rapit.</strong></span> 
     </span>
    </p>
   </div>
   <div class='ocr_carea' id='block_1_7' title="bbox 192 871 1771 945">
    <p class='ocr_par' dir='ltr' id='par_1_7' title="bbox 192 871 1771 945">
     <span class='ocr_line' id='line_1_7' title="bbox 192 871 1771 945; baseline 0.003 -19"><span class='ocrx_word' id='word_1_65' title='bbox 192 872 548 929; x_wconf 70' lang='lat' dir='ltr'><strong>humanitatis</strong></span> <span class='ocrx_word' id='word_1_66' title='bbox 598 873 911 945; x_wconf 82' lang='lat' dir='ltr'><strong>apparebit,</strong></span> <span class='ocrx_word' id='word_1_67' title='bbox 954 871 1115 942; x_wconf 91' lang='lat' dir='ltr'><strong>justis</strong></span> <span class='ocrx_word' id='word_1_68' title='bbox 1165 874 1374 930; x_wconf 88' lang='lat' dir='ltr'><strong>scilicet</strong></span> <span class='ocrx_word' id='word_1_69' title='bbox 1425 883 1478 929; x_wconf 88' lang='lat' dir='ltr'><strong>et</strong></span> <span class='ocrx_word' id='word_1_70' title='bbox 1537 875 1771 945; x_wconf 86' lang='lat' dir='ltr'><strong>injustis,</strong></span> 
     </span>
    </p>
   </div>
   <div class='ocr_carea' id='block_1_8' title="bbox 188 964 1773 1035">
    <p class='ocr_par' dir='ltr' id='par_1_8' title="bbox 188 964 1773 1035">
     <span class='ocr_line' id='line_1_8' title="bbox 188 964 1773 1035; baseline 0.004 -16"><span class='ocrx_word' id='word_1_71' title='bbox 188 964 335 1019; x_wconf 87' lang='lat' dir='ltr'><strong>sicut</strong></span> <span class='ocrx_word' id='word_1_72' title='bbox 361 965 621 1035; x_wconf 89' lang='lat' dir='ltr'><strong>scriptum</strong></span> <span class='ocrx_word' id='word_1_73' title='bbox 647 974 761 1022; x_wconf 87' lang='lat' dir='ltr'><strong>est:</strong></span> <span class='ocrx_word' id='word_1_74' title='bbox 798 986 817 1019; x_wconf 79' lang='grc' dir='ltr'>ι</span> <span class='ocrx_word' id='word_1_75' title='bbox 849 966 916 1021; x_wconf 85' lang='lat' dir='ltr'><strong>Et</strong></span> <span class='ocrx_word' id='word_1_76' title='bbox 933 964 1142 1023; x_wconf 87' lang='lat' dir='ltr'><strong>videbit</strong></span> <span class='ocrx_word' id='word_1_77' title='bbox 1174 968 1351 1023; x_wconf 90' lang='lat' dir='ltr'><strong>omnis</strong></span> <span class='ocrx_word' id='word_1_78' title='bbox 1376 983 1508 1023; x_wconf 87' lang='lat' dir='ltr'><strong>caro</strong></span> <span class='ocrx_word' id='word_1_79' title='bbox 1533 967 1773 1025; x_wconf 89' lang='lat' dir='ltr'><strong>salutare</strong></span> 
     </span>
    </p>
   </div>
   <div class='ocr_carea' id='block_1_9' title="bbox 190 1055 1774 1129">
    <p class='ocr_par' dir='ltr' id='par_1_9' title="bbox 190 1055 1774 1129">
     <span class='ocr_line' id='line_1_9' title="bbox 190 1055 1774 1129; baseline 0.002 -18"><span class='ocrx_word' id='word_1_80' title='bbox 190 1056 290 1111; x_wconf 94' lang='lat' dir='ltr'><strong>Dei</strong></span> <span class='ocrx_word' id='word_1_81' title='bbox 328 1056 500 1111; x_wconf 83' lang='lat' dir='ltr'><strong>nostri</strong></span> <span class='ocrx_word' id='word_1_82' title='bbox 546 1055 682 1127; x_wconf 80' lang='lat' dir='ltr'><strong>(lsa.</strong></span> <span class='ocrx_word' id='word_1_83' title='bbox 728 1058 836 1129; x_wconf 73' lang='lat' dir='ltr'><strong>XL).</strong></span> <span class='ocrx_word' id='word_1_84' title='bbox 871 1077 889 1109; x_wconf 75' lang='grc' dir='ltr'><strong><em>ι</em></strong></span> <span class='ocrx_word' id='word_1_85' title='bbox 939 1056 1045 1112; x_wconf 87' lang='lat' dir='ltr'><strong>Sed</strong></span> <span class='ocrx_word' id='word_1_86' title='bbox 1088 1058 1334 1128; x_wconf 86' lang='lat' dir='ltr'><strong>reprobis</strong></span> <span class='ocrx_word' id='word_1_87' title='bbox 1370 1057 1520 1127; x_wconf 86' lang='lat' dir='ltr'><strong>justo</strong></span> <span class='ocrx_word' id='word_1_88' title='bbox 1568 1059 1774 1126; x_wconf 86' lang='lat' dir='ltr'><strong>judicio</strong></span> 
     </span>
    </p>
   </div>
   <div class='ocr_carea' id='block_1_10' title="bbox 185 1144 1773 1217">
    <p class='ocr_par' dir='ltr' id='par_1_10' title="bbox 185 1144 1773 1217">
     <span class='ocr_line' id='line_1_10' title="bbox 185 1144 1773 1217; baseline 0.005 -19"><span class='ocrx_word' id='word_1_89' title='bbox 185 1145 485 1209; x_wconf 80' lang='lat' dir='ltr'><strong>damnatis,</strong></span> <span class='ocrx_word' id='word_1_90' title='bbox 504 1144 660 1214; x_wconf 76' lang='lat' dir='ltr'><strong>juxta</strong></span> <span class='ocrx_word' id='word_1_91' title='bbox 683 1145 812 1200; x_wconf 91' lang='lat' dir='ltr'><strong>illud</strong></span> <span class='ocrx_word' id='word_1_92' title='bbox 847 1147 991 1217; x_wconf 87' lang='lat' dir='ltr'><strong>quod</strong></span> <span class='ocrx_word' id='word_1_93' title='bbox 1019 1148 1281 1217; x_wconf 89' lang='lat' dir='ltr'><strong>scriptum</strong></span> <span class='ocrx_word' id='word_1_94' title='bbox 1313 1158 1396 1204; x_wconf 90' lang='lat' dir='ltr'><strong>est</strong></span> <span class='ocrx_word' id='word_1_95' title='bbox 1430 1167 1442 1202; x_wconf 90' lang='lat'><strong>:</strong></span> <span class='ocrx_word' id='word_1_96' title='bbox 1482 1167 1501 1201; x_wconf 76' lang='grc' dir='ltr'><strong><em>ι</em></strong></span> <span class='ocrx_word' id='word_1_97' title='bbox 1530 1148 1773 1206; x_wconf 87' lang='lat' dir='ltr'><strong>Tollatur</strong></span> 
     </span>
    </p>
   </div>
   <div class='ocr_carea' id='block_1_11' title="bbox 186 1236 1772 1311">
    <p class='ocr_par' dir='ltr' id='par_1_11' title="bbox 186 1236 1772 1311">
     <span class='ocr_line' id='line_1_11' title="bbox 186 1236 1772 1311; baseline 0.004 -21"><span class='ocrx_word' id='word_1_98' title='bbox 186 1236 411 1305; x_wconf 87' lang='lat' dir='ltr'><strong>impius,</strong></span> <span class='ocrx_word' id='word_1_99' title='bbox 460 1252 530 1293; x_wconf 90' lang='lat' dir='ltr'><strong>ne</strong></span> <span class='ocrx_word' id='word_1_100' title='bbox 570 1237 747 1295; x_wconf 80' lang='lat' dir='ltr'><strong>videat</strong></span> <span class='ocrx_word' id='word_1_101' title='bbox 779 1237 1008 1308; x_wconf 87' lang='lat' dir='ltr'><strong>gloriam</strong></span> <span class='ocrx_word' id='word_1_102' title='bbox 1055 1238 1148 1294; x_wconf 93' lang='lat' dir='ltr'><strong>Dei</strong></span> <span class='ocrx_word' id='word_1_103' title='bbox 1176 1238 1312 1309; x_wconf 77' lang='lat' dir='ltr'><strong>(lsa.</strong></span> <span class='ocrx_word' id='word_1_104' title='bbox 1366 1240 1547 1311; x_wconf 76' lang='lat' dir='ltr'><strong>xxvi),</strong></span> <span class='ocrx_word' id='word_1_105' title='bbox 1577 1259 1596 1292; x_wconf 74' lang='grc' dir='ltr'><strong><em>ι</em></strong></span> <span class='ocrx_word' id='word_1_106' title='bbox 1643 1241 1772 1297; x_wconf 83' lang='lat' dir='ltr'><strong>solis</strong></span> 
     </span>
    </p>
   </div>
   <div class='ocr_carea' id='block_1_12' title="bbox 180 1325 1772 1402">
    <p class='ocr_par' dir='ltr' id='par_1_12' title="bbox 180 1325 1772 1402">
     <span class='ocr_line' id='line_1_12' title="bbox 180 1325 1772 1402; baseline 0.004 -22"><span class='ocrx_word' id='word_1_107' title='bbox 180 1325 377 1381; x_wconf 80' lang='lat' dir='ltr'><strong>electis</strong></span> <span class='ocrx_word' id='word_1_108' title='bbox 408 1327 668 1391; x_wconf 88' lang='lat' dir='ltr'><strong>transiet,</strong></span> <span class='ocrx_word' id='word_1_109' title='bbox 702 1343 839 1397; x_wconf 90' lang='lat' dir='ltr'><strong>quos</strong></span> <span class='ocrx_word' id='word_1_110' title='bbox 865 1328 933 1384; x_wconf 92' lang='lat' dir='ltr'><strong>de</strong></span> <span class='ocrx_word' id='word_1_111' title='bbox 955 1329 1162 1385; x_wconf 82' lang='lat' dir='ltr'><strong>visione</strong></span> <span class='ocrx_word' id='word_1_112' title='bbox 1202 1331 1556 1386; x_wconf 82' lang='lat' dir='ltr'><strong>humanitatis</strong></span> <span class='ocrx_word' id='word_1_113' title='bbox 1602 1346 1772 1402; x_wconf 88' lang='lat' dir='ltr'><strong>usque</strong></span> 
     </span>
    </p>
   </div>
   <div class='ocr_carea' id='block_1_13' title="bbox 182 1417 1770 1489">
    <p class='ocr_par' dir='ltr' id='par_1_13' title="bbox 182 1417 1770 1489">
     <span class='ocr_line' id='line_1_13' title="bbox 182 1417 1770 1489; baseline 0.004 -18"><span class='ocrx_word' id='word_1_114' title='bbox 182 1417 257 1472; x_wconf 90' lang='lat' dir='ltr'><strong>ad</strong></span> <span class='ocrx_word' id='word_1_115' title='bbox 277 1418 745 1487; x_wconf 73' lang='lat' dir='ltr'><strong>contemplandum</strong></span> <span class='ocrx_word' id='word_1_116' title='bbox 768 1421 1089 1476; x_wconf 88' lang='lat' dir='ltr'><strong>charitatem</strong></span> <span class='ocrx_word' id='word_1_117' title='bbox 1112 1420 1416 1478; x_wconf 86' lang='lat' dir='ltr'><strong>Divinitatis</strong></span> <span class='ocrx_word' id='word_1_118' title='bbox 1437 1423 1770 1489; x_wconf 88' lang='lat' dir='ltr'><strong>sublimabit,</strong></span> 
     </span>
    </p>
   </div>
   <div class='ocr_carea' id='block_1_14' title="bbox 178 1508 1772 1579">
    <p class='ocr_par' dir='ltr' id='par_1_14' title="bbox 178 1508 1772 1579">
     <span class='ocr_line' id='line_1_14' title="bbox 178 1508 1772 1579; baseline 0.006 -18"><span class='ocrx_word' id='word_1_119' title='bbox 178 1516 247 1561; x_wconf 87' lang='lat' dir='ltr'><strong>ut</strong></span> <span class='ocrx_word' id='word_1_120' title='bbox 289 1508 380 1577; x_wconf 89' lang='lat' dir='ltr'><strong>qui</strong></span> <span class='ocrx_word' id='word_1_121' title='bbox 430 1510 587 1565; x_wconf 86' lang='lat' dir='ltr'><strong>modo</strong></span> <span class='ocrx_word' id='word_1_122' title='bbox 613 1509 891 1566; x_wconf 87' lang='lat' dir='ltr'><strong>intuentur</strong></span> <span class='ocrx_word' id='word_1_123' title='bbox 923 1518 1131 1567; x_wconf 89' lang='lat' dir='ltr'><strong>tantum</strong></span> <span class='ocrx_word' id='word_1_124' title='bbox 1158 1512 1453 1579; x_wconf 90' lang='lat' dir='ltr'><strong>hominem,</strong></span> <span class='ocrx_word' id='word_1_125' title='bbox 1483 1524 1610 1568; x_wconf 89' lang='lat' dir='ltr'><strong>tunc</strong></span> <span class='ocrx_word' id='word_1_126' title='bbox 1635 1512 1772 1570; x_wconf 87' lang='lat' dir='ltr'><strong>facie</strong></span> 
     </span>
    </p>
   </div>
   <div class='ocr_carea' id='block_1_15' title="bbox 176 1598 1772 1674">
    <p class='ocr_par' dir='ltr' id='par_1_15' title="bbox 176 1598 1772 1674">
     <span class='ocr_line' id='line_1_15' title="bbox 176 1598 1772 1674; baseline 0.006 -22"><span class='ocrx_word' id='word_1_127' title='bbox 176 1598 253 1652; x_wconf 79' lang='lat' dir='ltr'><strong>ad</strong></span> <span class='ocrx_word' id='word_1_128' title='bbox 281 1599 473 1655; x_wconf 75' lang='lat' dir='ltr'><strong>faciem</strong></span> <span class='ocrx_word' id='word_1_129' title='bbox 505 1610 816 1659; x_wconf 87' lang='lat' dir='ltr'><strong>mereantur</strong></span> <span class='ocrx_word' id='word_1_130' title='bbox 864 1602 1044 1660; x_wconf 85' lang='lat' dir='ltr'><strong>videre</strong></span> <span class='ocrx_word' id='word_1_131' title='bbox 1089 1604 1278 1669; x_wconf 90' lang='lat' dir='ltr'><strong>Deum,</strong></span> <span class='ocrx_word' id='word_1_132' title='bbox 1327 1606 1564 1674; x_wconf 83' lang='lat' dir='ltr'><strong>qualiter</strong></span> <span class='ocrx_word' id='word_1_133' title='bbox 1608 1605 1772 1661; x_wconf 89' lang='lat' dir='ltr'><strong>Pater</strong></span> 
     </span>
    </p>
   </div>
   <div class='ocr_carea' id='block_1_16' title="bbox 178 1693 1772 1768">
    <p class='ocr_par' dir='ltr' id='par_1_16' title="bbox 178 1693 1772 1768">
     <span class='ocr_line' id='line_1_16' title="bbox 178 1693 1772 1768; baseline 0.004 -21"><span class='ocrx_word' id='word_1_134' title='bbox 178 1693 237 1748; x_wconf 90' lang='lat' dir='ltr'><strong>in</strong></span> <span class='ocrx_word' id='word_1_135' title='bbox 270 1693 426 1759; x_wconf 78' lang='lat' dir='ltr'><strong>Filio,</strong></span> <span class='ocrx_word' id='word_1_136' title='bbox 448 1703 499 1751; x_wconf 89' lang='lat' dir='ltr'><strong>et</strong></span> <span class='ocrx_word' id='word_1_137' title='bbox 527 1694 697 1751; x_wconf 88' lang='lat' dir='ltr'><strong>Filius</strong></span> <span class='ocrx_word' id='word_1_138' title='bbox 730 1705 912 1752; x_wconf 90' lang='lat' dir='ltr'><strong>manet</strong></span> <span class='ocrx_word' id='word_1_139' title='bbox 936 1696 989 1751; x_wconf 89' lang='lat' dir='ltr'><strong>in</strong></span> <span class='ocrx_word' id='word_1_140' title='bbox 1016 1696 1194 1752; x_wconf 85' lang='lat' dir='ltr'><strong>Patre.</strong></span> <span class='ocrx_word' id='word_1_141' title='bbox 1229 1696 1336 1753; x_wconf 89' lang='lat' dir='ltr'><strong>Sed</strong></span> <span class='ocrx_word' id='word_1_142' title='bbox 1356 1698 1483 1768; x_wconf 84' lang='lat' dir='ltr'><strong>quia</strong></span> <span class='ocrx_word' id='word_1_143' title='bbox 1520 1698 1772 1755; x_wconf 87' lang='lat' dir='ltr'><strong>omnibus</strong></span> 
     </span>
    </p>
   </div>
   <div class='ocr_carea' id='block_1_17' title="bbox 177 1783 1773 1857">
    <p class='ocr_par' dir='ltr' id='par_1_17' title="bbox 177 1783 1773 1857">
     <span class='ocr_line' id='line_1_17' title="bbox 177 1783 1773 1857; baseline 0.005 -22"><span class='ocrx_word' id='word_1_144' title='bbox 177 1783 471 1851; x_wconf 55' lang='lat' dir='ltr'><strong>praesentis</strong></span> <span class='ocrx_word' id='word_1_145' title='bbox 493 1785 615 1840; x_wconf 65' lang='lat' dir='ltr'><strong>vita:</strong></span> <span class='ocrx_word' id='word_1_146' title='bbox 647 1786 911 1841; x_wconf 87' lang='lat' dir='ltr'><strong>terminus</strong></span> <span class='ocrx_word' id='word_1_147' title='bbox 948 1786 1189 1842; x_wconf 88' lang='lat' dir='ltr'><strong>incertus</strong></span> <span class='ocrx_word' id='word_1_148' title='bbox 1232 1795 1336 1853; x_wconf 90' lang='lat' dir='ltr'><strong>est,</strong></span> <span class='ocrx_word' id='word_1_149' title='bbox 1364 1797 1510 1843; x_wconf 91' lang='lat' dir='ltr'><strong>recte</strong></span> <span class='ocrx_word' id='word_1_150' title='bbox 1536 1786 1773 1857; x_wconf 78' lang='lat' dir='ltr'><strong>subjun-</strong></span> 
     </span>
    </p>
   </div>
   <div class='ocr_carea' id='block_1_18' title="bbox 172 1873 375 1941">
    <p class='ocr_par' dir='ltr' id='par_1_18' title="bbox 172 1873 375 1941">
     <span class='ocr_line' id='line_1_18' title="bbox 172 1873 375 1941; baseline -0.005 -14"><span class='ocrx_word' id='word_1_151' title='bbox 172 1873 331 1941; x_wconf 76' lang='lat' dir='ltr'><strong>gitur</strong></span> <span class='ocrx_word' id='word_1_152' title='bbox 361 1890 375 1926; x_wconf 83' lang='lat'><strong>:</strong></span> 
     </span>
    </p>
   </div>
   <div class='ocr_carea' id='block_1_19' title="bbox 250 1964 1765 2041">
    <p class='ocr_par' dir='ltr' id='par_1_19' title="bbox 250 1964 1765 2041">
     <span class='ocr_line' id='line_1_19' title="bbox 250 1964 1765 2041; baseline 0.007 -25"><span class='ocrx_word' id='word_1_153' title='bbox 250 1985 267 2015; x_wconf 73' lang='grc' dir='ltr'>ι</span> <span class='ocrx_word' id='word_1_154' title='bbox 302 1964 368 2019; x_wconf 82' lang='lat' dir='ltr'><strong>Et</strong></span> <span class='ocrx_word' id='word_1_155' title='bbox 408 1966 454 2020; x_wconf 88' lang='lat' dir='ltr'><strong>si</strong></span> <span class='ocrx_word' id='word_1_156' title='bbox 497 1969 711 2023; x_wconf 81' lang='lat' dir='ltr'><strong>venerit</strong></span> <span class='ocrx_word' id='word_1_157' title='bbox 759 1968 814 2024; x_wconf 91' lang='lat' dir='ltr'><strong>in</strong></span> <span class='ocrx_word' id='word_1_158' title='bbox 861 1970 1099 2024; x_wconf 90' lang='lat' dir='ltr'><strong>secunda</strong></span> <span class='ocrx_word' id='word_1_159' title='bbox 1140 1970 1343 2041; x_wconf 81' lang='lat' dir='ltr'><strong>vigilia,</strong></span> <span class='ocrx_word' id='word_1_160' title='bbox 1374 1971 1497 2026; x_wconf 89' lang='lat' dir='ltr'><strong>etsi</strong></span> <span class='ocrx_word' id='word_1_161' title='bbox 1528 1972 1581 2026; x_wconf 92' lang='lat' dir='ltr'><strong>in</strong></span> <span class='ocrx_word' id='word_1_162' title='bbox 1608 1972 1765 2027; x_wconf 86' lang='lat' dir='ltr'><strong>tertia</strong></span> 
     </span>
    </p>
   </div>
   <div class='ocr_carea' id='block_1_20' title="bbox 176 2057 1767 2128">
    <p class='ocr_par' dir='ltr' id='par_1_20' title="bbox 176 2057 1767 2128">
     <span class='ocr_line' id='line_1_20' title="bbox 176 2057 1767 2128; baseline 0.008 -22"><span class='ocrx_word' id='word_1_163' title='bbox 176 2073 200 2104; x_wconf 71' lang='grc' dir='ltr'>ι</span> <span class='ocrx_word' id='word_1_164' title='bbox 232 2057 415 2128; x_wconf 76' lang='lat' dir='ltr'><strong>vigilia</strong></span> <span class='ocrx_word' id='word_1_165' title='bbox 458 2060 684 2125; x_wconf 85' lang='lat' dir='ltr'><strong>venerit,</strong></span> <span class='ocrx_word' id='word_1_166' title='bbox 722 2068 776 2116; x_wconf 91' lang='lat' dir='ltr'><strong>et</strong></span> <span class='ocrx_word' id='word_1_167' title='bbox 822 2060 896 2115; x_wconf 89' lang='lat' dir='ltr'><strong>ita</strong></span> <span class='ocrx_word' id='word_1_168' title='bbox 941 2061 1223 2123; x_wconf 87' lang='lat' dir='ltr'><strong>invenerit,</strong></span> <span class='ocrx_word' id='word_1_169' title='bbox 1268 2062 1408 2116; x_wconf 90' lang='lat' dir='ltr'><strong>beati</strong></span> <span class='ocrx_word' id='word_1_170' title='bbox 1447 2071 1572 2117; x_wconf 89' lang='lat' dir='ltr'><strong>sunt</strong></span> <span class='ocrx_word' id='word_1_171' title='bbox 1623 2063 1767 2118; x_wconf 87' lang='lat' dir='ltr'><strong>servi</strong></span> 
     </span>
    </p>
   </div>
   <div class='ocr_carea' id='block_1_21' title="bbox 177 2147 1766 2224">
    <p class='ocr_par' dir='ltr' id='par_1_21' title="bbox 177 2147 1766 2224">
     <span class='ocr_line' id='line_1_21' title="bbox 177 2147 1766 2224; baseline 0.005 -25"><span class='ocrx_word' id='word_1_172' title='bbox 177 2163 201 2199; x_wconf 75' lang='grc' dir='ltr'><strong><em>ι</em></strong></span> <span class='ocrx_word' id='word_1_173' title='bbox 236 2147 332 2202; x_wconf 90' lang='lat' dir='ltr'><strong>illi.</strong></span> <span class='ocrx_word' id='word_1_174' title='bbox 363 2168 382 2200; x_wconf 74' lang='grc' dir='ltr'><strong><em>ι</em></strong></span> <span class='ocrx_word' id='word_1_175' title='bbox 436 2148 657 2219; x_wconf 85' lang='lat' dir='ltr'><strong>Antiqui</strong></span> <span class='ocrx_word' id='word_1_176' title='bbox 692 2151 837 2206; x_wconf 91' lang='lat' dir='ltr'><strong>enim</strong></span> <span class='ocrx_word' id='word_1_177' title='bbox 869 2162 1081 2206; x_wconf 85' lang='lat' dir='ltr'><strong>noctem</strong></span> <span class='ocrx_word' id='word_1_178' title='bbox 1108 2152 1160 2206; x_wconf 89' lang='lat' dir='ltr'><strong>in</strong></span> <span class='ocrx_word' id='word_1_179' title='bbox 1187 2163 1419 2223; x_wconf 86' lang='lat' dir='ltr'><strong>quatuor</strong></span> <span class='ocrx_word' id='word_1_180' title='bbox 1440 2153 1653 2224; x_wconf 87' lang='lat' dir='ltr'><strong>vigilias</strong></span> <span class='ocrx_word' id='word_1_181' title='bbox 1681 2153 1766 2207; x_wconf 88' lang='lat' dir='ltr'><strong>di-</strong></span> 
     </span>
    </p>
   </div>
   <div class='ocr_carea' id='block_1_22' title="bbox 173 2238 1769 2313">
    <p class='ocr_par' dir='ltr' id='par_1_22' title="bbox 173 2238 1769 2313">
     <span class='ocr_line' id='line_1_22' title="bbox 173 2238 1769 2313; baseline 0.004 -21"><span class='ocrx_word' id='word_1_182' title='bbox 173 2238 463 2304; x_wconf 80' lang='lat' dir='ltr'><strong>videbant,</strong></span> <span class='ocrx_word' id='word_1_183' title='bbox 502 2239 577 2294; x_wconf 86' lang='lat' dir='ltr'><strong>ita</strong></span> <span class='ocrx_word' id='word_1_184' title='bbox 630 2251 689 2295; x_wconf 93' lang='lat' dir='ltr'><strong>ut</strong></span> <span class='ocrx_word' id='word_1_185' title='bbox 730 2255 1062 2310; x_wconf 76' lang='lat' dir='ltr'><strong>unaquaeque</strong></span> <span class='ocrx_word' id='word_1_186' title='bbox 1097 2241 1278 2313; x_wconf 75' lang='lat' dir='ltr'><strong>vigilia</strong></span> <span class='ocrx_word' id='word_1_187' title='bbox 1329 2242 1500 2297; x_wconf 84' lang='lat' dir='ltr'><strong>trinas</strong></span> <span class='ocrx_word' id='word_1_188' title='bbox 1545 2244 1769 2298; x_wconf 82' lang='lat' dir='ltr'><strong>haberet</strong></span> 
     </span>
    </p>
   </div>
   <div class='ocr_carea' id='block_1_23' title="bbox 172 2326 1767 2400">
    <p class='ocr_par' dir='ltr' id='par_1_23' title="bbox 172 2326 1767 2400">
     <span class='ocr_line' id='line_1_23' title="bbox 172 2326 1767 2400; baseline 0.006 -21"><span class='ocrx_word' id='word_1_189' title='bbox 172 2326 365 2381; x_wconf 83' lang='lat' dir='ltr'><strong>horas.</strong></span> <span class='ocrx_word' id='word_1_190' title='bbox 418 2326 718 2384; x_wconf 85' lang='lat' dir='ltr'><strong>Varielatcs</strong></span> <span class='ocrx_word' id='word_1_191' title='bbox 770 2343 1003 2400; x_wconf 85' lang='lat' dir='ltr'><strong>namque</strong></span> <span class='ocrx_word' id='word_1_192' title='bbox 1051 2330 1307 2386; x_wconf 85' lang='lat' dir='ltr'><strong>horarum</strong></span> <span class='ocrx_word' id='word_1_193' title='bbox 1334 2372 1349 2398; x_wconf 91' lang='lat'><strong>,</strong></span> <span class='ocrx_word' id='word_1_194' title='bbox 1396 2332 1767 2388; x_wconf 84' lang='lat' dir='ltr'><strong>diversitatem</strong></span> 
     </span>
    </p>
   </div>
   <div class='ocr_carea' id='block_1_24' title="bbox 168 2417 1764 2495">
    <p class='ocr_par' dir='ltr' id='par_1_24' title="bbox 168 2417 1764 2495">
     <span class='ocr_line' id='line_1_24' title="bbox 168 2417 1764 2495; baseline 0.004 -24"><span class='ocrx_word' id='word_1_195' title='bbox 168 2417 494 2486; x_wconf 81' lang='lat' dir='ltr'><strong>signiﬁcant</strong></span> <span class='ocrx_word' id='word_1_196' title='bbox 535 2420 782 2475; x_wconf 70' lang='lat' dir='ltr'><strong>humana:</strong></span> <span class='ocrx_word' id='word_1_197' title='bbox 809 2421 1125 2477; x_wconf 86' lang='lat' dir='ltr'><strong>vocationis.</strong></span> <span class='ocrx_word' id='word_1_198' title='bbox 1184 2421 1364 2477; x_wconf 85' lang='lat' dir='ltr'><strong>Prima</strong></span> <span class='ocrx_word' id='word_1_199' title='bbox 1390 2424 1536 2478; x_wconf 91' lang='lat' dir='ltr'><strong>enim</strong></span> <span class='ocrx_word' id='word_1_200' title='bbox 1561 2423 1764 2495; x_wconf 79' lang='lat' dir='ltr'><strong>vigilia,</strong></span> 
     </span>
    </p>
   </div>
   <div class='ocr_carea' id='block_1_25' title="bbox 170 2506 1762 2585">
    <p class='ocr_par' dir='ltr' id='par_1_25' title="bbox 170 2506 1762 2585">
     <span class='ocr_line' id='line_1_25' title="bbox 170 2506 1762 2585; baseline 0.006 -25"><span class='ocrx_word' id='word_1_201' title='bbox 170 2506 502 2578; x_wconf 65' lang='lat' dir='ltr'><strong>primaevum</strong></span> <span class='ocrx_word' id='word_1_202' title='bbox 527 2519 612 2565; x_wconf 89' lang='lat' dir='ltr'><strong>est</strong></span> <span class='ocrx_word' id='word_1_203' title='bbox 640 2520 852 2582; x_wconf 85' lang='lat' dir='ltr'><strong>tempus</strong></span> <span class='ocrx_word' id='word_1_204' title='bbox 877 2522 1075 2567; x_wconf 73' lang='lat' dir='ltr'><strong>nostra:</strong></span> <span class='ocrx_word' id='word_1_205' title='bbox 1096 2514 1291 2580; x_wconf 60' lang='lat' dir='ltr'><strong>aetatis,</strong></span> <span class='ocrx_word' id='word_1_206' title='bbox 1326 2514 1380 2569; x_wconf 88' lang='lat' dir='ltr'><strong>id</strong></span> <span class='ocrx_word' id='word_1_207' title='bbox 1404 2525 1489 2572; x_wconf 87' lang='lat' dir='ltr'><strong>est</strong></span> <span class='ocrx_word' id='word_1_208' title='bbox 1513 2516 1762 2585; x_wconf 89' lang='lat' dir='ltr'><strong>pueritia.</strong></span> 
     </span>
    </p>
   </div>
   <div class='ocr_carea' id='block_1_26' title="bbox 169 2598 1767 2678">
    <p class='ocr_par' dir='ltr' id='par_1_26' title="bbox 169 2598 1767 2678">
     <span class='ocr_line' id='line_1_26' title="bbox 169 2598 1767 2678; baseline 0.005 -23"><span class='ocrx_word' id='word_1_209' title='bbox 169 2598 429 2655; x_wconf 86' lang='lat' dir='ltr'><strong>Secunda</strong></span> <span class='ocrx_word' id='word_1_210' title='bbox 452 2601 657 2671; x_wconf 88' lang='lat' dir='ltr'><strong>vigilia,</strong></span> <span class='ocrx_word' id='word_1_211' title='bbox 687 2603 1051 2659; x_wconf 87' lang='lat' dir='ltr'><strong>adolescentia</strong></span> <span class='ocrx_word' id='word_1_212' title='bbox 1079 2605 1164 2660; x_wconf 87' lang='lat' dir='ltr'><strong>vel</strong></span> <span class='ocrx_word' id='word_1_213' title='bbox 1183 2604 1458 2675; x_wconf 87' lang='lat' dir='ltr'><strong>juventus,</strong></span> <span class='ocrx_word' id='word_1_214' title='bbox 1484 2623 1605 2678; x_wconf 61' lang='lat' dir='ltr'><strong>qum</strong></span> <span class='ocrx_word' id='word_1_215' title='bbox 1629 2621 1767 2677; x_wconf 86' lang='lat' dir='ltr'><strong>pene</strong></span> 
     </span>
    </p>
   </div>
   <div class='ocr_carea' id='block_1_27' title="bbox 168 2692 1766 2770">
    <p class='ocr_par' dir='ltr' id='par_1_27' title="bbox 168 2692 1766 2770">
     <span class='ocr_line' id='line_1_27' title="bbox 168 2692 1766 2770; baseline 0.004 -23"><span class='ocrx_word' id='word_1_216' title='bbox 168 2693 319 2747; x_wconf 85' lang='lat' dir='ltr'><strong>idem</strong></span> <span class='ocrx_word' id='word_1_217' title='bbox 349 2701 498 2759; x_wconf 89' lang='lat' dir='ltr'><strong>sunt,</strong></span> <span class='ocrx_word' id='word_1_218' title='bbox 532 2692 818 2751; x_wconf 83' lang='lat' dir='ltr'><strong>Salomone</strong></span> <span class='ocrx_word' id='word_1_219' title='bbox 847 2696 1061 2753; x_wconf 85' lang='lat' dir='ltr'><strong>dicente</strong></span> <span class='ocrx_word' id='word_1_220' title='bbox 1087 2714 1101 2751; x_wconf 89' lang='lat'>:</span> <span class='ocrx_word' id='word_1_221' title='bbox 1136 2716 1155 2750; x_wconf 74' lang='grc' dir='ltr'>ι</span> <span class='ocrx_word' id='word_1_222' title='bbox 1187 2697 1420 2765; x_wconf 64' lang='lat' dir='ltr'><strong>Laetare,</strong></span> <span class='ocrx_word' id='word_1_223' title='bbox 1452 2699 1685 2770; x_wconf 85' lang='lat' dir='ltr'><strong>juvenis,</strong></span> <span class='ocrx_word' id='word_1_224' title='bbox 1709 2699 1766 2754; x_wconf 83' lang='lat' dir='ltr'><strong>in</strong></span> 
     </span>
    </p>
   </div>
   <div class='ocr_carea' id='block_1_28' title="bbox 177 2785 1767 2861">
    <p class='ocr_par' dir='ltr' id='par_1_28' title="bbox 177 2785 1767 2861">
     <span class='ocr_line' id='line_1_28' title="bbox 177 2785 1767 2861; baseline 0.004 -22"><span class='ocrx_word' id='word_1_225' title='bbox 177 2785 551 2842; x_wconf 86' lang='lat' dir='ltr'><strong>adulescentia</strong></span> <span class='ocrx_word' id='word_1_226' title='bbox 595 2795 683 2842; x_wconf 90' lang='lat' dir='ltr'><strong>tua</strong></span> <span class='ocrx_word' id='word_1_227' title='bbox 722 2786 915 2858; x_wconf 80' lang='lat' dir='ltr'><strong>(Eccle.</strong></span> <span class='ocrx_word' id='word_1_228' title='bbox 960 2788 1059 2860; x_wconf 79' lang='lat' dir='ltr'><strong>xi).</strong></span> <span class='ocrx_word' id='word_1_229' title='bbox 1088 2808 1109 2842; x_wconf 70' lang='grc' dir='ltr'><strong><em>ι</em></strong></span> <span class='ocrx_word' id='word_1_230' title='bbox 1160 2788 1342 2846; x_wconf 86' lang='lat' dir='ltr'><strong>Tertia</strong></span> <span class='ocrx_word' id='word_1_231' title='bbox 1381 2790 1561 2861; x_wconf 88' lang='lat' dir='ltr'><strong>vigilia</strong></span> <span class='ocrx_word' id='word_1_232' title='bbox 1610 2806 1767 2846; x_wconf 90' lang='lat' dir='ltr'><strong>sene-</strong></span> 
     </span>
    </p>
   </div>
   <div class='ocr_carea' id='block_1_29' title="bbox 168 2877 1764 2954">
    <p class='ocr_par' dir='ltr' id='par_1_29' title="bbox 168 2877 1764 2954">
     <span class='ocr_line' id='line_1_29' title="bbox 168 2877 1764 2954; baseline 0.003 -20"><span class='ocrx_word' id='word_1_233' title='bbox 168 2888 302 2934; x_wconf 87' lang='lat' dir='ltr'><strong>ctus</strong></span> <span class='ocrx_word' id='word_1_234' title='bbox 327 2887 430 2935; x_wconf 88' lang='lat' dir='ltr'><strong>est.</strong></span> <span class='ocrx_word' id='word_1_235' title='bbox 479 2877 614 2936; x_wconf 86' lang='lat' dir='ltr'><strong>Cum</strong></span> <span class='ocrx_word' id='word_1_236' title='bbox 649 2897 778 2936; x_wconf 87' lang='lat' dir='ltr'><strong>vero</strong></span> <span class='ocrx_word' id='word_1_237' title='bbox 803 2881 1062 2937; x_wconf 87' lang='lat' dir='ltr'><strong>Dominus</strong></span> <span class='ocrx_word' id='word_1_238' title='bbox 1101 2883 1389 2939; x_wconf 89' lang='lat' dir='ltr'><strong>nonnullos</strong></span> <span class='ocrx_word' id='word_1_239' title='bbox 1434 2884 1488 2939; x_wconf 91' lang='lat' dir='ltr'><strong>in</strong></span> <span class='ocrx_word' id='word_1_240' title='bbox 1530 2884 1764 2954; x_wconf 78' lang='lat' dir='ltr'><strong>pueritia</strong></span> 
     </span>
    </p>
   </div>
   <div class='ocr_carea' id='block_1_30' title="bbox 171 2972 1764 3045">
    <p class='ocr_par' dir='ltr' id='par_1_30' title="bbox 171 2972 1764 3045">
     <span class='ocr_line' id='line_1_30' title="bbox 171 2972 1764 3045; baseline 0.003 -18"><span class='ocrx_word' id='word_1_241' title='bbox 171 2972 321 3027; x_wconf 87' lang='lat' dir='ltr'><strong>bene</strong></span> <span class='ocrx_word' id='word_1_242' title='bbox 359 2981 648 3042; x_wconf 86' lang='lat' dir='ltr'><strong>operantes</strong></span> <span class='ocrx_word' id='word_1_243' title='bbox 685 2972 754 3028; x_wconf 89' lang='lat' dir='ltr'><strong>ab</strong></span> <span class='ocrx_word' id='word_1_244' title='bbox 804 2974 905 3029; x_wconf 88' lang='lat' dir='ltr'><strong>hac</strong></span> <span class='ocrx_word' id='word_1_245' title='bbox 934 2975 1043 3029; x_wconf 86' lang='lat' dir='ltr'><strong>vita</strong></span> <span class='ocrx_word' id='word_1_246' title='bbox 1069 2984 1247 3043; x_wconf 90' lang='lat' dir='ltr'><strong>vocat,</strong></span> <span class='ocrx_word' id='word_1_247' title='bbox 1292 2977 1447 3045; x_wconf 91' lang='lat' dir='ltr'><strong>quasi</strong></span> <span class='ocrx_word' id='word_1_248' title='bbox 1477 2977 1547 3032; x_wconf 89' lang='lat' dir='ltr'><strong>ad</strong></span> <span class='ocrx_word' id='word_1_249' title='bbox 1575 2991 1764 3032; x_wconf 87' lang='lat' dir='ltr'><strong>servos</strong></span> 
     </span>
    </p>
   </div>
   <div class='ocr_carea' id='block_1_31' title="bbox 170 3065 1764 3138">
    <p class='ocr_par' dir='ltr' id='par_1_31' title="bbox 170 3065 1764 3138">
     <span class='ocr_line' id='line_1_31' title="bbox 170 3065 1764 3138; baseline 0.004 -20"><span class='ocrx_word' id='word_1_250' title='bbox 170 3065 462 3135; x_wconf 79' lang='lat' dir='ltr'><strong>vigilantes</strong></span> <span class='ocrx_word' id='word_1_251' title='bbox 498 3066 552 3121; x_wconf 91' lang='lat' dir='ltr'><strong>in</strong></span> <span class='ocrx_word' id='word_1_252' title='bbox 589 3067 761 3135; x_wconf 87' lang='lat' dir='ltr'><strong>prima</strong></span> <span class='ocrx_word' id='word_1_253' title='bbox 809 3066 991 3138; x_wconf 86' lang='lat' dir='ltr'><strong>vigilia</strong></span> <span class='ocrx_word' id='word_1_254' title='bbox 1036 3068 1200 3124; x_wconf 85' lang='lat' dir='ltr'><strong>venit.</strong></span> <span class='ocrx_word' id='word_1_255' title='bbox 1262 3067 1398 3124; x_wconf 87' lang='lat' dir='ltr'><strong>Cum</strong></span> <span class='ocrx_word' id='word_1_256' title='bbox 1444 3084 1577 3124; x_wconf 87' lang='lat' dir='ltr'><strong>vero</strong></span> <span class='ocrx_word' id='word_1_257' title='bbox 1628 3068 1764 3125; x_wconf 86' lang='lat' dir='ltr'><strong>alios</strong></span> 
     </span>
    </p>
   </div>
   <div class='ocr_carea' id='block_1_32' title="bbox 168 3155 1765 3229">
    <p class='ocr_par' dir='ltr' id='par_1_32' title="bbox 168 3155 1765 3229">
     <span class='ocr_line' id='line_1_32' title="bbox 168 3155 1765 3229; baseline 0.005 -21"><span class='ocrx_word' id='word_1_258' title='bbox 168 3155 235 3209; x_wconf 86' lang='lat' dir='ltr'><strong>in</strong></span> <span class='ocrx_word' id='word_1_259' title='bbox 253 3155 609 3212; x_wconf 83' lang='lat' dir='ltr'><strong>adolescentia</strong></span> <span class='ocrx_word' id='word_1_260' title='bbox 634 3157 717 3212; x_wconf 87' lang='lat' dir='ltr'><strong>vel</strong></span> <span class='ocrx_word' id='word_1_261' title='bbox 740 3157 1026 3227; x_wconf 89' lang='lat' dir='ltr'><strong>juventute</strong></span> <span class='ocrx_word' id='word_1_262' title='bbox 1063 3159 1132 3214; x_wconf 89' lang='lat' dir='ltr'><strong>ab</strong></span> <span class='ocrx_word' id='word_1_263' title='bbox 1153 3160 1256 3215; x_wconf 86' lang='lat' dir='ltr'><strong>hac</strong></span> <span class='ocrx_word' id='word_1_264' title='bbox 1273 3161 1387 3215; x_wconf 91' lang='lat' dir='ltr'><strong>vita</strong></span> <span class='ocrx_word' id='word_1_265' title='bbox 1418 3161 1584 3224; x_wconf 90' lang='lat' dir='ltr'><strong>ducit,</strong></span> <span class='ocrx_word' id='word_1_266' title='bbox 1606 3159 1765 3229; x_wconf 87' lang='lat' dir='ltr'><strong>quasi</strong></span> 
     </span>
    </p>
   </div>
   <div class='ocr_carea' id='block_1_33' title="bbox 1876 867 3450 953">
    <p class='ocr_par' dir='ltr' id='par_1_33' title="bbox 1876 867 3450 953">
     <span class='ocr_line' id='line_1_33' title="bbox 1876 867 3450 953; baseline 0.01 -29"><span class='ocrx_word' id='word_1_267' title='bbox 1876 867 2045 941; x_wconf 80' lang='lat' dir='ltr'><strong>Hujus</strong></span> <span class='ocrx_word' id='word_1_268' title='bbox 2070 887 2200 944; x_wconf 88' lang='lat' dir='ltr'><strong>ergo</strong></span> <span class='ocrx_word' id='word_1_269' title='bbox 2226 874 2361 930; x_wconf 74' lang='lat' dir='ltr'><strong>furis</strong></span> <span class='ocrx_word' id='word_1_270' title='bbox 2390 876 2711 944; x_wconf 90' lang='lat' dir='ltr'><strong>adventum,</strong></span> <span class='ocrx_word' id='word_1_271' title='bbox 2741 890 2801 933; x_wconf 94' lang='lat' dir='ltr'><strong>ut</strong></span> <span class='ocrx_word' id='word_1_272' title='bbox 2827 895 3134 949; x_wconf 70' lang='lat' dir='ltr'><strong>praecavere</strong></span> <span class='ocrx_word' id='word_1_273' title='bbox 3168 885 3450 953; x_wconf 81' lang='lat' dir='ltr'><strong>possimus.</strong></span> 
     </span>
    </p>
   </div>
   <div class='ocr_carea' id='block_1_34' title="bbox 1872 968 3460 1043">
    <p class='ocr_par' dir='ltr' id='par_1_34' title="bbox 1872 968 3460 1043">
     <span class='ocr_line' id='line_1_34' title="bbox 1872 968 3460 1043; baseline 0.011 -28"><span class='ocrx_word' id='word_1_274' title='bbox 1872 976 2097 1017; x_wconf 83' lang='lat' dir='ltr'><strong>necesse</strong></span> <span class='ocrx_word' id='word_1_275' title='bbox 2147 973 2233 1020; x_wconf 85' lang='lat' dir='ltr'><strong>est</strong></span> <span class='ocrx_word' id='word_1_276' title='bbox 2288 974 2348 1020; x_wconf 93' lang='lat' dir='ltr'><strong>ut</strong></span> <span class='ocrx_word' id='word_1_277' title='bbox 2406 968 2548 1023; x_wconf 90' lang='lat' dir='ltr'><strong>diem</strong></span> <span class='ocrx_word' id='word_1_278' title='bbox 2604 971 2795 1026; x_wconf 89' lang='lat' dir='ltr'><strong>mortis</strong></span> <span class='ocrx_word' id='word_1_279' title='bbox 2838 988 3055 1043; x_wconf 86' lang='lat' dir='ltr'><strong>semper</strong></span> <span class='ocrx_word' id='word_1_280' title='bbox 3103 984 3230 1032; x_wconf 89' lang='lat' dir='ltr'><strong>ante</strong></span> <span class='ocrx_word' id='word_1_281' title='bbox 3276 978 3460 1033; x_wconf 85' lang='lat' dir='ltr'><strong>oculos</strong></span> 
     </span>
    </p>
   </div>
   <div class='ocr_carea' id='block_1_35' title="bbox 1875 1049 3457 1135">
    <p class='ocr_par' dir='ltr' id='par_1_35' title="bbox 1875 1049 3457 1135">
     <span class='ocr_line' id='line_1_35' title="bbox 1875 1049 3457 1135; baseline 0.012 -32"><span class='ocrx_word' id='word_1_282' title='bbox 1875 1049 2190 1110; x_wconf 87' lang='lat' dir='ltr'><strong>habeamus.</strong></span> <span class='ocrx_word' id='word_1_283' title='bbox 2253 1053 2475 1112; x_wconf 76' lang='lat' dir='ltr'><strong>Multum</strong></span> <span class='ocrx_word' id='word_1_284' title='bbox 2522 1058 2667 1114; x_wconf 88' lang='lat' dir='ltr'><strong>enim</strong></span> <span class='ocrx_word' id='word_1_285' title='bbox 2714 1076 2812 1115; x_wconf 89' lang='lat' dir='ltr'><strong>nos</strong></span> <span class='ocrx_word' id='word_1_286' title='bbox 2860 1063 3121 1120; x_wconf 90' lang='lat' dir='ltr'><strong>adversus</strong></span> <span class='ocrx_word' id='word_1_287' title='bbox 3173 1078 3457 1135; x_wconf 85' lang='lat' dir='ltr'><strong>peccatum</strong></span> 
     </span>
    </p>
   </div>
   <div class='ocr_carea' id='block_1_36' title="bbox 1867 1137 3458 1222">
    <p class='ocr_par' dir='ltr' id='par_1_36' title="bbox 1867 1137 3458 1222">
     <span class='ocr_line' id='line_1_36' title="bbox 1867 1137 3458 1222; baseline 0.013 -30"><span class='ocrx_word' id='word_1_288' title='bbox 1867 1137 2043 1207; x_wconf 87' lang='lat' dir='ltr'><strong>juvat,</strong></span> <span class='ocrx_word' id='word_1_289' title='bbox 2072 1143 2118 1196; x_wconf 87' lang='lat' dir='ltr'><strong>si</strong></span> <span class='ocrx_word' id='word_1_290' title='bbox 2145 1142 2267 1199; x_wconf 80' lang='lat' dir='ltr'><strong>linis</strong></span> <span class='ocrx_word' id='word_1_291' title='bbox 2291 1145 2415 1201; x_wconf 71' lang='lat' dir='ltr'><strong>vitae</strong></span> <span class='ocrx_word' id='word_1_292' title='bbox 2440 1163 2471 1201; x_wconf 90' lang='lat' dir='ltr'><strong>a</strong></span> <span class='ocrx_word' id='word_1_293' title='bbox 2502 1150 2758 1204; x_wconf 89' lang='lat' dir='ltr'><strong>memoria</strong></span> <span class='ocrx_word' id='word_1_294' title='bbox 2790 1166 2896 1207; x_wconf 90' lang='lat' dir='ltr'><strong>non</strong></span> <span class='ocrx_word' id='word_1_295' title='bbox 2925 1156 3159 1222; x_wconf 88' lang='lat' dir='ltr'><strong>recedat,</strong></span> <span class='ocrx_word' id='word_1_296' title='bbox 3206 1169 3458 1213; x_wconf 78' lang='lat' dir='ltr'><strong>inonentc</strong></span> 
     </span>
    </p>
   </div>
   <div class='ocr_carea' id='block_1_37' title="bbox 1878 1229 3458 1309">
    <p class='ocr_par' dir='ltr' id='par_1_37' title="bbox 1878 1229 3458 1309">
     <span class='ocr_line' id='line_1_37' title="bbox 1878 1229 3458 1309; baseline 0.011 -23"><span class='ocrx_word' id='word_1_297' title='bbox 1878 1229 2198 1301; x_wconf 84' lang='lat' dir='ltr'><strong>Scriptura:</strong></span> <span class='ocrx_word' id='word_1_298' title='bbox 2241 1234 2345 1293; x_wconf 78' lang='grc' dir='ltr'><strong>«ιιι</strong></span> <span class='ocrx_word' id='word_1_299' title='bbox 2397 1239 2649 1295; x_wconf 90' lang='lat' dir='ltr'><strong>omnibus</strong></span> <span class='ocrx_word' id='word_1_300' title='bbox 2698 1242 2951 1309; x_wconf 90' lang='lat' dir='ltr'><strong>operibus</strong></span> <span class='ocrx_word' id='word_1_301' title='bbox 3000 1247 3104 1301; x_wconf 90' lang='lat' dir='ltr'><strong>tuis</strong></span> <span class='ocrx_word' id='word_1_302' title='bbox 3155 1262 3458 1304; x_wconf 84' lang='lat' dir='ltr'><strong>memorare</strong></span> 
     </span>
    </p>
   </div>
   <div class='ocr_carea' id='block_1_38' title="bbox 1876 1325 3455 1408">
    <p class='ocr_par' dir='ltr' id='par_1_38' title="bbox 1876 1325 3455 1408">
     <span class='ocr_line' id='line_1_38' title="bbox 1876 1325 3455 1408; baseline 0.013 -32"><span class='ocrx_word' id='word_1_303' title='bbox 1876 1325 2168 1382; x_wconf 88' lang='lat' dir='ltr'><strong>novissima</strong></span> <span class='ocrx_word' id='word_1_304' title='bbox 2203 1335 2316 1395; x_wconf 88' lang='lat' dir='ltr'><strong>tua,</strong></span> <span class='ocrx_word' id='word_1_305' title='bbox 2355 1338 2411 1385; x_wconf 93' lang='lat' dir='ltr'><strong>et</strong></span> <span class='ocrx_word' id='word_1_306' title='bbox 2444 1331 2496 1385; x_wconf 92' lang='lat' dir='ltr'><strong>in</strong></span> <span class='ocrx_word' id='word_1_307' title='bbox 2539 1340 2799 1388; x_wconf 75' lang='lat' dir='ltr'><strong>teternum</strong></span> <span class='ocrx_word' id='word_1_308' title='bbox 2843 1349 2948 1390; x_wconf 91' lang='lat' dir='ltr'><strong>non</strong></span> <span class='ocrx_word' id='word_1_309' title='bbox 2987 1338 3234 1406; x_wconf 86' lang='lat' dir='ltr'><strong>peccabis</strong></span> <span class='ocrx_word' id='word_1_310' title='bbox 3267 1340 3455 1408; x_wconf 79' lang='lat' dir='ltr'><strong>(Eccli.</strong></span> 
     </span>
    </p>
   </div>
   <div class='ocr_carea' id='block_1_39' title="bbox 1885 1417 3453 1504">
    <p class='ocr_par' dir='ltr' id='par_1_39' title="bbox 1885 1417 3453 1504">
     <span class='ocr_line' id='line_1_39' title="bbox 1885 1417 3453 1504; baseline 0.013 -36"><span class='ocrx_word' id='word_1_311' title='bbox 1885 1417 2001 1487; x_wconf 87' lang='lat' dir='ltr'><strong>vn).</strong></span> <span class='ocrx_word' id='word_1_312' title='bbox 2052 1437 2070 1469; x_wconf 85' lang='grc'><strong>›</strong></span> <span class='ocrx_word' id='word_1_313' title='bbox 2135 1418 2287 1477; x_wconf 89' lang='lat' dir='ltr'><strong>Unde</strong></span> <span class='ocrx_word' id='word_1_314' title='bbox 2336 1431 2394 1478; x_wconf 88' lang='lat' dir='ltr'><strong>et</strong></span> <span class='ocrx_word' id='word_1_315' title='bbox 2451 1424 2710 1483; x_wconf 89' lang='lat' dir='ltr'><strong>Dominus</strong></span> <span class='ocrx_word' id='word_1_316' title='bbox 2760 1428 3099 1487; x_wconf 90' lang='lat' dir='ltr'><strong>admonendo</strong></span> <span class='ocrx_word' id='word_1_317' title='bbox 3142 1433 3453 1504; x_wconf 82' lang='lat' dir='ltr'><strong>subjungit,</strong></span> 
     </span>
    </p>
   </div>
   <div class='ocr_carea' id='block_1_40' title="bbox 1875 1509 3399 1566">
    <p class='ocr_par' dir='ltr' id='par_1_40' title="bbox 1875 1509 3399 1566">
     <span class='ocr_line' id='line_1_40' title="bbox 1875 1509 3399 1566; baseline 0.01 -2"><span class='ocrx_word' id='word_1_318' title='bbox 1875 1509 2063 1565; x_wconf 89' lang='lat' dir='ltr'><strong>dicens</strong></span> <span class='ocrx_word' id='word_1_319' title='bbox 2102 1529 2115 1566; x_wconf 70' lang='grc' dir='ltr'><em>τ</em></span> <span class='ocrx_word' id='word_1_320' title='bbox 3394 1534 3399 1537; x_wconf 84' lang='grc'><em>’</em></span> 
     </span>
    </p>
   </div>
   <div class='ocr_carea' id='block_1_41' title="bbox 1953 1600 3457 1684">
    <p class='ocr_par' dir='ltr' id='par_1_41' title="bbox 1953 1600 3457 1684">
     <span class='ocr_line' id='line_1_41' title="bbox 1953 1600 3457 1684; baseline 0.013 -33"><span class='ocrx_word' id='word_1_321' title='bbox 1953 1616 1971 1650; x_wconf 74' lang='grc' dir='ltr'><strong>ε</strong></span> <span class='ocrx_word' id='word_1_322' title='bbox 2007 1600 2072 1654; x_wconf 86' lang='lat' dir='ltr'><strong>Et</strong></span> <span class='ocrx_word' id='word_1_323' title='bbox 2099 1616 2195 1658; x_wconf 90' lang='lat' dir='ltr'><strong>vos</strong></span> <span class='ocrx_word' id='word_1_324' title='bbox 2218 1612 2392 1661; x_wconf 91' lang='lat' dir='ltr'><strong>estote</strong></span> <span class='ocrx_word' id='word_1_325' title='bbox 2418 1608 2612 1676; x_wconf 90' lang='lat' dir='ltr'><strong>parati,</strong></span> <span class='ocrx_word' id='word_1_326' title='bbox 2641 1608 2768 1678; x_wconf 79' lang='lat' dir='ltr'><strong>quia</strong></span> <span class='ocrx_word' id='word_1_327' title='bbox 2793 1624 2900 1679; x_wconf 89' lang='lat' dir='ltr'><strong>qua</strong></span> <span class='ocrx_word' id='word_1_328' title='bbox 2931 1611 3065 1667; x_wconf 87' lang='lat' dir='ltr'><strong>hora</strong></span> <span class='ocrx_word' id='word_1_329' title='bbox 3100 1627 3207 1667; x_wconf 90' lang='lat' dir='ltr'><strong>non</strong></span> <span class='ocrx_word' id='word_1_330' title='bbox 3233 1615 3457 1684; x_wconf 86' lang='lat' dir='ltr'><strong>putatis,</strong></span> 
     </span>
    </p>
   </div>
   <div class='ocr_carea' id='block_1_42' title="bbox 1880 1692 3460 1761">
    <p class='ocr_par' dir='ltr' id='par_1_42' title="bbox 1880 1692 3460 1761">
     <span class='ocr_line' id='line_1_42' title="bbox 1880 1692 3460 1761; baseline 0.011 -17"><span class='ocrx_word' id='word_1_331' title='bbox 1880 1711 1901 1743; x_wconf 69' lang='grc' dir='ltr'><strong>ε</strong></span> <span class='ocrx_word' id='word_1_332' title='bbox 1927 1692 2097 1749; x_wconf 88' lang='lat' dir='ltr'><strong>Filius</strong></span> <span class='ocrx_word' id='word_1_333' title='bbox 2121 1695 2358 1751; x_wconf 88' lang='lat' dir='ltr'><strong>hominis</strong></span> <span class='ocrx_word' id='word_1_334' title='bbox 2385 1698 2581 1753; x_wconf 87' lang='lat' dir='ltr'><strong>veniet.</strong></span> <span class='ocrx_word' id='word_1_335' title='bbox 2615 1716 2634 1749; x_wconf 75' lang='grc' dir='ltr'><strong><em>ι</em></strong></span> <span class='ocrx_word' id='word_1_336' title='bbox 2688 1697 2746 1753; x_wconf 88' lang='lat' dir='ltr'><strong>Si</strong></span> <span class='ocrx_word' id='word_1_337' title='bbox 2789 1708 2967 1755; x_wconf 89' lang='lat' dir='ltr'><strong>autem</strong></span> <span class='ocrx_word' id='word_1_338' title='bbox 3000 1703 3290 1757; x_wconf 87' lang='lat' dir='ltr'><strong>terminum</strong></span> <span class='ocrx_word' id='word_1_339' title='bbox 3335 1704 3460 1761; x_wconf 69' lang='lat' dir='ltr'><strong>vita:</strong></span> 
     </span>
    </p>
   </div>
   <div class='ocr_carea' id='block_1_43' title="bbox 1878 1790 3462 1867">
    <p class='ocr_par' dir='ltr' id='par_1_43' title="bbox 1878 1790 3462 1867">
     <span class='ocr_line' id='line_1_43' title="bbox 1878 1790 3462 1867; baseline 0.008 -27"><span class='ocrx_word' id='word_1_340' title='bbox 1878 1796 2074 1843; x_wconf 70' lang='lat' dir='ltr'><strong>nostrae</strong></span> <span class='ocrx_word' id='word_1_341' title='bbox 2119 1790 2399 1853; x_wconf 89' lang='lat' dir='ltr'><strong>sciremus,</strong></span> <span class='ocrx_word' id='word_1_342' title='bbox 2453 1790 2598 1847; x_wconf 90' lang='lat' dir='ltr'><strong>aliud</strong></span> <span class='ocrx_word' id='word_1_343' title='bbox 2638 1802 2846 1862; x_wconf 90' lang='lat' dir='ltr'><strong>tempus</strong></span> <span class='ocrx_word' id='word_1_344' title='bbox 2881 1794 3211 1863; x_wconf 71' lang='lat' dir='ltr'><strong>poenitentiae</strong></span> <span class='ocrx_word' id='word_1_345' title='bbox 3238 1797 3462 1867; x_wconf 86' lang='lat' dir='ltr'><strong>deputa-</strong></span> 
     </span>
    </p>
   </div>
   <div class='ocr_carea' id='block_1_44' title="bbox 1797 1862 3458 1955">
    <p class='ocr_par' dir='ltr' id='par_1_44' title="bbox 1797 1862 3458 1955">
     <span class='ocr_line' id='line_1_44' title="bbox 1797 1862 3458 1955; baseline 0.006 -23"><span class='ocrx_word' id='word_1_346' title='bbox 1797 1862 1848 1922; x_wconf 84' lang='grc' dir='ltr'><strong>Β</strong></span> <span class='ocrx_word' id='word_1_347' title='bbox 1874 1893 2073 1934; x_wconf 88' lang='lat' dir='ltr'><strong>remus.</strong></span> <span class='ocrx_word' id='word_1_348' title='bbox 2130 1878 2264 1935; x_wconf 91' lang='lat' dir='ltr'><strong>Cum</strong></span> <span class='ocrx_word' id='word_1_349' title='bbox 2297 1896 2427 1935; x_wconf 88' lang='lat' dir='ltr'><strong>vero</strong></span> <span class='ocrx_word' id='word_1_350' title='bbox 2454 1882 2705 1937; x_wconf 88' lang='lat' dir='ltr'><strong>omnibus</strong></span> <span class='ocrx_word' id='word_1_351' title='bbox 2740 1862 2944 1937; x_wconf 84' lang='lat' dir='ltr'><strong>incerta</strong></span> <span class='ocrx_word' id='word_1_352' title='bbox 2974 1885 3045 1938; x_wconf 88' lang='lat' dir='ltr'><strong>sit</strong></span> <span class='ocrx_word' id='word_1_353' title='bbox 3081 1885 3212 1939; x_wconf 89' lang='lat' dir='ltr'><strong>hora</strong></span> <span class='ocrx_word' id='word_1_354' title='bbox 3248 1862 3458 1955; x_wconf 78' lang='lat' dir='ltr'><strong>mortis,</strong></span> 
     </span>
    </p>
   </div>
   <div class='ocr_carea' id='block_1_45' title="bbox 1872 1970 3459 2047">
    <p class='ocr_par' dir='ltr' id='par_1_45' title="bbox 1872 1970 3459 2047">
     <span class='ocr_line' id='line_1_45' title="bbox 1872 1970 3459 2047; baseline 0.006 -24"><span class='ocrx_word' id='word_1_355' title='bbox 1872 1984 1980 2023; x_wconf 92' lang='lat' dir='ltr'><strong>non</strong></span> <span class='ocrx_word' id='word_1_356' title='bbox 2026 1970 2189 2025; x_wconf 88' lang='lat' dir='ltr'><strong>debet</strong></span> <span class='ocrx_word' id='word_1_357' title='bbox 2237 1986 2357 2026; x_wconf 88' lang='lat' dir='ltr'><strong>esse</strong></span> <span class='ocrx_word' id='word_1_358' title='bbox 2411 1972 2741 2027; x_wconf 85' lang='lat' dir='ltr'><strong>conscientia</strong></span> <span class='ocrx_word' id='word_1_359' title='bbox 2790 1988 2980 2027; x_wconf 90' lang='lat' dir='ltr'><strong>secura</strong></span> <span class='ocrx_word' id='word_1_360' title='bbox 3020 1988 3050 2027; x_wconf 91' lang='lat' dir='ltr'><strong>a</strong></span> <span class='ocrx_word' id='word_1_361' title='bbox 3095 1974 3235 2029; x_wconf 88' lang='lat' dir='ltr'><strong>bono</strong></span> <span class='ocrx_word' id='word_1_362' title='bbox 3270 1992 3459 2047; x_wconf 90' lang='lat' dir='ltr'><strong>opere,</strong></span> 
     </span>
    </p>
   </div>
   <div class='ocr_carea' id='block_1_46' title="bbox 1869 2061 3456 2137">
    <p class='ocr_par' dir='ltr' id='par_1_46' title="bbox 1869 2061 3456 2137">
     <span class='ocr_line' id='line_1_46' title="bbox 1869 2061 3456 2137; baseline 0.005 -22"><span class='ocrx_word' id='word_1_363' title='bbox 1869 2061 1995 2131; x_wconf 89' lang='lat' dir='ltr'><strong>quia</strong></span> <span class='ocrx_word' id='word_1_364' title='bbox 2026 2062 2288 2118; x_wconf 88' lang='lat' dir='ltr'><strong>Dominus</strong></span> <span class='ocrx_word' id='word_1_365' title='bbox 2306 2064 2667 2135; x_wconf 86' lang='lat' dir='ltr'><strong>omnipotens,</strong></span> <span class='ocrx_word' id='word_1_366' title='bbox 2697 2065 2789 2134; x_wconf 89' lang='lat' dir='ltr'><strong>qui</strong></span> <span class='ocrx_word' id='word_1_367' title='bbox 2818 2066 3084 2120; x_wconf 88' lang='lat' dir='ltr'><strong>neminem</strong></span> <span class='ocrx_word' id='word_1_368' title='bbox 3114 2067 3225 2121; x_wconf 88' lang='lat' dir='ltr'><strong>vult</strong></span> <span class='ocrx_word' id='word_1_369' title='bbox 3253 2069 3456 2137; x_wconf 88' lang='lat' dir='ltr'><strong>perire,</strong></span> 
     </span>
    </p>
   </div>
   <div class='ocr_carea' id='block_1_47' title="bbox 1870 2150 3460 2225">
    <p class='ocr_par' dir='ltr' id='par_1_47' title="bbox 1870 2150 3460 2225">
     <span class='ocr_line' id='line_1_47' title="bbox 1870 2150 3460 2225; baseline 0.006 -20"><span class='ocrx_word' id='word_1_370' title='bbox 1870 2150 1964 2205; x_wconf 89' lang='lat' dir='ltr'><strong>sed</strong></span> <span class='ocrx_word' id='word_1_371' title='bbox 2013 2165 2202 2207; x_wconf 88' lang='lat' dir='ltr'><strong>omnes</strong></span> <span class='ocrx_word' id='word_1_372' title='bbox 2259 2152 2329 2207; x_wconf 88' lang='lat' dir='ltr'><strong>ad</strong></span> <span class='ocrx_word' id='word_1_373' title='bbox 2375 2154 2737 2225; x_wconf 87' lang='lat' dir='ltr'><strong>cognitionem</strong></span> <span class='ocrx_word' id='word_1_374' title='bbox 2781 2155 3026 2211; x_wconf 87' lang='lat' dir='ltr'><strong>veritatis</strong></span> <span class='ocrx_word' id='word_1_375' title='bbox 3074 2157 3282 2222; x_wconf 89' lang='lat' dir='ltr'><strong>venire,</strong></span> <span class='ocrx_word' id='word_1_376' title='bbox 3336 2157 3460 2214; x_wconf 92' lang='lat' dir='ltr'><strong>ideo</strong></span> 
     </span>
    </p>
   </div>
   <div class='ocr_carea' id='block_1_48' title="bbox 1871 2240 3460 2318">
    <p class='ocr_par' dir='ltr' id='par_1_48' title="bbox 1871 2240 3460 2318">
     <span class='ocr_line' id='line_1_48' title="bbox 1871 2240 3460 2318; baseline 0.006 -23"><span class='ocrx_word' id='word_1_377' title='bbox 1871 2240 2042 2297; x_wconf 90' lang='lat' dir='ltr'><strong>voluit</strong></span> <span class='ocrx_word' id='word_1_378' title='bbox 2075 2258 2175 2299; x_wconf 90' lang='lat' dir='ltr'><strong>nos</strong></span> <span class='ocrx_word' id='word_1_379' title='bbox 2214 2243 2387 2299; x_wconf 83' lang='lat' dir='ltr'><strong>latere</strong></span> <span class='ocrx_word' id='word_1_380' title='bbox 2426 2244 2674 2300; x_wconf 88' lang='lat' dir='ltr'><strong>ultimum</strong></span> <span class='ocrx_word' id='word_1_381' title='bbox 2695 2246 2856 2311; x_wconf 88' lang='lat' dir='ltr'><strong>diem,</strong></span> <span class='ocrx_word' id='word_1_382' title='bbox 2904 2255 2965 2302; x_wconf 92' lang='lat' dir='ltr'><strong>ut</strong></span> <span class='ocrx_word' id='word_1_383' title='bbox 3005 2248 3130 2301; x_wconf 90' lang='lat' dir='ltr'><strong>dum</strong></span> <span class='ocrx_word' id='word_1_384' title='bbox 3180 2248 3460 2318; x_wconf 89' lang='lat' dir='ltr'><strong>ignoratur</strong></span> 
     </span>
    </p>
   </div>
   <div class='ocr_carea' id='block_1_49' title="bbox 1872 2334 3461 2408">
    <p class='ocr_par' dir='ltr' id='par_1_49' title="bbox 1872 2334 3461 2408">
     <span class='ocr_line' id='line_1_49' title="bbox 1872 2334 3461 2408; baseline 0.006 -23"><span class='ocrx_word' id='word_1_385' title='bbox 1872 2348 2036 2400; x_wconf 88' lang='lat' dir='ltr'><strong>unus,</strong></span> <span class='ocrx_word' id='word_1_386' title='bbox 2075 2334 2432 2391; x_wconf 86' lang='lat' dir='ltr'><strong>observentur</strong></span> <span class='ocrx_word' id='word_1_387' title='bbox 2477 2350 2684 2392; x_wconf 90' lang='lat' dir='ltr'><strong>omnes.</strong></span> <span class='ocrx_word' id='word_1_388' title='bbox 2722 2337 2875 2405; x_wconf 83' lang='lat' dir='ltr'><strong>Quod</strong></span> <span class='ocrx_word' id='word_1_389' title='bbox 2923 2346 3100 2393; x_wconf 90' lang='lat' dir='ltr'><strong>autem</strong></span> <span class='ocrx_word' id='word_1_390' title='bbox 3133 2338 3228 2404; x_wconf 89' lang='lat' dir='ltr'><strong>ait,</strong></span> <span class='ocrx_word' id='word_1_391' title='bbox 3287 2357 3305 2390; x_wconf 75' lang='grc' dir='ltr'><strong><em>ι</em></strong></span> <span class='ocrx_word' id='word_1_392' title='bbox 3332 2340 3461 2408; x_wconf 85' lang='lat' dir='ltr'><strong>quia</strong></span> 
     </span>
    </p>
   </div>
   <div class='ocr_carea' id='block_1_50' title="bbox 1870 2424 3461 2496">
    <p class='ocr_par' dir='ltr' id='par_1_50' title="bbox 1870 2424 3461 2496">
     <span class='ocr_line' id='line_1_50' title="bbox 1870 2424 3461 2496; baseline 0.004 -19"><span class='ocrx_word' id='word_1_393' title='bbox 1870 2437 1976 2493; x_wconf 90' lang='lat' dir='ltr'><strong>qua</strong></span> <span class='ocrx_word' id='word_1_394' title='bbox 2002 2424 2136 2479; x_wconf 91' lang='lat' dir='ltr'><strong>hora</strong></span> <span class='ocrx_word' id='word_1_395' title='bbox 2164 2441 2277 2482; x_wconf 87' lang='lat' dir='ltr'><strong>non</strong></span> <span class='ocrx_word' id='word_1_396' title='bbox 2298 2426 2503 2496; x_wconf 86' lang='lat' dir='ltr'><strong>putatis</strong></span> <span class='ocrx_word' id='word_1_397' title='bbox 2532 2426 2701 2483; x_wconf 82' lang='lat' dir='ltr'><strong>Filius</strong></span> <span class='ocrx_word' id='word_1_398' title='bbox 2731 2428 2969 2484; x_wconf 88' lang='lat' dir='ltr'><strong>hominis</strong></span> <span class='ocrx_word' id='word_1_399' title='bbox 3008 2428 3209 2493; x_wconf 88' lang='lat' dir='ltr'><strong>veniet,</strong></span> <span class='ocrx_word' id='word_1_400' title='bbox 3243 2447 3263 2481; x_wconf 72' lang='grc' dir='ltr'><strong><em>ι</em></strong></span> <span class='ocrx_word' id='word_1_401' title='bbox 3314 2429 3361 2483; x_wconf 87' lang='lat' dir='ltr'><strong>si</strong></span> <span class='ocrx_word' id='word_1_402' title='bbox 3390 2429 3461 2484; x_wconf 89' lang='lat' dir='ltr'><strong>ad</strong></span> 
     </span>
    </p>
   </div>
   <div class='ocr_carea' id='block_1_51' title="bbox 1866 2518 3463 2592">
    <p class='ocr_par' dir='ltr' id='par_1_51' title="bbox 1866 2518 3463 2592">
     <span class='ocr_line' id='line_1_51' title="bbox 1866 2518 3463 2592; baseline 0.002 -19"><span class='ocrx_word' id='word_1_403' title='bbox 1866 2518 2012 2573; x_wconf 91' lang='lat' dir='ltr'><strong>diem</strong></span> <span class='ocrx_word' id='word_1_404' title='bbox 2036 2518 2225 2587; x_wconf 89' lang='lat' dir='ltr'><strong>judicii</strong></span> <span class='ocrx_word' id='word_1_405' title='bbox 2260 2520 2559 2577; x_wconf 81' lang='lat' dir='ltr'><strong>referamus</strong></span> <span class='ocrx_word' id='word_1_406' title='bbox 2579 2561 2595 2588; x_wconf 90' lang='lat'><strong>,</strong></span> <span class='ocrx_word' id='word_1_407' title='bbox 2624 2524 2968 2577; x_wconf 78' lang='lat' dir='ltr'><strong>manifestum</strong></span> <span class='ocrx_word' id='word_1_408' title='bbox 2992 2528 3096 2588; x_wconf 90' lang='lat' dir='ltr'><strong>est,</strong></span> <span class='ocrx_word' id='word_1_409' title='bbox 3125 2522 3250 2592; x_wconf 90' lang='lat' dir='ltr'><strong>quia</strong></span> <span class='ocrx_word' id='word_1_410' title='bbox 3282 2522 3463 2577; x_wconf 88' lang='lat' dir='ltr'><strong>incer-</strong></span> 
     </span>
    </p>
   </div>
   <div class='ocr_carea' id='block_1_52' title="bbox 1872 2613 3460 2684">
    <p class='ocr_par' dir='ltr' id='par_1_52' title="bbox 1872 2613 3460 2684">
     <span class='ocr_line' id='line_1_52' title="bbox 1872 2613 3460 2684; baseline 0.004 -21"><span class='ocrx_word' id='word_1_411' title='bbox 1872 2617 1959 2665; x_wconf 91' lang='lat' dir='ltr'><strong>tus</strong></span> <span class='ocrx_word' id='word_1_412' title='bbox 1987 2620 2071 2665; x_wconf 89' lang='lat' dir='ltr'><strong>est</strong></span> <span class='ocrx_word' id='word_1_413' title='bbox 2095 2613 2348 2668; x_wconf 87' lang='lat' dir='ltr'><strong>omnibus</strong></span> <span class='ocrx_word' id='word_1_414' title='bbox 2385 2621 2440 2669; x_wconf 91' lang='lat' dir='ltr'><strong>et</strong></span> <span class='ocrx_word' id='word_1_415' title='bbox 2485 2614 2811 2684; x_wconf 88' lang='lat' dir='ltr'><strong>incognitus,</strong></span> <span class='ocrx_word' id='word_1_416' title='bbox 2860 2613 3002 2670; x_wconf 90' lang='lat' dir='ltr'><strong>sicut</strong></span> <span class='ocrx_word' id='word_1_417' title='bbox 3053 2614 3169 2682; x_wconf 90' lang='lat' dir='ltr'><strong>ipse</strong></span> <span class='ocrx_word' id='word_1_418' title='bbox 3219 2613 3353 2669; x_wconf 88' lang='lat' dir='ltr'><strong>dicit</strong></span> <span class='ocrx_word' id='word_1_419' title='bbox 3402 2615 3460 2669; x_wconf 89' lang='lat' dir='ltr'><strong>in</strong></span> 
     </span>
    </p>
   </div>
   <div class='ocr_carea' id='block_1_53' title="bbox 1864 2699 3458 2771">
    <p class='ocr_par' dir='ltr' id='par_1_53' title="bbox 1864 2699 3458 2771">
     <span class='ocr_line' id='line_1_53' title="bbox 1864 2699 3458 2771; baseline 0.005 -18"><span class='ocrx_word' id='word_1_420' title='bbox 1864 2699 2197 2771; x_wconf 80' lang='lat' dir='ltr'><strong>Evangelia:</strong></span> <span class='ocrx_word' id='word_1_421' title='bbox 2234 2722 2253 2754; x_wconf 77' lang='grc' dir='ltr'>ι</span> <span class='ocrx_word' id='word_1_422' title='bbox 2283 2704 2358 2758; x_wconf 89' lang='lat' dir='ltr'><strong>De</strong></span> <span class='ocrx_word' id='word_1_423' title='bbox 2392 2703 2479 2758; x_wconf 89' lang='lat' dir='ltr'><strong>die</strong></span> <span class='ocrx_word' id='word_1_424' title='bbox 2517 2712 2695 2760; x_wconf 88' lang='lat' dir='ltr'><strong>autem</strong></span> <span class='ocrx_word' id='word_1_425' title='bbox 2735 2704 2824 2758; x_wconf 91' lang='lat' dir='ltr'><strong>illa</strong></span> <span class='ocrx_word' id='word_1_426' title='bbox 2864 2711 2920 2759; x_wconf 90' lang='lat' dir='ltr'><strong>et</strong></span> <span class='ocrx_word' id='word_1_427' title='bbox 2961 2703 3095 2758; x_wconf 89' lang='lat' dir='ltr'><strong>hora</strong></span> <span class='ocrx_word' id='word_1_428' title='bbox 3134 2718 3296 2760; x_wconf 90' lang='lat' dir='ltr'><strong>nemo</strong></span> <span class='ocrx_word' id='word_1_429' title='bbox 3333 2703 3458 2771; x_wconf 76' lang='lat' dir='ltr'><strong>scit,</strong></span> 
     </span>
    </p>
   </div>
   <div class='ocr_carea' id='block_1_54' title="bbox 1869 2792 3461 2863">
    <p class='ocr_par' dir='ltr' id='par_1_54' title="bbox 1869 2792 3461 2863">
     <span class='ocr_line' id='line_1_54' title="bbox 1869 2792 3461 2863; baseline 0.005 -19"><span class='ocrx_word' id='word_1_430' title='bbox 1869 2804 2044 2861; x_wconf 88' lang='lat' dir='ltr'><strong>neque</strong></span> <span class='ocrx_word' id='word_1_431' title='bbox 2080 2792 2255 2861; x_wconf 85' lang='lat' dir='ltr'><strong>angeli</strong></span> <span class='ocrx_word' id='word_1_432' title='bbox 2294 2793 2350 2848; x_wconf 92' lang='lat' dir='ltr'><strong>in</strong></span> <span class='ocrx_word' id='word_1_433' title='bbox 2396 2792 2557 2859; x_wconf 62' lang='lat' dir='ltr'><strong>cosio,</strong></span> <span class='ocrx_word' id='word_1_434' title='bbox 2609 2809 2783 2863; x_wconf 87' lang='lat' dir='ltr'><strong>neque</strong></span> <span class='ocrx_word' id='word_1_435' title='bbox 2831 2793 3000 2851; x_wconf 83' lang='lat' dir='ltr'><strong>Filius</strong></span> <span class='ocrx_word' id='word_1_436' title='bbox 3045 2795 3299 2863; x_wconf 87' lang='lat' dir='ltr'><strong>hominis,</strong></span> <span class='ocrx_word' id='word_1_437' title='bbox 3354 2795 3461 2852; x_wconf 86' lang='lat' dir='ltr'><strong>nisi</strong></span> 
     </span>
    </p>
   </div>
   <div class='ocr_carea' id='block_1_55' title="bbox 1873 2883 3461 2958">
    <p class='ocr_par' dir='ltr' id='par_1_55' title="bbox 1873 2883 3461 2958">
     <span class='ocr_line' id='line_1_55' title="bbox 1873 2883 3461 2958; baseline 0.003 -20"><span class='ocrx_word' id='word_1_438' title='bbox 1873 2883 2036 2940; x_wconf 87' lang='lat' dir='ltr'><strong>Pater</strong></span> <span class='ocrx_word' id='word_1_439' title='bbox 2072 2885 2221 2941; x_wconf 92' lang='lat' dir='ltr'><strong>solus</strong></span> <span class='ocrx_word' id='word_1_440' title='bbox 2255 2885 2449 2957; x_wconf 78' lang='lat' dir='ltr'><strong>(Marc.</strong></span> <span class='ocrx_word' id='word_1_441' title='bbox 2483 2887 2627 2958; x_wconf 81' lang='lat' dir='ltr'><strong>xm).</strong></span> <span class='ocrx_word' id='word_1_442' title='bbox 2658 2907 2678 2941; x_wconf 67' lang='grc' dir='ltr'><strong><em>ι</em></strong></span> <span class='ocrx_word' id='word_1_443' title='bbox 2734 2888 2801 2943; x_wconf 89' lang='lat' dir='ltr'><strong>Et</strong></span> <span class='ocrx_word' id='word_1_444' title='bbox 2831 2888 3028 2944; x_wconf 91' lang='lat' dir='ltr'><strong>iterum</strong></span> <span class='ocrx_word' id='word_1_445' title='bbox 3058 2906 3071 2942; x_wconf 89' lang='lat'><strong>:</strong></span> <span class='ocrx_word' id='word_1_446' title='bbox 3109 2906 3128 2941; x_wconf 75' lang='grc' dir='ltr'>ι</span> <span class='ocrx_word' id='word_1_447' title='bbox 3159 2888 3311 2943; x_wconf 90' lang='lat' dir='ltr'><strong>Sicut</strong></span> <span class='ocrx_word' id='word_1_448' title='bbox 3357 2888 3461 2943; x_wconf 80' lang='lat' dir='ltr'><strong>fuit</strong></span> 
     </span>
    </p>
   </div>
   <div class='ocr_carea' id='block_1_56' title="bbox 1867 2972 3455 3050">
    <p class='ocr_par' dir='ltr' id='par_1_56' title="bbox 1867 2972 3455 3050">
     <span class='ocr_line' id='line_1_56' title="bbox 1867 2972 3455 3050; baseline 0.004 -23"><span class='ocrx_word' id='word_1_449' title='bbox 1867 2972 1923 3028; x_wconf 91' lang='lat' dir='ltr'><strong>in</strong></span> <span class='ocrx_word' id='word_1_450' title='bbox 1949 2974 2142 3032; x_wconf 89' lang='lat' dir='ltr'><strong>diebus</strong></span> <span class='ocrx_word' id='word_1_451' title='bbox 2160 2974 2294 3040; x_wconf 86' lang='lat' dir='ltr'><strong>Noe,</strong></span> <span class='ocrx_word' id='word_1_452' title='bbox 2320 2977 2403 3033; x_wconf 91' lang='lat' dir='ltr'><strong>sic</strong></span> <span class='ocrx_word' id='word_1_453' title='bbox 2421 2978 2528 3033; x_wconf 88' lang='lat' dir='ltr'><strong>erit</strong></span> <span class='ocrx_word' id='word_1_454' title='bbox 2547 2979 2811 3034; x_wconf 86' lang='lat' dir='ltr'><strong>adventus</strong></span> <span class='ocrx_word' id='word_1_455' title='bbox 2830 2978 2952 3033; x_wconf 87' lang='lat' dir='ltr'><strong>Filii</strong></span> <span class='ocrx_word' id='word_1_456' title='bbox 2974 2978 3207 3034; x_wconf 90' lang='lat' dir='ltr'><strong>hominis</strong></span> <span class='ocrx_word' id='word_1_457' title='bbox 3235 2978 3455 3050; x_wconf 73' lang='lat' dir='ltr'><strong>(Matth.</strong></span> 
     </span>
    </p>
   </div>
   <div class='ocr_carea' id='block_1_57' title="bbox 1866 3064 3462 3138">
    <p class='ocr_par' dir='ltr' id='par_1_57' title="bbox 1866 3064 3462 3138">
     <span class='ocr_line' id='line_1_57' title="bbox 1866 3064 3462 3138; baseline 0.003 -20"><span class='ocrx_word' id='word_1_458' title='bbox 1866 3064 2039 3135; x_wconf 75' lang='lat' dir='ltr'><strong>utv).</strong></span> <span class='ocrx_word' id='word_1_459' title='bbox 2069 3083 2088 3116; x_wconf 77' lang='grc' dir='ltr'><strong><em>ι</em></strong></span> <span class='ocrx_word' id='word_1_460' title='bbox 2147 3065 2214 3120; x_wconf 84' lang='lat' dir='ltr'><strong>Et</strong></span> <span class='ocrx_word' id='word_1_461' title='bbox 2259 3082 2522 3122; x_wconf 86' lang='lat' dir='ltr'><strong>rursum:</strong></span> <span class='ocrx_word' id='word_1_462' title='bbox 2564 3086 2582 3117; x_wconf 85' lang='grc'><strong><em>‹</em></strong></span> <span class='ocrx_word' id='word_1_463' title='bbox 2623 3065 2777 3123; x_wconf 83' lang='lat' dir='ltr'><strong>Sicut</strong></span> <span class='ocrx_word' id='word_1_464' title='bbox 2824 3066 3004 3138; x_wconf 78' lang='lat' dir='ltr'><strong>fulgur</strong></span> <span class='ocrx_word' id='word_1_465' title='bbox 3065 3068 3340 3137; x_wconf 84' lang='lat' dir='ltr'><strong>egreditur</strong></span> <span class='ocrx_word' id='word_1_466' title='bbox 3390 3066 3462 3123; x_wconf 81' lang='lat' dir='ltr'><strong>ab</strong></span> 
     </span>
    </p>
   </div>
   <div class='ocr_carea' id='block_1_58' title="bbox 1867 3154 3462 3226">
    <p class='ocr_par' dir='ltr' id='par_1_58' title="bbox 1867 3154 3462 3226">
     <span class='ocr_line' id='line_1_58' title="bbox 1867 3154 3462 3226; baseline 0.004 -18"><span class='ocrx_word' id='word_1_467' title='bbox 1867 3154 2098 3221; x_wconf 87' lang='lat' dir='ltr'><strong>oriente,</strong></span> <span class='ocrx_word' id='word_1_468' title='bbox 2127 3165 2184 3210; x_wconf 88' lang='lat' dir='ltr'><strong>et</strong></span> <span class='ocrx_word' id='word_1_469' title='bbox 2213 3166 2459 3226; x_wconf 87' lang='lat' dir='ltr'><strong>penetrat</strong></span> <span class='ocrx_word' id='word_1_470' title='bbox 2483 3157 2537 3213; x_wconf 91' lang='lat' dir='ltr'><strong>in</strong></span> <span class='ocrx_word' id='word_1_471' title='bbox 2567 3157 2925 3224; x_wconf 81' lang='lat' dir='ltr'><strong>occidentem,</strong></span> <span class='ocrx_word' id='word_1_472' title='bbox 2954 3158 3038 3214; x_wconf 91' lang='lat' dir='ltr'><strong>sic</strong></span> <span class='ocrx_word' id='word_1_473' title='bbox 3064 3159 3169 3214; x_wconf 88' lang='lat' dir='ltr'><strong>erit</strong></span> <span class='ocrx_word' id='word_1_474' title='bbox 3195 3158 3462 3215; x_wconf 78' lang='lat' dir='ltr'><strong>adventus</strong></span> 
     </span>
    </p>
   </div>
   <div class='ocr_carea' id='block_1_59' title="bbox 169 3228 3458 3323">
    <p class='ocr_par' dir='ltr' id='par_1_59' title="bbox 169 3228 3458 3323">
     <span class='ocr_line' id='line_1_59' title="bbox 169 3228 3458 3323; baseline 0.002 -24"><span class='ocrx_word' id='word_1_475' title='bbox 169 3245 234 3300; x_wconf 91' lang='lat' dir='ltr'><strong>in</strong></span> <span class='ocrx_word' id='word_1_476' title='bbox 265 3247 498 3301; x_wconf 84' lang='lat' dir='ltr'><strong>secunda</strong></span> <span class='ocrx_word' id='word_1_477' title='bbox 524 3247 703 3318; x_wconf 83' lang='lat' dir='ltr'><strong>vigilia</strong></span> <span class='ocrx_word' id='word_1_478' title='bbox 728 3248 894 3304; x_wconf 87' lang='lat' dir='ltr'><strong>venit.</strong></span> <span class='ocrx_word' id='word_1_479' title='bbox 940 3248 997 3304; x_wconf 90' lang='lat' dir='ltr'><strong>Si</strong></span> <span class='ocrx_word' id='word_1_480' title='bbox 1026 3252 1148 3319; x_wconf 88' lang='lat' dir='ltr'><strong>quis</strong></span> <span class='ocrx_word' id='word_1_481' title='bbox 1185 3264 1315 3322; x_wconf 89' lang='lat' dir='ltr'><strong>ergo</strong></span> <span class='ocrx_word' id='word_1_482' title='bbox 1346 3250 1399 3305; x_wconf 93' lang='lat' dir='ltr'><strong>in</strong></span> <span class='ocrx_word' id='word_1_483' title='bbox 1424 3250 1597 3323; x_wconf 91' lang='lat' dir='ltr'><strong>prima</strong></span> <span class='ocrx_word' id='word_1_484' title='bbox 1622 3228 1766 3323; x_wconf 78' lang='lat' dir='ltr'><strong>vigi-</strong></span> <span class='ocrx_word' id='word_1_485' title='bbox 1790 3228 1839 3292; x_wconf 63' lang='grc' dir='ltr'>Ε</span> <span class='ocrx_word' id='word_1_486' title='bbox 1871 3247 1991 3304; x_wconf 87' lang='lat' dir='ltr'><strong>Filii</strong></span> <span class='ocrx_word' id='word_1_487' title='bbox 2018 3250 2253 3306; x_wconf 89' lang='lat' dir='ltr'><strong>hominis</strong></span> <span class='ocrx_word' id='word_1_488' title='bbox 2275 3249 2486 3321; x_wconf 84' lang='lat' dir='ltr'><strong>(lbid.).</strong></span> <span class='ocrx_word' id='word_1_489' title='bbox 2515 3270 2534 3303; x_wconf 73' lang='grc' dir='ltr'><strong><em>ι</em></strong></span> <span class='ocrx_word' id='word_1_490' title='bbox 2562 3250 2629 3306; x_wconf 82' lang='lat' dir='ltr'><strong>Et</strong></span> <span class='ocrx_word' id='word_1_491' title='bbox 2653 3262 2775 3320; x_wconf 91' lang='lat' dir='ltr'><strong>post</strong></span> <span class='ocrx_word' id='word_1_492' title='bbox 2798 3266 2953 3306; x_wconf 89' lang='lat' dir='ltr'><strong>suam</strong></span> <span class='ocrx_word' id='word_1_493' title='bbox 2980 3252 3458 3316; x_wconf 87' lang='lat' dir='ltr'><strong>resurrectionem,</strong></span> 
     </span>
    </p>
   </div>
   <div class='ocr_carea' id='block_1_60' title="bbox 170 3339 1766 3416">
    <p class='ocr_par' dir='ltr' id='par_1_60' title="bbox 170 3339 1766 3416">
     <span class='ocr_line' id='line_1_60' title="bbox 170 3339 1766 3416; baseline 0.004 -23"><span class='ocrx_word' id='word_1_494' title='bbox 170 3339 249 3394; x_wconf 89' lang='lat' dir='ltr'><strong>lia</strong></span> <span class='ocrx_word' id='word_1_495' title='bbox 282 3340 507 3411; x_wconf 82' lang='lat' dir='ltr'><strong>vigilare</strong></span> <span class='ocrx_word' id='word_1_496' title='bbox 536 3342 790 3408; x_wconf 88' lang='lat' dir='ltr'><strong>noluerit,</strong></span> <span class='ocrx_word' id='word_1_497' title='bbox 830 3342 1023 3399; x_wconf 88' lang='lat' dir='ltr'><strong>saltem</strong></span> <span class='ocrx_word' id='word_1_498' title='bbox 1052 3343 1142 3399; x_wconf 91' lang='lat' dir='ltr'><strong>hic</strong></span> <span class='ocrx_word' id='word_1_499' title='bbox 1181 3344 1236 3399; x_wconf 93' lang='lat' dir='ltr'><strong>in</strong></span> <span class='ocrx_word' id='word_1_500' title='bbox 1279 3345 1515 3401; x_wconf 88' lang='lat' dir='ltr'><strong>secunda</strong></span> <span class='ocrx_word' id='word_1_501' title='bbox 1561 3345 1766 3416; x_wconf 88' lang='lat' dir='ltr'><strong>vigilet,</strong></span> 
     </span>
    </p>
   </div>
   <div class='ocr_carea' id='block_1_61' title="bbox 168 3434 1768 3509">
    <p class='ocr_par' dir='ltr' id='par_1_61' title="bbox 168 3434 1768 3509">
     <span class='ocr_line' id='line_1_61' title="bbox 168 3434 1768 3509; baseline 0.004 -21"><span class='ocrx_word' id='word_1_502' title='bbox 168 3434 234 3488; x_wconf 77' lang='lat' dir='ltr'><strong>id</strong></span> <span class='ocrx_word' id='word_1_503' title='bbox 257 3443 360 3497; x_wconf 90' lang='lat' dir='ltr'><strong>est,</strong></span> <span class='ocrx_word' id='word_1_504' title='bbox 384 3435 431 3489; x_wconf 92' lang='lat' dir='ltr'><strong>si</strong></span> <span class='ocrx_word' id='word_1_505' title='bbox 451 3434 574 3505; x_wconf 89' lang='lat' dir='ltr'><strong>quis</strong></span> <span class='ocrx_word' id='word_1_506' title='bbox 594 3435 648 3491; x_wconf 87' lang='lat' dir='ltr'><strong>in</strong></span> <span class='ocrx_word' id='word_1_507' title='bbox 670 3436 899 3507; x_wconf 86' lang='lat' dir='ltr'><strong>pueritia</strong></span> <span class='ocrx_word' id='word_1_508' title='bbox 925 3451 958 3490; x_wconf 91' lang='lat' dir='ltr'><strong>a</strong></span> <span class='ocrx_word' id='word_1_509' title='bbox 978 3437 1121 3493; x_wconf 88' lang='lat' dir='ltr'><strong>bono</strong></span> <span class='ocrx_word' id='word_1_510' title='bbox 1139 3452 1303 3509; x_wconf 91' lang='lat' dir='ltr'><strong>opere</strong></span> <span class='ocrx_word' id='word_1_511' title='bbox 1330 3438 1551 3509; x_wconf 85' lang='lat' dir='ltr'><strong>torpuit,</strong></span> <span class='ocrx_word' id='word_1_512' title='bbox 1576 3438 1768 3494; x_wconf 86' lang='lat' dir='ltr'><strong>saltem</strong></span> 
     </span>
    </p>
   </div>
   <div class='ocr_carea' id='block_1_62' title="bbox 174 3526 1769 3601">
    <p class='ocr_par' dir='ltr' id='par_1_62' title="bbox 174 3526 1769 3601">
     <span class='ocr_line' id='line_1_62' title="bbox 174 3526 1769 3601; baseline 0.003 -20"><span class='ocrx_word' id='word_1_513' title='bbox 174 3527 234 3582; x_wconf 88' lang='lat' dir='ltr'><strong>in</strong></span> <span class='ocrx_word' id='word_1_514' title='bbox 263 3526 626 3584; x_wconf 87' lang='lat' dir='ltr'><strong>adolescentia</strong></span> <span class='ocrx_word' id='word_1_515' title='bbox 651 3527 738 3585; x_wconf 86' lang='lat' dir='ltr'><strong>vel</strong></span> <span class='ocrx_word' id='word_1_516' title='bbox 757 3527 1044 3598; x_wconf 79' lang='lat' dir='ltr'><strong>iuventute</strong></span> <span class='ocrx_word' id='word_1_517' title='bbox 1075 3544 1325 3587; x_wconf 88' lang='lat' dir='ltr'><strong>somnum</strong></span> <span class='ocrx_word' id='word_1_518' title='bbox 1368 3531 1600 3601; x_wconf 90' lang='lat' dir='ltr'><strong>torporis</strong></span> <span class='ocrx_word' id='word_1_519' title='bbox 1637 3546 1669 3585; x_wconf 95' lang='lat' dir='ltr'><strong>a</strong></span> <span class='ocrx_word' id='word_1_520' title='bbox 1707 3545 1769 3586; x_wconf 89' lang='lat' dir='ltr'><strong>se</strong></span> 
     </span>
    </p>
   </div>
   <div class='ocr_carea' id='block_1_63' title="bbox 172 3618 1768 3695">
    <p class='ocr_par' dir='ltr' id='par_1_63' title="bbox 172 3618 1768 3695">
     <span class='ocr_line' id='line_1_63' title="bbox 172 3618 1768 3695; baseline 0.003 -20"><span class='ocrx_word' id='word_1_521' title='bbox 172 3618 441 3686; x_wconf 79' lang='lat' dir='ltr'><strong>excutiat,</strong></span> <span class='ocrx_word' id='word_1_522' title='bbox 468 3628 525 3675; x_wconf 90' lang='lat' dir='ltr'><strong>et</strong></span> <span class='ocrx_word' id='word_1_523' title='bbox 548 3620 673 3676; x_wconf 92' lang='lat' dir='ltr'><strong>dum</strong></span> <span class='ocrx_word' id='word_1_524' title='bbox 699 3621 872 3677; x_wconf 91' lang='lat' dir='ltr'><strong>virtus</strong></span> <span class='ocrx_word' id='word_1_525' title='bbox 897 3623 1144 3693; x_wconf 90' lang='lat' dir='ltr'><strong>corporis</strong></span> <span class='ocrx_word' id='word_1_526' title='bbox 1170 3622 1330 3694; x_wconf 87' lang='lat' dir='ltr'><strong>viget,</strong></span> <span class='ocrx_word' id='word_1_527' title='bbox 1363 3623 1417 3678; x_wconf 92' lang='lat' dir='ltr'><strong>in</strong></span> <span class='ocrx_word' id='word_1_528' title='bbox 1440 3624 1581 3678; x_wconf 90' lang='lat' dir='ltr'><strong>bono</strong></span> <span class='ocrx_word' id='word_1_529' title='bbox 1604 3636 1768 3695; x_wconf 89' lang='lat' dir='ltr'><strong>opere</strong></span> 
     </span>
    </p>
   </div>
   <div class='ocr_carea' id='block_1_64' title="bbox 172 3708 1769 3784">
    <p class='ocr_par' dir='ltr' id='par_1_64' title="bbox 172 3708 1769 3784">
     <span class='ocr_line' id='line_1_64' title="bbox 172 3708 1769 3784; baseline 0.003 -20"><span class='ocrx_word' id='word_1_530' title='bbox 172 3723 238 3764; x_wconf 86' lang='lat' dir='ltr'><strong>se</strong></span> <span class='ocrx_word' id='word_1_531' title='bbox 266 3716 535 3765; x_wconf 74' lang='lat' dir='ltr'><strong>exerceat.</strong></span> <span class='ocrx_word' id='word_1_532' title='bbox 572 3708 632 3765; x_wconf 88' lang='lat' dir='ltr'><strong>Si</strong></span> <span class='ocrx_word' id='word_1_533' title='bbox 653 3709 776 3779; x_wconf 82' lang='lat' dir='ltr'><strong>quis</strong></span> <span class='ocrx_word' id='word_1_534' title='bbox 801 3716 985 3766; x_wconf 85' lang='lat' dir='ltr'><strong>autem</strong></span> <span class='ocrx_word' id='word_1_535' title='bbox 1015 3720 1125 3766; x_wconf 91' lang='lat' dir='ltr'><strong>tam</strong></span> <span class='ocrx_word' id='word_1_536' title='bbox 1147 3712 1426 3784; x_wconf 86' lang='lat' dir='ltr'><strong>negligens</strong></span> <span class='ocrx_word' id='word_1_537' title='bbox 1452 3723 1507 3768; x_wconf 92' lang='lat' dir='ltr'><strong>et</strong></span> <span class='ocrx_word' id='word_1_538' title='bbox 1535 3711 1769 3768; x_wconf 79' lang='lat' dir='ltr'><strong>desidio-</strong></span> 
     </span>
    </p>
   </div>
   <div class='ocr_carea' id='block_1_65' title="bbox 172 3800 1768 3875">
    <p class='ocr_par' dir='ltr' id='par_1_65' title="bbox 172 3800 1768 3875">
     <span class='ocr_line' id='line_1_65' title="bbox 172 3800 1768 3875; baseline 0.002 -20"><span class='ocrx_word' id='word_1_539' title='bbox 172 3817 275 3856; x_wconf 86' lang='lat' dir='ltr'><strong>sus</strong></span> <span class='ocrx_word' id='word_1_540' title='bbox 300 3800 464 3856; x_wconf 79' lang='lat' dir='ltr'><strong>fuerit</strong></span> <span class='ocrx_word' id='word_1_541' title='bbox 489 3802 760 3867; x_wconf 89' lang='lat' dir='ltr'><strong>inventus,</strong></span> <span class='ocrx_word' id='word_1_542' title='bbox 792 3811 853 3859; x_wconf 91' lang='lat' dir='ltr'><strong>ut</strong></span> <span class='ocrx_word' id='word_1_543' title='bbox 876 3817 977 3859; x_wconf 90' lang='lat' dir='ltr'><strong>nec</strong></span> <span class='ocrx_word' id='word_1_544' title='bbox 1002 3803 1056 3858; x_wconf 92' lang='lat' dir='ltr'><strong>in</strong></span> <span class='ocrx_word' id='word_1_545' title='bbox 1094 3804 1293 3875; x_wconf 88' lang='lat' dir='ltr'><strong>prima,</strong></span> <span class='ocrx_word' id='word_1_546' title='bbox 1321 3820 1423 3860; x_wconf 92' lang='lat' dir='ltr'><strong>nec</strong></span> <span class='ocrx_word' id='word_1_547' title='bbox 1448 3804 1503 3859; x_wconf 91' lang='lat' dir='ltr'><strong>in</strong></span> <span class='ocrx_word' id='word_1_548' title='bbox 1529 3803 1768 3859; x_wconf 87' lang='lat' dir='ltr'><strong>secunda</strong></span> 
     </span>
    </p>
   </div>
   <div class='ocr_carea' id='block_1_66' title="bbox 176 3893 1769 3965">
    <p class='ocr_par' dir='ltr' id='par_1_66' title="bbox 176 3893 1769 3965">
     <span class='ocr_line' id='line_1_66' title="bbox 176 3893 1769 3965; baseline 0.003 -19"><span class='ocrx_word' id='word_1_549' title='bbox 176 3893 364 3965; x_wconf 77' lang='lat' dir='ltr'><strong>vigilia</strong></span> <span class='ocrx_word' id='word_1_550' title='bbox 388 3893 715 3964; x_wconf 86' lang='lat' dir='ltr'><strong>vigilaverit,</strong></span> <span class='ocrx_word' id='word_1_551' title='bbox 752 3894 944 3950; x_wconf 87' lang='lat' dir='ltr'><strong>saltem</strong></span> <span class='ocrx_word' id='word_1_552' title='bbox 974 3894 1029 3949; x_wconf 90' lang='lat' dir='ltr'><strong>in</strong></span> <span class='ocrx_word' id='word_1_553' title='bbox 1061 3894 1239 3961; x_wconf 88' lang='lat' dir='ltr'><strong>tertia,</strong></span> <span class='ocrx_word' id='word_1_554' title='bbox 1290 3895 1344 3950; x_wconf 93' lang='lat' dir='ltr'><strong>id</strong></span> <span class='ocrx_word' id='word_1_555' title='bbox 1385 3902 1471 3950; x_wconf 88' lang='lat' dir='ltr'><strong>est</strong></span> <span class='ocrx_word' id='word_1_556' title='bbox 1511 3895 1565 3949; x_wconf 90' lang='lat' dir='ltr'><strong>in</strong></span> <span class='ocrx_word' id='word_1_557' title='bbox 1613 3907 1769 3951; x_wconf 82' lang='lat' dir='ltr'><strong>sene-</strong></span> 
     </span>
    </p>
   </div>
   <div class='ocr_carea' id='block_1_67' title="bbox 177 3984 1769 4056">
    <p class='ocr_par' dir='ltr' id='par_1_67' title="bbox 177 3984 1769 4056">
     <span class='ocr_line' id='line_1_67' title="bbox 177 3984 1769 4056; baseline -0.001 -15"><span class='ocrx_word' id='word_1_558' title='bbox 177 3994 327 4041; x_wconf 88' lang='lat' dir='ltr'><strong>ctute</strong></span> <span class='ocrx_word' id='word_1_559' title='bbox 352 3985 467 4055; x_wconf 84' lang='lat' dir='ltr'><strong>jam</strong></span> <span class='ocrx_word' id='word_1_560' title='bbox 488 3985 793 4055; x_wconf 85' lang='lat' dir='ltr'><strong>resipiscat,</strong></span> <span class='ocrx_word' id='word_1_561' title='bbox 810 3994 869 4041; x_wconf 89' lang='lat' dir='ltr'><strong>et</strong></span> <span class='ocrx_word' id='word_1_562' title='bbox 892 3996 1019 4041; x_wconf 91' lang='lat' dir='ltr'><strong>tunc</strong></span> <span class='ocrx_word' id='word_1_563' title='bbox 1048 3984 1269 4056; x_wconf 89' lang='lat' dir='ltr'><strong>vigilare</strong></span> <span class='ocrx_word' id='word_1_564' title='bbox 1294 4000 1403 4041; x_wconf 91' lang='lat' dir='ltr'><strong>non</strong></span> <span class='ocrx_word' id='word_1_565' title='bbox 1434 3986 1622 4041; x_wconf 90' lang='lat' dir='ltr'><strong>timeat</strong></span> <span class='ocrx_word' id='word_1_566' title='bbox 1644 3999 1769 4040; x_wconf 89' lang='lat' dir='ltr'><strong>cum</strong></span> 
     </span>
    </p>
   </div>
   <div class='ocr_carea' id='block_1_68' title="bbox 176 4076 1769 4151">
    <p class='ocr_par' dir='ltr' id='par_1_68' title="bbox 176 4076 1769 4151">
     <span class='ocr_line' id='line_1_68' title="bbox 176 4076 1769 4151; baseline 0.001 -18"><span class='ocrx_word' id='word_1_567' title='bbox 176 4094 375 4151; x_wconf 79' lang='lat' dir='ltr'><strong>parum</strong></span> <span class='ocrx_word' id='word_1_568' title='bbox 418 4078 746 4151; x_wconf 87' lang='lat' dir='ltr'><strong>vigilaturus</strong></span> <span class='ocrx_word' id='word_1_569' title='bbox 791 4086 893 4135; x_wconf 85' lang='lat' dir='ltr'><strong>est.</strong></span> <span class='ocrx_word' id='word_1_570' title='bbox 941 4077 1125 4150; x_wconf 81' lang='lat' dir='ltr'><strong>Neque</strong></span> <span class='ocrx_word' id='word_1_571' title='bbox 1151 4076 1297 4134; x_wconf 92' lang='lat' dir='ltr'><strong>enim</strong></span> <span class='ocrx_word' id='word_1_572' title='bbox 1326 4092 1449 4134; x_wconf 88' lang='lat' dir='ltr'><strong>sero</strong></span> <span class='ocrx_word' id='word_1_573' title='bbox 1475 4090 1769 4134; x_wconf 82' lang='lat' dir='ltr'><strong>conversos</strong></span> 
     </span>
    </p>
   </div>
   <div class='ocr_carea' id='block_1_69' title="bbox 177 4164 1766 4239">
    <p class='ocr_par' dir='ltr' id='par_1_69' title="bbox 177 4164 1766 4239">
     <span class='ocr_line' id='line_1_69' title="bbox 177 4164 1766 4239; baseline -0.001 -16"><span class='ocrx_word' id='word_1_574' title='bbox 177 4168 362 4224; x_wconf 89' lang='lat' dir='ltr'><strong>divina</strong></span> <span class='ocrx_word' id='word_1_575' title='bbox 395 4168 566 4239; x_wconf 88' lang='lat' dir='ltr'><strong>pietas</strong></span> <span class='ocrx_word' id='word_1_576' title='bbox 586 4167 844 4239; x_wconf 85' lang='lat' dir='ltr'><strong>despicit,</strong></span> <span class='ocrx_word' id='word_1_577' title='bbox 867 4168 960 4238; x_wconf 92' lang='lat' dir='ltr'><strong>qui</strong></span> <span class='ocrx_word' id='word_1_578' title='bbox 976 4182 1074 4239; x_wconf 90' lang='lat' dir='ltr'><strong>per</strong></span> <span class='ocrx_word' id='word_1_579' title='bbox 1102 4167 1423 4238; x_wconf 88' lang='lat' dir='ltr'><strong>prophetam</strong></span> <span class='ocrx_word' id='word_1_580' title='bbox 1447 4166 1524 4221; x_wconf 90' lang='lat' dir='ltr'><strong>ait</strong></span> <span class='ocrx_word' id='word_1_581' title='bbox 1548 4164 1766 4238; x_wconf 61' lang='lat' dir='ltr'><strong>(Each.</strong></span> 
     </span>
    </p>
   </div>
   <div class='ocr_carea' id='block_1_70' title="bbox 116 4258 1770 4334">
    <p class='ocr_par' dir='ltr' id='par_1_70' title="bbox 116 4258 1770 4334">
     <span class='ocr_line' id='line_1_70' title="bbox 116 4258 1770 4334; baseline -0.001 -20"><span class='ocrx_word' id='word_1_582' title='bbox 116 4304 124 4314; x_wconf 92' lang='lat'><strong>.</strong></span> <span class='ocrx_word' id='word_1_583' title='bbox 178 4259 340 4334; x_wconf 72' lang='lat' dir='ltr'><strong>svnt)</strong></span> <span class='ocrx_word' id='word_1_584' title='bbox 365 4279 379 4316; x_wconf 89' lang='lat'><strong>:</strong></span> <span class='ocrx_word' id='word_1_585' title='bbox 412 4280 432 4313; x_wconf 72' lang='grc' dir='ltr'>ι</span> <span class='ocrx_word' id='word_1_586' title='bbox 457 4259 592 4318; x_wconf 81' lang='lat' dir='ltr'><strong>Vivo</strong></span> <span class='ocrx_word' id='word_1_587' title='bbox 618 4276 739 4333; x_wconf 87' lang='lat' dir='ltr'><strong>ego,</strong></span> <span class='ocrx_word' id='word_1_588' title='bbox 768 4261 900 4318; x_wconf 88' lang='lat' dir='ltr'><strong>dicit</strong></span> <span class='ocrx_word' id='word_1_589' title='bbox 922 4260 1214 4324; x_wconf 88' lang='lat' dir='ltr'><strong>Dominus;</strong></span> <span class='ocrx_word' id='word_1_590' title='bbox 1240 4258 1365 4316; x_wconf 91' lang='lat' dir='ltr'><strong>nolo</strong></span> <span class='ocrx_word' id='word_1_591' title='bbox 1388 4269 1618 4316; x_wconf 86' lang='lat' dir='ltr'><strong>mortem</strong></span> <span class='ocrx_word' id='word_1_592' title='bbox 1643 4274 1770 4330; x_wconf 85' lang='lat' dir='ltr'><strong>peo-</strong></span> 
     </span>
    </p>
   </div>
   <div class='ocr_carea' id='block_1_71' title="bbox 176 4347 1764 4419">
    <p class='ocr_par' dir='ltr' id='par_1_71' title="bbox 176 4347 1764 4419">
     <span class='ocr_line' id='line_1_71' title="bbox 176 4347 1764 4419; baseline -0.003 -10"><span class='ocrx_word' id='word_1_593' title='bbox 176 4352 404 4419; x_wconf 73' lang='lat' dir='ltr'><strong>catoris,</strong></span> <span class='ocrx_word' id='word_1_594' title='bbox 439 4352 533 4409; x_wconf 87' lang='lat' dir='ltr'><strong>sed</strong></span> <span class='ocrx_word' id='word_1_595' title='bbox 552 4361 619 4408; x_wconf 81' lang='lat' dir='ltr'><strong>ut</strong></span> <span class='ocrx_word' id='word_1_596' title='bbox 646 4358 992 4408; x_wconf 79' lang='lat' dir='ltr'><strong>convertatur</strong></span> <span class='ocrx_word' id='word_1_597' title='bbox 1026 4356 1086 4406; x_wconf 87' lang='lat' dir='ltr'><strong>et</strong></span> <span class='ocrx_word' id='word_1_598' title='bbox 1130 4349 1297 4405; x_wconf 89' lang='lat' dir='ltr'><strong>vivat.</strong></span> <span class='ocrx_word' id='word_1_599' title='bbox 1326 4366 1345 4399; x_wconf 73' lang='grc' dir='ltr'><strong><em>ι</em></strong></span> <span class='ocrx_word' id='word_1_600' title='bbox 1403 4348 1472 4404; x_wconf 85' lang='lat' dir='ltr'><strong>Et</strong></span> <span class='ocrx_word' id='word_1_601' title='bbox 1519 4347 1714 4405; x_wconf 88' lang='lat' dir='ltr'><strong>iterum</strong></span> <span class='ocrx_word' id='word_1_602' title='bbox 1746 4365 1764 4404; x_wconf 88' lang='lat'><strong>:</strong></span> 
     </span>
    </p>
   </div>
   <div class='ocr_carea' id='block_1_72' title="bbox 188 4436 1767 4516">
    <p class='ocr_par' dir='ltr' id='par_1_72' title="bbox 188 4436 1767 4516">
     <span class='ocr_line' id='line_1_72' title="bbox 188 4436 1767 4516; baseline -0.001 -21"><span class='ocrx_word' id='word_1_603' title='bbox 188 4461 208 4495; x_wconf 81' lang='grc' dir='ltr'><strong><em>ι</em></strong></span> <span class='ocrx_word' id='word_1_604' title='bbox 240 4443 498 4500; x_wconf 90' lang='lat' dir='ltr'><strong>Peccator</strong></span> <span class='ocrx_word' id='word_1_605' title='bbox 525 4455 848 4516; x_wconf 83' lang='lat' dir='ltr'><strong>quacunque</strong></span> <span class='ocrx_word' id='word_1_606' title='bbox 886 4440 976 4496; x_wconf 90' lang='lat' dir='ltr'><strong>die</strong></span> <span class='ocrx_word' id='word_1_607' title='bbox 1017 4453 1313 4505; x_wconf 71' lang='lat' dir='ltr'><strong>conversus</strong></span> <span class='ocrx_word' id='word_1_608' title='bbox 1341 4436 1504 4494; x_wconf 79' lang='lat' dir='ltr'><strong>fuerit</strong></span> <span class='ocrx_word' id='word_1_609' title='bbox 1532 4447 1587 4494; x_wconf 92' lang='lat' dir='ltr'><strong>et</strong></span> <span class='ocrx_word' id='word_1_610' title='bbox 1614 4438 1767 4510; x_wconf 67' lang='lat' dir='ltr'><strong>inge-</strong></span> 
     </span>
    </p>
   </div>
   <div class='ocr_carea' id='block_1_73' title="bbox 178 4528 1767 4601">
    <p class='ocr_par' dir='ltr' id='par_1_73' title="bbox 178 4528 1767 4601">
     <span class='ocr_line' id='line_1_73' title="bbox 178 4528 1767 4601; baseline -0.002 -11"><span class='ocrx_word' id='word_1_611' title='bbox 178 4535 403 4600; x_wconf 88' lang='lat' dir='ltr'><strong>muerit,</strong></span> <span class='ocrx_word' id='word_1_612' title='bbox 433 4535 617 4591; x_wconf 63' lang='lat' dir='ltr'><strong>salva</strong></span> <span class='ocrx_word' id='word_1_613' title='bbox 643 4534 769 4590; x_wconf 87' lang='lat' dir='ltr'><strong>erit.</strong></span> <span class='ocrx_word' id='word_1_614' title='bbox 802 4552 825 4585; x_wconf 73' lang='grc' dir='ltr'><strong><em>ι</em></strong></span> <span class='ocrx_word' id='word_1_615' title='bbox 880 4530 986 4588; x_wconf 90' lang='lat' dir='ltr'><strong>Sed</strong></span> <span class='ocrx_word' id='word_1_616' title='bbox 1032 4530 1156 4601; x_wconf 90' lang='lat' dir='ltr'><strong>quia</strong></span> <span class='ocrx_word' id='word_1_617' title='bbox 1197 4528 1335 4585; x_wconf 89' lang='lat' dir='ltr'><strong>solet</strong></span> <span class='ocrx_word' id='word_1_618' title='bbox 1373 4529 1630 4599; x_wconf 90' lang='lat' dir='ltr'><strong>antiquus</strong></span> <span class='ocrx_word' id='word_1_619' title='bbox 1671 4528 1767 4587; x_wconf 84' lang='lat' dir='ltr'><strong>ho-</strong></span> 
     </span>
    </p>
   </div>
   <div class='ocr_carea' id='block_1_74' title="bbox 179 4616 1789 4702">
    <p class='ocr_par' dir='ltr' id='par_1_74' title="bbox 179 4616 1789 4702">
     <span class='ocr_line' id='line_1_74' title="bbox 179 4616 1789 4702; baseline -0.003 -15"><span class='ocrx_word' id='word_1_620' title='bbox 179 4633 285 4687; x_wconf 85' lang='lat' dir='ltr'><strong>stis</strong></span> <span class='ocrx_word' id='word_1_621' title='bbox 312 4632 365 4686; x_wconf 88' lang='lat' dir='ltr'><strong>in</strong></span> <span class='ocrx_word' id='word_1_622' title='bbox 396 4633 498 4688; x_wconf 88' lang='lat' dir='ltr'><strong>hac</strong></span> <span class='ocrx_word' id='word_1_623' title='bbox 537 4640 692 4702; x_wconf 77' lang='lat' dir='ltr'><strong>parte</strong></span> <span class='ocrx_word' id='word_1_624' title='bbox 740 4628 949 4701; x_wconf 80' lang='lat' dir='ltr'><strong>tepidos</strong></span> <span class='ocrx_word' id='word_1_625' title='bbox 1000 4627 1247 4697; x_wconf 84' lang='lat' dir='ltr'><strong>decipere</strong></span> <span class='ocrx_word' id='word_1_626' title='bbox 1294 4625 1655 4693; x_wconf 88' lang='lat' dir='ltr'><strong>Christianos,</strong></span> <span class='ocrx_word' id='word_1_627' title='bbox 1706 4616 1789 4682; x_wconf 59' lang='lat' dir='ltr'><strong>ut‘</strong></span> 
     </span>
    </p>
   </div>
   <div class='ocr_carea' id='block_1_75' title="bbox 178 4718 1767 4792">
    <p class='ocr_par' dir='ltr' id='par_1_75' title="bbox 178 4718 1767 4792">
     <span class='ocr_line' id='line_1_75' title="bbox 178 4718 1767 4792; baseline 0 -17"><span class='ocrx_word' id='word_1_628' title='bbox 178 4720 380 4792; x_wconf 81' lang='lat' dir='ltr'><strong>quibus</strong></span> <span class='ocrx_word' id='word_1_629' title='bbox 430 4722 623 4779; x_wconf 85' lang='lat' dir='ltr'><strong>suadet</strong></span> <span class='ocrx_word' id='word_1_630' title='bbox 675 4720 886 4792; x_wconf 84' lang='lat' dir='ltr'><strong>culpam</strong></span> <span class='ocrx_word' id='word_1_631' title='bbox 916 4759 933 4786; x_wconf 88' lang='lat'><strong>,</strong></span> <span class='ocrx_word' id='word_1_632' title='bbox 981 4718 1195 4790; x_wconf 88' lang='lat' dir='ltr'><strong>longam</strong></span> <span class='ocrx_word' id='word_1_633' title='bbox 1247 4718 1529 4788; x_wconf 86' lang='lat' dir='ltr'><strong>promittat</strong></span> <span class='ocrx_word' id='word_1_634' title='bbox 1575 4718 1767 4786; x_wconf 88' lang='lat' dir='ltr'><strong>vitam,</strong></span> 
     </span>
    </p>
   </div>
   <div class='ocr_carea' id='block_1_76' title="bbox 174 4809 1767 4871">
    <p class='ocr_par' dir='ltr' id='par_1_76' title="bbox 174 4809 1767 4871">
     <span class='ocr_line' id='line_1_76' title="bbox 174 4809 1767 4871; baseline -0.002 -2"><span class='ocrx_word' id='word_1_635' title='bbox 174 4813 366 4869; x_wconf 71' lang='lat' dir='ltr'><strong>adhuc</strong></span> <span class='ocrx_word' id='word_1_636' title='bbox 416 4813 674 4869; x_wconf 80' lang='lat' dir='ltr'><strong>Dominus</strong></span> <span class='ocrx_word' id='word_1_637' title='bbox 724 4811 1062 4868; x_wconf 88' lang='lat' dir='ltr'><strong>admonendo</strong></span> <span class='ocrx_word' id='word_1_638' title='bbox 1108 4809 1522 4867; x_wconf 87' lang='lat' dir='ltr'><strong>similitudinem</strong></span> <span class='ocrx_word' id='word_1_639' title='bbox 1576 4809 1767 4871; x_wconf 77' lang='lat' dir='ltr'><strong>incerti</strong></span> 
     </span>
    </p>
   </div>
   <div class='ocr_carea' id='block_1_77' title="bbox 178 4904 834 4973">
    <p class='ocr_par' dir='ltr' id='par_1_77' title="bbox 178 4904 834 4973">
     <span class='ocr_line' id='line_1_77' title="bbox 178 4904 834 4973; baseline -0.003 -12"><span class='ocrx_word' id='word_1_640' title='bbox 178 4904 314 4961; x_wconf 77' lang='lat' dir='ltr'><strong>’llnis</strong></span> <span class='ocrx_word' id='word_1_641' title='bbox 348 4905 552 4973; x_wconf 87' lang='lat' dir='ltr'><strong>subdit,</strong></span> <span class='ocrx_word' id='word_1_642' title='bbox 601 4904 790 4962; x_wconf 89' lang='lat' dir='ltr'><strong>dicens</strong></span> <span class='ocrx_word' id='word_1_643' title='bbox 818 4922 834 4959; x_wconf 87' lang='lat'><strong>:</strong></span> 
     </span>
    </p>
   </div>
   <div class='ocr_carea' id='block_1_78' title="bbox 266 4992 1769 5066">
    <p class='ocr_par' dir='ltr' id='par_1_78' title="bbox 266 4992 1769 5066">
     <span class='ocr_line' id='line_1_78' title="bbox 266 4992 1769 5066; baseline 0.001 -18"><span class='ocrx_word' id='word_1_644' title='bbox 266 5015 285 5048; x_wconf 74' lang='grc' dir='ltr'>ι</span> <span class='ocrx_word' id='word_1_645' title='bbox 314 4995 428 5053; x_wconf 82' lang='lat' dir='ltr'><strong>Hoc</strong></span> <span class='ocrx_word' id='word_1_646' title='bbox 449 5004 627 5053; x_wconf 83' lang='lat' dir='ltr'><strong>autem</strong></span> <span class='ocrx_word' id='word_1_647' title='bbox 655 4996 869 5062; x_wconf 85' lang='lat' dir='ltr'><strong>scitote,</strong></span> <span class='ocrx_word' id='word_1_648' title='bbox 908 4994 1164 5066; x_wconf 90' lang='lat' dir='ltr'><strong>quoniam</strong></span> <span class='ocrx_word' id='word_1_649' title='bbox 1191 4993 1238 5050; x_wconf 89' lang='lat' dir='ltr'><strong>si</strong></span> <span class='ocrx_word' id='word_1_650' title='bbox 1271 4992 1436 5049; x_wconf 88' lang='lat' dir='ltr'><strong>sciret</strong></span> <span class='ocrx_word' id='word_1_651' title='bbox 1453 4992 1769 5065; x_wconf 79' lang='lat' dir='ltr'><strong>paterfami-</strong></span> 
     </span>
    </p>
   </div>
   <div class='ocr_carea' id='block_1_79' title="bbox 191 5086 1764 5167">
    <p class='ocr_par' dir='ltr' id='par_1_79' title="bbox 191 5086 1764 5167">
     <span class='ocr_line' id='line_1_79' title="bbox 191 5086 1764 5167; baseline 0.001 -25"><span class='ocrx_word' id='word_1_652' title='bbox 191 5107 213 5142; x_wconf 71' lang='grc' dir='ltr'>ι</span> <span class='ocrx_word' id='word_1_653' title='bbox 243 5088 344 5145; x_wconf 89' lang='lat' dir='ltr'><strong>lias</strong></span> <span class='ocrx_word' id='word_1_654' title='bbox 376 5103 483 5159; x_wconf 91' lang='lat' dir='ltr'><strong>qua</strong></span> <span class='ocrx_word' id='word_1_655' title='bbox 512 5090 644 5145; x_wconf 91' lang='lat' dir='ltr'><strong>hora</strong></span> <span class='ocrx_word' id='word_1_656' title='bbox 674 5088 763 5144; x_wconf 88' lang='lat' dir='ltr'><strong>l&#39;ur</strong></span> <span class='ocrx_word' id='word_1_657' title='bbox 785 5088 1012 5153; x_wconf 89' lang='lat' dir='ltr'><strong>veniret,</strong></span> <span class='ocrx_word' id='word_1_658' title='bbox 1039 5087 1289 5167; x_wconf 81' lang='lat' dir='ltr'><strong>vigilaret</strong></span> <span class='ocrx_word' id='word_1_659' title='bbox 1329 5086 1514 5156; x_wconf 88' lang='lat' dir='ltr'><strong>utique</strong></span> <span class='ocrx_word' id='word_1_660' title='bbox 1560 5095 1615 5142; x_wconf 91' lang='lat' dir='ltr'><strong>et</strong></span> <span class='ocrx_word' id='word_1_661' title='bbox 1657 5098 1764 5143; x_wconf 84' lang='lat' dir='ltr'><strong>non</strong></span> 
     </span>
    </p>
   </div>
   <div class='ocr_carea' id='block_1_80' title="bbox 192 5175 1768 5250">
    <p class='ocr_par' dir='ltr' id='par_1_80' title="bbox 192 5175 1768 5250">
     <span class='ocr_line' id='line_1_80' title="bbox 192 5175 1768 5250; baseline 0 -17"><span class='ocrx_word' id='word_1_662' title='bbox 192 5198 214 5233; x_wconf 79' lang='grc' dir='ltr'>ι</span> <span class='ocrx_word' id='word_1_663' title='bbox 245 5178 448 5235; x_wconf 87' lang='lat' dir='ltr'><strong>sineret</strong></span> <span class='ocrx_word' id='word_1_664' title='bbox 490 5177 699 5250; x_wconf 55' lang='lat' dir='ltr'><strong>periodi</strong></span> <span class='ocrx_word' id='word_1_665' title='bbox 728 5178 944 5234; x_wconf 89' lang='lat' dir='ltr'><strong>domum</strong></span> <span class='ocrx_word' id='word_1_666' title='bbox 980 5193 1155 5233; x_wconf 90' lang='lat' dir='ltr'><strong>suam.</strong></span> <span class='ocrx_word' id='word_1_667' title='bbox 1188 5197 1207 5230; x_wconf 73' lang='grc' dir='ltr'><strong><em>ι</em></strong></span> <span class='ocrx_word' id='word_1_668' title='bbox 1248 5175 1407 5232; x_wconf 80' lang='lat' dir='ltr'><strong>Juxta</strong></span> <span class='ocrx_word' id='word_1_669' title='bbox 1430 5176 1663 5232; x_wconf 85' lang='lat' dir='ltr'><strong>litteram</strong></span> <span class='ocrx_word' id='word_1_670' title='bbox 1688 5178 1768 5245; x_wconf 80' lang='lat' dir='ltr'><strong>ita</strong></span> 
     </span>
    </p>
   </div>
   <div class='ocr_carea' id='block_1_81' title="bbox 188 5268 1769 5340">
    <p class='ocr_par' dir='ltr' id='par_1_81' title="bbox 188 5268 1769 5340">
     <span class='ocr_line' id='line_1_81' title="bbox 188 5268 1769 5340; baseline -0.001 -14"><span class='ocrx_word' id='word_1_671' title='bbox 188 5278 296 5336; x_wconf 89' lang='lat' dir='ltr'><strong>est,</strong></span> <span class='ocrx_word' id='word_1_672' title='bbox 340 5270 467 5340; x_wconf 88' lang='lat' dir='ltr'><strong>quia</strong></span> <span class='ocrx_word' id='word_1_673' title='bbox 515 5268 903 5340; x_wconf 78' lang='lat' dir='ltr'><strong>paterfamilias</strong></span> <span class='ocrx_word' id='word_1_674' title='bbox 946 5269 1256 5325; x_wconf 89' lang='lat' dir='ltr'><strong>thesaurum</strong></span> <span class='ocrx_word' id='word_1_675' title='bbox 1307 5269 1641 5325; x_wconf 81' lang='lat' dir='ltr'><strong>reconditum</strong></span> <span class='ocrx_word' id='word_1_676' title='bbox 1673 5270 1769 5325; x_wconf 85' lang='lat' dir='ltr'><strong>ha-</strong></span> 
     </span>
    </p>
   </div>
   <div class='ocr_carea' id='block_1_82' title="bbox 190 5362 1766 5433">
    <p class='ocr_par' dir='ltr' id='par_1_82' title="bbox 190 5362 1766 5433">
     <span class='ocr_line' id='line_1_82' title="bbox 190 5362 1766 5433; baseline -0.003 -11"><span class='ocrx_word' id='word_1_677' title='bbox 190 5366 328 5422; x_wconf 90' lang='lat' dir='ltr'><strong>bens</strong></span> <span class='ocrx_word' id='word_1_678' title='bbox 356 5365 411 5420; x_wconf 86' lang='lat' dir='ltr'><strong>in</strong></span> <span class='ocrx_word' id='word_1_679' title='bbox 439 5364 621 5431; x_wconf 91' lang='lat' dir='ltr'><strong>domo,</strong></span> <span class='ocrx_word' id='word_1_680' title='bbox 659 5365 704 5419; x_wconf 92' lang='lat' dir='ltr'><strong>si</strong></span> <span class='ocrx_word' id='word_1_681' title='bbox 739 5363 874 5418; x_wconf 79' lang='lat' dir='ltr'><strong>furis</strong></span> <span class='ocrx_word' id='word_1_682' title='bbox 896 5363 1184 5419; x_wconf 87' lang='lat' dir='ltr'><strong>adventum</strong></span> <span class='ocrx_word' id='word_1_683' title='bbox 1207 5364 1390 5429; x_wconf 89' lang='lat' dir='ltr'><strong>sciret,</strong></span> <span class='ocrx_word' id='word_1_684' title='bbox 1426 5362 1637 5433; x_wconf 91' lang='lat' dir='ltr'><strong>vigilias</strong></span> <span class='ocrx_word' id='word_1_685' title='bbox 1681 5362 1766 5417; x_wconf 85' lang='lat' dir='ltr'><strong>ln-</strong></span> 
     </span>
    </p>
   </div>
   <div class='ocr_carea' id='block_1_83' title="bbox 190 5452 1768 5522">
    <p class='ocr_par' dir='ltr' id='par_1_83' title="bbox 190 5452 1768 5522">
     <span class='ocr_line' id='line_1_83' title="bbox 190 5452 1768 5522; baseline -0.003 -8"><span class='ocrx_word' id='word_1_686' title='bbox 190 5464 444 5522; x_wconf 88' lang='lat' dir='ltr'><strong>strueret,</strong></span> <span class='ocrx_word' id='word_1_687' title='bbox 479 5456 750 5513; x_wconf 87' lang='lat' dir='ltr'><strong>custodias</strong></span> <span class='ocrx_word' id='word_1_688' title='bbox 773 5454 1082 5519; x_wconf 85' lang='lat' dir='ltr'><strong>adhiberet,</strong></span> <span class='ocrx_word' id='word_1_689' title='bbox 1115 5453 1411 5510; x_wconf 81' lang='lat' dir='ltr'><strong>inﬂrmiora</strong></span> <span class='ocrx_word' id='word_1_690' title='bbox 1443 5452 1559 5509; x_wconf 91' lang='lat' dir='ltr'><strong>loca</strong></span> <span class='ocrx_word' id='word_1_691' title='bbox 1587 5453 1768 5509; x_wconf 89' lang='lat' dir='ltr'><strong>muni-</strong></span> 
     </span>
    </p>
   </div>
   <div class='ocr_carea' id='block_1_84' title="bbox 194 5543 1768 5616">
    <p class='ocr_par' dir='ltr' id='par_1_84' title="bbox 194 5543 1768 5616">
     <span class='ocr_line' id='line_1_84' title="bbox 194 5543 1768 5616; baseline -0.002 -12"><span class='ocrx_word' id='word_1_692' title='bbox 194 5557 300 5614; x_wconf 87' lang='lat' dir='ltr'><strong>ret,</strong></span> <span class='ocrx_word' id='word_1_693' title='bbox 326 5556 382 5603; x_wconf 91' lang='lat' dir='ltr'><strong>et</strong></span> <span class='ocrx_word' id='word_1_694' title='bbox 408 5562 477 5603; x_wconf 89' lang='lat' dir='ltr'><strong>ne</strong></span> <span class='ocrx_word' id='word_1_695' title='bbox 509 5561 607 5604; x_wconf 88' lang='lat' dir='ltr'><strong>sua</strong></span> <span class='ocrx_word' id='word_1_696' title='bbox 632 5547 824 5602; x_wconf 89' lang='lat' dir='ltr'><strong>domus</strong></span> <span class='ocrx_word' id='word_1_697' title='bbox 871 5544 1047 5615; x_wconf 90' lang='lat' dir='ltr'><strong>aliqua</strong></span> <span class='ocrx_word' id='word_1_698' title='bbox 1082 5543 1270 5601; x_wconf 84' lang='lat' dir='ltr'><strong>fraude</strong></span> <span class='ocrx_word' id='word_1_699' title='bbox 1313 5543 1521 5616; x_wconf 76' lang='lat' dir='ltr'><strong>perfodi</strong></span> <span class='ocrx_word' id='word_1_700' title='bbox 1563 5554 1768 5615; x_wconf 89' lang='lat' dir='ltr'><strong>posset,</strong></span> 
     </span>
    </p>
   </div>
   <div class='ocr_carea' id='block_1_85' title="bbox 184 5636 1770 5711">
    <p class='ocr_par' dir='ltr' id='par_1_85' title="bbox 184 5636 1770 5711">
     <span class='ocr_line' id='line_1_85' title="bbox 184 5636 1770 5711; baseline -0.001 -15"><span class='ocrx_word' id='word_1_701' title='bbox 184 5639 457 5696; x_wconf 79' lang='lat' dir='ltr'><strong>sollicitus</strong></span> <span class='ocrx_word' id='word_1_702' title='bbox 499 5647 851 5711; x_wconf 70' lang='lat' dir='ltr'><strong>pratcaveret.</strong></span> <span class='ocrx_word' id='word_1_703' title='bbox 896 5636 1260 5707; x_wconf 85' lang='lat' dir='ltr'><strong>Spiritualiter</strong></span> <span class='ocrx_word' id='word_1_704' title='bbox 1304 5645 1484 5692; x_wconf 87' lang='lat' dir='ltr'><strong>autem</strong></span> <span class='ocrx_word' id='word_1_705' title='bbox 1536 5636 1770 5708; x_wconf 81' lang='lat' dir='ltr'><strong>paterfa-</strong></span> 
     </span>
    </p>
   </div>
   <div class='ocr_carea' id='block_1_86' title="bbox 196 5727 1772 5799">
    <p class='ocr_par' dir='ltr' id='par_1_86' title="bbox 196 5727 1772 5799">
     <span class='ocr_line' id='line_1_86' title="bbox 196 5727 1772 5799; baseline 0.001 -13"><span class='ocrx_word' id='word_1_706' title='bbox 196 5731 373 5787; x_wconf 89' lang='lat' dir='ltr'><strong>milias</strong></span> <span class='ocrx_word' id='word_1_707' title='bbox 398 5731 519 5797; x_wconf 85' lang='lat' dir='ltr'><strong>iste,</strong></span> <span class='ocrx_word' id='word_1_708' title='bbox 545 5738 729 5786; x_wconf 87' lang='lat' dir='ltr'><strong>noster</strong></span> <span class='ocrx_word' id='word_1_709' title='bbox 751 5736 836 5785; x_wconf 91' lang='lat' dir='ltr'><strong>est</strong></span> <span class='ocrx_word' id='word_1_710' title='bbox 853 5728 1088 5795; x_wconf 90' lang='lat' dir='ltr'><strong>animus,</strong></span> <span class='ocrx_word' id='word_1_711' title='bbox 1111 5728 1202 5799; x_wconf 88' lang='lat' dir='ltr'><strong>qui</strong></span> <span class='ocrx_word' id='word_1_712' title='bbox 1231 5735 1358 5783; x_wconf 90' lang='lat' dir='ltr'><strong>tunc</strong></span> <span class='ocrx_word' id='word_1_713' title='bbox 1381 5727 1521 5782; x_wconf 90' lang='lat' dir='ltr'><strong>male</strong></span> <span class='ocrx_word' id='word_1_714' title='bbox 1547 5744 1772 5789; x_wconf 86' lang='lat' dir='ltr'><strong>securus</strong></span> 
     </span>
    </p>
   </div>
   <div class='ocr_carea' id='block_1_87' title="bbox 182 5819 1771 5900">
    <p class='ocr_par' dir='ltr' id='par_1_87' title="bbox 182 5819 1771 5900">
     <span class='ocr_line' id='line_1_87' title="bbox 182 5819 1771 5900; baseline 0.001 -17"><span class='ocrx_word' id='word_1_715' title='bbox 182 5822 418 5895; x_wconf 61' lang='lat' dir='ltr'><strong>dormit,</strong></span> <span class='ocrx_word' id='word_1_716' title='bbox 462 5822 682 5900; x_wconf 73' lang='lat' dir='ltr'><strong>quando</strong></span> <span class='ocrx_word' id='word_1_717' title='bbox 723 5820 869 5883; x_wconf 78' lang='lat' dir='ltr'><strong>diem</strong></span> <span class='ocrx_word' id='word_1_718' title='bbox 913 5822 1106 5879; x_wconf 84' lang='lat' dir='ltr'><strong>mortis</strong></span> <span class='ocrx_word' id='word_1_719' title='bbox 1151 5819 1498 5891; x_wconf 74' lang='lat' dir='ltr'><strong>obliviscaris,</strong></span> <span class='ocrx_word' id='word_1_720' title='bbox 1538 5837 1580 5878; x_wconf 86' lang='lat' dir='ltr'><strong>.a</strong></span> <span class='ocrx_word' id='word_1_721' title='bbox 1628 5824 1771 5884; x_wconf 82' lang='lat' dir='ltr'><strong>bono</strong></span> 
     </span>
    </p>
   </div>
   <div class='ocr_carea' id='block_1_88' title="bbox 1848 3340 3460 3412">
    <p class='ocr_par' dir='ltr' id='par_1_88' title="bbox 1848 3340 3460 3412">
     <span class='ocr_line' id='line_1_88' title="bbox 1848 3340 3460 3412; baseline 0.001 -14"><span class='ocrx_word' id='word_1_722' title='bbox 1848 3341 2239 3412; x_wconf 67' lang='lat' dir='ltr'><strong>querentibus</strong></span> <span class='ocrx_word' id='word_1_723' title='bbox 2266 3343 2541 3412; x_wconf 88' lang='lat' dir='ltr'><strong>discipulis</strong></span> <span class='ocrx_word' id='word_1_724' title='bbox 2563 3342 2642 3398; x_wconf 89' lang='lat' dir='ltr'><strong>ait</strong></span> <span class='ocrx_word' id='word_1_725' title='bbox 2670 3360 2684 3396; x_wconf 90' lang='lat'><strong>:</strong></span> <span class='ocrx_word' id='word_1_726' title='bbox 2721 3362 2740 3394; x_wconf 81' lang='grc' dir='ltr'>ι</span> <span class='ocrx_word' id='word_1_727' title='bbox 2770 3340 2885 3397; x_wconf 77' lang='lat' dir='ltr'><strong>Non</strong></span> <span class='ocrx_word' id='word_1_728' title='bbox 2915 3351 3000 3398; x_wconf 90' lang='lat' dir='ltr'><strong>est</strong></span> <span class='ocrx_word' id='word_1_729' title='bbox 3023 3352 3266 3398; x_wconf 87' lang='lat' dir='ltr'><strong>vestrum</strong></span> <span class='ocrx_word' id='word_1_730' title='bbox 3296 3357 3460 3399; x_wconf 87' lang='lat' dir='ltr'><strong>nosse</strong></span> 
     </span>
    </p>
   </div>
   <div class='ocr_carea' id='block_1_89' title="bbox 1872 3431 3457 3502">
    <p class='ocr_par' dir='ltr' id='par_1_89' title="bbox 1872 3431 3457 3502">
     <span class='ocr_line' id='line_1_89' title="bbox 1872 3431 3457 3502; baseline 0.001 -15"><span class='ocrx_word' id='word_1_731' title='bbox 1872 3439 2115 3502; x_wconf 87' lang='lat' dir='ltr'><strong>tempora</strong></span> <span class='ocrx_word' id='word_1_732' title='bbox 2165 3432 2254 3488; x_wconf 91' lang='lat' dir='ltr'><strong>vel</strong></span> <span class='ocrx_word' id='word_1_733' title='bbox 2308 3439 2582 3489; x_wconf 88' lang='lat' dir='ltr'><strong>momenta</strong></span> <span class='ocrx_word' id='word_1_734' title='bbox 2633 3447 2753 3502; x_wconf 64' lang='lat' dir='ltr'><strong>qua:</strong></span> <span class='ocrx_word' id='word_1_735' title='bbox 2805 3431 2967 3488; x_wconf 86' lang='lat' dir='ltr'><strong>Pater</strong></span> <span class='ocrx_word' id='word_1_736' title='bbox 3020 3433 3201 3502; x_wconf 86' lang='lat' dir='ltr'><strong>posuit</strong></span> <span class='ocrx_word' id='word_1_737' title='bbox 3250 3433 3307 3487; x_wconf 91' lang='lat' dir='ltr'><strong>in</strong></span> <span class='ocrx_word' id='word_1_738' title='bbox 3356 3446 3457 3488; x_wconf 83' lang='lat' dir='ltr'><strong>sua</strong></span> 
     </span>
    </p>
   </div>
   <div class='ocr_carea' id='block_1_90' title="bbox 1869 3523 3453 3595">
    <p class='ocr_par' dir='ltr' id='par_1_90' title="bbox 1869 3523 3453 3595">
     <span class='ocr_line' id='line_1_90' title="bbox 1869 3523 3453 3595; baseline 0.001 -17"><span class='ocrx_word' id='word_1_739' title='bbox 1869 3531 2140 3595; x_wconf 84' lang='lat' dir='ltr'><strong>potestate</strong></span> <span class='ocrx_word' id='word_1_740' title='bbox 2180 3524 2319 3595; x_wconf 77' lang='lat' dir='ltr'><strong>(Act.</strong></span> <span class='ocrx_word' id='word_1_741' title='bbox 2360 3524 2422 3595; x_wconf 87' lang='grc' dir='ltr'><strong>ι).</strong></span> <span class='ocrx_word' id='word_1_742' title='bbox 2462 3545 2483 3577; x_wconf 76' lang='grc' dir='ltr'><strong><em>ι</em></strong></span> <span class='ocrx_word' id='word_1_743' title='bbox 2527 3523 2667 3580; x_wconf 82' lang='lat' dir='ltr'><strong>Hinc</strong></span> <span class='ocrx_word' id='word_1_744' title='bbox 2712 3523 2905 3580; x_wconf 86' lang='lat' dir='ltr'><strong>Petrus</strong></span> <span class='ocrx_word' id='word_1_745' title='bbox 2953 3523 3228 3594; x_wconf 86' lang='lat' dir='ltr'><strong>apostolus</strong></span> <span class='ocrx_word' id='word_1_746' title='bbox 3270 3524 3403 3580; x_wconf 88' lang='lat' dir='ltr'><strong>dicit</strong></span> <span class='ocrx_word' id='word_1_747' title='bbox 3430 3541 3453 3579; x_wconf 73' lang='grc' dir='ltr'>ς</span> 
     </span>
    </p>
   </div>
   <div class='ocr_carea' id='block_1_91' title="bbox 1875 3608 3455 3685">
    <p class='ocr_par' dir='ltr' id='par_1_91' title="bbox 1875 3608 3455 3685">
     <span class='ocr_line' id='line_1_91' title="bbox 1875 3608 3455 3685; baseline -0.001 -17"><span class='ocrx_word' id='word_1_748' title='bbox 1875 3634 1895 3667; x_wconf 76' lang='lat' dir='ltr'><strong>r</strong></span> <span class='ocrx_word' id='word_1_749' title='bbox 1923 3615 2049 3670; x_wconf 87' lang='lat' dir='ltr'><strong>Dies</strong></span> <span class='ocrx_word' id='word_1_750' title='bbox 2069 3615 2280 3670; x_wconf 89' lang='lat' dir='ltr'><strong>Domini</strong></span> <span class='ocrx_word' id='word_1_751' title='bbox 2312 3608 2453 3670; x_wconf 69' lang='lat' dir='ltr'><strong>sicu&#39;t</strong></span> <span class='ocrx_word' id='word_1_752' title='bbox 2471 3615 2560 3669; x_wconf 74' lang='lat' dir='ltr'><strong>fur</strong></span> <span class='ocrx_word' id='word_1_753' title='bbox 2585 3616 2639 3671; x_wconf 92' lang='lat' dir='ltr'><strong>in</strong></span> <span class='ocrx_word' id='word_1_754' title='bbox 2664 3624 2848 3680; x_wconf 86' lang='lat' dir='ltr'><strong>nocte,</strong></span> <span class='ocrx_word' id='word_1_755' title='bbox 2878 3615 2950 3669; x_wconf 91' lang='lat' dir='ltr'><strong>ita</strong></span> <span class='ocrx_word' id='word_1_756' title='bbox 2975 3615 3157 3670; x_wconf 89' lang='lat' dir='ltr'><strong>veniet</strong></span> <span class='ocrx_word' id='word_1_757' title='bbox 3190 3613 3273 3685; x_wconf 83' lang='lat' dir='ltr'><strong>(ll</strong></span> <span class='ocrx_word' id='word_1_758' title='bbox 3303 3612 3455 3668; x_wconf 58' lang='lat' dir='ltr'><strong>Pete.</strong></span> 
     </span>
    </p>
   </div>
   <div class='ocr_carea' id='block_1_92' title="bbox 1872 3707 3459 3789">
    <p class='ocr_par' dir='ltr' id='par_1_92' title="bbox 1872 3707 3459 3789">
     <span class='ocr_line' id='line_1_92' title="bbox 1872 3707 3459 3789; baseline -0.002 -26"><span class='ocrx_word' id='word_1_759' title='bbox 1872 3712 1980 3780; x_wconf 83' lang='lat' dir='ltr'><strong>ut).</strong></span> <span class='ocrx_word' id='word_1_760' title='bbox 2011 3727 2032 3763; x_wconf 73' lang='grc' dir='ltr'><strong>ο</strong></span> <span class='ocrx_word' id='word_1_761' title='bbox 2085 3708 2193 3766; x_wconf 88' lang='lat' dir='ltr'><strong>Sed</strong></span> <span class='ocrx_word' id='word_1_762' title='bbox 2228 3710 2374 3780; x_wconf 84' lang='lat' dir='ltr'><strong>quod</strong></span> <span class='ocrx_word' id='word_1_763' title='bbox 2410 3717 2539 3765; x_wconf 90' lang='lat' dir='ltr'><strong>tunc</strong></span> <span class='ocrx_word' id='word_1_764' title='bbox 2562 3709 2892 3781; x_wconf 81' lang='lat' dir='ltr'><strong>generaliter</strong></span> <span class='ocrx_word' id='word_1_765' title='bbox 2910 3707 3150 3765; x_wconf 80' lang='lat' dir='ltr'><strong>futurum</strong></span> <span class='ocrx_word' id='word_1_766' title='bbox 3171 3716 3256 3763; x_wconf 89' lang='lat' dir='ltr'><strong>est</strong></span> <span class='ocrx_word' id='word_1_767' title='bbox 3278 3707 3459 3789; x_wconf 81' lang='lat' dir='ltr'><strong>omni-</strong></span> 
     </span>
    </p>
   </div>
   <div class='ocr_carea' id='block_1_93' title="bbox 1870 3802 3461 3873">
    <p class='ocr_par' dir='ltr' id='par_1_93' title="bbox 1870 3802 3461 3873">
     <span class='ocr_line' id='line_1_93' title="bbox 1870 3802 3461 3873; baseline -0.002 -15"><span class='ocrx_word' id='word_1_768' title='bbox 1870 3802 1973 3858; x_wconf 88' lang='lat' dir='ltr'><strong>bus</strong></span> <span class='ocrx_word' id='word_1_769' title='bbox 1996 3802 2052 3857; x_wconf 93' lang='lat' dir='ltr'><strong>in</strong></span> <span class='ocrx_word' id='word_1_770' title='bbox 2090 3802 2489 3858; x_wconf 82' lang='lat' dir='ltr'><strong>resurrectione</strong></span> <span class='ocrx_word' id='word_1_771' title='bbox 2526 3802 2825 3858; x_wconf 88' lang='lat' dir='ltr'><strong>animarum</strong></span> <span class='ocrx_word' id='word_1_772' title='bbox 2852 3810 2910 3857; x_wconf 86' lang='lat' dir='ltr'><strong>et</strong></span> <span class='ocrx_word' id='word_1_773' title='bbox 2939 3817 3249 3873; x_wconf 88' lang='lat' dir='ltr'><strong>corporum,</strong></span> <span class='ocrx_word' id='word_1_774' title='bbox 3280 3802 3461 3872; x_wconf 88' lang='lat' dir='ltr'><strong>quotl-</strong></span> 
     </span>
    </p>
   </div>
   <div class='ocr_carea' id='block_1_94' title="bbox 1871 3894 3456 3965">
    <p class='ocr_par' dir='ltr' id='par_1_94' title="bbox 1871 3894 3456 3965">
     <span class='ocr_line' id='line_1_94' title="bbox 1871 3894 3456 3965; baseline -0.001 -15"><span class='ocrx_word' id='word_1_775' title='bbox 1871 3894 1960 3950; x_wconf 91' lang='lat' dir='ltr'><strong>die</strong></span> <span class='ocrx_word' id='word_1_776' title='bbox 1979 3894 2043 3950; x_wconf 78' lang='lat' dir='ltr'><strong>fit</strong></span> <span class='ocrx_word' id='word_1_777' title='bbox 2062 3894 2291 3965; x_wconf 87' lang='lat' dir='ltr'><strong>singulis</strong></span> <span class='ocrx_word' id='word_1_778' title='bbox 2317 3894 2370 3949; x_wconf 90' lang='lat' dir='ltr'><strong>in</strong></span> <span class='ocrx_word' id='word_1_779' title='bbox 2394 3894 2695 3950; x_wconf 87' lang='lat' dir='ltr'><strong>animabus.</strong></span> <span class='ocrx_word' id='word_1_780' title='bbox 2729 3894 2866 3949; x_wconf 89' lang='lat' dir='ltr'><strong>Dum</strong></span> <span class='ocrx_word' id='word_1_781' title='bbox 2889 3894 3035 3949; x_wconf 92' lang='lat' dir='ltr'><strong>enim</strong></span> <span class='ocrx_word' id='word_1_782' title='bbox 3051 3908 3158 3949; x_wconf 91' lang='lat' dir='ltr'><strong>non</strong></span> <span class='ocrx_word' id='word_1_783' title='bbox 3181 3903 3456 3965; x_wconf 86' lang='lat' dir='ltr'><strong>putamus,</strong></span> 
     </span>
    </p>
   </div>
   <div class='ocr_carea' id='block_1_95' title="bbox 1868 3982 3457 4055">
    <p class='ocr_par' dir='ltr' id='par_1_95' title="bbox 1868 3982 3457 4055">
     <span class='ocr_line' id='line_1_95' title="bbox 1868 3982 3457 4055; baseline -0.002 -15"><span class='ocrx_word' id='word_1_784' title='bbox 1868 3983 2039 4041; x_wconf 83' lang='lat' dir='ltr'><strong>Filius</strong></span> <span class='ocrx_word' id='word_1_785' title='bbox 2064 3984 2299 4040; x_wconf 89' lang='lat' dir='ltr'><strong>hominis</strong></span> <span class='ocrx_word' id='word_1_786' title='bbox 2322 3985 2491 4050; x_wconf 87' lang='lat' dir='ltr'><strong>venit,</strong></span> <span class='ocrx_word' id='word_1_787' title='bbox 2513 3984 2731 4054; x_wconf 86' lang='lat' dir='ltr'><strong>quando</strong></span> <span class='ocrx_word' id='word_1_788' title='bbox 2761 3984 2942 4039; x_wconf 87' lang='lat' dir='ltr'><strong>subita</strong></span> <span class='ocrx_word' id='word_1_789' title='bbox 2970 3992 3144 4039; x_wconf 92' lang='lat' dir='ltr'><strong>morte</strong></span> <span class='ocrx_word' id='word_1_790' title='bbox 3170 3982 3457 4055; x_wconf 66' lang='lat' dir='ltr'><strong>prmventi,</strong></span> 
     </span>
    </p>
   </div>
   <div class='ocr_carea' id='block_1_96' title="bbox 1870 4075 3458 4148">
    <p class='ocr_par' dir='ltr' id='par_1_96' title="bbox 1870 4075 3458 4148">
     <span class='ocr_line' id='line_1_96' title="bbox 1870 4075 3458 4148; baseline 0 -17"><span class='ocrx_word' id='word_1_791' title='bbox 1870 4076 2047 4147; x_wconf 89' lang='lat' dir='ltr'><strong>ipsum</strong></span> <span class='ocrx_word' id='word_1_792' title='bbox 2065 4076 2332 4134; x_wconf 79' lang='lat' dir='ltr'><strong>habemus</strong></span> <span class='ocrx_word' id='word_1_793' title='bbox 2353 4078 2642 4142; x_wconf 84' lang='lat' dir='ltr'><strong>terminum</strong></span> <span class='ocrx_word' id='word_1_794' title='bbox 2666 4077 2941 4148; x_wconf 87' lang='lat' dir='ltr'><strong>peccandi,</strong></span> <span class='ocrx_word' id='word_1_795' title='bbox 2967 4092 3128 4147; x_wconf 90' lang='lat' dir='ltr'><strong>quem</strong></span> <span class='ocrx_word' id='word_1_796' title='bbox 3144 4084 3201 4133; x_wconf 88' lang='lat' dir='ltr'><strong>et</strong></span> <span class='ocrx_word' id='word_1_797' title='bbox 3218 4075 3458 4131; x_wconf 82' lang='lat' dir='ltr'><strong>vivendi.</strong></span> 
     </span>
    </p>
   </div>
   <div class='ocr_carea' id='block_1_97' title="bbox 1871 4167 3458 4235">
    <p class='ocr_par' dir='ltr' id='par_1_97' title="bbox 1871 4167 3458 4235">
     <span class='ocr_line' id='line_1_97' title="bbox 1871 4167 3458 4235; baseline -0.002 -12"><span class='ocrx_word' id='word_1_798' title='bbox 1871 4167 1941 4223; x_wconf 85' lang='lat' dir='ltr'><strong>Et</strong></span> <span class='ocrx_word' id='word_1_799' title='bbox 1969 4168 2097 4225; x_wconf 86' lang='lat' dir='ltr'><strong>dum</strong></span> <span class='ocrx_word' id='word_1_800' title='bbox 2126 4168 2267 4225; x_wconf 89' lang='lat' dir='ltr'><strong>mala</strong></span> <span class='ocrx_word' id='word_1_801' title='bbox 2297 4183 2403 4225; x_wconf 90' lang='lat' dir='ltr'><strong>non</strong></span> <span class='ocrx_word' id='word_1_802' title='bbox 2428 4168 2745 4234; x_wconf 82' lang='lat' dir='ltr'><strong>deserimus,</strong></span> <span class='ocrx_word' id='word_1_803' title='bbox 2776 4169 2870 4224; x_wconf 90' lang='lat' dir='ltr'><strong>sed</strong></span> <span class='ocrx_word' id='word_1_804' title='bbox 2892 4183 2923 4223; x_wconf 92' lang='lat' dir='ltr'><strong>a</strong></span> <span class='ocrx_word' id='word_1_805' title='bbox 2951 4167 3107 4225; x_wconf 89' lang='lat' dir='ltr'><strong>malis</strong></span> <span class='ocrx_word' id='word_1_806' title='bbox 3133 4168 3458 4235; x_wconf 87' lang='lat' dir='ltr'><strong>deserimur,</strong></span> 
     </span>
    </p>
   </div>
   <div class='ocr_carea' id='block_1_98' title="bbox 1870 4254 3462 4333">
    <p class='ocr_par' dir='ltr' id='par_1_98' title="bbox 1870 4254 3462 4333">
     <span class='ocr_line' id='line_1_98' title="bbox 1870 4254 3462 4333; baseline -0.002 -17"><span class='ocrx_word' id='word_1_807' title='bbox 1870 4274 2048 4316; x_wconf 87' lang='lat' dir='ltr'><strong>seram</strong></span> <span class='ocrx_word' id='word_1_808' title='bbox 2082 4260 2300 4333; x_wconf 82' lang='lat' dir='ltr'><strong>agimus</strong></span> <span class='ocrx_word' id='word_1_809' title='bbox 2346 4259 2746 4332; x_wconf 58' lang='lat' dir='ltr'><strong>paenitentiam,</strong></span> <span class='ocrx_word' id='word_1_810' title='bbox 2794 4273 2903 4314; x_wconf 91' lang='lat' dir='ltr'><strong>non</strong></span> <span class='ocrx_word' id='word_1_811' title='bbox 2948 4258 3292 4313; x_wconf 88' lang='lat' dir='ltr'><strong>attendentes</strong></span> <span class='ocrx_word' id='word_1_812' title='bbox 3328 4254 3462 4313; x_wconf 83' lang='lat' dir='ltr'><strong>illud</strong></span> 
     </span>
    </p>
   </div>
   <div class='ocr_carea' id='block_1_99' title="bbox 1870 4349 3458 4431">
    <p class='ocr_par' dir='ltr' id='par_1_99' title="bbox 1870 4349 3458 4431">
     <span class='ocr_line' id='line_1_99' title="bbox 1870 4349 3458 4431; baseline -0.003 -24"><span class='ocrx_word' id='word_1_813' title='bbox 1870 4352 2015 4423; x_wconf 92' lang='lat' dir='ltr'><strong>quod</strong></span> <span class='ocrx_word' id='word_1_814' title='bbox 2041 4352 2303 4431; x_wconf 73' lang='lat' dir='ltr'><strong>scriptum</strong></span> <span class='ocrx_word' id='word_1_815' title='bbox 2330 4360 2417 4409; x_wconf 89' lang='lat' dir='ltr'><strong>est</strong></span> <span class='ocrx_word' id='word_1_816' title='bbox 2442 4369 2456 4407; x_wconf 90' lang='lat'><strong>:</strong></span> <span class='ocrx_word' id='word_1_817' title='bbox 2491 4370 2512 4404; x_wconf 75' lang='grc' dir='ltr'><strong><em>ι</em></strong></span> <span class='ocrx_word' id='word_1_818' title='bbox 2546 4350 2624 4408; x_wconf 84' lang='lat' dir='ltr'><strong>Ne</strong></span> <span class='ocrx_word' id='word_1_819' title='bbox 2651 4351 2834 4407; x_wconf 90' lang='lat' dir='ltr'><strong>tardes</strong></span> <span class='ocrx_word' id='word_1_820' title='bbox 2866 4351 3110 4406; x_wconf 88' lang='lat' dir='ltr'><strong>converti</strong></span> <span class='ocrx_word' id='word_1_821' title='bbox 3154 4350 3224 4405; x_wconf 88' lang='lat' dir='ltr'><strong>ad</strong></span> <span class='ocrx_word' id='word_1_822' title='bbox 3262 4349 3458 4414; x_wconf 82' lang='lat' dir='ltr'><strong>Deum.</strong></span> 
     </span>
    </p>
   </div>
   <div class='ocr_carea' id='block_1_100' title="bbox 1872 4440 3461 4516">
    <p class='ocr_par' dir='ltr' id='par_1_100' title="bbox 1872 4440 3461 4516">
     <span class='ocr_line' id='line_1_100' title="bbox 1872 4440 3461 4516; baseline -0.001 -17"><span class='ocrx_word' id='word_1_823' title='bbox 1872 4458 2050 4516; x_wconf 82' lang='lat' dir='ltr'><strong>neque</strong></span> <span class='ocrx_word' id='word_1_824' title='bbox 2090 4442 2308 4500; x_wconf 77' lang='lat' dir='ltr'><strong>diﬂeras</strong></span> <span class='ocrx_word' id='word_1_825' title='bbox 2347 4445 2413 4500; x_wconf 91' lang='lat' dir='ltr'><strong>de</strong></span> <span class='ocrx_word' id='word_1_826' title='bbox 2454 4444 2543 4500; x_wconf 89' lang='lat' dir='ltr'><strong>die</strong></span> <span class='ocrx_word' id='word_1_827' title='bbox 2578 4444 2632 4498; x_wconf 91' lang='lat' dir='ltr'><strong>in</strong></span> <span class='ocrx_word' id='word_1_828' title='bbox 2667 4444 2843 4509; x_wconf 90' lang='lat' dir='ltr'><strong>diem,</strong></span> <span class='ocrx_word' id='word_1_829' title='bbox 2878 4458 2949 4497; x_wconf 91' lang='lat' dir='ltr'><strong>ne</strong></span> <span class='ocrx_word' id='word_1_830' title='bbox 2971 4443 3150 4498; x_wconf 88' lang='lat' dir='ltr'><strong>subito</strong></span> <span class='ocrx_word' id='word_1_831' title='bbox 3172 4440 3354 4497; x_wconf 90' lang='lat' dir='ltr'><strong>veniat</strong></span> <span class='ocrx_word' id='word_1_832' title='bbox 3376 4440 3461 4497; x_wconf 78' lang='lat' dir='ltr'><strong>ira</strong></span> 
     </span>
    </p>
   </div>
   <div class='ocr_carea' id='block_1_101' title="bbox 1869 4529 3452 4607">
    <p class='ocr_par' dir='ltr' id='par_1_101' title="bbox 1869 4529 3452 4607">
     <span class='ocr_line' id='line_1_101' title="bbox 1869 4529 3452 4607; baseline -0.004 -16"><span class='ocrx_word' id='word_1_833' title='bbox 1869 4533 2008 4607; x_wconf 80' lang='lat' dir='ltr'><strong>ejus,</strong></span> <span class='ocrx_word' id='word_1_834' title='bbox 2032 4542 2088 4590; x_wconf 90' lang='lat' dir='ltr'><strong>et</strong></span> <span class='ocrx_word' id='word_1_835' title='bbox 2113 4534 2169 4590; x_wconf 92' lang='lat' dir='ltr'><strong>in</strong></span> <span class='ocrx_word' id='word_1_836' title='bbox 2199 4542 2444 4607; x_wconf 89' lang='lat' dir='ltr'><strong>tempore</strong></span> <span class='ocrx_word' id='word_1_837' title='bbox 2462 4533 2715 4589; x_wconf 75' lang='lat' dir='ltr'><strong>vindicta:</strong></span> <span class='ocrx_word' id='word_1_838' title='bbox 2730 4531 3013 4604; x_wconf 76' lang='lat' dir='ltr'><strong>&#39;dispeniat</strong></span> <span class='ocrx_word' id='word_1_839' title='bbox 3037 4529 3301 4602; x_wconf 81' lang='lat' dir='ltr'><strong>te(Eccli.</strong></span> <span class='ocrx_word' id='word_1_840' title='bbox 3329 4529 3406 4602; x_wconf 91' lang='lat' dir='ltr'><strong>v).</strong></span> <span class='ocrx_word' id='word_1_841' title='bbox 3424 4547 3452 4583; x_wconf 68' lang='grc' dir='ltr'><strong>ι</strong></span> 
     </span>
    </p>
   </div>
   <div class='ocr_carea' id='block_1_102' title="bbox 2410 4650 3075 4735">
    <p class='ocr_par' dir='ltr' id='par_1_102' title="bbox 2410 4650 3075 4735">
     <span class='ocr_line' id='line_1_102' title="bbox 2410 4650 3075 4735; baseline -0.003 -12"><span class='ocrx_word' id='word_1_842' title='bbox 2410 4664 2754 4724; x_wconf 76' lang='lat' dir='ltr'><strong>HOMILIA</strong></span> <span class='ocrx_word' id='word_1_843' title='bbox 2802 4650 2963 4735; x_wconf 24' lang='lat' dir='ltr'><strong>XL,</strong></span> <span class='ocrx_word' id='word_1_844' title='bbox 3064 4664 3075 4677; x_wconf 71' lang='grc'>⁴</span> 
     </span>
    </p>
   </div>
   <div class='ocr_carea' id='block_1_103' title="bbox 2449 4737 2941 4855">
    <p class='ocr_par' dir='ltr' id='par_1_103' title="bbox 2449 4795 2941 4855">
     <span class='ocr_line' id='line_1_103' title="bbox 2449 4795 2941 4855; baseline -0.006 -17"><span class='ocrx_word' id='word_1_845' title='bbox 2449 4798 2518 4838; x_wconf 73' lang='grc' dir='ltr'><strong>οε</strong></span> <span class='ocrx_word' id='word_1_846' title='bbox 2553 4795 2874 4838; x_wconf 63' lang='grc' dir='ltr'><strong>νιιιθιιηιιιῦε.</strong></span> <span class='ocrx_word' id='word_1_847' title='bbox 2930 4838 2941 4855; x_wconf 42' lang='grc' dir='ltr'><em>ς</em></span> 
     </span>
    </p>
   </div>
   <div class='ocr_carea' id='block_1_104' title="bbox 1938 4890 3461 4971">
    <p class='ocr_par' dir='ltr' id='par_1_104' title="bbox 1938 4890 3461 4971">
     <span class='ocr_line' id='line_1_104' title="bbox 1938 4890 3461 4971; baseline -0.006 -16"><span class='ocrx_word' id='word_1_848' title='bbox 1938 4897 2185 4971; x_wconf 73' lang='lat' dir='ltr'><strong>(Mar-ra.</strong></span> <span class='ocrx_word' id='word_1_849' title='bbox 2206 4896 2376 4969; x_wconf 50' lang='lat' dir='ltr'><strong>nam</strong></span> <span class='ocrx_word' id='word_1_850' title='bbox 2404 4895 2464 4953; x_wconf 80' lang='grc' dir='ltr'><strong>ιη</strong></span> <span class='ocrx_word' id='word_1_851' title='bbox 2477 4892 2993 4966; x_wconf 52' lang='grc' dir='ltr'><strong>ἱΠοιθηιροτοέάἰιίι</strong></span> <span class='ocrx_word' id='word_1_852' title='bbox 3014 4891 3173 4957; x_wconf 69' lang='lat' dir='ltr'><strong>Iesus</strong></span> <span class='ocrx_word' id='word_1_853' title='bbox 3185 4890 3461 4962; x_wconf 76' lang='lat' dir='ltr'><strong>discipulis</strong></span> 
     </span>
    </p>
   </div>
   <div class='ocr_carea' id='block_1_105' title="bbox 1870 4985 3460 5064">
    <p class='ocr_par' dir='ltr' id='par_1_105' title="bbox 1870 4985 3460 5064">
     <span class='ocr_line' id='line_1_105' title="bbox 1870 4985 3460 5064; baseline -0.007 -14"><span class='ocrx_word' id='word_1_854' title='bbox 1870 5015 1895 5050; x_wconf 67' lang='grc' dir='ltr'>ἰ</span> <span class='ocrx_word' id='word_1_855' title='bbox 1921 4995 2036 5052; x_wconf 89' lang='lat' dir='ltr'><strong>suis</strong></span> <span class='ocrx_word' id='word_1_856' title='bbox 2066 4992 2375 5064; x_wconf 80' lang='lat' dir='ltr'><strong>parabolam</strong></span> <span class='ocrx_word' id='word_1_857' title='bbox 2401 4991 2544 5047; x_wconf 89' lang='lat' dir='ltr'><strong>hanc</strong></span> <span class='ocrx_word' id='word_1_858' title='bbox 2569 5004 2585 5044; x_wconf 90' lang='lat'><strong>:</strong></span> <span class='ocrx_word' id='word_1_859' title='bbox 2617 4987 2806 5047; x_wconf 87' lang='lat' dir='ltr'><strong>Simile</strong></span> <span class='ocrx_word' id='word_1_860' title='bbox 2840 4995 2927 5045; x_wconf 91' lang='lat' dir='ltr'><strong>est</strong></span> <span class='ocrx_word' id='word_1_861' title='bbox 2949 5001 3168 5058; x_wconf 88' lang='lat' dir='ltr'><strong>regnum</strong></span> <span class='ocrx_word' id='word_1_862' title='bbox 3195 4985 3460 5041; x_wconf 75' lang='lat' dir='ltr'><strong>cteloruta</strong></span> 
     </span>
    </p>
   </div>
   <div class='ocr_carea' id='block_1_106' title="bbox 1877 5079 3459 5155">
    <p class='ocr_par' dir='ltr' id='par_1_106' title="bbox 1877 5079 3459 5155">
     <span class='ocr_line' id='line_1_106' title="bbox 1877 5079 3459 5155; baseline -0.007 -12"><span class='ocrx_word' id='word_1_863' title='bbox 1877 5109 1898 5143; x_wconf 72' lang='grc' dir='ltr'><strong>ε</strong></span> <span class='ocrx_word' id='word_1_864' title='bbox 1926 5089 2182 5145; x_wconf 82' lang='lat' dir='ltr'><strong>thesauro</strong></span> <span class='ocrx_word' id='word_1_865' title='bbox 2202 5085 2517 5144; x_wconf 86' lang='lat' dir='ltr'><strong>abscondito</strong></span> <span class='ocrx_word' id='word_1_866' title='bbox 2535 5084 2591 5140; x_wconf 90' lang='lat' dir='ltr'><strong>in</strong></span> <span class='ocrx_word' id='word_1_867' title='bbox 2603 5098 2757 5155; x_wconf 88' lang='lat' dir='ltr'><strong>agro,</strong></span> <span class='ocrx_word' id='word_1_868' title='bbox 2778 5097 2938 5153; x_wconf 88' lang='lat' dir='ltr'><strong>quem</strong></span> <span class='ocrx_word' id='word_1_869' title='bbox 2955 5079 3459 5153; x_wconf 70' lang='lat' dir='ltr'><strong>quiinvenithomo.</strong></span> 
     </span>
    </p>
   </div>
   <div class='ocr_carea' id='block_1_107' title="bbox 1878 5167 3461 5246">
    <p class='ocr_par' dir='ltr' id='par_1_107' title="bbox 1878 5167 3461 5246">
     <span class='ocr_line' id='line_1_107' title="bbox 1878 5167 3461 5246; baseline -0.005 -11"><span class='ocrx_word' id='word_1_870' title='bbox 1878 5199 1901 5235; x_wconf 70' lang='grc' dir='ltr'>ι</span> <span class='ocrx_word' id='word_1_871' title='bbox 1926 5178 2232 5236; x_wconf 82' lang='lat' dir='ltr'><strong>abscondit.</strong></span> <span class='ocrx_word' id='word_1_872' title='bbox 2262 5196 2283 5231; x_wconf 71' lang='grc' dir='ltr'><strong><em>ι</em></strong></span> <span class='ocrx_word' id='word_1_873' title='bbox 2308 5176 2376 5232; x_wconf 86' lang='lat' dir='ltr'><strong>Et</strong></span> <span class='ocrx_word' id='word_1_874' title='bbox 2402 5175 2628 5246; x_wconf 87' lang='lat' dir='ltr'><strong>reliqua.</strong></span> <span class='ocrx_word' id='word_1_875' title='bbox 2656 5174 2841 5231; x_wconf 82' lang='lat' dir='ltr'><strong>Virtus</strong></span> <span class='ocrx_word' id='word_1_876' title='bbox 2865 5179 2920 5229; x_wconf 88' lang='lat' dir='ltr'><strong>et</strong></span> <span class='ocrx_word' id='word_1_877' title='bbox 2947 5170 3210 5243; x_wconf 88' lang='lat' dir='ltr'><strong>sapientia</strong></span> <span class='ocrx_word' id='word_1_878' title='bbox 3235 5168 3329 5225; x_wconf 88' lang='lat' dir='ltr'><strong>Dei</strong></span> <span class='ocrx_word' id='word_1_879' title='bbox 3362 5167 3461 5227; x_wconf 83' lang='lat' dir='ltr'><strong>Do.-</strong></span> 
     </span>
    </p>
   </div>
   <div class='ocr_carea' id='block_1_108' title="bbox 1876 5259 3462 5331">
    <p class='ocr_par' dir='ltr' id='par_1_108' title="bbox 1876 5259 3462 5331">
     <span class='ocr_line' id='line_1_108' title="bbox 1876 5259 3462 5331; baseline -0.008 -5"><span class='ocrx_word' id='word_1_880' title='bbox 1876 5271 2056 5326; x_wconf 91' lang='lat' dir='ltr'><strong>minus</strong></span> <span class='ocrx_word' id='word_1_881' title='bbox 2108 5266 2265 5324; x_wconf 73' lang='lat' dir='ltr'><strong>Iesus</strong></span> <span class='ocrx_word' id='word_1_882' title='bbox 2294 5265 2545 5323; x_wconf 88' lang='lat' dir='ltr'><strong>Christus</strong></span> <span class='ocrx_word' id='word_1_883' title='bbox 2578 5280 2685 5320; x_wconf 90' lang='lat' dir='ltr'><strong>non</strong></span> <span class='ocrx_word' id='word_1_884' title='bbox 2725 5264 2896 5320; x_wconf 90' lang='lat' dir='ltr'><strong>solum</strong></span> <span class='ocrx_word' id='word_1_885' title='bbox 2946 5264 3014 5319; x_wconf 91' lang='lat' dir='ltr'><strong>ad</strong></span> <span class='ocrx_word' id='word_1_886' title='bbox 3061 5259 3462 5331; x_wconf 72' lang='lat' dir='ltr'><strong>suscipiendam</strong></span> 
     </span>
    </p>
   </div>
   <div class='ocr_carea' id='block_1_109' title="bbox 1875 5353 3458 5427">
    <p class='ocr_par' dir='ltr' id='par_1_109' title="bbox 1875 5353 3458 5427">
     <span class='ocr_line' id='line_1_109' title="bbox 1875 5353 3458 5427; baseline -0.008 -10"><span class='ocrx_word' id='word_1_887' title='bbox 1875 5361 2165 5417; x_wconf 88' lang='lat' dir='ltr'><strong>humanam</strong></span> <span class='ocrx_word' id='word_1_888' title='bbox 2193 5366 2439 5415; x_wconf 88' lang='lat' dir='ltr'><strong>naturam</strong></span> <span class='ocrx_word' id='word_1_889' title='bbox 2491 5356 2797 5413; x_wconf 89' lang='lat' dir='ltr'><strong>hominibus</strong></span> <span class='ocrx_word' id='word_1_890' title='bbox 2824 5355 3059 5427; x_wconf 89' lang='lat' dir='ltr'><strong>compati</strong></span> <span class='ocrx_word' id='word_1_891' title='bbox 3080 5353 3328 5425; x_wconf 76' lang='lat' dir='ltr'><strong>dignatus</strong></span> <span class='ocrx_word' id='word_1_892' title='bbox 3350 5356 3458 5417; x_wconf 87' lang='lat' dir='ltr'><strong>est,</strong></span> 
     </span>
    </p>
   </div>
   <div class='ocr_carea' id='block_1_110' title="bbox 1876 5439 3459 5520">
    <p class='ocr_par' dir='ltr' id='par_1_110' title="bbox 1876 5439 3459 5520">
     <span class='ocr_line' id='line_1_110' title="bbox 1876 5439 3459 5520; baseline -0.008 -11"><span class='ocrx_word' id='word_1_893' title='bbox 1876 5452 1972 5509; x_wconf 88' lang='lat' dir='ltr'><strong>sed</strong></span> <span class='ocrx_word' id='word_1_894' title='bbox 1997 5451 2162 5509; x_wconf 87' lang='lat' dir='ltr'><strong>etiam</strong></span> <span class='ocrx_word' id='word_1_895' title='bbox 2201 5452 2449 5507; x_wconf 65' lang='lat' dir='ltr'><strong>humanae</strong></span> <span class='ocrx_word' id='word_1_896' title='bbox 2497 5448 2811 5520; x_wconf 75' lang='lat' dir='ltr'><strong>ignorantiae</strong></span> <span class='ocrx_word' id='word_1_897' title='bbox 2849 5444 3307 5508; x_wconf 87' lang='lat' dir='ltr'><strong>condescendens,</strong></span> <span class='ocrx_word' id='word_1_898' title='bbox 3328 5439 3459 5507; x_wconf 66' lang='lat' dir='ltr'><strong>suis</strong></span> 
     </span>
    </p>
   </div>
   <div class='ocr_carea' id='block_1_111' title="bbox 1875 5532 3462 5610">
    <p class='ocr_par' dir='ltr' id='par_1_111' title="bbox 1875 5532 3462 5610">
     <span class='ocr_line' id='line_1_111' title="bbox 1875 5532 3462 5610; baseline -0.01 -8"><span class='ocrx_word' id='word_1_899' title='bbox 1875 5543 2080 5602; x_wconf 87' lang='lat' dir='ltr'><strong>sanctis</strong></span> <span class='ocrx_word' id='word_1_900' title='bbox 2104 5542 2442 5599; x_wconf 89' lang='lat' dir='ltr'><strong>sermonibus</strong></span> <span class='ocrx_word' id='word_1_901' title='bbox 2473 5555 2655 5597; x_wconf 85' lang='lat' dir='ltr'><strong>rerum</strong></span> <span class='ocrx_word' id='word_1_902' title='bbox 2685 5539 3058 5610; x_wconf 88' lang='lat' dir='ltr'><strong>temporalium</strong></span> <span class='ocrx_word' id='word_1_903' title='bbox 3080 5532 3462 5597; x_wconf 68' lang='lat' dir='ltr'><strong>similitudines</strong></span> 
     </span>
    </p>
   </div>
   <div class='ocr_carea' id='block_1_112' title="bbox 1874 5623 3464 5708">
    <p class='ocr_par' dir='ltr' id='par_1_112' title="bbox 1874 5623 3464 5708">
     <span class='ocr_line' id='line_1_112' title="bbox 1874 5623 3464 5708; baseline -0.009 -15"><span class='ocrx_word' id='word_1_904' title='bbox 1874 5636 2188 5708; x_wconf 76' lang='lat' dir='ltr'><strong>frequenter</strong></span> <span class='ocrx_word' id='word_1_905' title='bbox 2228 5635 2491 5700; x_wconf 90' lang='lat' dir='ltr'><strong>adhibuit,</strong></span> <span class='ocrx_word' id='word_1_906' title='bbox 2537 5643 2598 5689; x_wconf 91' lang='lat' dir='ltr'><strong>ut</strong></span> <span class='ocrx_word' id='word_1_907' title='bbox 2634 5650 2703 5690; x_wconf 83' lang='lat' dir='ltr'><strong>ex</strong></span> <span class='ocrx_word' id='word_1_908' title='bbox 2744 5632 3029 5689; x_wconf 90' lang='lat' dir='ltr'><strong>collatione</strong></span> <span class='ocrx_word' id='word_1_909' title='bbox 3058 5642 3235 5683; x_wconf 89' lang='lat' dir='ltr'><strong>rerum</strong></span> <span class='ocrx_word' id='word_1_910' title='bbox 3274 5623 3464 5689; x_wconf 76' lang='lat' dir='ltr'><strong>visibi-</strong></span> 
     </span>
    </p>
   </div>
   <div class='ocr_carea' id='block_1_113' title="bbox 1876 5718 3461 5794">
    <p class='ocr_par' dir='ltr' id='par_1_113' title="bbox 1876 5718 3461 5794">
     <span class='ocr_line' id='line_1_113' title="bbox 1876 5718 3461 5794; baseline -0.008 -9"><span class='ocrx_word' id='word_1_911' title='bbox 1876 5728 2026 5794; x_wconf 89' lang='lat' dir='ltr'><strong>lium,</strong></span> <span class='ocrx_word' id='word_1_912' title='bbox 2082 5729 2153 5785; x_wconf 90' lang='lat' dir='ltr'><strong>ad</strong></span> <span class='ocrx_word' id='word_1_913' title='bbox 2194 5728 2542 5785; x_wconf 89' lang='lat' dir='ltr'><strong>invisibilium</strong></span> <span class='ocrx_word' id='word_1_914' title='bbox 2588 5741 2831 5784; x_wconf 89' lang='lat' dir='ltr'><strong>amorem</strong></span> <span class='ocrx_word' id='word_1_915' title='bbox 2876 5724 3086 5779; x_wconf 87' lang='lat' dir='ltr'><strong>animos</strong></span> <span class='ocrx_word' id='word_1_916' title='bbox 3126 5718 3461 5785; x_wconf 60' lang='lat' dir='ltr'><strong>audientium</strong></span> 
     </span>
    </p>
   </div>
   <div class='ocr_carea' id='block_1_114' title="bbox 1877 5810 3468 5899">
    <p class='ocr_par' dir='ltr' id='par_1_114' title="bbox 1877 5810 3468 5899">
     <span class='ocr_line' id='line_1_114' title="bbox 1877 5810 3468 5899; baseline -0.01 -18"><span class='ocrx_word' id='word_1_917' title='bbox 1877 5820 2147 5883; x_wconf 82' lang='lat' dir='ltr'><strong>incitaret.</strong></span> <span class='ocrx_word' id='word_1_918' title='bbox 2222 5818 2379 5882; x_wconf 80' lang='lat' dir='ltr'><strong>Unde</strong></span> <span class='ocrx_word' id='word_1_919' title='bbox 2432 5833 2558 5878; x_wconf 90' lang='lat' dir='ltr'><strong>cum</strong></span> <span class='ocrx_word' id='word_1_920' title='bbox 2609 5816 2886 5876; x_wconf 81' lang='lat' dir='ltr'><strong>caelestem</strong></span> <span class='ocrx_word' id='word_1_921' title='bbox 2937 5812 3172 5899; x_wconf 78' lang='lat' dir='ltr'><strong>gloriam</strong></span> <span class='ocrx_word' id='word_1_922' title='bbox 3224 5810 3468 5881; x_wconf 46' lang='lat' dir='ltr'><strong>studio;</strong></span> 
     </span>
    </p>
   </div>
  </div>
