4002 6348
532 354 646 411 ⁵⁵191

1151 351 1507 408 HAYMONIS
1545 350 2022 409 HALBERSTAT.
2061 347 2275 407 EPISC.
2315 349 2466 408 OPP.
2505 353 2686 411 PARS
2719 353 2784 411 ll.
2818 385 2888 397 —
2927 354 3161 413 HOMIL.

3753 354 3880 412 793

547 466 833 522 amandam
875 465 1048 529 docet,
1083 465 1172 519 illa
1220 481 1399 519 rerum
1425 465 1829 521 similitudinem
1857 466 2116 527 adhibuit.
2148 463 2204 525 Α
2225 473 2279 519 et
2308 465 2525 520 suavior
2545 467 2796 522 omnibus
2822 467 3288 524 delectationibus.
3319 465 3740 540 Negotiatores
3766 483 3881 522 au-

545 576 683 630 quas
731 559 976 613 homines
1023 558 1308 628 plurimum
1368 560 1593 631 diligere
1636 561 1850 627 solent,
1895 562 2124 616 dicens:

553 673 570 704 ι
603 653 786 707 Simile
810 660 892 706 est
921 666 1144 720 regnum
1174 651 1434 706 caelorum
1463 654 1715 708 thesauro
1735 655 2048 710 abscondito
2076 654 2129 708 in

547 759 695 814 agro,
729 758 886 811 quem
917 744 1007 812 qui
1040 743 1242 798 invenit
1263 745 1446 808 homo,
1478 745 1778 801 abscondit.
1812 767 1830 799 ι
1886 745 1984 801 Ubi
2015 747 2130 801 the-

547 834 693 888 sauri
733 834 948 888 nomine
990 834 1344 904 spiritualiler
1383 835 1618 891 ctelestis
1655 837 1846 907 patriae
1891 851 2129 892 amorem

545 927 848 997 intelligere
878 927 1158 993 debemus,
1198 929 1287 983 ubi
1326 938 1452 984 sunt
1487 930 1683 984 divitiae
1710 945 1830 999 qua:
1855 945 1962 984 non
1993 931 2129 985 deti-

547 1018 715 1079 eiuut,
749 1018 1036 1073 thesaurus
1073 1018 1164 1088 qui
1209 1035 1482 1088 nunquam
1535 1020 1843 1082 marcescit,
1889 1019 1979 1074 ubi
2033 1034 2132 1075 nos

548 1108 808 1164 Dominus
841 1110 1210 1164 thesaurizare
1238 1111 1512 1175 admonet,
1543 1109 1698 1178 juxta
1729 1110 1870 1178 quod
1900 1110 2022 1164 alibi
2050 1109 2127 1162 lo-

548 1200 754 1267 quitur,
802 1200 1030 1255 dicens:
1063 1219 1081 1252 ι
1111 1200 1496 1256 'l‘hesaurizate
1546 1202 1699 1256 vobis
1741 1201 2022 1254 thesauros
2077 1198 2133 1253 in

549 1290 710 1356 caelo,
751 1291 842 1346 ubi
880 1305 1055 1361 neque
1095 1308 1296 1364 :erugo,
1341 1308 1516 1362 neque
1563 1295 1705 1348 tinea
1745 1293 2051 1357 demolitur,
2080 1300 2134 1346 et

549 1385 642 1439 ubi
688 1383 834 1440 fures
879 1400 984 1438 non
1022 1383 1312 1448 effodiunt,
1365 1399 1465 1440 nec
1492 1385 1774 1451 furantur;
1807 1405 1824 1437 ι
1863 1394 1935 1448 et,
1979 1403 1997 1436 ‹
2033 1382 2134 1439 Ubi

549 1475 837 1529 thesaurus
870 1484 1028 1540 tuus,
1055 1475 1126 1530 ibi
1155 1485 1209 1529 et
1251 1491 1346 1530 cor
1389 1484 1538 1530 tuum
1581 1475 1794 1544 (Matth.
1837 1475 1933 1545 Vl).
1966 1495 1983 1526 ι
2034 1473 2134 1540 Qui

549 1563 794 1633 profecto
830 1565 1114 1620 thesaurus
1155 1573 1304 1619 tanto
1339 1565 1510 1634 magis
1555 1565 1878 1625 cumulatur,
1933 1574 2137 1633 quanto

552 1657 726 1727 magis
790 1657 1098 1726 temporalis
1167 1657 1449 1712 thesaurus
1511 1665 1673 1726 atque
1742 1652 1966 1712 facultas
2025 1665 2140 1711 stu-

553 1747 754 1803 diosius
802 1763 900 1818 pro
949 1749 1060 1804 Deo
1109 1749 1450 1816 expenditur.
1499 1749 1650 1805 Unde
1693 1749 1760 1804 de
1797 1765 1862 1804 eo
1891 1749 1983 1819 qui
2023 1749 2140 1802 the-

551 1854 771 1894 saurum
825 1839 1054 1904 invenit,
1113 1839 1310 1894 dicitur
1353 1857 1365 1892 :

556 1947 575 1978 ι
609 1928 772 1991 vadit,
802 1937 859 1983 et
883 1929 1066 1983 vendit
1092 1929 1342 1984 universa
1366 1946 1486 2000 qua:
1513 1930 1673 1984 habet
1705 1941 1759 1984 et
1792 1930 1924 1983 emit
1949 1944 2138 1998 agrum

558 2037 576 2067 ε
612 2019 781 2073 illum.
815 2039 832 2072 ο
869 2018 1012 2090 Ager
1049 2020 1102 2074 in
1139 2035 1244 2090 quo
1274 2022 1561 2077 thesaurus
1596 2021 1945 2076 absconditus
1998 2021 2140 2075 inve-

552 2111 703 2164 nitur
750 2125 848 2165 nos
905 2127 1130 2174 sumus,
1170 2113 1214 2167 si
1257 2122 1434 2167 tamen
1474 2113 1526 2167 in
1587 2113 1744 2168 nobis
1791 2121 1973 2167 manet
2022 2127 2134 2167 ete-

552 2200 688 2256 leste
731 2201 1077 2257 desiderium.
1117 2204 1287 2270 Quem
1316 2203 1404 2258 ille
1433 2204 1667 2259 venditis
1699 2205 1950 2260 omnibus
1984 2220 2137 2259 com-

554 2303 710 2362 parat
731 2335 745 2357 ,
777 2293 866 2362 qui
891 2310 1092 2367 corpus
1121 2310 1277 2350 suum
1305 2309 1402 2364 per
1422 2295 1663 2351 caelestis
1684 2297 1872 2365 patriae
1902 2296 2139 2365 discipli-

554 2401 680 2440 nam
718 2385 904 2456 amigit
936 2388 987 2441 in
1023 2387 1278 2455 jejuniis,
1309 2386 1508 2457 vigiliis
1546 2395 1604 2442 et
1639 2387 1994 2443 orationibus.
2030 2387 2137 2442 Sed

551 2485 607 2529 et
639 2476 726 2530 ille
757 2493 946 2547 agrum
976 2492 1096 2531 cum
1139 2477 1397 2532 thesauro
1432 2476 1684 2541 invento,
1718 2476 1858 2531 datis
1883 2477 2136 2531 omnibus

553 2569 717 2632 emit,
748 2569 839 2637 qui
870 2566 1194 2638 crucifigens
1222 2568 1465 2624 membra
1496 2583 1593 2623 sua
1617 2584 1739 2624 cum
1760 2567 1907 2623 vitiis
1929 2577 1984 2623 et
2009 2583 2139 2624 eon-

554 2670 933 2739 cupiscentiis,
982 2669 1254 2724 Christum
1298 2671 1574 2740 sequitur,
1634 2680 1691 2727 et
1742 2671 2137 2742 quodammodo

554 2759 823 2829 spirituali
862 2761 1261 2815 venundatioue
1295 2761 1532 2831 seipsum
1564 2770 1765 2826 mutat,
1815 2763 2134 2818 declinando

553 2865 586 2903 a
628 2850 768 2904 malo
813 2860 867 2904 et
895 2850 1140 2906 faciendo
1179 2852 1398 2906 bonum.
1444 2851 1597 2908 Hunc
1635 2855 1778 2908 enim
1823 2855 2134 2909 thesaurum

555 2939 929 2994 absconditum
960 2941 1013 2994 in
1045 2955 1208 3010 agro,
1253 2941 1468 2996 cuidam
1509 2943 1768 3000 Dominus
1801 2960 1985 3000 emere
2014 2961 2138 3016 per-

2234 565 2342 613 tem
2376 558 2734 629 spiritualiter
2762 575 2862 614 nos
2881 575 3089 623 sumus,
3116 560 3207 631 qui
3235 562 3302 616 de
3331 563 3568 636 terrenis
3593 560 3877 616 faculta-

2233 649 2376 704 tibus
2401 649 2674 705 ctelestem
2702 650 2928 722 gloriam
2955 652 3184 706 mercari
3205 652 3480 722 jubemur.
3506 651 3874 707 Notandum

2234 749 2414 796 autem
2453 742 2596 812 quod
2630 742 2740 808 ait,
2805 761 2822 794 ι
2874 743 3118 797 vendidit
3158 745 3340 798 omnia
3373 760 3493 813 quae
3528 745 3763 798 habuit
3811 756 3872 799 et

2234 834 2367 887 emit
2393 848 2534 896 eam,
2569 854 2588 884 ι
2621 833 2745 904 quia
2778 833 2865 888 ille
2903 834 3196 904 pretiosam
3224 835 3578 903 margaritam
3629 851 3832 889 unam
3853 877 3869 898 ,

2234 923 2289 977 id
2329 933 2414 979 est
2452 924 2730 980 caelestem
2759 926 3023 994 patriam,
3056 926 3196 981 datis
3234 927 3488 984 omnibus
3511 930 3665 985 emit
3687 970 3708 992 ,
3762 932 3865 1000 qui

2237 1030 2342 1070 non
2375 1016 2544 1070 solum
2579 1017 2811 1072 terrenis
2836 1015 3216 1085 facultatibus,
3257 1020 3349 1076 sed
3386 1022 3551 1076 etiam
3585 1022 3864 1091 propriis

2237 1105 2510 1159 renuntiat
2538 1105 2902 1162 facultatibus.
2933 1107 3035 1175 Qui
3060 1121 3189 1164 vero
3219 1125 3315 1164 sua
3349 1112 3704 1181 pauperibus
3752 1112 3859 1166 tri—

2236 1193 2372 1261 buit,
2401 1197 2494 1252 sed
2539 1198 2714 1253 adhuc
2742 1200 2975 1270 propriis
3003 1200 3368 1258 voluntatibus
3393 1205 3559 1260 servit
3578 1246 3598 1267 ,
3631 1207 3862 1276 pretio-

2239 1303 2353 1343 sam
2395 1289 2742 1360 margaritam
2783 1291 3020 1346 nondum
3052 1293 3185 1347 emit
3229 1311 3243 1346 :
3287 1294 3414 1364 quia
3446 1296 3597 1366 quod
3649 1295 3853 1350 carius

2239 1380 2351 1435 Deo
2376 1389 2587 1450 poterat
2612 1379 2827 1446 oﬂ'erre,
2861 1383 3103 1438 retinuit.
3129 1383 3244 1439 Non
3273 1387 3418 1440 enim
3448 1387 3595 1441 Deus
3620 1397 3852 1448 nostra.

2241 1473 2335 1527 sed
2377 1487 2476 1528 nos
2505 1473 2697 1542 quaerit
2717 1513 2732 1539 ,
2774 1473 2866 1543 qui
2891 1483 3159 1530 terrenam
3185 1476 3543 1532 substantiam
3573 1493 3706 1532 non
3743 1479 3849 1534 nisi

2210 1574 2214 1577 '
2240 1573 2461 1634 propter
2497 1564 2704 1620 lucrum
2733 1565 3039 1621 animarum
3065 1567 3196 1622 dare
3225 1570 3498 1638 praecepit.
3527 1568 3684 1636 Quia
3716 1586 3849 1640 ergo

2242 1655 2564 1723 negotiatori
2629 1655 2800 1710 bonas
2848 1657 3170 1727 margaritas
3217 1659 3513 1728 quaerenti,
3563 1659 3850 1730 bonisque

2248 1745 2556 1814 margaritis
2609 1761 2796 1801 sumus
2839 1747 3168 1817 comparati,
3200 1763 3418 1804 servare
3471 1749 3757 1805 debemus
3796 1752 3847 1804 in

1417 1859 1435 1893 ι
1479 1841 1544 1894 Ει
1599 1855 1709 1911 pne
1750 1840 1943 1910 gaudio
1997 1837 2139 1893 illius
2169 1822 2215 1882 Β
2244 1850 2408 1905 opere
2436 1836 2580 1906 quod
2615 1839 2926 1908 accepimus
2956 1839 3010 1893 in
3041 1839 3277 1894 nomine.
3311 1841 3378 1896 Et
3414 1841 3554 1896 sicut
3583 1851 3848 1897 terrenos

2243 1927 2610 1995 negotiatores
2635 1944 2742 1984 non
2765 1930 2930 1984 maris
2951 1930 3193 2001 pericula
3220 1933 3290 1988 ab
3318 1931 3491 1988 ofﬁcio
3515 1936 3841 2005 negotiandi

2242 2017 2547 2087 prohibent,
2578 2035 2683 2074 non
2709 2020 2979 2076 latronum
3013 2021 3222 2077 insidia:
3254 2033 3479 2087 terrent,
3511 2041 3624 2080 non
3654 2027 3842 2097 asperi

2241 2125 2401 2164 casus
2433 2111 2642 2166 itineris
2667 2122 2872 2178 vetant,
2900 2129 3006 2169 non
3036 2115 3246 2186 byemis
3272 2115 3460 2188 frigus,
3490 2133 3596 2172 non
3623 2121 3836 2173 aestatis

2241 2204 2388 2260 calor
2419 2206 2633 2272 retinet,
2675 2216 2879 2261 tantum
2904 2218 2963 2263 ut
2987 2218 3262 2265 terrenum
3290 2209 3500 2266 lucrum
3531 2214 3825 2283 acquirere

2240 2298 2449 2366 possint
2479 2315 2492 2351 :
2526 2299 2598 2353 ita
2629 2308 2684 2354 et
2711 2314 2844 2364 nos,
2889 2301 2981 2370 qui
3034 2302 3343 2372 spirituales
3371 2319 3558 2361 sumus
3589 2307 3834 2376 negati:-

2241 2394 2386 2443 tores
2407 2428 2422 2453 ,
2449 2390 2518 2444 ab
2555 2405 2742 2446 amore
2764 2391 3003 2446 caelestis
3024 2393 3213 2463 patria:
3236 2393 3380 2448 nulla
3412 2396 3595 2450 mundi
3625 2395 3831 2451 Mami-

2243 2491 2424 2534 menta
2469 2481 2756 2547 retineant,
2800 2483 2942 2536 nulla
2977 2483 3097 2551 ejus
3132 2485 3431 2542 adversitas
3458 2495 3703 2553 terreat,
3737 2504 3826 2542 nec

2242 2574 2419 2643 aliqua
2452 2574 2729 2630 tribulatio
2751 2577 3052 2644 prohibeat,
3075 2585 3136 2632 ut
3153 2578 3446 2646 pretiosam
3472 2579 3825 2649 margaritam

2241 2675 2518 2730 amantes,
2571 2681 2695 2720 cum
2738 2666 2994 2736 Apostolo
3038 2667 3219 2722 dicere
3245 2668 3526 2724 valeamus
3573 2686 3587 2722 :
3624 2688 3645 2720 σ
3703 2670 3825 2735 Quis

2241 2770 2370 2827 ergo
2400 2771 2498 2811 nos
2531 2757 2802 2827 separabit
2831 2773 2862 2811 a
2902 2757 3170 2813 charitate
3193 2757 3442 2814 Christi?
3485 2758 3823 2815 Tribulatio?

2243 2860 2310 2899 an
2342 2845 2624 2914 angustia?
2649 2862 2717 2900 an
2741 2847 3080 2916 persecutio?
3124 2863 3193 2902 an
3234 2847 3442 2903 fames?
3477 2864 3544 2902 an
3577 2849 3828 2903 nudius?

2242 2949 2311 2989 an
2342 2936 2679 3006 periculum?
2707 2953 2774 2992 an
2816 2937 3062 3008 gladius?
3091 2939 3284 2994 Certus
3325 2954 3443 2994 sum
3484 2948 3662 2994 autem
3697 2943 3820 3010 quia

553 3031 817 3086 suadebat
843 3048 965 3088 cum
991 3033 1204 3088 dicebat
1233 3052 1246 3088 :
1276 3053 1294 3085 ι
1335 3032 1392 3089 Si
1423 3036 1503 3090 vis
1528 3035 1800 3106 perfectus
1826 3053 1967 3103 esse,
2001 3038 2137 3094 vade

2242 3043 2416 3097 neque
2440 3044 2605 3094 mors,
2634 3045 2807 3100 neque
2833 3030 2964 3096 vita,
2997 3045 3172 3100 neque
3191 3029 3391 3102 angeli,
3423 3046 3594 3100 neque
3613 3032 3819 3099 princi-

551 3131 609 3177 et
642 3124 813 3178 vende
855 3125 1033 3178 omnia
1081 3140 1200 3194 quae
1243 3125 1447 3192 habes,
1492 3134 1547 3182 et
1591 3129 1656 3183 da
1685 3129 2044 3199 pauperibus,
2079 3139 2135 3184 et

552 3213 780 3271 habebis
819 3215 1130 3272 thesaurum
1182 3219 1236 3274 in
1278 3219 1446 3286 caelo;
1487 3229 1544 3277 et
1581 3222 1737 3287 veni,
1778 3238 2006 3294 sequere
2053 3237 2139 3277 me

554 3303 772 3374 (Matth.
801 3307 934 3375 χιχ).
976 3325 995 3358 ›
1032 3306 1162 3362 Illud
1187 3317 1368 3364 autem
1393 3311 1715 3375 notandum,
1744 3311 1887 3380 quod
1915 3312 2137 3366 thesau-

555 3410 650 3450 rus
679 3396 930 3452 inventus
958 3397 1260 3452 custoditur
1289 3407 1349 3453 ut
1373 3411 1642 3464 servetur,
1682 3409 1950 3471 quatenus
1979 3401 2140 3456 intel-

549 3484 786 3558 ligamus
807 3505 968 3558 quam
991 3490 1230 3544 studiose
1253 3490 1307 3544 in
1337 3492 1477 3546 bono
1497 3506 1662 3560 opere
1691 3507 1884 3545 vanam
1911 3491 2135 3562 gloriam

553 3595 751 3635 cavere
777 3580 1092 3636 debeamus.
1136 3581 1226 3637 Sic
1259 3591 1346 3636 est
1385 3582 1530 3637 enim
1565 3596 1804 3652 praesens
1838 3584 1948 3637 vita
1983 3584 2137 3652 quasi

543 3672 660 3738 .via,
696 3672 938 3727 latrones
974 3680 1155 3728 autem
1179 3672 1336 3742 juxta
1367 3673 1536 3738 viam,
1577 3672 1838 3727 immundi
1869 3682 1995 3729 sunt
2025 3675 2139 3744 spi-

553 3761 712 3826 ritus,
747 3762 838 3830 qui
870 3762 976 3816 illis
1008 3763 1242 3817 maxime
1265 3762 1526 3827 invident,
1557 3777 1693 3831 quos
1722 3777 1845 3817 eum
1873 3764 2140 3833 spirituali

554 3853 814 3907 thesauro
859 3853 926 3906 ad
967 3854 1243 3909 ccelestem
1271 3855 1503 3924 patriam
1533 3854 2140 3925 tendere'cognoscunt,

547 3943 692 4000 sicut
713 3937 810 4011 per
826 3943 1153 4014 Prophetam
1177 3947 1242 4000 de
1261 3961 1448 4001 eorum
1471 3947 1646 4016 capite
1664 3947 1862 4002 dicitur
1887 3961 1901 4000 :
1933 3965 1950 3998 α
1981 3946 2144 4002 Sedet

555 4032 616 4087 in
661 4034 871 4090 insidiis
908 4051 1029 4090 cum
1073 4036 1330 4092 divitibus
1371 4039 1424 4092 in
1451 4038 1708 4103 occultis,
1760 4047 1820 4093 ut
1853 4039 2144 4094 interficiat

557 4123 903 4183 innocentem
946 4127 1118 4198 (Paul.
1167 4129 1246 4199 ι).
1290 4150 1308 4182 ι
1357 4128 1574 4184 Illorum
1621 4145 1749 4202 ergo
1795 4131 2011 4186 divitias
2053 4131 2145 4187 isti

559 4214 802 4274 latrones
842 4221 1086 4289 rapiunt,
1135 4221 1226 4291 qui
1258 4237 1354 4292 per
1395 4222 1610 4278 inanem
1635 4221 1958 4290 jactantiam
2003 4223 2142 4277 bona
2174 4261 2177 4264 -

557 4328 656 4368 sua
681 4327 843 4383 opera
869 4327 1054 4367 coram
1085 4314 1398 4370 hominibus
1418 4315 1711 4370 denudant.
1740 4314 1894 4370 Unde
1923 4328 2144 4369 necesse

558 4413 676 4470 est,
706 4418 765 4459 ut
795 4421 918 4460 cum
945 4421 1082 4476 Opus
1108 4406 1309 4461 bonum
1341 4407 1582 4462 exterius
1616 4406 1854 4477 agimus,
1882 4403 2142 4458 intentio~

557 4513 682 4554 nem
707 4498 818 4554 Deo
839 4499 1088 4569 placendi
1111 4514 1328 4569 semper
1349 4499 1403 4553 in
1424 4499 1638 4555 occulto
1667 4507 1970 4561 teneamus,
1988 4495 2142 4565 juxta

559 4591 701 4660 quod
743 4592 858 4662 ipse
899 4609 999 4649 nos
1029 4598 1316 4660 admonet,
1353 4595 1540 4650 dicens
1571 4610 1586 4649 :
1625 4613 1644 4647 ι
1681 4593 1814 4650 Cum
1842 4591 1977 4648 facis
2003 4591 2142 4648 elee-

551 4703 872 4760 mosynam,
904 4693 1114 4748 nesciat
1160 4693 1381 4748 sinistra
1425 4701 1516 4747 tua
1548 4691 1677 4762 quid
1718 4690 1881 4747 faciat
1921 4689 2142 4744 dextera

553 4787 643 4835 tua
671 4780 885 4850 (Matth.
915 4783 1012 4855 γι).
1050 4801 1076 4839 ι
1119 4783 1185 4839 Et
1207 4784 1445 4840 iterum:
1483 4803 1502 4835 ‹
1540 4783 1619 4838 Tu
1643 4792 1825 4838 autem
1866 4796 1990 4836 cum
2014 4795 2139 4834 ora-

551 4873 720 4938 veris,
750 4873 892 4928 intra
913 4875 965 4929 in
987 4876 1310 4941 cubiculum,
1335 4886 1388 4931 et
1409 4875 1597 4932 clauso
1619 4875 1783 4940 ostio,
1806 4889 1902 4930 ora
1924 4872 2142 4928 Patrem

551 4951 729 5026 tuum,
765 4973 820 5018 et
846 4963 1006 5020 Pater
1035 4975 1154 5020 tuus
1181 4969 1271 5038 qui
1299 4967 1448 5022 videt
1475 4967 1529 5021 in
1555 4965 1872 5021 abscondito
1891 5005 1906 5031 ,
1954 4964 2143 5020 reddet

550 5056 649 5113 tibi
697 5057 911 5130 (lbid.).
943 5079 962 5110 ι
1015 5061 1094 5114 Ad
1127 5059 1533 5115 accendendum
1579 5065 1759 5112 autem
1799 5064 2037 5112 mentem
2087 5056 2144 5110 in

553 5161 792 5202 amorem
818 5149 1054 5204 caelestis
1078 5148 1352 5215 desiderii,
1380 5147 1486 5202 alia
1514 5146 1809 5202 similitudo
1829 5145 1993 5202 datur
2013 5160 2134 5202 eum

549 5238 882 5296 subinfertur
917 5261 929 5296 :

627 5352 645 5385 ι
693 5333 891 5390 lterum
930 5336 1106 5391 simile
1136 5344 1220 5390 est
1255 5349 1479 5404 regnum
1509 5332 1771 5387 caelorum
1803 5331 2008 5387 homini
2041 5345 2140 5387 ne-

555 5445 576 5478 c
624 5426 875 5497 gotiatori
941 5427 1204 5497 quaerenti
1254 5427 1426 5481 bonas
1491 5427 1816 5495 margaritas
1863 5444 1875 5478 :
1916 5425 2138 5481 inventa

557 5536 578 5576 ς
625 5528 802 5574 autem
842 5535 948 5573 una
996 5519 1234 5589 pretiosa
1265 5517 1588 5589 margarita,
1635 5516 1771 5572 abiit
1815 5527 1870 5572 et
1898 5515 2142 5572 vendidit

558 5633 576 5666 ι
621 5615 804 5668 omnia
845 5630 964 5683 quae
1004 5613 1190 5668 habuit
1221 5624 1275 5668 et
1315 5613 1445 5668 emit
1474 5628 1617 5667 eam.
1670 5632 1687 5664 ι
1741 5611 1840 5667 Ubi
1889 5610 2140 5680 pretiosa:

549 5705 861 5775 margaritae
884 5705 1098 5760 nomine
1118 5705 1342 5760 dulcedo
1367 5703 1449 5758 vel
1468 5703 1693 5759 claritas
1708 5713 1922 5757 aeterna:
1946 5703 2138 5772 patria:

552 5793 891 5869 intelligitur,
910 5814 1029 5868 quae
1050 5797 1336 5870 pretiosior
1346 5806 1429 5855 est
1442 5797 1653 5854 cunctis
1677 5797 1930 5870 pretiosis
1949 5796 2138 5865 rebus,

2243 3129 2440 3191 patus',
2497 3135 2671 3191 neque
2715 3130 3034 3192 potestates,
3088 3137 3261 3192 neque
3314 3122 3601 3185 instantia,
3641 3136 3821 3192 neque

2167 3193 2215 3256 (ἶ
2249 3212 2450 3277 futura,
2479 3227 2653 3283 neque
2686 3212 2967 3278 fortitudo,
2995 3229 3171 3284 neque
3201 3213 3448 3278 altitudo,
3481 3227 3655 3282 neque
3691 3225 3821 3283 pro-

2244 3305 2486 3367 fundum,
2521 3319 2695 3373 neque
2719 3314 2968 3360 creatura
2999 3305 3103 3360 alia
3130 3305 3324 3377 poterit
3361 3319 3464 3360 nos
3489 3319 3743 3374 separare
3787 3319 3813 3356 a

2246 3395 2518 3451 charitate
2540 3394 2652 3456 Dei,
2679 3411 2798 3466 quae
2819 3406 2905 3451 est
2925 3397 2977 3451 in
2999 3395 3216 3452 Christo
3237 3395 3364 3465 Jesu
3388 3383 3624 3449 Domino
3643 3403 3817 3449 nostro

2243 3490 2424 3559 (Rom.
2449 3491 2589 3561 vnn).
2642 3505 2661 3538 ι
2697 3488 2977 3543 Imitemur
2996 3497 3052 3543 et
3071 3487 3214 3542 aliud
3253 3485 3656 3556 negotiatorum
3672 3498 3812 3554 opus.

2245 3581 2457 3639 Habent
2485 3585 2630 3639 enim
2662 3584 2765 3638 hoc
2788 3582 3064 3652 proprium
3088 3579 3164 3643 hi,
3190 3579 3282 3648 qui
3312 3576 3626 3648 negotiandi
3655 3575 3817 3646 operi.

2241 3676 2344 3731 bus
2375 3675 2660 3741 insistunt,
2699 3683 2757 3727 ut
2786 3673 2829 3728 si
2868 3673 2920 3726 in
2955 3688 3063 3726 uno
3102 3672 3315 3742 negotio
3343 3671 3543 3726 damna
3584 3671 3814 3724 inmm-

2247 3767 2380 3831 rint,
2410 3766 2702 3822 studiosius
2723 3761 3030 3830 negotiandi
3055 3762 3306 3832 operibus
3327 3760 3608 3823 insistant,
3630 3757 3817 3829 quoad-

2248 3873 2420 3929 usque
2446 3858 2588 3928 quod
2612 3857 2666 3912 in
2690 3871 2797 3912 una
2838 3871 2895 3911 re
2923 3855 3292 3926 perdiderunt,
3315 3853 3369 3907 in
3393 3853 3499 3906 alia
3520 3853 3814 3921 acquirant.

2244 3951 2322 4006 Ita
2359 3965 2488 4019 ergo
2525 3959 2583 4004 et
2609 3965 2746 4014 nos,
2790 3948 2833 4004 si
2885 3948 2940 4003 in
2971 3948 3150 4018 aliquo
3179 3962 3309 4001 casu
3339 3945 3602 4000 damnum
3640 3945 3820 3998 anim:

2245 4041 2617 4107 inciderimus,
2657 4040 2950 4096 studiosius
2977 4039 3189 4108 incepto
3209 4037 3348 4092 bono
3367 4037 3518 4106 operi
3538 4036 3814 4097 instamus,

2247 4142 2307 4189 ut
2332 4132 2474 4204 quod
2498 4147 2596 4203 per
2617 4130 2995 4202 negligentiam
3026 4128 3326 4192 amisimus,
3349 4141 3445 4198 per
3466 4127 3670 4182 bonum
3698 4139 3819 4196 opus

2247 4243 2652 4298 recuperemus,
2665 4233 2932 4297 quatenus
2950 4225 3016 4280 ad
3033 4225 3282 4295 pretiosa:
3296 4221 3607 4293 margarita:
3620 4221 3818 4275 lucrum

2242 4319 2526 4388 pervenire
2559 4317 2851 4388 possimus,
2879 4325 2935 4374 et
2953 4331 3141 4372 vocem
3169 4314 3379 4370 Domini
3406 4313 3599 4368 audire
3627 4325 3820 4367 merea-

2247 4427 2391 4477 mur,
2440 4410 2670 4466 dieentis
2703 4427 2715 4463 :
2755 4428 2774 4460 ‹
2807 4408 2973 4480 Euge,
3011 4420 3168 4463 serve
3197 4407 3336 4461 bone
3381 4413 3437 4460 et
3467 4403 3679 4467 fidelis,
3709 4401 3821 4470 quia

2249 4501 2304 4555 in
2332 4516 2500 4570 pauca
2536 4500 2682 4554 fuisti
2731 4498 2932 4562 fidelis,
2978 4512 3141 4569 supra
3174 4495 3338 4551 multa
3379 4503 3433 4550 te
3469 4494 3816 4551 constituam.

2250 4594 2390 4648 intra
2413 4595 2464 4647 in
2487 4594 2739 4664 gaudium
2756 4592 2965 4648 Domini
2982 4591 3056 4646 tui
3082 4589 3253 4662 (Rom.
3280 4589 3421 4659 vni).
3447 4607 3467 4641 ι
3500 4585 3633 4641 Haec
3656 4595 3820 4641 autem

2240 4681 2540 4755 margarita
2591 4693 2699 4738 tam
2739 4699 2867 4739 cara
2907 4691 2990 4738 est
3015 4723 3030 4748 ,
3070 4690 3130 4737 ut
3155 4679 3316 4735 nullis
3345 4676 3578 4734 terrenis
3628 4675 3820 4731 divitiis

2248 4775 2422 4845 possit
2443 4776 2748 4844 comparari
2779 4792 2792 4830 :
2825 4782 2935 4829 tam
2969 4773 3120 4838 vilis,
3150 4780 3211 4826 ut
3235 4770 3348 4826 sola
3377 4771 3518 4826 bona
3551 4768 3824 4823 voluntate

2249 4868 2420 4938 possit
2458 4868 2686 4937 acquiri.
2727 4867 2876 4923 Hanc
2917 4865 3267 4936 margaritam
3309 4862 3607 4934 pretiosam
3651 4857 3825 4914 multis

2258 4957 2600 5014 facultatibus
2654 4958 2913 5013 Zaclueus
2953 4970 3270 5026 comparare
3297 4953 3531 5016 studuit,
3575 4952 3674 5022 qui
3715 4965 3823 5006 cura

2255 5051 2416 5122 hujus
2447 5051 2753 5121 margaritae
2773 5050 3082 5121 largitorem
3107 5048 3160 5101 in
3179 5047 3341 5102 domo
3361 5061 3454 5100 sua
3478 5043 3819 5112 suscepisset.

2253 5159 2365 5214 prte
2392 5143 2557 5197 nimio
2577 5141 2772 5214 gaudio
2801 5142 2936 5196 dixit
2961 5158 2973 5194 :
3014 5160 3031 5191 ι
3071 5139 3314 5200 Domine,
3347 5135 3636 5192 dimidium
3661 5136 3820 5188 bono-

2253 5250 2371 5289 rum
2404 5248 2646 5288 meorum
2690 5233 2758 5288 do
2795 5231 3142 5304 pauperibus,
3183 5239 3237 5285 et
3273 5227 3321 5283 si
3348 5225 3432 5282 cui
3463 5225 3674 5294 aliquid
3704 5221 3821 5283 tuli,

2255 5325 2307 5378 in
2345 5323 2703 5394 quadruplum
2736 5324 2963 5379 restituo
2994 5320 3146 5392 (Luc.
3183 5319 3320 5387 xix).
3361 5337 3379 5370 ι
3420 5315 3569 5370 Hanc
3617 5326 3825 5385 quoque

2251 5417 2598 5488 margaritam
2620 5415 2784 5469 vidua
2806 5413 2894 5468 illa
2921 5412 3128 5468 duobus
3155 5409 3280 5465 atris
3306 5406 3552 5470 minutis,
3579 5406 3636 5459 in
3668 5418 3820 5477 gazo-

2251 5510 2497 5583 phylacio
2543 5507 2760 5579 jactatis
2800 5502 3156 5575 comparavit.
3208 5497 3371 5568 Cujus
3416 5496 3658 5567 pretium
3721 5495 3824 5564 ipse

2252 5603 2406 5658 testis
2427 5599 2787 5664 conscientize,
2824 5597 3078 5652 Dominus
3101 5593 3325 5655 scilicet,
3372 5587 3725 5652 collaudavit,
3751 5583 3824 5638 di-

2251 5711 2378 5753 cens
2409 5713 2421 5748 :
2451 5714 2469 5746 ι
2498 5695 2666 5748 Amen
2689 5692 2809 5747 dico
2829 5688 3143 5758 vobis,quia
3169 5685 3325 5739 vidua
3352 5683 3466 5736 htec
3491 5694 3699 5750 pauper
3712 5675 3823 5746 plus

2250 5789 2500 5848 omnibus
2510 5786 2680 5854 misit,
2699 5784 3062 5857 quimiserunt
3074 5781 3130 5837 in
3142 5773 3609 5852 gazophylacium.
3629 5769 3824 5826 Omne!
