4002 6348
183 412 300 473 795

181 544 335 599 enim
356 555 422 596 ex
447 550 513 592 eo

181 594 508 705 diei—penuria
539 594 635 680 sua
683 617 826 689 quod
866 611 1088 674 habuit,
1139 603 1290 661 misit
1338 607 1511 656 totum
1557 594 1762 649 victum

181 685 347 786 1;.qu
379 685 571 790 (λιστα.
602 685 719 784 xu).
753 730 770 762 ι
789 706 961 777 ilnjus
979 697 1286 772 margarita:
1304 685 1762 764 pulchritudinem

178 777 504 883 beatissima
533 815 598 870 N.
622 777 776 883 cujus
797 806 956 862 hodie
979 799 1225 856 festivam
1251 789 1586 848 celebramus
1608 777 1761 883 festi-

180 917 411 971 vitatem
441 952 456 974 ,
503 869 919 962 multis'divitiis
955 890 1099 948 datis
1127 878 1498 954 comparavit,
1544 869 1764 944 quando

178 1023 291 1078 pro
321 965 455 1075 ejus,
482 1012 666 1054 amore
709 990 859 1061 regni
905 982 1201 1058 potentiam
1248 971 1663 1039 derelinquens,
1709 965 1767 1016 et

181 1067 407 1159 litorum
439 1092 634 1165 regalis
657 1080 980 1143 matrimonii
1011 1085 1295 1148 spernens,
1323 1067 1389 1122 ad
1412 1067 1764 1159 spontaneam

179 1146 562 1268 paupertatem
586 1199 644 1239 se
670 1176 914 1236 contulit.
939 1170 1094 1229 Unde
1115 1167 1233 1223 sine
1259 1159 1440 1268 dubio,
1467 1153 1593 1223 quia
1623 1146 1767 1250 regis

180 1238 391 1340 ἴριδι-ζιιί
406 1276 522 1346 conj
531 1275 710 1346 ugium
729 1261 1074 1334 contempsit,
1095 1269 1292 1329 sponsa
1314 1247 1504 1306 eﬂ‘ecta
1519 1250 1603 1298 est
1622 1238 1768 1310 regis

183 1371 432 1431 cmlestis
462 1386 475 1422 :
520 1345 583 1422 et
603 1379 723 1434 quae
766 1358 936 1415 noluit
965 1369 1086 1409 cum
1117 1361 1334 1404 terreno
1363 1354 1490 1412 rege
1537 1345 1768 1406 regnare

181 1465 242 1520 in
277 1461 509 1525 mundo,
542 1425 730 1526 regnat
757 1465 877 1506 cum
909 1444 1125 1503 Christo
1153 1441 1204 1494 in
1235 1435 1393 1493 cmlo.
1428 1432 1494 1486 Et
1519 1425 1646 1497 quia
1674 1436 1764 1476 sa-

183 1523 501 1610 lutationes
523 1557 580 1604 et
607 1523 796 1601 ioflicia
828 1538 1027 1612 refugit
1061 1532 1319 1606 regalium
1362 1523 1728 1581 ministrorum
1749 1553 1766 1579 ,

182 1647 466 1701 ministrat
497 1657 638 1696 nunc
671 1653 792 1694 cum
825 1633 1075 1696 Christo,
1107 1627 1390 1696 conjuncta
1419 1616 1650 1674 coetibus
1671 1625 1768 1662 an-

183 1737 454 1807 gelorum.
504 1732 571 1787 Et
613 1731 732 1784 ideo
776 1727 992 1797 dignum
1024 1730 1134 1783 est,
1188 1726 1250 1772 ut
1277 1714 1368 1785 qui
1417 1705 1768 1778 temporalem

181 1827 434 1896 reginam
463 1825 664 1878 honore
693 1819 872 1874 debito
897 1826 1242 1876 veneramur,
1269 1809 1410 1863 hanc
1437 1804 1547 1857 Deo
1581 1811 1769 1866 accep-

180 1929 306 1973 tam
334 1917 573 1988 reginam
603 1911 812 1968 devotis
835 1905 1087 1978 precibus
1115 1899 1475 1972 supplicemus
1505 1911 1517 1946 :
1548 1899 1607 1946 ut
1645 1889 1771 1960 quia

181 2025 293 2064 nos
313 2023 411 2063 suo
435 2003 682 2072 exemplo
709 2002 762 2055 in
788 1996 1005 2054 nomine
1025 1991 1229 2048 Christi
1251 1983 1625 2058 congregavit,
1661 1979 1775 2034 suis

181 2115 294 2154 nos
321 2096 527 2152 meritis
562 2102 616 2149 et
651 2087 990 2147 orationibus
1018 2085 1071 2138 in
1104 2077 1360 2152 prtesenti
1384 2076 1493 2130 vita
1513 2069 1777 2144 iucundos

183 2191 408 2253 eﬂiciat,
447 2198 501 2243 et
529 2188 580 2241 in
609 2185 792 2239 futuro
823 2188 1074 2251 acceptos
1103 2175 1314 2231 reddat.

272 2301 290 2333 ι
330 2280 527 2333 lterum
555 2273 729 2330 simile
755 2280 838 2326 est
861 2283 1085 2340 regnum
1113 2264 1373 2320 caelorum
1403 2273 1616 2329 sagente
1642 2255 1775 2309 mis-

193 2392 215 2424 ι
260 2386 332 2426 sze
355 2371 407 2424 in
427 2368 560 2422 mari
579 2376 633 2421 et
658 2380 724 2420 ex
741 2363 884 2420 omni
901 2373 1098 2432 genere
1109 2355 1337 2429 piscium
1354 2345 1722 2422 cougreganti.
1755 2364 1773 2398 ι

187 2463 430 2519 Pulchre
458 2475 671 2531 sagena:
697 2454 1031 2512 assimilatur
1060 2448 1324 2505 Ecclesia.
1354 2443 1481 2514 quia
1513 2449 1566 2496 et
1595 2439 1782 2510 pisca-

190 2556 303 2610 tori
326 2561 408 2609 est
428 2529 739 2614 commissa,
762 2556 817 2602 et
831 2548 973 2601 intra
998 2550 1112 2598 rete
1129 2539 1252 2594 fidei
1265 2534 1509 2608 quotidie
1535 2529 1784 2587 homines

191 2646 362 2715 capit.
425 2642 579 2699 Sicut
615 2640 758 2695 enim
803 2639 1133 2708 piscatorum
1163 2639 1263 2693 est,
1307 2641 1430 2683 cum
1471 2637 1671 2693 sagena
1718 2619 1786 2674 de

189 2712 481 2810 profundis
522 2730 823 2804 gurgitibus
874 2729 1050 2799 pisces
1099 2725 1165 2778 ad
1206 2722 1360 2776 littus
1406 2716 1651 2778 trahere,
1705 2712 1786 2767 sic

191 2801 441 2901 quotidie
469 2801 708 2880 Ecclesia
727 2863 742 2887 ,
783 2835 880 2892 per
903 2816 1204 2873 doctrinam
1231 2809 1647 2881 praedicatorum
1668 2843 1683 2868 ,
1717 2801 1786 2856 de

191 2895 522 2978 turbulentis
546 2927 602 2973 et
630 2914 831 2972 amaris
859 2908 1163 2984 gurgitibus
1187 2901 1406 2966 mundi,
1437 2905 1646 2953 mentes
1684 2895 1784 2948 ho-

190 3016 408 3072 minum
449 3013 516 3068 ad
543 3003 726 3065 veram
752 3006 926 3061 lucem
956 3001 1171 3057 trahere
1195 2995 1391 3052 studet.
1425 2991 1492 3046 Et
1531 2986 1787 3058 quoniam

190 3106 439 3177 quandiu
470 3103 523 3158 in
548 3097 803 3172 praesenti
832 3097 942 3151 vita
973 3090 1214 3148 Ecclesia
1244 3101 1366 3142 cum
1400 3083 1558 3139 bonis
1585 3078 1791 3150 colligit

193 3209 249 3256 et
277 3198 473 3262 malos,
501 3203 646 3251 recte
675 3193 742 3247 de
770 3189 959 3246 eadem
982 3199 1182 3256 sagena
1209 3179 1458 3237 subditur
1486 3195 1500 3230 :

1450 381 1752 445 HOMILIIE
1795 381 1884 439 DE
1920 379 2228 438 SANCTIS.

533 529 674 603 quod
700 519 989 583 abundavit
1011 512 1134 581 illis,
1162 510 1426 567 miserunt
1451 518 1468 558 :
1489 503 1605 603 haec
1625 514 1755 556 vero
1779 500 1836 562 Α
1857 497 2149 570 Evangelio
2212 494 2385 551 dicit:
2454 513 2474 547 ι
2511 494 2684 551 Mittet
2720 491 2889 550 Filius
2921 490 3158 548 hominis
3221 491 3440 560 angelos

1852 604 2013 655 ‘suos,
2058 596 2112 644 et
2161 586 2412 658 colligent
2455 587 2520 642 de
2573 602 2739 658 regno
2787 585 2905 656 ejus
2959 583 3139 639 omnia
3191 581 3439 637 scandala

3332 373 3436 434 794

1866 681 2082 754 (Matth.
2113 679 2252 750 xm).
2291 698 2310 731 ι
2369 678 2437 733 Ει
2475 679 2602 733 item
2643 678 2710 733 de
2765 676 2987 732 zizaniis
3029 691 3149 746 qua:
3196 673 3444 728 inimicus

1866 776 2030 832 homo
2062 771 2513 844 superseminavit
2542 771 2746 835 tritico,
2776 771 3135 841 interrogatus
3159 766 3234 820 ait
3259 783 3274 820 :
3312 784 3329 816 ι
3360 763 3446 820 Si-

1864 866 1981 922 nite
2008 874 2236 936 utraque
2279 879 2524 920 crescere
2553 877 2724 933 usque
2754 862 2820 916 ad
2850 876 3099 925 messem,
3149 869 3204 914 et
3230 859 3284 912 in
3315 867 3450 912 tem-

1867 972 1998 1029 pore
2024 957 2215 1011 messis
2250 955 2421 1009 dicam
2448 953 2777 1009 messoribus
2801 969 2814 1005 :
2844 949 3088 1020 Colligite
3117 947 3352 1019 primum
3381 946 3454 1002 zi-

1870 1048 2050 1115 zania,
2079 1047 2292 1117 alligate
2317 1061 2380 1100 ea
2410 1046 2464 1100 in
2485 1043 2770 1100 fasciculos
2791 1043 2858 1097 ad
2886 1040 3331 1100 comburendum,
3363 1037 3455 1092 tri-

1869 1139 2034 1194 ticum
2057 1147 2237 1193 autem
2262 1143 2584 1208 congregate
2607 1135 2660 1189 in
2690 1134 2944 1188 horreum
2979 1145 3158 1186 meum
3183 1126 3392 1200 (Ibid)
3431 1146 3450 1179 ι

1867 1231 2103 1302 ldipsum
2131 1238 2218 1285 est
2246 1229 2389 1300 quod
2412 1227 2537 1282 alibi
2565 1226 2764 1282 dicitur
2788 1241 2816 1278 a
2853 1223 3080 1279 Domino
3103 1239 3116 1275 :
3160 1240 3178 1273 ι
3208 1221 3341 1276 Cum
3371 1234 3456 1275 se-

1870 1322 2012 1379 derit
2038 1319 2211 1377 Filius
2231 1321 2464 1378 hominis
2492 1322 2546 1377 in
2573 1322 2699 1377 sede
2732 1317 3030 1391 majestatis
3069 1329 3202 1379 suae,
3229 1327 3459 1383 congre-

1870 1419 2140 1491 gabuntur
2181 1432 2308 1478 ante
2335 1441 2458 1481 eum
2487 1440 2676 1481 omnes
2702 1430 2909 1494 gentes,
2964 1425 3018 1473 et
3049 1415 3326 1486 separabit
3367 1399 3464 1468 eo‘

1870 1519 1939 1574 ab
1992 1519 2242 1582 invicem,
2293 1518 2431 1572 sicut
2480 1526 2667 1588 pastor
2715 1520 2962 1585 segregat
3006 1525 3136 1566 oves
3180 1507 3248 1562 ab
3293 1504 3464 1561 hzedis

1871 1609 2089 1682 (Matth.
2125 1608 2273 1681 xxv),
2307 1628 2324 1659 ι
2373 1615 2479 1664 etc.
2518 1606 2578 1662 ln
2628 1621 2694 1660 eo
2738 1613 2915 1658 autem
2969 1599 3114 1671 quod
3171 1595 3460 1653 subditur:

1878 1720 1896 1753 ι
1930 1701 2002 1756 lbi
2030 1702 2132 1756 erit
2165 1699 2322 1755 ﬂetus
2342 1710 2396 1756 et
2419 1699 2617 1755 stridor
2634 1697 2894 1759 dentium,
2931 1715 2948 1745 ι
2986 1689 3273 1747 manifeste
3294 1683 3466 1757 quali-

1873 1801 1958 1848 tas
1973 1809 2128 1863 paena
2138 1808 2256 1847 rum
2275 1790 2618 1847 describitur.
2641 1788 2794 1844 Oculi
2818 1788 2962 1842 enim
2983 1800 3096 1856 prae
3124 1781 3292 1836 nimio
3316 1777 3465 1834 fumo

1803 1885 1850 1944 B
1877 1882 2044 1938 fluere
2066 1883 2334 1953 lacrymas
2361 1881 2556 1945 solent,
2584 1879 2771 1934 dentes
2794 1871 3098 1930 vehementi
3124 1869 3322 1940 frigore
3343 1865 3472 1922 stri-

1879 1977 2119 2031 descere.
2173 1973 2305 2028 Cum
2341 1988 2470 2027 vero
2498 1972 2598 2035 ait,
2651 1987 2671 2020 ι
2711 1968 2785 2022 lbi
2813 1967 2919 2020 erit
2962 1963 3116 2018 fletus
3166 1969 3220 2014 et
3269 1957 3470 2013 stridor

1878 2063 2140 2128 dentium,
2181 2082 2199 2112 ›
2269 2061 2505 2116 ostendit
2551 2059 2676 2130 quia
2723 2055 2938 2127 reprobi
2990 2053 3044 2107 in
3089 2051 3370 2123 gehenna,
3415 2054 3472 2101 et

1879 2153 2049 2224 frigus
2078 2152 2435 2216 intolerabile,
2475 2159 2530 2206 et
2558 2149 2792 2205 calorem
2840 2139 3266 2200 inaestimabilem
3307 2135 3471 2193 susti-

1880 2247 2106 2311 nelnmt,
2158 2243 2311 2312 juxta
2356 2243 2484 2298 illud
2537 2241 2680 2311 quod
2732 2253 2829 2310 per
2861 2237 3078 2291 beatum
3123 2229 3224 2286 Job
3273 2228 3475 2285 dicitur

1883 2339 2022 2412 (cap.
2056 2340 2246 2410 xxnv):
2310 2356 2328 2388 ι
2365 2337 2447 2391 Ad
2496 2335 2730 2390 calorem
2780 2330 3004 2385 nimium
3049 2325 3359 2383 transibunt
3403 2320 3471 2376 ab

1885 2432 2043 2501 aquis
2087 2431 2288 2484 nivium
2317 2470 2332 2494 ,
2373 2439 2427 2482 et
2455 2439 2624 2496 usque
2649 2425 2716 2479 ad
2765 2421 2968 2476 inferos
2996 2424 3275 2489 peccatum
3307 2412 3471 2477 illius,

1884 2521 2234 2578 obliviscatur
2283 2517 2402 2586 ejus
2443 2513 2835 2576 misericordia,
2886 2509 3109 2566 dulcedo
3155 2505 3297 2562 illius
3350 2517 3473 2557 ver-

1886 2617 2009 2670 mis.
2041 2634 2059 2666 ι
2093 2612 2268 2668 Finita
2297 2621 2476 2666 autem
2515 2608 2868 2665 similitudine
2889 2647 2905 2673 ,
2953 2606 3020 2661 de
3052 2603 3170 2672 ejus
3201 2597 3475 2655 intellectu

1888 2707 2138 2762 Salvator
2189 2701 2477 2772 discipulos
2507 2699 2756 2770 requirit,
2809 2695 3101 2752 ostendens
3149 2691 3253 2762 piis
3304 2686 3477 2758 magi—

1887 2801 2038 2864 stris,
2062 2810 2122 2853 ut
2147 2797 2281 2852 alios
2307 2797 2514 2866 possint
2532 2793 2767 2858 erudire,
2823 2787 3115 2860 aliquando
3142 2785 3478 2853 interrogare

1887 2892 2104 2948 debere.
2145 2890 2236 2944 Ait
2261 2889 2406 2944 enim
2433 2903 2447 2941 :

1965 3003 1985 3034 ι
2022 2980 2365 3037 lntellexistis
2432 2979 2549 3033 hazc
2613 2973 2838 3031 omnia?
2897 2993 2918 3026 ι
2960 2971 3177 3041 Illisque
3249 2963 3480 3023 dicenti-

1890 3078 2012 3142 bus,
2075 3093 2093 3126 ι
2130 3074 2342 3139 Etiam,
2403 3089 2421 3123 ι
2469 3073 2535 3125 de
2578 3067 2823 3139 profectu
2857 3065 3072 3122 illorum
3121 3061 3477 3134 gloriabatur,

1893 3170 2081 3226 dicens
2110 3184 2124 3221 :

279 3239 473 3262 .......,.,
503 3239 646 3251 .c---
678 3239 741 3247 ..-
774 3239 957 3246 -__.._--
991 3239 1003 3241 _
1047 3239 1076 3256 υ

276 3310 298 3342 ι
334 3291 506 3358 Quam
527 3329 542 3354 ,
578 3300 699 3341 cum
733 3281 954 3353 impleta
992 3283 1159 3342 esset,
1203 3273 1520 3332 educentes,
1554 3273 1608 3322 et
1631 3277 1788 3319 secus
1815 3241 1863 3304 (ἶ
1972 3280 1990 3312 ι
2033 3258 2156 3312 ldeo
2183 3255 2359 3311 omnis
2383 3254 2561 3309 scriba
2600 3252 2790 3306 doctus
2821 3248 2872 3302 in
2901 3261 3068 3317 regno
3094 3241 3378 3305 calorum,
3410 3239 3481 3294 si-

1706 3355 1720 3358 ‘
2020 3351 2072 3358 “‘
2243 3351 2256 3358 -
2375 3349 2385 3358 -
2432 3349 2443 3358 -
2551 3355 2559 3358 -
2600 3345 2644 3358 οη
2735 3343 2784 3358 οι·
3032 3337 3228 3358 _a_o-_.
3261 3336 3318 3358 Δ-
3358 3335 3446 3358 ιι.-

201 3405 220 3437 ι
263 3384 422 3439 littus
451 3378 703 3436 sedentes
729 3375 1010 3445 elegerunt
1029 3370 1202 3424 bonos
1233 3365 1285 3419 in
1316 3377 1444 3417 vasa
1471 3374 1590 3423 sua,
1617 3355 1790 3411 malos

201 3494 220 3528 ι
265 3483 449 3529 autem
475 3470 622 3525 foras
649 3468 932 3522 miserunt.
974 3481 992 3514 ι
1026 3459 1124 3516 Ubi
1153 3471 1276 3513 cum
1299 3454 1424 3510 boni
1447 3460 1503 3506 et
1529 3449 1657 3505 mali
1688 3461 1788 3501 no-

197 3569 502 3628 minantur,
550 3559 836 3633 praesentis
865 3551 1125 3624 temporis
1169 3545 1408 3603 Ecclesia
1453 3541 1787 3611 designatur.

196 3662 339 3718 Boni
367 3660 512 3716 enim
542 3656 642 3712 soli
672 3661 938 3722 nusquam
962 3654 1089 3703 sunt
1115 3643 1218 3698 nisi
1246 3642 1300 3696 in
1336 3634 1510 3699 coelo,
1541 3631 1667 3689 mali
1698 3645 1792 3684 au-

198 3765 314 3812 tem
343 3765 608 3822 nusquam
641 3745 741 3803 soli
782 3751 908 3800 sunt
958 3739 1064 3796 nisi
1094 3738 1147 3792 in
1187 3734 1422 3791 inferno.
1457 3727 1584 3784 Hrec
1612 3733 1792 3781 autem

201 3817 611 3912 Ecclesia-quae
656 3841 710 3894 in
751 3835 928 3892 medio
968 3828 1252 3894 consistit,
1293 3825 1578 3893 utriusque
1607 3817 1795 3890 patria:

204 3939 357 3995 cives
394 3910 622 4002 recipit,
652 3929 794 3986 sicut
836 3941 934 3998 per
957 3921 1302 3980 Psalmistam
1336 3915 1534 3972 dicitur
1565 3930 1578 3966 :
1619 3928 1638 3961 ι
1679 3910 1792 3964 Δη-

206 4027 453 4087 nuntiavi
485 4034 540 4080 et
562 4025 773 4079 locutus
803 4035 945 4085 sum,
973 4011 1317 4085 multiplicati
1349 4016 1476 4065 sunt
1505 4019 1667 4076 super
1697 4018 1797 4057 nu-

206 4136 423 4180 merum
444 4117 616 4193 (Psal.
645 4113 856 4185 χχχιχ).
899 4132 917 4164 ι
946 4109 1048 4168 Ubi
1078 4102 1529 4164 considerandum
1559 4107 1641 4153 est
1669 4094 1795 4166 quia

208 4230 377 4286 super
415 4223 696 4266 numerum
725 4184 1019 4262 electorum
1065 4199 1224 4255 modo
1257 4196 1314 4250 in
1357 4190 1595 4247 Ecclesia
1641 4184 1797 4242 multi

209 4303 428 4376 reprobi
452 4302 654 4356 intrare
685 4303 929 4368 possunt,
964 4291 1058 4346 sed
1081 4291 1134 4345 in
1162 4301 1382 4358 regnum
1409 4281 1666 4338 cmlorum
1693 4290 1800 4331 non

211 4365 462 4466 possunt.
493 4391 644 4448 Unde
669 4365 724 4444 et
746 4388 886 4442 bene
917 4382 1151 4439 dicitur:
1187 4397 1206 4430 ι
1241 4375 1531 4445 Elegerunt
1556 4370 1727 4424 bonos
1747 4365 1801 4418 in

213 4503 348 4543 vasa
385 4502 512 4552 sua,
540 4482 712 4538 malos
739 4487 919 4534 autem
960 4473 1108 4529 foras
1133 4471 1418 4525 miserunt.
1461 4482 1480 4514 ι
1513 4461 1571 4516 1η
1606 4457 1804 4530 quibus

213 4579 398 4636 verbis
428 4573 712 4631 manifeste
745 4567 1000 4626 discretio
1035 4564 1332 4618 electorum
1360 4565 1416 4612 et
1445 4552 1800 4624 reproborum

214 4674 270 4729 in
307 4672 412 4725 fine
455 4667 636 4725 saeculi
689 4665 868 4720 futura
915 4674 1036 4715 esse
1083 4653 1409 4711 ostenditur.
1461 4647 1615 4703 Sicut
1656 4642 1803 4699 enim

216 4777 372 4818 mare
397 4757 672 4819 saeculum,
715 4755 794 4810 sic
830 4752 980 4807 littus
1004 4746 1171 4803 maris
1219 4743 1379 4798 finem
1413 4735 1682 4809 significat
1709 4745 1807 4787 sm-

198 4848 349 4911 culi.
377 4853 433 4907 In
466 4851 645 4906 littore
681 4847 826 4902 enim
854 4842 1130 4902 sedentes,
1168 4854 1186 4888 ι
1220 4833 1500 4904 elegerunt
1548 4829 1719 4882 bonos
1754 4821 1808 4875 in

219 4961 353 5002 vasa
377 4959 492 5003 sua.
525 4940 698 4996 malos
720 4947 900 4992 autem
925 4933 1071 4990 foras
1101 4928 1382 4989 miserunt,
1421 4942 1440 4975 ι
1466 4919 1590 4989 quia
1621 4918 1674 4972 in
1705 4914 1813 4969 line

222 5034 407 5092 smculi
449 5031 603 5088 electi
635 5034 978 5084 assumentur
1020 5020 1088 5076 ad
1117 5017 1363 5090 gloriam,
1402 5019 1459 5067 et
1495 5007 1708 5079 reprobi
1732 5020 1816 5061 se-

222 5130 560 5203 parabuntnr
582 5125 647 5178 ad
679 5135 914 5193 poenam,
945 5117 1099 5188 juxta
1124 5110 1268 5183 quod
1296 5106 1420 5163 alibi
1453 5101 1712 5158 Dominus
1740 5096 1818 5151 ait

227 5195 282 5281 in
312 5221 604 5292 Evangelia
630 5237 642 5272 :
681 5237 699 5268 ι
730 5215 786 5270 ln
813 5213 899 5268 illa
923 5219 1080 5266 nocte
1102 5210 1263 5262 erunt
1289 5202 1395 5256 duo
1431 5198 1482 5252 in
1520 5195 1658 5249 lecto
1678 5204 1815 5245 uno:

227 5329 370 5370 unus
398 5320 726 5370 assumetur,
777 5312 832 5359 et
859 5317 996 5357 unus
1045 5297 1380 5365 relinquetur
1409 5286 1562 5360 (Luc.
1594 5280 1754 5352 xvn).
1791 5298 1810 5331 ο

233 5407 387 5464 Unde
442 5413 496 5460 et
550 5413 825 5472 exponens
881 5393 1142 5449 Dominus
1197 5380 1607 5444 similitudinem
1639 5416 1654 5442 ,
1718 5371 1817 5428 ad-

226 5499 444 5570 junxit:

373 5587 466 5644 Sic
507 5587 614 5643 erit
637 5585 691 5640 in
723 5577 1184 5639 consummatione
1220 5570 1423 5629 sarculi.
1469 5564 1702 5622 Exibunt
1727 5575 1823 5616 an-

243 5701 262 5734 ι
304 5681 404 5752 geli
435 5689 489 5736 ct
531 5677 858 5750 separabth
905 5670 1075 5726 malos
1127 5667 1193 5722 de
1220 5663 1396 5720 medio
1418 5660 1711 5728 iustorum,
1766 5659 1849 5708 et.

244 5793 264 5825 ς
310 5775 527 5829 mittent
580 5749 673 5828 eos
712 5769 764 5823 in
815 5764 1082 5822 caminum
1111 5759 1269 5831 ignis,
1311 5756 1383 5812 ibi
1434 5753 1539 5808 erit
1586 5749 1741 5804 fletus
1769 5752 1824 5800 et

251 5883 273 5923 t
316 5867 519 5924 stridor
548 5863 809 5921 dentium.
848 5881 866 5914 ι
908 5857 1020 5914 Hoc
1047 5863 1130 5912 est
1151 5851 1295 5927 quod
1316 5847 1574 5906 Dominus
1602 5844 1655 5899 in
1686 5841 1814 5899 alibi

1898 3373 1918 3406 ι
1961 3351 2108 3408 milis
2133 3359 2219 3406 est
2243 3349 2445 3404 homini
2474 3343 2874 3418 patrifamilias,
2912 3341 3003 3411 qui
3031 3337 3235 3409 profert
3257 3336 3322 3389 de
3358 3335 3478 3388 the-

1899 3464 1918 3496 ι
1963 3457 2124 3498 sauro
2152 3439 2250 3495 stio
2281 3454 2418 3493 nova
2473 3444 2527 3491 et
2554 3443 2753 3490 vetera.
2802 3452 2820 3485 ι
2865 3429 3018 3499 Quod
3071 3425 3378 3499 specialiter
3417 3423 3485 3478 ad

1893 3534 2171 3607 apostolos
2205 3531 2478 3601 pertinere
2508 3543 2575 3582 ex
2611 3542 2676 3581 eo
2724 3523 3069 3579 manifestum
3106 3527 3188 3574 est
3217 3515 3360 3587 quod
3391 3516 3486 3570 hoc

1893 3628 2025 3684 mini
2059 3623 2436 3696 patrifamilias
2474 3626 2873 3689 comparantur,
2910 3635 2928 3667 ι
2962 3610 3256 3685 proferenti
3282 3610 3348 3664 de
3376 3608 3488 3662 the-

1895 3732 2058 3772 sauro
2080 3729 2179 3770 suo
2213 3729 2348 3770 nova
2376 3721 2433 3766 et
2452 3720 2652 3765 vetera.
2688 3728 2724 3766 t,
2753 3706 2809 3762 Si
2839 3705 2983 3761 enim
3012 3717 3110 3775 per
3149 3717 3288 3757 nova
3317 3708 3372 3755 et
3397 3714 3486 3754 ve-

1898 3819 2013 3863 tera
2043 3807 2210 3862 Vetus
2249 3812 2305 3859 et
2332 3802 2537 3857 Novum
2584 3799 2988 3853 Testamentum
3017 3793 3336 3863 accipimus,
3380 3787 3490 3842 Ab-

1899 3897 2086 3952 raham
2108 3903 2163 3949 et
2184 3893 2402 3965 Moysen
2434 3899 2768 3958 caeterosque
2785 3885 2978 3941 Patres
3004 3884 3095 3955 qui
3118 3891 3244 3938 ante
3274 3877 3486 3936 Domini

1810 3989 1818 3997 “
1900 3992 2186 4046 adventum
2216 3987 2465 4051 fuerunt,
2506 3999 2647 4039 nova
2681 3998 2803 4036 cum
2847 3979 3122 4034 veteribus
3155 3991 3259 4031 non
3301 3982 3489 4044 protu-

1900 4085 2026 4140 lisse
2050 4080 2460 4153 cognoscimus:
2505 4076 2632 4146 quia
2680 4074 2782 4130 etsi
2813 4088 2949 4127 nova
2978 4075 3360 4131 narraverunt,
3393 4063 3491 4118 Do-

1901 4175 2032 4231 mini
2061 4184 2240 4228 tamen
2276 4169 2707 4226 incarnationem
2747 4179 2941 4219 novam
2977 4157 3352 4231 corporalibus
3371 4168 3496 4210 ocu-

1903 4264 1969 4320 lis
2023 4279 2128 4319 non
2177 4263 2452 4325 viderunt,
2513 4258 2651 4314 sicut
2707 4255 2821 4326 ipse
2868 4251 3144 4322 discipulis
3192 4247 3306 4304 suis
3369 4245 3488 4298 ait:

1910 4378 1930 4410 ι
1975 4357 2126 4411 Multi
2158 4369 2310 4426 reges
2359 4361 2406 4407 et
2442 4352 2718 4422 propheta:
2746 4347 3031 4403 voluerunt
3052 4343 3235 4397 videre
3260 4354 3380 4409 quae
3398 4352 3495 4390 vos

1907 4449 2199 4515 videtis,et
2232 4463 2339 4502 non
2386 4445 2676 4500 viderunt:
2720 4451 2776 4497 et
2797 4439 2986 4494 audire
3011 4451 3132 4507 qua:
3171 4432 3391 4494 auditis,
3441 4438 3498 4485 et

1908 4558 2014 4598 non
2045 4541 2334 4595 audierunt
2375 4535 2528 4605 (Luc.
2561 4537 2637 4603 χ).
2677 4553 2697 4584 ι
2750 4528 2991 4601 Apostoli
3035 4534 3217 4581 autem
3264 4537 3400 4578 nova
3441 4527 3498 4576 et

1907 4643 2092 4699 vetera
2122 4628 2474 4701 spiritualiter
2505 4625 2907 4686 intellexerunt,
2929 4629 2986 4675 et
3025 4633 3164 4674 nova
3209 4612 3500 4684 corporali-

1908 4727 2009 4782 bus
2035 4723 2209 4778 oculis
2237 4720 2506 4774 viderunt.
2541 4715 2748 4782 Quibus
2798 4712 2912 4783 ipse
2957 4711 3076 4766 ait:
3120 4727 3140 4761 ‹
3189 4704 3496 4762 Mandatum

1910 4833 2110 4874 novum
2136 4816 2205 4870 do
2228 4814 2407 4878 vobis,
2455 4821 2514 4864 ut
2543 4807 2778 4879 diligatis
2804 4804 3034 4860 invicem
3084 4799 3270 4875 (Joan.
3297 4796 3438 4867 xm).
3475 4814 3494 4847 ι

1915 4911 2043 4968 Sive
2067 4909 2252 4966 aliter:
2288 4906 2486 4963 Vetera
2523 4904 2591 4959 ad
2641 4915 2856 4972 prunam
2879 4939 2894 4964 ,
2941 4911 3078 4952 nova
3107 4892 3382 4966 pertinent
3432 4889 3501 4943 ad

1919 5003 2166 5074 gloriam.
2194 4999 2477 5055 Vetustum
2504 4995 2649 5050 enim
2688 4999 2808 5048 erat
2841 4988 3042 5045 homini
3072 4994 3192 5058 post
3221 4991 3502 5054 peccatum

1922 5072 2002 5152 ire
2016 5093 2079 5149 ad
2096 5107 2336 5164 pmnam,
2353 5089 2439 5144 cui
2454 5085 2656 5156 aliquid
2673 5097 2870 5140 novum
2895 5095 2991 5153 per
3013 5075 3394 5147 Redemptoris
3407 5072 3504 5127 ad—

1881 5184 1886 5187 ’
1922 5197 2141 5243 ventum
2165 5182 2412 5254 contigit,
2441 5179 2657 5251 quando
2684 5178 2822 5232 bene
2842 5171 3194 5245 operantibus
3220 5167 3390 5240 gloria
3418 5172 3504 5220 est

1925 5275 2423 5351 repromissa.Cuin
2447 5288 2576 5344 ergo
2599 5270 2858 5326 Dominus
2891 5264 3182 5336 discipulos
3208 5259 3500 5323 collaudat,

1927 5373 2113 5429 dicens
2136 5388 2150 5424 :
2172 5389 2189 5421 ‹
2212 5366 2400 5424 Omnis
2417 5365 2592 5420 scriba
2606 5363 2792 5417 doctus
2809 5360 2860 5414 in
2875 5372 3040 5429 regno
3055 5354 3335 5414 caelorum,
3354 5347 3505 5403 simi-

1928 5465 1998 5521 lis
2043 5471 2127 5519 est
2153 5460 2354 5517 homini
2382 5453 2782 5529 patrifamilias,
2805 5452 2895 5523 qui
2920 5449 3128 5521 profert
3157 5446 3222 5500 de
3251 5445 3506 5497 thesauro

1932 5578 2030 5617 suo
2072 5574 2208 5614 nova
2251 5566 2306 5611 et
2350 5564 2551 5611 vetera.
2593 5571 2611 5603 ι
2667 5549 2916 5606 Ostendit
2950 5546 3095 5600 hunc
3134 5539 3376 5597 ordinem
3413 5535 3508 5589 do-

1928 5653 2170 5712 ctoribus
2209 5650 2261 5704 in
2287 5646 2666 5719 praedicatione
2717 5639 3058 5700 servamlum,
3093 5644 3149 5688 ut
3180 5639 3358 5684 vetera
3385 5642 3507 5697 pro-

1929 5747 2108 5801 ferant
2136 5745 2202 5798 de
2233 5751 2436 5796 terrore
2465 5737 2728 5809 supplicii,
2785 5744 2840 5789 et
2875 5745 3009 5785 nova
3055 5726 3122 5781 de
3153 5720 3510 5794 promissione

1927 5838 2157 5914 praemii.
2197 5836 2350 5906 Quod
2387 5844 2441 5891 et
2468 5835 2521 5890 in
2552 5833 2710 5904 hujus
2739 5827 2982 5885 lectionis
3028 5822 3169 5879 serie
3198 5834 3292 5878 suo
3325 5829 3508 5876 exem-
