4002 6348
531 402 634 487 793

1194 429 1545 513 HAYMONIS
1584 423 2058 484 HALBERSTAT.
2097 419 2307 480 EPlSC.
2346 421 2494 479 OPP.
2532 421 2713 478 PARS
2749 421 2811 477 ll.
2844 416 2921 463 '—
2956 419 3186 477 HOMIL.

528 546 618 618 pio
654 548 911 602 Dominus
957 544 1211 610 ostendit,
1245 560 1366 600 cum
1408 544 1459 598 in
1491 543 1764 613 prioribus
1802 539 2110 597 similitudi—
2138 532 2185 592 A
2214 532 2354 587 sicut
2393 530 2619 602 legimus
2651 530 2716 586 de
2746 530 3237 585 Nabuchodonosor
3259 570 3274 592 ,
3314 527 3406 618 qui
3442 527 3568 618 dum
3631 528 3854 583 deam-

529 639 688 693 nibus
710 636 949 694 incitavit
981 635 1048 689 ad
1076 637 1376 706 praemium,
1408 646 1460 691 et
1492 636 1544 690 in
1577 635 1928 706 sequentibus
1957 647 2109 688 com-

529 728 765 781 minatur
789 724 1132 796 supplicium,
1157 725 1467 790 osteudens,
1498 734 1555 780 ut
1586 708 1787 779 dictum
1813 731 1914 788 est,
1934 723 2115 777 docto-

528 821 676 875 ribus
699 818 824 890 quia
873 818 951 873 sic
1000 819 1136 874 bene
1182 819 1531 890 operantibus
1558 818 1753 873 debent
1797 816 2113 885 promittere

526 909 771 981 gloriam,
805 918 863 964 ut
891 924 997 964 non
1035 918 1249 965 cessent
1276 910 1622 980 peccantibus
1648 908 1964 965 comminari
1998 922 2114 977 ρω-

527 1016 670 1055 nam.
701 1000 854 1068 Quod
880 1001 1042 1055 etiam
1076 1000 1129 1055 in
1175 1002 1291 1070 lege
1338 1001 1563 1073 ﬁgurate
1591 999 1847 1066 ostendit,
1900 998 2115 1070 quando

524 1108 623 1163 per
677 1093 893 1164 Moysen
940 1093 1044 1148 tale
1092 1102 1420 1163 praeceptum
1450 1094 1626 1157 dedit,
1681 1092 1905 1147 dicens:
1945 1110 1962 1142 ι
1996 1088 2114 1145 Νοιι

526 1184 761 1254 accipies
790 1184 906 1239 loco
936 1184 1175 1256 pignoris
1203 1185 1536 1255 superiorem
1566 1192 1621 1238 et
1655 1182 1965 1238 inferiorem
1997 1196 2112 1236 mo-

524 1276 652 1342 lam,
674 1277 799 1346 quia
828 1277 1075 1348 apposuit
1099 1276 1191 1330 tibi
1220 1277 1454 1330 animam
1487 1290 1641 1329 suam
1673 1273 1851 1342 (Dent.
1889 1271 2059 1342 xxxv).
2088 1289 2107 1323 ι

530 1366 791 1438 Superior
828 1366 969 1422 enim
1010 1375 1066 1421 et
1113 1367 1337 1422 inferior
1364 1365 1501 1420 mola
1535 1381 1657 1435 spes
1695 1371 1748 1419 et
1787 1363 1949 1417 timor
1975 1362 2117 1417 acci-

526 1448 691 1539 pitur.
746 1458 910 1530 Quasi
961 1460 1106 1513 enim
1154 1475 1182 1512 a
1213 1456 1544 1513 debitoribus
1576 1456 1770 1541 pignus
1798 1452 2121 1522 accipimus,

526 1536 650 1607 cum
679 1550 1072 1606 confessionem
1104 1548 1403 1620 peccatoris
1433 1536 1744 1616 accipimus.
1794 1544 1892 1599 Cui
1927 1544 1971 1599 si
1998 1558 2119 1612 pue-

527 1645 723 1700 nitenti
755 1658 904 1714 spem
934 1657 1039 1697 non
1072 1640 1495 1711 repromittimus
1517 1680 1530 1704 ,
1568 1638 1781 1693 veniam
1832 1649 2113 1705 negamus,

526 1736 865 1806 superiorem
894 1735 1092 1790 molam
1128 1732 1382 1790 tollimus.
1416 1732 1476 1787 Si
1505 1742 1685 1786 autem
1713 1730 1985 1800 peccatori
2028 1744 2117 1784 se-

526 1829 641 1884 euri
651 1840 699 1882 ta
708 1837 812 1883 tem
841 1827 1047 1889 damus,
1069 1825 1376 1881 inferiorem
1393 1823 1772 1880 abstrahimus.
1790 1819 1894 1876 Sed
1909 1827 2120 1881 utrum-

2215 621 2427 676 bularet
2458 619 2785 675 dominus‘in
2817 619 2936 673 aula
2964 619 3118 689 regni
3157 618 3239 674 soi
3277 618 3330 672 in
3374 616 3699 689 Babylmia
3760 626 3849 670 tu~

2215 730 2366 770 mens
2404 714 2679 785 superbia,
2704 712 2980 783 respondit
3011 725 3027 765 :
3081 730 3099 762 ι
3142 711 3332 766 Nonne
3374 712 3489 766 haec
3514 718 3607 766 est
3638 709 3851 779 Baby-

2215 805 2302 862 lon
2344 804 2453 869 illa,
2486 819 2647 875 quam
2674 819 2774 875 ego
2800 802 3061 858 aediﬁcavi
3091 802 3146 857 in
3177 802 3371 857 robore
3406 811 3461 857 et
3495 802 3549 856 iu
3582 800 3848 856 brachio

2215 895 2549 952 fortitudinis
2583 895 2747 950 meae?
2777 914 2796 946 ι
2824 893 2987 964 (Dan.
3018 891 3117 964 xv.)
3155 891 3261 947 Sed
3291 892 3551 949 Dominus
3582 908 3716 946 non
3752 900 3845 944 ta-

2216 985 2339 1040 liter
2360 985 2640 1055 respondit
2666 984 2806 1040 sicut
2832 982 3365 1040 Nabuchodonosor:
3403 983 3498 1038 sed
3526 980 3845 1052 respondit

2216 1076 2526 1130 humanitas
2552 1074 2854 1140 Divinitati,
2879 1074 2987 1128 imo
3011 1072 3179 1128 Filius
3207 1073 3273 1128 ad
3293 1072 3530 1128 Patrem.
3578 1072 3846 1127 Videbat

2216 1166 2362 1221 enim
2414 1166 2704 1221 simulacra
2753 1164 3140 1220 daemoniorum
3202 1161 3439 1229 destrui,
3504 1164 3841 1235 principem

2218 1255 2405 1310 mundi
2450 1255 2570 1325 ejici
2602 1253 2785 1317 foras,
2825 1264 2881 1309 et
2918 1270 3071 1310 suum
3123 1270 3405 1309 numerum
3444 1270 3748 1315 crescere,
3786 1264 3843 1309 et

2221 1345 2340 1400 ideo
2370 1345 2662 1400 exsultavit
2688 1354 2744 1400 et
2768 1345 2940 1401 dixit:
2978 1364 2998 1397 ι
3033 1343 3324 1400 Conﬁteor.
3361 1366 3379 1398 ι
3414 1345 3625 1400 Tribus
3680 1346 3837 1401 enim

2220 1438 2397 1493 modis
2445 1437 2713 1493 confessio
2758 1437 2976 1493 dicitur.
3036 1438 3131 1493 Est
3170 1436 3440 1494 confessio
3470 1439 3526 1493 in
3570 1438 3720 1500 ﬁde,
3781 1447 3838 1495 et

2221 1529 2492 1585 confessio
2536 1530 2588 1601 in
2624 1531 2881 1599 peccatis,
2917 1539 3003 1585 est
3036 1538 3093 1585 et
3119 1530 3387 1586 confessio
3436 1532 3490 1586 iu
3519 1530 3725 1585 laude.
3777 1530 3835 1586 In

2221 1622 2350 1687 ﬁde,
2381 1623 2520 1678 sicut
2544 1623 2836 1679 conﬁtetur
2859 1623 3179 1681 universalis
3206 1624 3443 1680 Ecclesia
3466 1641 3593 1682 cum
3644 1626 3831 1681 dicit:

2226 1733 2247 1769 ι
2275 1715 2467 1773 Credo.
2498 1716 2551 1772 in
2601 1718 2788 1772 Deum.
2830 1738 2848 1771 ι
2902 1718 3000 1774 Est
3031 1718 3303 1777 confessio
3332 1721 3385 1775 in
3431 1723 3717 1791 peccatis,
3767 1722 3834 1778 de

2223 1824 2329 1878 qua
2370 1808 2645 1878 apostolus
2671 1810 2842 1865 dicit:
2889 1829 2907 1862 ι
2942 1810 3285 1866 Conﬁtemini
3320 1811 3651 1868 alterutrum
3700 1830 3831 1883 pec-

526 1932 631 1995 que
687 1920 1080 1978 observandum
1139 1929 1260 1985 est,
1314 1927 1373 1973 ut
1424 1918 1501 1972 sic
1554 1913 1938 1986 paenitentibus
1994 1928 2118 1984 pro-

2226 1908 2347 1956 cata
2371 1910 2551 1957 vestra
2586 1899 2726 1972 (Jac.
2752 1901 2827 1969 v).
2861 1921 2880 1953 ι
2924 1901 3020 1957 Est
3045 1910 3100 1957 et
3128 1902 3182 1957 in
3211 1902 3400 1966 laude,
3428 1904 3496 1959 de
3536 1920 3653 1973 qua
3698 1903 3831 1959 Pro-

528 2017 807 2072 mittamus
845 2015 1079 2078 veniam,
1111 2020 1379 2084 quatenus
1425 2012 1479 2065 in
1512 2019 1732 2081 peccato
1761 2021 2117 2079 perseveran-

527 2108 670 2162 tibus
697 2106 1089 2162 comminemur
1118 2119 1356 2175 ptenam,
1402 2112 1459 2156 ut
1506 2118 1641 2172 quos
1671 2118 1779 2157 non
1821 2106 2117 2171 provocant

528 2194 595 2249 ad
627 2195 767 2269 bene
795 2195 1060 2266 agendum
1084 2194 1305 2264 praemia
1334 2192 1618 2262 promissa,
1664 2191 1856 2247 saltem
1909 2190 2116 2245 denun-

526 2289 656 2343 tiata
686 2295 923 2343 terreant
947 2286 1227 2357 supplicia.
1252 2284 1331 2340 Tu
1354 2292 1552 2349 autem,
1586 2282 1826 2346 Domine,
1856 2281 2116 2337 miserere

527 2379 723 2434 nostri.

1107 2533 1389 2591 ﬂOMlLlA
1418 2532 1532 2589 XII.

525 2704 698 2748 δειδιο
745 2705 812 2747 ΒΕ
864 2706 1215 2747 ῦοκιιπεεειοιιε
1262 2707 1383 2747 ιεειι
1418 2706 1487 2746 ΔΙ)
1522 2704 1757 2754 PATBEI,
1801 2703 1871 2744 ΕΤ
1911 2702 1977 2742 DE
2005 2700 2120 2743 IUGI

771 2794 896 2839 IIIIS
923 2796 1221 2838 ευΑνιτΑτε
1250 2798 1319 2838 ΕΤ
1358 2797 1547 2838 οαιειιιε
1576 2795 1867 2837 ιεγιτιιτε.

601 2916 844 2989 (Manu.
876 2918 979 2989 xl.)
1035 2937 1053 2970 ι
1090 2917 1148 2973 In
1191 2918 1281 2972 illo
1310 2927 1571 2987 tempore,
1605 2915 1938 2986 respondens
1964 2914 2120 2970 Iesus

532 3028 549 3061 ι
582 3009 754 3064 dixit:
793 3008 1066 3067 Conﬁteor
1094 3010 1214 3074 tibi,
1238 3009 1417 3071 Pater,
1454 3009 1678 3064 Domine
1710 3008 1829 3063 coeli
1854 3016 1909 3063 et
1935 3015 2115 3070 terrae,

532 3114 551 3149 ι
582 3098 707 3167 quia
727 3096 1056 3154 abscondisti
1083 3101 1199 3154 haec
1220 3115 1249 3154 a
1272 3099 1606 3169 sapientibus
1629 3108 1684 3153 et
1699 3099 2070 3169 prudentibus.
2093 3116 2112 3150 ι

2217 1993 2381 2064 pheta
2411 1994 2578 2049 dicit:
2618 2013 2637 2046 ι
2670 1993 3016 2050 Conﬁtemini
3052 1995 3280 2052 Domino
3308 1998 3562 2066 quoniam
3606 1999 3822 2065 bonus,

2218 2087 2472 2157 quoniam
2516 2087 2570 2141 in
2596 2087 2852 2141 saaculum
2886 2088 3259 2143 misericordia
3292 2087 3408 2157 ejus
3437 2088 3609 2159 (Ρωι.
3648 2090 3766 2161 cv).
3798 2110 3819 2143 ο

2218 2178 2326 2235 Sed
2363 2178 2621 2234 Dominus
2670 2195 2771 2235 nec
2796 2180 2850 2234 in
2905 2179 3039 2242 ﬁde,
3076 2195 3175 2236 nec
3216 2182 3269 2236 in
3321 2184 3559 2252 peccatis
3608 2185 3822 2240 dicitur

2219 2268 2485 2334 conﬁteri,
2531 2267 2624 2324 sed
2654 2270 3027 2324 tantttmmodo
3058 2270 3110 2324 in
3150 2270 3328 2326 laude.
3366 2270 3461 2327 Vel
3498 2282 3659 2328 certe
3690 2274 3822 2329 dici-

2220 2369 2307 2415 tur
2345 2358 2631 2425 conﬁteri,
2681 2375 2748 2416 eo
2795 2360 2936 2429 quod
2985 2362 3191 2417 sanctis
3240 2363 3343 2418 hoc
3389 2362 3555 2418 faciat
3604 2363 3817 2421 facere.

2225 2472 2245 2506 ι
2274 2453 2573 2510 Conﬁtetor
2604 2453 2726 2519 tibi,
2773 2455 3017 2509 Domine.
3048 2472 3069 2507 ι
3108 2453 3190 2510 Ad
3219 2456 3335 2510 haec
3360 2465 3680 2527 surgentes,
3715 2457 3821 2511 lue.

2221 2544 2378 2599 retici
2425 2544 2681 2599 dixerunt
2714 2544 2857 2613 quod
2906 2544 3166 2600 Dominus
3219 2543 3377 2601 Iesus
3410 2546 3670 2602 Christus
3716 2563 3819 2603 non

2220 2634 2412 2690 fuisset
2439 2650 2601 2690 verus
2625 2633 2795 2690 Filius
2816 2634 2909 2690 Dei
2931 2651 3030 2705 per
3058 2638 3445 2706 proprietatem
3474 2647 3715 2701 naturae,
3744 2639 3821 2694 di-

2222 2735 2405 2780 centes
2428 2724 2553 2795 quia
2581 2726 2625 2780 si
2650 2723 3023 2781 fuissctFilius
3059 2725 3151 2781 Dei
3178 2742 3358 2791 verus,
3385 2742 3667 2798 antiquam
3695 2743 3816 2783 eum

2223 2818 2510 2872 Dominum
2541 2817 2885 2887 appellasset,
2924 2833 3029 2873 non
3056 2818 3463 2873 considerantes
3490 2818 3645 2884 illud,
3684 2835 3820 2889 quo-

2222 2911 2368 2965 niam
2401 2910 2516 2979 ipse
2545 2924 2645 2979 per
2678 2909 3071 2964 humanitatem
3117 2909 3295 2965 minor
3335 2918 3418 2965 est
3448 2907 3632 2975 Patre,
3672 2910 3817 2966 sicut

2224 3004 2339 3073 ipse
2390 3003 2501 3057 ait:
2551 3021 2570 3053 ι
2604 3001 2765 3056 Pater
2816 3000 2989 3069 maior
3044 3017 3130 3071 me
3178 3010 3262 3058 est
3306 3001 3487 3074 (Joan.
3518 3005 3657 3075 xlv),
3692 3024 3714 3058 ι
3760 3006 3815 3059 ia

2222 3095 2506 3152 divinitate
2548 3110 2781 3165 namque
2808 3097 3032 3167 aequalis
3066 3104 3150 3153 est
3188 3096 3355 3161 Patri,
3399 3096 3558 3153 veluti
3583 3098 3697 3166 ipse
3722 3097 3811 3161 di—

529 3189 593 3244 Et
619 3188 843 3260 reliqua.
869 3188 925 3244 lu
953 3188 1128 3245 fronte
1160 3190 1319 3261 hujus
1340 3190 1586 3246 lectionis
1621 3190 1945 3259 evangelicm
1974 3204 2121 3259 qua:-
2148 3254 2191 3262 Δ
2226 3191 2299 3245 cit
2330 3208 2341 3241 :
2386 3208 2404 3240 ι
2444 3189 2554 3261 Ego
2582 3197 2636 3243 et
2688 3190 2849 3244 Pater
2896 3205 3063 3245 unum
3107 3205 3295 3246 sumus
3322 3189 3594 3262 (leamx).
3628 3209 3648 3243 ι
3705 3188 3812 3246 εον

527 3279 632 3335 stio
661 3254 958 3347 suboritur,
986 3295 1106 3336 cum
1128 3254 1499 3352 nec'superius
1548 3296 1647 3335 nec
1668 3254 1892 3335 inferius
1915 3254 2119 3334 descri-
2146 3254 2194 3316 Ε
2224 3279 2459 3334 cundum
2490 3254 2636 3333 enim
2658 3279 3046 3336 humanitatem
3071 3254 3360 3337 Dominum
3386 3254 3636 3354 appellat.
3658 3280 3814 3337 Unde

527 3370 708 3436 batur,
731 3370 874 3441 quod
896 3371 1090 3443 aliquis
1120 3388 1241 3428 eum
1267 3372 1673 3443 interrogasset.
1702 3370 1954 3439 Legimus
1974 3368 2120 3423 enim

528 3462 583 3517 in
623 3463 745 3519 aliis
772 3464 938 3529 locis,
987 3466 1131 3534 quod
1167 3466 1532 3536 interrogatus
1557 3472 1642 3518 est
1686 3478 1715 3517 a
1743 3462 2040 3532 discipulis,
2065 3470 2123 3517 et

526 3554 824 3626 respondit.
855 3553 1331 3626 lnterrogaverunt
1355 3570 1479 3610 eum
1511 3554 1716 3609 Scriba:
1749 3560 1806 3608 et
1834 3552 2117 3618 Phariszei,

527 3656 583 3703 et
616 3648 925 3719 respondit.
958 3646 1057 3703 llic
1095 3648 1254 3703 datur
1279 3646 1500 3719 intelligi
1532 3647 1658 3717 quia
1690 3644 1821 3700 nihil
1844 3645 1949 3700 tale
1973 3659 2124 3715 repe-

528 3738 692 3804 ritur,
749 3737 843 3794 sed
903 3739 1277 3793 tantummodo
1324 3736 1568 3793 absolute
1616 3736 1787 3802 dicit,
1844 3735 2123 3807 respondit

526 3829 705 3886 Iesus.
740 3829 1039 3886 Concordia
1066 3828 1226 3883 Lucae
1248 3829 1593 3899 evangelista;
1620 3827 1864 3884 facienda
1893 3836 1995 3892 est,
2027 3827 2121 3896 qui

2220 3379 2280 3426 et
2307 3370 2468 3425 Pater
2505 3370 2573 3425 ad
2597 3385 2725 3424 eum
2774 3385 2871 3440 per
2899 3369 3225 3439 Prophetam
3251 3371 3386 3427 dicit
3411 3389 3425 3443 _:
3456 3371 3576 3428 Noli
3602 3373 3807 3434 timere.

2220 3480 2378 3520 serve
2409 3479 2577 3518 meus.
2613 3463 2679 3518 Et
2713 3464 2869 3518 beata
2898 3462 3066 3518 Maria
3091 3478 3150 3519 se
3178 3464 3431 3519 ancillam
3460 3464 3609 3520 illius
3631 3464 3811 3535 appel-

2222 3554 2300 3609 lat
2351 3563 2409 3609 et
2437 3553 2565 3609 dicit
2597 3572 2609 3607 :
2663 3574 2682 3606 ‹
2719 3553 2861 3610 Ecce
2890 3553 3085 3611 ancilla
3112 3553 3325 3611 Domini
3380 3553 3531 3624 (hic.
3599 3559 3664 3623 ι).
3696 3577 3717 3609 ι
3748 3586 3809 3601 -ν

2224 3662 2250 3695 ι
2290 3644 2453 3699 Pater
2476 3643 2601 3698 coeli
2629 3652 2685 3698 et
2706 3651 2886 3700 terra}.
2929 3663 2948 3696 ι
2977 3644 3044 3699 Ει
3065 3653 3213 3700 recte
3240 3659 3363 3699 eum
3398 3643 3619 3699 Patrem
3640 3645 3810 3716 ψρὼ

2224 3731 2320 3795 lat,
2347 3732 2474 3802 quia
2501 3732 2616 3801 ipse
2645 3732 2943 3788 ascendens
2970 3732 3022 3787 in
3051 3732 3274 3797 coelum,
3304 3733 3483 3788 dixit:
3519 3752 3540 3785 ι
3570 3734 3810 3791 Asceudo

2224 3826 2291 3880 ad
2316 3824 2531 3880 Patrem
2581 3840 2757 3881 meum
2798 3823 2982 3893 (Joan.
3015 3824 3130 3897 xx).
3166 3845 3188 3880 ι
3233 3824 3463 3891 Quidam
3494 3842 3597 3897 per
3626 3829 3814 3899 hyper-

528 3918 633 3973 hoc
683 3918 863 3989 aptius
910 3917 1252 3983 manifestat,
1300 3932 1423 3974 cum
1461 3918 1592 3973 dicit
1623 3917 1773 3990 (Luc.
1807 3918 1866 3980 ι)
1896 3908 1917 3970 ε’
1961 3937 1981 3969 ι
2019 3918 2122 3973 De-
2216 3919 2385 3974 baton
2409 3918 2513 3972 hoc
2544 3916 2733 3973 volunt
2767 3916 3093 3989 intelligere,
3141 3917 3194 3972 id
3239 3926 3356 3985 est,
3408 3932 3505 3987 per
3531 3927 3814 3979 transcen-

533 4009 767 4080 signavit
792 4009 1051 4065 Dominus
1094 4017 1149 4065 et
1174 4010 1308 4066 alios
1334 4010 1672 4082 septuaginta
1694 4010 1851 4076 duos,
1894 4019 1949 4065 et
1975 4011 2123 4066 misit

530 4096 655 4153 illos
680 4097 837 4154 binos
866 4106 994 4154 ante
1018 4098 1214 4156 faciem
1251 4115 1405 4155 suam
1438 4100 1491 4155 in
1514 4114 1728 4155 omnem
1766 4100 2041 4157 civitatem
2066 4108 2124 4155 et

531 4186 854 4258 locum,quo
874 4196 995 4244 erat
1023 4188 1137 4260 ipse
1157 4199 1441 4256 venturus,
1464 4210 1483 4241 ι
1506 4199 1561 4245 et
1575 4190 1816 4246 dediteis
1839 4208 1858 4244 ι
1877 4198 2119 4261 potesta-

533 4289 639 4334 tem
662 4279 911 4336 calcandl
940 4296 1105 4352 super
1127 4292 1405 4353 serpentes
1429 4291 1487 4338 et
1516 4283 1849 4353 scorpiones,
1882 4290 1939 4338 et
1959 4298 2121 4354 supra

525 4384 747 4427 omnem
770 4371 1024 4427 virtutem
1052 4373 1345 4439 inimici,et
1358 4374 1491 4430 nihil
1513 4375 1664 4431 vobis
1690 4375 1924 4441 nocebit,
1948 4393 1968 4427 ι
1987 4384 2042 4431 et
2065 4384 2123 4431 ut

526 4472 787 4520 sanarent
809 4464 1053 4522 inﬁrmos
1070 4475 1130 4522 et
1152 4473 1377 4524 caeteras
1395 4469 1626 4524 virtutes
1655 4468 1913 4525 facerent.
1966 4469 2121 4535 Quod

528 4554 670 4610 idem
700 4554 876 4611 Lucas
905 4556 959 4611 in
988 4558 1336 4627 sequentibus
1366 4567 1625 4624 testatur,
1662 4574 1785 4615 cum
1812 4559 1943 4615 dicit
1971 4578 1984 4614 :
2017 4558 2120 4627 Qui

526 4651 740 4708 euntes,
772 4642 1021 4701 fecerunt
1067 4646 1207 4701 sicut
1246 4648 1527 4703 constituit
1549 4649 1632 4704 eis
1659 4648 1840 4714 Iesus,
1877 4657 1933 4703 et
1956 4648 2122 4705 facie-

526 4735 662 4789 bant
688 4735 859 4791 multa
886 4737 1169 4804 miracula,
1190 4748 1244 4793 et
1266 4739 1407 4794 inter
1431 4750 1625 4796 catcra
1650 4740 1913 4795 daemonia
1943 4738 2121 4809 ejicie-

529 4827 681 4883 hant.
736 4828 891 4886 Unde
915 4831 1119 4887 reversi
1161 4846 1284 4887 cum
1326 4834 1520 4903 gaudio
1546 4834 1613 4888 ad
1642 4833 1925 4888 Dominum
1962 4834 2121 4890 dixe-

530 4927 700 4973 runt:
737 4935 756 4970 ι
788 4920 1036 4985 Domine,
1067 4922 1229 4978 etiam
1270 4924 1533 4980 daemonia
1582 4922 1941 4992 subjiciuntur
1964 4925 2119 4981 nobis

530 5012 585 5067 in
625 5013 845 5069 nomine
871 5021 983 5070 tuo.
1020 5032 1039 5067 ι
1064 5015 1137 5071 -Ει
1158 5018 1233 5072 ait
1262 5017 1367 5073 illis
1394 5016 1551 5073 Iesus
1579 5036 1591 5071 :
1622 5037 1641 5070 ι
1671 5016 1928 5073 Videbam
1957 5016 2116 5074 Sata-

531 5119 656 5159 nam
716 5104 858 5160 sieut
916 5100 1094 5177 fulgur
1143 5108 1211 5163 de
1266 5108 1407 5165 coelo
1470 5109 1774 5165 cadentem.
1844 5106 2123 5164 Verumta—

533 5214 655 5254 men
687 5198 853 5256 nolite
882 5201 935 5257 in
959 5202 1062 5259 hoc
1085 5204 1321 5275 gaudere
1346 5203 1473 5274 quia
1520 5202 1743 5274 spiritus
1766 5202 1920 5259 vobis
1956 5200 2121 5271 subji-

533 5289 786 5357 ciuntur;
820 5293 1047 5362 gaudete
1083 5301 1263 5350 autem
1283 5294 1427 5364 quod
1458 5294 1675 5349 nomina
1704 5303 1885 5349 vestra
1916 5293 2121 5363 scripta

534 5386 661 5438 sunt
691 5384 744 5438 in
767 5378 922 5440 caelis
953 5382 1165 5457 (υἱώ).
1200 5404 1217 5437 ι
1244 5384 1372 5441 inde
1411 5383 1678 5441 subinfert
1722 5395 1778 5441 et
1801 5384 1934 5440 dicit
1962 5401 1975 5439 :
2014 5402 2033 5435 ι
2062 5382 2119 5439 In

536 5476 651 5546 ipsa
687 5478 820 5533 hora
845 5478 1135 5534 exsultavit
1177 5477 1337 5534 Iesus
1383 5478 1585 5550 Spiritu
1618 5487 1848 5546 sancto,
1892 5487 1950 5535 et
1994 5479 2123 5535 dicit

536 5566 757 5639 flbid.):
789 5589 809 5621 ι
836 5599 906 5610 -
924 5578 950 5621 ἢ
971 5568 1249 5624 Conﬁteor
1277 5569 1392 5635 tibi,
1422 5570 1665 5625 Domine.
1690 5590 1710 5622 ι
1740 5570 1855 5627 Hoc
1876 5580 1960 5626 est
1979 5570 2121 5641 quod

536 5659 668 5716 dicit
696 5657 854 5716 Iesus
881 5677 895 5713 :
925 5660 1201 5716 sciendum
1242 5669 1325 5715 est
1353 5662 1498 5717 enim
1525 5661 1649 5732 quia
1676 5660 1730 5716 in
1772 5677 1880 5716 uno
1907 5661 2122 5717 homine

536 5750 646 5805 duo
671 5752 917 5810 homines
947 5762 1103 5821 sunt,
1134 5754 1355 5810 interior
1391 5763 1445 5810 et
1479 5756 1738 5811 exterior.
1781 5754 1929 5810 Solet
1972 5753 2119 5809 enim

534 5842 747 5907 morior
770 5846 1038 5905 exteriori
1070 5846 1433 5923 respondere,
1482 5856 1537 5906 et
1575 5848 1819 5907 exterior
1848 5847 2114 5918 interiori,

2148 4612 2199 4674 D

2220 4010 2433 4066 sionem
2459 4010 2772 4074 verborum,
2795 4008 3065 4065 dicentes:
3098 4028 3118 4061 ι
3138 4007 3413 4065 Conﬁteor
3442 4009 3560 4072 tibi,
3587 4010 3810 4079 Palem;

2223 4100 2428 4157 Deinde
2440 4099 2805 4157 subinferrent
2817 4110 2874 4155 et
2891 4100 3162 4156 dicerent:
3182 4100 3406 4156 Domine
3424 4101 3549 4157 (εωΙὶ
3566 4112 3625 4157 et
3643 4115 3813 4158 terna.

2225 4190 2299 4248 Ut
2320 4191 2393 4247 sit
2419 4205 2641 4247 sensus:
2666 4189 2810 4259 quod
2828 4190 2905 4245 sit
2924 4189 3092 4260 ipsius
3112 4189 3297 4256 Pater,
3320 4200 3375 4245 et
3400 4190 3670 4249 Dominus
3695 4194 3813 4257 mali

2223 4294 2280 4341 et
2324 4294 2499 4339 terrae.
2556 4284 2880 4353 Quanquam
2917 4283 2989 4339 ita
3018 4284 3192 4353 possit
3224 4283 3481 4356 intelligi,
3527 4294 3712 4341 tamen
3742 4302 3819 4355 so-

2223 4376 2457 4433 cundum
2510 4373 2791 4444 praefatum
2853 4390 3070 4429 sensum
3102 4375 3476 4445 accipiendum
3520 4385 3647 4443 est,
3695 4378 3817 4448 quia

2224 4470 2340 4538 ipse
2362 4466 2583 4536 azqualis
2606 4474 2689 4521 est
2720 4464 2867 4520 Patri
2897 4480 2993 4534 per
3020 4465 3380 4521 divinitatem.
3406 4464 3572 4522 Pater
3594 4467 3746 4533 cali,
3768 4468 3818 4525 id

2223 4568 2327 4621 est,
2356 4556 2710 4626 angelorum:
2764 4563 2923 4610 terra:
2969 4571 3117 4619 vero,
3169 4556 3470 4613 hominum.
3517 4556 3702 4615 Aliter
3722 4576 3818 4617 au-

2229 4659 2337 4706 tem
2357 4649 2521 4704 Pater
2551 4646 2700 4711 cteli,
2733 4646 2786 4702 id
2811 4656 2915 4711 est,
2956 4662 3234 4703 sacrarum
3279 4649 3613 4704 animarum.
3672 4649 3822 4709 Unde

2225 4741 2483 4810 scriptum
2513 4746 2635 4794 est:
2671 4758 2691 4790 ι
2721 4737 2855 4793 Coeli
2876 4747 3130 4794 enarrant
3159 4739 3384 4811 gloriam
3411 4739 3530 4808 Dei,
3570 4752 3631 4798 et
3659 4759 3822 4814 opera

2225 4844 2483 4887 manuum
2542 4825 2716 4899 (Psal.
2776 4830 3014 4900 xvm),n
3064 4839 3195 4897 ctc.;
3246 4840 3406 4889 terra:
3447 4848 3581 4890 vero
3653 4836 3823 4895 homi-

2228 4935 2382 4985 num,
2415 4919 2505 4989 qui
2550 4918 2727 4975 adhuc
2757 4918 2812 4974 in
2840 4921 3074 4976 terrenis
3101 4931 3230 4979 sunt
3269 4922 3553 4994 implicati,
3588 4930 3822 4991 necdum

2226 5022 2455 5088 possunt
2494 5012 2846 5082 contemplari
2900 5014 3143 5072 cmlestia
3190 5032 3289 5088 per
3333 5018 3547 5076 oculum
3599 5024 3822 5093 mentis,

2227 5118 2328 5161 nec
2380 5102 2560 5158 valent
2598 5103 2781 5160 dicere
2824 5119 2954 5159 cum
3003 5104 3304 5179 Apostolo:
3344 5128 3362 5160 ι
3391 5107 3589 5165 Nostra
3639 5114 3822 5173 autem

2224 5196 2564 5253 conversatio
2593 5195 2648 5252 in
2678 5196 2834 5252 cmlis
2862 5204 2948 5252 est
2973 5193 3142 5269 (Phil.
3168 5199 3273 5269 ιιι).
3314 5219 3334 5252 ο
3376 5200 3446 5256 Ει
3474 5211 3628 5260 recte
3664 5202 3827 5263 Pater

2225 5287 2348 5344 θαιιί
2377 5296 2431 5345 et
2463 5294 2619 5341 terrae
2647 5285 2966 5356 appellatur,
2988 5268 3122 5356 quia
3154 5287 3272 5358 ipse
3295 5298 3488 5346 cuncta
3516 5294 3730 5347 creavit

2226 5376 2395 5435 nihilo
2423 5375 2651 5431 visibilia
2678 5385 2735 5431 et
2756 5376 3070 5441 invisibilia,
3094 5378 3239 5433 sicut
3263 5381 3524 5451 scriptum
3554 5393 3648 5439 est
3672 5402 3686 5437 :
3721 5403 3741 5436 ι
3765 5383 3825 5440 lu

2226 5467 2491 5541 principio
2536 5467 2739 5522 creavit
2772 5466 2913 5523 Deus
2940 5467 3138 5523 caelum
3186 5479 3242 5524 et
3280 5479 3477 5525 terram
3512 5469 3675 5543 (Gen.
3703 5477 3765 5545 ι).
3802 5493 3820 5526 ι

2228 5560 2297 5616 Ει
2332 5560 2460 5615 alibi
2487 5578 2500 5614 :
2544 5578 2562 5610 ι
2597 5558 2695 5627 Qui
2714 5568 2892 5615 manet
2915 5560 2968 5614 in
2988 5568 3276 5628 aeternum,
3300 5563 3507 5617 creavit
3530 5566 3718 5619 omnia
3745 5564 3825 5619 si-

2229 5653 2339 5709 mul
2369 5651 2558 5724 (Eccli.
2586 5653 2758 5722 xvnt).
2798 5671 2816 5703 ι
2853 5650 3005 5708 Unde
3025 5662 3080 5707 et
3102 5669 3200 5709 nos
3222 5655 3460 5724 quotidie
3491 5654 3545 5709 iu
3572 5657 3828 5713 oratione

2228 5746 2458 5802 dicimus
2484 5762 2495 5798 :
2524 5765 2542 5797 ι
2567 5744 2727 5800 Pater
2752 5754 2937 5801 noster
2964 5744 3113 5818 (Luc.
3143 5749 3239 5816 xl).
3276 5766 3294 5799 ι
3321 5747 3386 5802 Ει
3410 5747 3523 5818 ipse
3553 5749 3685 5805 alibi
3709 5751 3823 5805 ait:

2233 5857 2251 5892 ι
2280 5835 2428 5894 Unus
2452 5836 2691 5892 estenim
2704 5834 2863 5893 Pater
2893 5846 3072 5893 vester
3094 5837 3308 5912 (Matth.
3338 5838 3518 5912 χχιιι).
3550 5858 3689 5921 ι-ιι
