4002 6348
125 336 257 392 ⁸19⁸1

1399 331 1701 390 ΗΟΜΙΕΙΛΕ
1745 332 1833 388 DE
1873 330 2178 386 SANCTlS.

3317 335 3421 390 ⁸198

133 469 166 503 σ
218 447 560 505 abscondisti
603 449 720 504 haec
767 464 797 502 a
849 447 1180 518 sapientibus
1200 457 1255 503 et
1302 449 1674 518 prudentibus.
1708 467 1727 500 ι
1759 449 1809 509 Α
1836 461 1865 500 a
1897 445 2073 500 Patre.
2128 445 2277 501 Unde
2333 445 2492 502 Pater
2518 426 2584 502 ad
2613 463 2738 502 eum
2768 448 2878 502 ait:
2925 467 2943 500 ι
2971 447 3100 503 Pete
3143 466 3174 502 a
3220 463 3327 513 me,
3365 459 3424 505 ot

131 543 259 600 Ubi
290 542 608 614 perquirere
638 542 912 607 debemus,
942 543 1068 612 quid
1113 543 1453 598 absconderit
1483 544 1739 600 Dominus

129 648 178 688 ι
230 633 576 703 sapientibus
615 641 667 687 et
700 633 1082 703 prudentibus,
1142 636 1380 706 nunquid
1427 636 1738 690 abscondita

127 723 237 780 est
285 725 595 781 humanitas
621 739 652 778 a
683 725 888 780 Scribis
923 736 977 782 et
1017 724 1303 781 Pharisazis
1323 766 1337 790 ,
1370 741 1491 782 cum
1520 725 1740 782 Simeon

129 819 349 873 dicat:
401 836 421 868 ι
459 817 594 884 Quia
645 817 896 872 viderunt
947 817 1088 872 oculi
1138 818 1243 873 mei
1297 818 1530 874 salutare
1591 827 1740 872 tuum

130 908 312 978 (Luc.
349 906 432 978 ιι).
470 927 490 960 ι
549 907 616 962 Et
646 909 698 962 in
737 908 843 963 alio
868 908 983 964 loco
1013 909 1269 978 scriptum
1311 911 1417 965 sit:
1451 909 1516 964 Et
1540 909 1742 965 videbit

130 1013 281 1052 eum
308 998 487 1053 omnis
507 998 715 1053 oculus.
741 997 856 1054 Non
881 999 1063 1069 utique
1091 1001 1501 1066 humanitatem,
1531 1003 1624 1056 sed
1655 1001 1738 1056 di-

131 1090 440 1145 vinitatem
468 1090 550 1145 eis
596 1090 918 1145 abscondit:
965 1091 1088 1160 quia
1139 1091 1344 1147 Scriba:
1387 1101 1441 1147 et
1482 1092 1740 1148 Pharisaai

133 1181 498 1238 divinitatem
549 1183 601 1237 in
659 1183 995 1239 humanitate
1038 1185 1337 1240 latitantem
1389 1202 1493 1240 non
1546 1201 1743 1257 cogno-

129 1269 402 1325 scebant.
435 1270 570 1338 Quia
603 1292 618 1322 ο
654 1273 697 1326 si
723 1274 1117 1343 cognovissent,
1151 1291 1425 1345 nunquam
1457 1275 1742 1330 Dominum

133 1361 345 1431 gloria:
366 1363 763 1418 cruciﬁxissent
801 1363 852 1435 (Ι
877 1363 999 1418 Cor.
1032 1366 1113 1435 ιι).
1151 1386 1169 1418 ι
1211 1365 1342 1420 Nam
1378 1369 1648 1436 sapientes
1688 1376 1743 1422 et

134 1453 452 1521 prudentes
493 1454 665 1508 sancti
689 1453 915 1524 apostoli
946 1454 1181 1521 fuerunt,
1213 1457 1278 1512 de
1319 1458 1512 1527 quibus
1563 1457 1744 1512 Domi-

137 1558 263 1595 nus
290 1540 488 1596 Judatis
510 1544 624 1597 ait:
678 1563 696 1594 ι
730 1544 869 1599 Ecce
912 1561 1012 1615 ego
1035 1547 1190 1601 mitto
1219 1549 1284 1602 ad
1333 1564 1423 1602 vos
1453 1549 1744 1619 prophetas

135 1640 206 1686 et
241 1632 516 1700 sapientes
559 1643 613 1686 et
659 1635 866 1688 scribas
910 1634 1124 1704 (Matth.
1156 1643 1332 1709 χχιιι).
1379 1657 1398 1690 ι
1450 1638 1517 1692 Ει
1546 1639 1742 1692 iterum

137 1722 426 1791 apostolis
454 1741 466 1776 :
531 1743 548 1774 ι
587 1724 771 1780 Estote
808 1741 938 1797 ergo
965 1729 1255 1795 prudentes
1289 1729 1428 1784 sicut
1463 1739 1741 1800 serpentes

109 1813 324 1885 ‘(Ibid.
356 1815 432 1886 x).
464 1837 482 1867 ι
530 1816 596 1870 Ει
621 1817 814 1873 Petrus
845 1820 1154 1889 apostolus:
1193 1841 1209 1871 ι
1240 1822 1425 1878 Estote
1452 1822 1741 1892 prudentes

136 1917 207 1959 et
230 1906 451 1977 vigilate
478 1908 531 1962 in
552 1910 887 1965 orationibus
922 1910 974 1981 (I
997 1909 1142 1966 Petr.
1168 1913 1276 1983 LV).
1307 1934 1326 1966 ι
1361 1897 1467 1968 Sed
1501 1915 1742 1984 nunquid

136 1995 278 2051 istis
304 1997 567 2053 Divinitas
593 1999 908 2055 abscondita
935 2000 1080 2056 fuit?
1105 2002 1242 2056 Non.
1277 2001 1382 2058 Sed
1407 2002 1509 2058 illis
1532 2005 1597 2058 de
1626 2005 1743 2074 qui-

141 2086 260 2141 bus
290 2103 389 2156 per
410 2090 724 2158 prophetam
747 2091 1006 2146 Dominus
1019 2093 1178 2148 dicit:
1203 2112 1222 2144 t
1252 2092 1337 2148 Vae
1355 2095 1446 2163 qui
1472 2095 1744 2164 sapientes

136 2178 290 2234 estis
339 2179 392 2234 in
419 2179 591 2236 oculis
621 2183 831 2246 vestris,
878 2191 934 2237 et
978 2198 1162 2239 coram
1191 2185 1588 2255 vobismetipsis
1616 2203 1745 2256 pru-

137 2267 346 2323 dentes
393 2269 528 2339 (Ira.
569 2271 641 2338 v).
681 2293 698 2325 ι
752 2273 815 2327 Et
845 2273 1079 2328 iterum:
1125 2293 1145 2327 ι
1185 2276 1469 2346 Sapientes
1518 2287 1644 2334 sunt
1687 2288 1748 2335 ut

137 2358 364 2415 faciant
407 2362 546 2416 mala
594 2362 727 2434 (Jer.
759 2366 854 2434 tv).
893 2385 912 2418 ι
961 2367 1028 2421 Ει
1073 2368 1402 2438 Apostolus:
1453 2371 1587 2439 Quia
1639 2390 1743 2428 non

134 2450 332 2518 potuit
363 2453 594 2507 mundus
632 2467 730 2523 per
769 2456 1087 2523 sapientiam
1118 2459 1341 2514 credere
1389 2460 1581 2526 Deum,
1634 2463 1747 2532 pla-

139 2539 271 2594 cuit
329 2540 438 2595 Deo
495 2558 592 2610 per
631 2543 919 2600 stultitiam
987 2546 1162 2602 salvos
1226 2547 1407 2604 facere
1443 2551 1742 2607 credentes.

148 2649 170 2681 σ
214 2629 483 2697 Quoniam
515 2634 679 2688 stulta
729 2638 911 2691 mundi
959 2638 1121 2708 elegit
1161 2640 1321 2706 Deus,
1352 2652 1409 2695 ut
1454 2643 1748 2700 confundat

147 2721 322 2778 fortia
352 2723 404 2794 (1
426 2723 548 2779 Cor.
581 2725 644 2796 ι),
681 2747 700 2779 ι
739 2738 844 2782 etc.
907 2748 924 2780 ι
956 2730 1022 2784 Ει
1052 2731 1304 2786 revelasti
1335 2749 1396 2788 ea
1427 2736 1688 2804 parvulis.
1720 2757 1740 2790 ι

143 2813 262 2881 Qui
289 2826 416 2870 sunt
441 2816 526 2870 isti
551 2818 798 2886 parvuli?
823 2821 1078 2876 nimirum
1097 2825 1272 2878 sancti
1298 2827 1546 2895 apostoli.
1570 2827 1749 2884 Habes

143 2907 302 2962 enim
331 2908 384 2963 in
410 2908 718 2981 Evangelio,
764 2899 892 2984 quia
920 2928 1225 2971 convocans
1261 2916 1419 2973 Jesus
1441 2921 1746 2988 parvulum,

149 2999 351 3054 statuit
373 3015 494 3054 eum
525 3001 578 3056 in
608 3003 802 3065 medio,
841 3014 896 3060 et
930 3002 1101 3062 dixit:
1143 3026 1160 3058 ι
1196 3006 1308 3063 Nisi
1357 3011 1605 3065 conversi
1635 3011 1748 3067 fue-

153 3090 281 3145 ritis
308 3099 362 3145 et
391 3090 693 3147 eiliciamini
723 3094 862 3150 sicut
895 3098 1102 3166 parvuli
1125 3098 1340 3170 (Matth.
1373 3101 1550 3172 xvm),
1588 3121 1606 3152 ι
1640 3110 1744 3157 etc.

149 3181 228 3236 Et
253 3180 490 3235 iterum:
551 3201 569 3233 ι
609 3182 784 3239 Sinite
830 3187 1082 3255 parvulos
1129 3189 1314 3245 venire
1345 3192 1410 3246 ad
1444 3206 1528 3246 me
1579 3192 1741 3264 (Ibid.

149 3273 298 3340 xix).
333 3289 352 3322 ι
403 3269 660 3327 Parvulos
709 3277 899 3329 “autem
951 3292 1058 3330 non
1110 3290 1332 3347 propter
1379 3281 1746 3339 modicitatem

153 3360 422 3430 corporis,
457 3361 542 3416 vel
569 3371 793 3432 propter
828 3364 1194 3434 insipientiam
1221 3369 1369 3434 dicit,
1405 3372 1497 3426 sed
1526 3384 1748 3442 propter

154 3449 545 3506 innocentiam.
598 3451 752 3508 Unde
806 3455 1096 3525 Apostolus
1143 3459 1419 3529 discipulis
1462 3463 1574 3518 suis
1621 3463 1742 3518 ait:

157 3557 177 3591 ι
214 3538 388 3594 Nolite
412 3543 563 3610 pueri
595 3542 730 3598 ellici
759 3545 1008 3601 sensibus
1037 3547 1088 3618 (I
1123 3547 1243 3603 Cor.
1273 3553 1405 3621 xiv).
1445 3573 1463 3604 ι
1516 3553 1748 3609 Revela-

153 3632 238 3686 vit
298 3633 554 3690 Dominus
599 3634 792 3691 Filium
833 3654 989 3694 suum
1037 3642 1242 3696 sanctis
1287 3644 1562 3712 apostolis,
1611 3645 1750 3702 sicut

157 3723 400 3789 Thoante,
431 3726 522 3793 qui
559 3726 736 3782 dixit:
775 3745 793 3778 t
829 3729 1087 3785 Dominus
1129 3747 1279 3787 meus
1304 3741 1357 3786 et
1405 3734 1546 3788 Deus
1596 3750 1749 3791 meus

158 3814 341 3885 (Joan.
373 3815 486 3886 xx).
526 3837 543 3867 ι
604 3817 672 3873 Ει
711 3819 852 3875 sicut
878 3820 1040 3877 Petro
1077 3823 1193 3878 ait:
1232 3844 1249 3876 ι
1283 3823 1422 3880 Caro
1449 3837 1505 3880 ct
1529 3828 1748 3898 sanguis

157 3920 266 3959 non
297 3907 558 3962 revelavit
589 3910 684 3964 tibi
715 3910 930 3982 (Matth.
964 3913 1096 3985 xw).
1134 3934 1152 3966 ι
1197 3914 1444 3986 Regnum
1475 3920 1618 3972 enim
1652 3918 1744 3974 Dei

158 3998 511 4068 possidebunt
534 4001 677 4056 beati
715 4002 854 4057 oculi
895 4001 1190 4072 iustorum,
1244 4008 1438 4076 quibus
1485 4007 1746 4065 Dominus

161 4104 222 4146 se
247 4099 298 4143 et
324 4089 540 4147 Patrem
571 4092 813 4149 revelare
841 4096 1089 4166 dignatus
1118 4107 1220 4153 est.

235 4204 255 4237 ι
289 4184 389 4252 lta,
420 4185 597 4252 Pater,
625 4187 766 4242 sicut
795 4187 898 4242 fuit
923 4189 1179 4259 placitum
1200 4201 1324 4246 ante
1345 4200 1415 4246 te.
1439 4212 1458 4244 ι
1494 4191 1583 4246 Sic
1603 4192 1745 4246 enim

161 4275 412 4346 placitum
453 4275 549 4330 fuit
579 4277 688 4332 Deo
716 4277 886 4344 Patri,
925 4289 984 4334 ut
1009 4280 1203 4334 Filium
1234 4297 1389 4336 suum
1413 4282 1746 4352 unigenitum

165 4372 398 4426 mitteret
419 4388 516 4441 pro
544 4372 716 4427 salute
743 4373 956 4444 generis
998 4376 1240 4428 humani.
1298 4373 1424 4430 Sive
1469 4377 1635 4430 etiam
1689 4386 1750 4431 ut

163 4465 492 4535 Sapientibus
519 4474 573 4521 et
596 4467 950 4537 prudentibus
993 4467 1151 4538 hujus
1175 4469 1354 4523 saeculi
1388 4468 1744 4524 absconderet

168 4555 352 4611 Filium
367 4571 544 4622 suum,
567 4567 624 4612 et
652 4559 892 4628 parvulis
916 4560 1201 4615 revelaret.
1237 4559 1330 4614 Vel
1356 4570 1502 4614 certe
1525 4561 1579 4614 in
1607 4575 1744 4630 pra:—

169 4646 332 4700 sentia
362 4648 454 4702 Dei
480 4647 658 4703 Patris
685 4647 786 4703 fuit
835 4659 960 4703 ante
993 4651 1172 4704 omnia
1220 4650 1436 4718 smcula,
1473 4667 1608 4722 quos
1641 4651 1742 4706 eli-

169 4746 313 4806 geret
335 4738 402 4793 de
431 4739 647 4803 mundo,
702 4741 923 4796 mittens
959 4739 1154 4794 Filium
1183 4756 1339 4796 suum
1369 4741 1422 4796 in
1460 4743 1740 4797 mundum.

170 4827 323 4894 Quia,
344 4830 485 4884 sicut
522 4830 809 4900 Apostolus
833 4832 992 4887 dicit:
1029 4850 1048 4883 ι
1078 4831 1224 4898 Quos
1250 4833 1538 4902 pra-scivit,
1574 4834 1744 4888 hoset

171 4919 595 4991 pnedestinavit,
655 4941 790 4995 quos
843 4937 1023 4982 autem
1069 4927 1488 4997 praedestinavit,
1545 4929 1644 4984 hos
1687 4937 1743 4985 et

173 5013 394 5079 vocavit,
424 5023 479 5070 et
504 5031 640 5086 quos
688 5018 918 5082 vocavit,
949 5017 1072 5072 illos
1117 5025 1172 5073 et
1214 5017 1534 5086 justiﬁeavit
1564 5019 1738 5091 (Rom.

174 5103 305 5175 νιιι).
336 5123 357 5157 ο

243 5215 264 5247 t
300 5195 488 5252 Omnia
521 5198 651 5253 mihi
673 5199 867 5255 tradita
895 5209 1019 5256 sunt
1045 5216 1076 5254 a
1101 5199 1263 5255 Patre
1285 5216 1426 5256 meo.
1464 5218 1482 5252 ι
1515 5199 1568 5254 Ιιι
1595 5200 1748 5255 Chri-

177 5302 256 5342 sto
279 5303 488 5361 semper
524 5293 656 5348 duas
685 5302 907 5348 naturas
949 5302 1006 5347 et
1037 5294 1170 5349 duas
1211 5293 1553 5363 operationes
1591 5293 1749 5348 intel-

177 5377 334 5448 ligere
357 5379 632 5448 debemus,
681 5382 914 5436 divinam
958 5383 1166 5437 scilicet
1193 5393 1248 5438 et
1295 5386 1585 5439 humanam
1616 5401 1628 5437 :
1662 5399 1747 5438 se-

178 5468 399 5522 cundum
433 5470 667 5524 divinam
706 5470 928 5540 :equalis
957 5480 1039 5524 est
1064 5471 1230 5537 Patri,
1284 5482 1338 5526 et
1379 5473 1558 5526 omnia
1586 5473 1749 5528 habet

177 5575 293 5614 cum
316 5559 494 5624 Patre,
522 5564 662 5618 sicut
689 5565 800 5632 ipse
827 5564 958 5616 dicit
984 5563 1050 5617 ad
1072 5564 1286 5619 Patrem
1313 5584 1324 5620 :
1374 5585 1390 5616 ι
1423 5565 1605 5632 Pater,
1637 5581 1747 5622 om-

181 5651 261 5704 nia
284 5666 397 5706 mea
425 5661 515 5705 tua
545 5662 670 5707 sunt
697 5653 878 5724 (Joan.
907 5653 1038 5720 xvi).
1083 5673 1102 5705 ι
1140 5653 1446 5710 Secundum
1475 5671 1602 5710 vero
1641 5656 1746 5710 hu-

180 5755 402 5810 manam,
429 5757 536 5818 qua
559 5743 736 5802 minor
757 5752 842 5804 est
868 5743 1048 5813 Patre,
1079 5745 1260 5801 omnia
1282 5747 1331 5802 ei
1353 5744 1595 5817 subjecta
1621 5757 1748 5812 sunt

1839 537 1978 591 dabo
2025 535 2116 590 tibi
2155 535 2348 606 (Marc.
2399 537 2495 607 γι).
2527 559 2544 591 ι
2601 537 2665 592 Ει
2715 538 2768 593 in
2821 539 2924 593 hoc
2952 539 3116 594 loco:
3177 558 3194 590 ι
3231 539 3427 595 Omnia

1842 627 1970 682 mihi
2026 627 2220 681 tradita
2271 621 2397 681 sunt
2435 643 2464 681 a
2512 628 2670 682 Patre
2717 645 2857 684 meo.
2891 649 2909 682 ι
2960 630 3024 684 Ει
3065 631 3116 684 ἰιι
3167 631 3422 687 Psalmo:

1849 736 1864 766 ι
1891 714 2080 770 Omnia
2109 716 2386 786 subjecisti
2435 717 2535 770 sub
2566 717 2791 786 pedibus
2833 719 2950 788 ejus
2999 719 3172 790 (Psal.
3225 721 3364 790 vui).
3401 737 3422 773 ι

1844 808 1994 864 Unde
2040 818 2094 863 et
2145 809 2258 879 ipse
2309 810 2568 864 Dominus
2615 819 2736 878 post
2780 813 3230 868 resurrectionem
3273 829 3428 870 suam

1839 901 2262 971 gratulabundus
2305 902 2376 956 ait
2403 901 2715 970 discipulis:
2771 921 2790 953 ι
2827 902 2961 957 Data
2988 913 3071 959 est
3098 905 3228 960 mihi
3253 905 3430 962 omnis

1841 992 2316 1062 potestas(Matth.
2373 993 2597 1063 xxvnt),
2629 1013 2646 1044 ι
2698 1003 2803 1048 etc.
2847 994 3018 1051 Habet
3071 997 3211 1051 enim
3272 997 3434 1054 Pater

1841 1085 1983 1152 quod
2017 1101 2122 1139 non
2154 1083 2315 1140 habet
2350 1086 2553 1150 Filius;
2585 1086 2747 1140 habet
2788 1086 2956 1142 Filius
3001 1089 3143 1157 quod
3192 1107 3297 1145 non
3328 1092 3430 1146 ha-

1841 1173 1934 1228 bet
1985 1173 2166 1238 Pater,
2193 1175 2354 1230 habet
2385 1175 2618 1244 Spiritus
2643 1184 2862 1232 sanctus
2907 1180 3048 1246 quod
3073 1180 3235 1235 habet
3265 1180 3434 1236 Pater

1843 1276 1898 1322 et
1930 1267 2114 1323 Filius.
2160 1267 2322 1322 Pater
2371 1269 2530 1323 habet
2559 1270 2913 1324 aeternitatem
2971 1271 3087 1326 sine
3129 1273 3429 1329 nativitate.

1845 1358 2012 1412 Filius
2069 1359 2230 1414 habet
2287 1361 2644 1414 aeternitatem
2685 1377 2806 1415 cum
2855 1361 3150 1418 nativitate.
3200 1364 3435 1434 Spiritus

1844 1464 1973 1505 vero
2000 1459 2222 1505 sanctus
2248 1467 2276 1504 a
2308 1451 2468 1506 Patre
2495 1451 2737 1520 Filioque
2777 1452 3038 1520 procedit.
3090 1454 3230 1522 Ergo
3275 1457 3436 1511 Pater

1846 1539 2134 1608 ingenitus,
2174 1541 2343 1596 Filius
2363 1542 2594 1611 genitus,
2630 1541 2864 1612 Spiritus
2902 1555 3122 1601 sanctus
3159 1563 3258 1600 nec
3287 1548 3439 1616 geni-

1848 1643 1956 1695 tus,
1993 1649 2122 1688 cave
2161 1649 2227 1688 ne
2256 1633 2482 1699 fallaris,
2516 1635 2611 1690 sed
2647 1650 2748 1691 nec
2780 1636 3072 1706 ingenitus,
3105 1637 3198 1692 sed
3227 1655 3256 1691 a
3279 1637 3440 1693 Patre

1845 1733 1900 1776 et
1921 1721 2103 1776 aFilio
2119 1723 2384 1791 procedit.

1772 1801 1817 1860 Β
1919 1831 1938 1863 ι
1963 1812 2028 1866 Et
2049 1828 2206 1868 nemo
2236 1813 2602 1869 novitFilium
2629 1815 2730 1869 nisi
2766 1815 2948 1880 Pater,
3003 1829 3176 1884 neque
3219 1815 3439 1872 Patrem

1849 1925 1866 1957 ι
1889 1907 2009 1973 quis
2025 1906 2173 1959 novit
2193 1905 2296 1960 nisi
2313 1905 2502 1969 Filius,
2526 1916 2580 1960 et
2596 1907 2679 1960 cui
2697 1907 2864 1960 Filius
2887 1907 3389 1962 volueritrevelare.
3413 1925 3433 1961 ι

1846 1996 2010 2050 Valde
2049 1997 2362 2065 perquirere
2393 1997 2648 2051 debemus
2674 2013 2771 2050 cur
2805 1997 2969 2052 dicit:
3003 2015 3022 2046 ι
3077 1995 3245 2052 Nemo
3290 1998 3443 2052 novit

1844 2089 2060 2153 Filium,
2086 2109 2103 2142 ι
2123 2098 2176 2144 ει
2206 2099 2421 2155 caztera,
2439 2106 2560 2145 cum
2587 2090 2877 2160 Apostolus
2899 2089 3045 2146 dicat
3072 2109 3083 2143 :
3115 2109 3134 2142 ι
3173 2089 3306 2145 Cum
3338 2107 3437 2146 au-

1848 2187 1954 2233 tem
1978 2179 2242 2248 placuerit
2263 2180 2517 2248 eiquime
2531 2181 2832 2252 segregavit
2860 2178 3004 2250 (Gal.
3031 2181 3092 2252 ι),
3121 2200 3139 2233 ι
3162 2189 3269 2236 etc.
3299 2179 3436 2240 Nam

1845 2277 1899 2322 et
1921 2267 2158 2324 Joannes
2180 2256 2377 2326 vidisse
2399 2287 2522 2326 eum
2547 2280 2778 2328 testatur
2825 2273 3070 2328 indutum
3118 2273 3316 2342 podere
3371 2272 3439 2328 ad

1848 2359 2140 2414 mamillam
2162 2360 2475 2432 ejus(Apoc.
2495 2362 2558 2432 ι).
2579 2362 2645 2418 Ει
2670 2379 2775 2418 non
2799 2363 2970 2418 solum
2993 2364 3046 2418 in
3071 2362 3219 2418 Novo
3240 2362 3434 2419 Testa-

1847 2462 2051 2517 mento,
2083 2469 2267 2508 verum
2305 2455 2470 2510 etiam
2499 2464 2554 2509 et
2585 2456 2636 2509 in
2666 2454 2844 2511 Veteri
2877 2457 3223 2512 inveniuntur
3263 2454 3441 2512 sancti

1847 2545 1937 2613 qui
1974 2560 2033 2599 se
2065 2545 2230 2599 Deum
2265 2547 2465 2602 vidisse
2493 2547 2672 2602 testati
2703 2555 2848 2612 sunt,
2878 2548 3019 2602 sicut
3043 2547 3316 2603 Abraham
3345 2545 3440 2616 qui

1850 2645 1961 2691 tres
1983 2637 2136 2703 vidit,
2159 2647 2213 2692 et
2235 2654 2402 2693 unum
2425 2639 2695 2694 adoravit.
2713 2639 2780 2694 Et
2806 2639 2947 2694 sicut
2971 2637 3138 2694 Jacob
3157 2639 3249 2709 qui
3266 2637 3435 2692 dixit:

1854 2747 1872 2778 ι
1906 2725 2150 2782 Vidimus
2199 2727 2338 2783 facie
2382 2730 2448 2783 ad
2490 2728 2687 2784 faciem
2721 2729 2876 2800 (Gen.
2918 2730 3115 2801 χχιιι).
3157 2750 3178 2782 ι
3213 2729 3348 2783 Nam
3381 2739 3441 2785 et

1849 2815 2061 2886 Moyses
2091 2817 2414 2886 loquebatur
2443 2833 2564 2873 cum
2612 2819 2704 2873 illo
2731 2818 2868 2873 facie
2898 2821 2964 2872 ad
3002 2820 3196 2874 faciem
3235 2819 3434 2890 (Exod.

1849 2907 2065 2978 χχχιιι).
2097 2907 2165 2961 Ει
2199 2908 2365 2963 Isaias
2393 2908 2526 2979 (cap.
2561 2910 2638 2979 v1)
2663 2923 2678 2962 :
2708 2928 2724 2960 ι
2768 2910 2882 2964 Vidi
2916 2910 3200 2964 Dominum
3241 2911 3437 2966 seden-

1851 3009 1955 3054 tem
1987 3015 2149 3070 super
2189 3001 2379 3056 solium
2409 3001 2682 3056 excelsum
2711 3017 2724 3067 ;
2760 3022 2778 3053 ι
2815 3011 2871 3058 ει
2901 3000 3136 3058 Joannes
3163 3002 3439 3072 apostolus

1852 3091 1982 3146 dicit
2009 3111 2020 3145 :
2051 3112 2068 3142 ‹
2101 3091 2251 3159 Quod
2276 3092 2526 3156 vidimus,
2551 3093 2696 3162 quod
2717 3092 3023 3147 audivimus
3057 3091 3240 3162 (Joan.
3267 3093 3370 3163 ιιι).
3413 3112 3432 3146 ι

1853 3182 1918 3235 Ει
1950 3182 2036 3237 hic
2060 3182 2190 3237 dicit
2221 3199 2233 3235 :
2266 3201 2282 3232 ι
2321 3181 2490 3236 Nemo
2523 3182 2657 3235 vidit
2681 3181 2875 3236 Filium
2905 3182 3005 3236 nisi
3035 3181 3197 3236 Pater
3217 3183 3435 3253 (Matth.

1852 3274 1948 3342 χι).
1985 3293 2002 3324 ι
2038 3272 2095 3327 Si
2127 3287 2285 3327 nemo
2315 3272 2465 3326 novit
2510 3271 2704 3326 Filium
2749 3272 2854 3326 nisi
2884 3271 3069 3336 Pater,
3101 3288 3227 3342 ergo
3266 3273 3440 3328 sancti

1853 3366 2052 3422 frustra
2083 3367 2311 3422 credunt
2347 3366 2473 3422 illuc
2493 3365 2787 3422 ascendere
2813 3367 2903 3422 ubi
2927 3366 3176 3422 Christus
3198 3376 3302 3420 est.
3331 3365 3440 3422 Sed

1851 3459 1956 3514 ista
2002 3458 2231 3528 quaestio
2283 3457 2442 3513 facile
2493 3457 2740 3522 solvitur,
2794 3458 2839 3514 si
2885 3458 2987 3513 hoc
3031 3457 3438 3512 consideremus

1853 3546 1995 3616 quod
2027 3547 2276 3615 superius
2305 3546 2570 3610 diximus,
2610 3546 2662 3600 in
2700 3545 2914 3602 Christo
2949 3547 3081 3601 duas
3109 3554 3329 3600 naturas
3355 3546 3440 3602 in-

1850 3653 1990 3702 esse,
2018 3637 2254 3693 divinam
2285 3647 2338 3691 et
2373 3637 2684 3692 humanam.
2715 3637 3007 3692 Sciendum
3037 3652 3272 3708 namque
3315 3646 3397 3692 est
3417 3677 3434 3703 ,

1850 3731 1998 3800 quia,
2045 3731 2186 3785 sicut
2231 3729 2320 3785 ille
2363 3739 2666 3786 coaeternus
2710 3739 2794 3786 est
2841 3739 2897 3785 et
2929 3731 3216 3800 comqualis
3261 3730 3437 3798 Patri,

1847 3820 2026 3876 nullus
2051 3835 2174 3876 eum
2205 3820 2353 3875 novit
2383 3836 2483 3876 nec
2508 3834 2670 3876 nosse
2707 3828 2918 3890 potest,
2943 3818 3151 3875 Joanne
3180 3821 3392 3876 dicente
3417 3837 3431 3874 :

1855 3931 1874 3964 ι
1921 3912 2093 3967 Deum
2137 3924 2298 3966 nemo
2333 3910 2464 3967 vidit
2507 3925 2741 3981 unquam
2785 3911 2966 3984 (Joan.
2998 3912 3056 3984 ι).
3097 3932 3116 3964 ι
3155 3912 3436 3979 Quomodo

1846 4002 1989 4058 enim
2013 4003 2155 4058 Deus
2185 4000 2365 4055 lumen
2397 4000 2461 4057 de
2490 4000 2711 4066 lumine,
2734 4002 3073 4070 omnipotens
3093 4001 3158 4056 de
3187 4002 3436 4070 omnipo-

1851 4104 2016 4159 tente,
2043 4109 2201 4149 nemo
2220 4095 2386 4158 novit,
2418 4108 2595 4164 neque
2618 4095 2757 4150 scire
2777 4104 2973 4163 potest,
3001 4095 3141 4150 sicut
3169 4097 3432 4166 propheta

1847 4184 2016 4238 dicit;
2047 4202 2065 4236 ι
2099 4183 2519 4239 Geuerationem
2569 4185 2713 4240 illius
2759 4185 2882 4255 quis
2933 4187 3251 4241 enarrabit‘!
3295 4186 3432 4257 (lsa.

1850 4273 1989 4344 LIII.)
2031 4294 2047 4324 ι
2082 4273 2194 4331 Hoc
2216 4281 2301 4330 est
2329 4275 2471 4344 quod
2492 4275 2787 4345 Apostolus
2815 4276 3165 4330 considerans
3191 4277 3268 4330 ait
3291 4291 3304 4328 :
3340 4295 3358 4325 ι
3388 4273 3434 4332 0

1847 4367 2074 4422 altitudo
2101 4367 2410 4422 divitiarum
2438 4368 2718 4436 sapientiae
2750 4377 2804 4423 et
2835 4368 3074 4422 scientiae
3111 4367 3204 4422 Dei
3249 4367 3429 4438 (Rom.

1847 4458 1952 4528 χι),
1987 4479 2006 4511 ι
2034 4468 2140 4513 etc.
2188 4459 2270 4513 Ad
2313 4459 2530 4530 Moysen
2574 4459 2718 4514 enim
2751 4457 3012 4514 Dominus
3052 4457 3219 4512 dicit:
3257 4475 3276 4509 ι
3314 4456 3433 4512 Non

1847 4550 1992 4604 enim
2015 4549 2218 4604 videbit
2241 4563 2326 4602 me
2351 4549 2536 4612 homo,
2561 4556 2615 4602 et
2643 4547 2790 4601 vivet
2814 4546 3011 4616 (Exod.
3038 4544 3256 4616 xxxiii).
3288 4565 3306 4597 ι
3340 4543 3432 4602 Vel

1849 4643 2011 4698 etiam
2040 4642 2310 4711 quomodo
2343 4624 2399 4696 in
2432 4651 2588 4698 utero
2617 4641 2788 4698 beatae
2813 4640 2997 4695 Maria:
3031 4639 3284 4710 virginis,
3312 4639 3432 4696 nul-

1848 4733 1931 4788 lus
1975 4733 2142 4788 novit.
2192 4732 2427 4804 Angelus
2472 4734 2616 4788 enim
2657 4733 2725 4788 ad
2769 4733 2981 4788 beatam
3033 4730 3258 4786 Mariam
3309 4733 3424 4788 ait:

1855 4843 1874 4876 ι
1908 4823 2143 4894 Spiritus
2171 4833 2395 4881 sanctus
2420 4825 2761 4895 superveniet
2792 4825 2843 4880 in
2876 4833 2929 4880 te
2955 4824 3106 4897 (Luc.
3135 4827 3198 4895 ι).
3229 4845 3247 4877 ι
3279 4824 3428 4881 Unde

1845 4915 2082 4972 Joannes
2125 4917 2293 4972 dicit:
2331 4937 2348 4968 ι
2380 4917 2508 4973 Post
2549 4933 2635 4972 me
2669 4919 2814 4974 venit
2843 4918 2926 4972 vir
2962 4905 3150 4986 '(Joan.
3182 4917 3255 4990 ι),
3305 4939 3324 4970 ι
3373 4927 3430 4974 ει

1847 5007 2106 5079 propheta
2135 5025 2148 5062 :
2181 5026 2198 5059 ι
2239 5007 2527 5064 Brachium
2551 5009 2763 5064 Domini
2808 5009 2894 5064 cui
2925 5008 3210 5064 revelabo?
3239 5029 3258 5062 ι
3288 5009 3424 5081 (Isa.

1846 5100 1989 5169 un.)
2049 5099 2190 5169 Ergo
2239 5099 2402 5155 Pater
2448 5101 2598 5155 novit
2631 5099 2862 5168 Filium,
2895 5117 3054 5171 quem
3097 5111 3427 5158 coaeternum

1847 5202 1904 5248 et
1940 5193 2452 5249 consubstantialem
2505 5193 2607 5248 sibi
2653 5195 2856 5264 genuit.
2890 5215 2908 5246 ι
2955 5195 3020 5249 Ει
3062 5197 3147 5250 cui
3201 5195 3430 5251 voluerit

1848 5285 2016 5340 Filius
2053 5284 2314 5340 revelare.
2355 5305 2373 5338 ι
2405 5285 2564 5352 Quia,
2595 5285 2842 5356 quamvis
2869 5286 3028 5342 modo
3066 5303 3171 5342 non
3212 5287 3429 5340 videant

1851 5377 2020 5432 sancti
2069 5375 2449 5446 corporaliter,
2505 5385 2684 5432 tamen
2735 5386 2904 5432 restat
2955 5387 3164 5447 tempus
3212 5375 3428 5444 quando

1849 5467 2125 5522 videbunt.
2171 5467 2321 5523 Unde
2361 5467 2597 5523 Joannes
2644 5469 2811 5524 dicit:
2847 5489 2866 5521 ‹
2901 5469 3108 5534 Filioli,
3143 5483 3284 5522 nunc
3333 5465 3426 5521 lilii

1851 5562 1942 5616 Dei
1973 5576 2160 5615 sumus
2186 5560 2234 5630 (1
2269 5560 2427 5614 Ιλοαη.
2463 5565 2569 5628 ιιι).
2608 5581 2627 5615 ι
2658 5561 2755 5618 Cui
2784 5561 2895 5615 vult
2931 5570 2986 5615 et
3029 5568 3287 5629 quantum
3315 5556 3430 5612 vult

1850 5669 1910 5706 se
1933 5662 1986 5707 et
2012 5651 2224 5706 Patrem
2253 5653 2509 5708 ostendit.

1927 5767 1944 5799 ι
1981 5746 2170 5803 Venite
2199 5747 2268 5802 ad
2316 5763 2402 5804 me
2436 5763 2646 5806 omnes.
2679 5768 2708 5804 ι
2745 5746 2984 5817 Quatuor
3022 5745 3332 5807 vocationes
3369 5745 3428 5812 in
