4002 6348
609 376 712 430 799

1229 371 1580 434 HAYMONIS
1616 372 2093 431 HALBERSTAT.
2134 373 2346 431 EPISC.
2387 373 2536 430 OPP.
2578 373 2756 429 PARS
2792 372 2856 428 11.
2893 404 2962 414 -
2999 368 3231 430 HOMIL.

3811 371 3920 429 800

607 503 766 545 sacro
794 489 1005 560 eloquio
1026 490 1346 560 reperimus,
1368 491 1500 545 duas
1523 492 1577 545 in
1602 489 1782 544 Veteri
1811 488 2177 550 Testamento,
2208 491 2256 550 Α
2285 487 2682 542 humilitatem?
2708 488 2774 542 Et
2802 487 3095 542 notandum
3121 498 3204 542 est
3242 486 3368 558 quia
3396 501 3456 542 se
3491 487 3720 542 mitem
3772 487 3919 543 dixit

609 580 745 636 duas
767 591 821 637 et
853 583 904 635 in
936 579 1102 635 Novo.
1130 580 1308 635 Prima
1338 583 1392 636 in
1417 582 1595 636 Veteri
1621 582 2004 636 Testamento:
2034 599 2052 630 ι
2081 579 2185 634 Ve-

607 673 751 737 nite,
783 673 874 727 lilii
896 714 910 737 ,
954 673 1134 728 audite
1166 690 1252 728 me
1287 673 1459 747 (Psal.
1489 678 1610 739 xu).
1654 695 1672 728 ι
1706 675 1992 730 Secunda:
2023 692 2042 725 ‹
2082 674 2185 728 Ve-

607 764 737 826 nite,
767 766 1053 819 adoremus
1081 762 1254 834 (Paal.
1279 767 1440 834 xcrv).
1479 786 1496 817 ι
1530 766 1710 820 Prima
1737 765 1790 819 in
1815 763 1963 818 Novo
1989 763 2181 818 Testa-

605 863 809 919 mento,
841 854 944 909 ista
975 871 1095 925 qua:
1127 857 1179 910 in
1217 859 1467 927 pnrsenti
1499 857 1777 921 recitatur,
1806 871 1924 910 cum
1951 855 2178 910 dicitur:

610 964 629 999 ο
663 933 854 1002 Venite
881 948 948 1001 ad
978 963 1063 1002 me
1090 963 1279 1004 omnes
1301 949 1515 1019 (Matth.
1549 951 1646 1020 xi).
1679 969 1697 1000 ›
1725 947 1972 1003 Secunda
1997 962 2012 1002 :
2042 967 2060 998 ι
2082 946 2184 1001 Ve-

605 1037 738 1102 nite,
765 1038 1032 1093 benedicti
1063 1039 1236 1093 Patris
1266 1039 1369 1093 mei
1395 1038 1607 1107 (Matth.
1642 1040 1792 1108 xxv),
1827 1057 1844 1090 ι
1873 1047 1928 1092 et
1952 1037 2178 1108 reliqua.

606 1128 757 1185 Sicut
785 1131 927 1185 enim
958 1147 1224 1203 synagoga
1253 1129 1742 1186 admonebat-ﬁlios
1773 1145 1920 1195 suos,
1947 1138 2007 1183 ut
2033 1128 2183 1182 veni-

602 1231 725 1278 rent
775 1232 938 1293 atque
981 1225 1229 1279 timorem
1277 1223 1578 1286 discerent,
1633 1223 1855 1276 dicens:
1904 1239 1922 1271 t
1956 1217 2178 1283 Venite,

604 1314 719 1379 filii,
752 1316 934 1370 audite
964 1332 1081 1382 me,
1113 1335 1131 1366 ι
1155 1325 1208 1370 et
1235 1325 1452 1370 tta-tera.
1477 1314 1667 1368 Postea
1705 1328 1834 1367 vero
1863 1312 2183 1367 hortabatur

601 1408 850 1470 adorare,
881 1407 1166 1475 inquiens:
1202 1427 1220 1457 ι
1253 1407 1473 1466 Venite.
1502 1407 1788 1461 adoremus
1815 1423 1827 1458 :
1861 1425 1880 1456 ι
1913 1405 1986 1458 ita
2017 1404 2179 1458 etiam

601 1509 785 1554 sancta
818 1499 1058 1554 Ecclesia
1091 1500 1358 1563 hortatur,
1391 1513 1512 1552 cum
1550 1497 1662 1551 ait:
1702 1517 1719 1547 ‹
1755 1495 1945 1550 Venite
1989 1497 2054 1550 ad
2095 1508 2180 1552 me

598 1593 808 1646 omnes.
857 1609 875 1642 ι
911 1590 1062 1657 Quod
1112 1591 1254 1644 enim
1292 1604 1560 1660 synagoga
1605 1587 1816 1642 dicebat
1848 1604 1860 1640 :
1899 1607 1916 1638 ι
1954 1585 2175 1651 Venite,

609 1681 724 1745 lilii,
755 1681 936 1735 audite
964 1696 1072 1745 me,
1103 1701 1120 1733 ι
1154 1681 1254 1734 hoc
1271 1679 1505 1734 Ecclesia
1535 1679 1664 1732 dicit
1691 1695 1702 1730 :
1736 1696 1753 1728 t
1787 1676 1975 1732 Venite
2003 1677 2068 1729 ad
2094 1691 2178 1731 me

604 1786 814 1824 omnes.
857 1790 875 1822 ι
911 1770 978 1823 Et
1025 1770 1166 1838 quod
1216 1769 1290 1823 illi
1340 1769 1630 1825 dicebant;
1665 1786 1681 1818 t
1719 1767 1936 1836 Venite,
1987 1765 2178 1820 adore-

2285 595 2426 635 esse.
2466 578 2582 635 Jam
2607 580 2750 635 enim
2781 580 3000 635 mitibus
3028 588 3230 634 terram
3260 580 3615 648 promiserat,
3653 579 3913 634 dicens:

2290 691 2307 722 ι
2345 670 2490 726 Beati
2535 671 2726 737 mites,
2755 673 3006 742 quoniam
3053 672 3151 740 ipsi
3183 672 3534 742 possidebunt
3579 680 3858 727 terram.
3891 691 3909 724 ι

2283 761 2349 815 Ει
2383 778 2449 816 ne
2479 778 2641 833 grave
2671 765 2942 817 videretur
2966 764 3106 832 quod
3133 763 3388 818 Dominus
3415 764 3796 835 percipiebat
3827 762 3909 818 fa-

2283 867 2440 916 cere,
2480 854 2592 922 ipse
2633 854 2878 924 superius
2919 855 3180 924 exemplis
3221 856 3601 919 monstrabat,
3635 866 3708 910 et.
3757 866 3910 911 recte

2282 947 2481 1000 dicitur
2509 965 2527 996 ‹
2559 947 2775 1002 humilis
2801 948 2997 1012 corde,
3031 965 3050 998 ι
3081 947 3203 1016 quia
3229 948 3585 1017 semetipsum
3622 947 3906 1000 lium-lis-

2281 1035 2388 1100 vit,
2436 1035 2575 1089 sicut
2614 1035 2689 1089 ait
2732 1035 3060 1104 Apostolus:
3097 1053 3115 1085 ι
3153 1035 3252 1103 Qui
3296 1051 3419 1090 cum
3455 1036 3509 1089 in
3555 1036 3762 1089 forma
3809 1037 3902 1089 Dei

2280 1135 2452 1191 esset,
2499 1141 2604 1180 non
2650 1127 2892 1196 rapinam
2935 1127 3230 1182 arbitratus
3259 1139 3342 1181 est
3371 1143 3492 1182 esse
3514 1144 3575 1183 se
3605 1127 3901 1197 aequalem

2280 1214 2408 1281 Deo,
2427 1217 2517 1270 sed
2541 1218 2886 1288 semetipsum
2918 1218 3215 1272 exinanivit
3236 1216 3402 1280 (Phil.
3426 1220 3516 1288 ιι),
3550 1239 3569 1271 ι
3593 1230 3722 1273 etc.
3745 1219 3900 1273 Multi

2279 1306 2531 1362 videntur
2591 1308 2820 1364 humiles
2866 1310 3124 1374 exterius,
3171 1311 3265 1364 sed
3336 1311 3570 1365 interius
3641 1311 3898 1373 tumidi,

2280 1408 2425 1452 sunt.
2455 1399 2598 1454 Bona
2628 1402 2955 1457 conscientia
2989 1444 3003 1466 ,
3053 1417 3175 1473 qua:
3223 1403 3384 1458 talem
3434 1402 3546 1458 fert
3591 1403 3893 1468 fructum,

2279 1508 2397 1562 qua:
2427 1510 2639 1565 semper
2670 1497 2812 1550 intus
2845 1507 3025 1552 servat
3053 1499 3430 1554 humilitatem.
3467 1519 3487 1550 ι
3525 1500 3596 1554 ΕΙ.
3637 1500 3894 1554 invenie-

2284 1602 2302 1634 ι
2342 1583 2408 1638 tis
2445 1585 2683 1653 requiem
2726 1587 3010 1642 animabus
3051 1589 3263 1643 vestris.
3320 1609 3337 1640 ι
3384 1589 3449 1643 Et
3501 1589 3642 1644 alibi
3713 1591 3886 1644 dicit:

2283 1693 2301 1726 ι
2351 1673 2525 1732 Nolite
2565 1677 2755 1733 timere
2801 1694 2894 1733 eos
2925 1679 3013 1748 qui
3067 1680 3319 1734 occidunt
3355 1696 3590 1752 corpus,
3631 1681 3886 1735 animam

2277 1777 2456 1822 autem
2489 1785 2594 1824 non
2624 1780 2847 1840 possunt
2875 1771 3122 1826 occidere
3143 1771 3356 1841 (Matth.
3378 1773 3452 1844 x).
3483 1793 3504 1826 ι
3535 1772 3745 1829 Sancti
3768 1785 3882 1844 post

601 1875 721 1914 mus
744 1901 758 1922 ,
795 1878 812 1910 ι
851 1858 920 1913 ita
949 1869 1003 1912 et
1035 1859 1280 1914 Christus
1324 1857 1567 1912 dicturus
1596 1867 1713 1912 erat
1739 1857 1980 1911 sanctis:
2013 1875 2032 1907 ι
2069 1856 2172 1910 Vc-
2201 1852 2246 1911 Β
2278 1857 2677 1914 tribulationem
2705 1861 2943 1930 requiem
2970 1863 3271 1932 percepturi
3297 1872 3439 1917 sunt.

601 1950 742 2014 nite,
787 1950 1054 2006 benedicti
1104 1950 1282 2004 Patris
1321 1950 1446 2004 mei.
1497 1969 1514 2000 ι
1557 1948 1691 2003 Tres
1729 1949 2036 2002 vocationes
2059 1946 2171 2016 jam

594 2040 825 2110 impletae
844 2051 990 2108 sunt,
1014 2051 1069 2096 et
1087 2042 1447 2112 adimplentur
1467 2042 1721 2111 quotidie.
1751 2040 1940 2095 Restat
1957 2049 2171 2110 qnarta,

593 2149 712 2205 quae
741 2135 793 2189 in
825 2137 908 2190 die
945 2135 1135 2204 judicii
1178 2137 1585 2205 adimplebitur,
1633 2152 1791 2205 quam
1843 2135 1933 2204 qui
1989 2135 2172 2190 audire

593 2228 892 2282 meruerint
941 2229 1056 2284 sine
1099 2229 1204 2284 fine
1243 2229 1566 2299 gaudebunt.
1608 2247 1625 2279 ‹
1662 2227 1762 2294 Qui
1815 2226 2073 2281 laboratis
2118 2234 2173 2280 et

599 2335 617 2368 ι
650 2320 859 2374 onerati
887 2321 1035 2375 estis.
1073 2340 1092 2371 ι
1123 2319 1429 2374 Laborabat
1455 2319 1598 2374 enim
1626 2318 1776 2388 plebs
1811 2318 2086 2386 gentilium
2119 2318 2170 2371 in

592 2409 816 2465 culturis
858 2411 1242 2466 daemoniorum
1292 2420 1346 2466 et
1387 2410 1439 2464 in
1470 2409 1708 2465 delubris
1741 2409 2027 2474 idolorum,
2059 2409 2172 2464 sive

589 2501 754 2555 etiam
794 2501 846 2556 in
891 2502 1173 2557 desideriis
1202 2504 1414 2566 carnis,
1449 2503 1515 2557 de
1552 2502 1750 2571 quibus
1793 2497 2052 2572 scriptum
2090 2508 2174 2556 est

591 2589 726 2661 (lsa.
757 2592 908 2664 ux):
941 2611 958 2643 ι
989 2592 1148 2648 Telas
1186 2609 1401 2648 araneae
1441 2601 1747 2647 texuerunt.
1787 2611 1806 2644 ι
1836 2592 1901 2645 Et
1943 2590 2172 2660 Aposto-

589 2680 674 2737 lus
707 2682 837 2738 dicit
860 2683 912 2754 (I
941 2683 1062 2738 Cor.
1098 2684 1198 2755 xu)
1228 2700 1241 2738 :
1278 2702 1296 2735 ‹
1330 2684 1512 2750 Scitis,
1546 2685 1799 2754 quoniam
1831 2699 1952 2737 cum
1980 2690 2169 2753 gentes

587 2776 798 2840 essetis,
830 2775 897 2830 ad
929 2777 1216 2832 simulacra
1240 2787 1410 2843 muta,
1442 2795 1458 2829 ι
1488 2786 1542 2831 et
1569 2777 1798 2845 reliqua.
1827 2793 1845 2825 ι
1877 2773 1944 2828 Ει
1965 2789 2065 2842 ego
2089 2788 2172 2828 re-

593 2887 611 2919 ι
645 2867 822 2922 ficiam
851 2884 965 2924 vos.
1003 2888 1022 2920 ι
1049 2868 1186 2936 Quid
1215 2869 1503 2939 promisit:
1529 2868 1897 2923 Refectionem
1939 2882 2043 2922 non
2085 2882 2171 2921 so-

587 2957 696 3013 lum
722 2961 772 3014 in
798 2961 919 3016 cibo
941 2961 1165 3026 carnali,
1188 2961 1280 3016 sed
1301 2961 1352 3016 in
1375 2961 1622 3031 spiritali.
1649 2961 1724 3015 De
1745 2975 1848 3030 qua
1877 2958 2170 3014 refectione

588 3057 639 3110 in
672 3056 990 3128 Apocalypsi
1033 3059 1290 3127 scriptum
1337 3067 1419 3113 est
1461 3059 1598 3130 (cap.
1649 3058 1764 3130 xtx)
1795 3077 1808 3112 :
1839 3076 1856 3109 ι
1889 3057 2038 3112 Beati
2076 3057 2168 3128 qui

587 3148 652 3202 ad
687 3164 896 3203 ctenam
920 3150 1225 3219 nuptiarum
1249 3149 1384 3220 Agni
1413 3149 1587 3205 vocati
1618 3157 1759 3203 sunt.
1799 3169 1817 3202 ι
1852 3149 2021 3217 Quam
2045 3164 2167 3203 san-

2351 1969 2368 2000 ‹
2403 1949 2596 2021 Iugum
2639 1953 2783 2007 enim
2825 1969 3004 2008 meum
3051 1969 3215 2008 suave
3244 1965 3357 2019 est,
3397 1964 3450 2008 et
3497 1971 3648 2010 onus
3697 1972 3874 2010 meum

2279 2059 2298 2092 ‹
2335 2041 2466 2096 leve.
2505 2063 2524 2094 ι
2555 2041 2748 2114 .lugum
2777 2044 2942 2114 ipsius
2969 2059 3130 2100 suave
3171 2054 3284 2108 est;
3319 2061 3488 2116 quare
3528 2048 3748 2100 suave?
3789 2057 3876 2099 aut

2273 2150 2440 2204 quare
2467 2136 2616 2190 leve?
2645 2135 2779 2202 Quia
2811 2136 2953 2206 quod
2991 2136 3174 2192 docuit
3209 2138 3354 2207 ipse,
3396 2138 3548 2207 prius
3588 2138 3870 2207 implevit,

2273 2227 2413 2282 sicut
2437 2227 2612 2284 Lucas
2634 2230 2764 2284 dicit
2792 2229 2928 2299 (Act.
2953 2231 2994 2299 ι)
3024 2248 3037 2283 :
3076 2229 3211 2298 Quia
3249 2247 3266 2280 ι
3302 2231 3466 2300 εωρὶῑ
3490 2228 3662 2284 Jesus
3695 2230 3871 2283 facere

2272 2330 2326 2376 ct
2357 2322 2570 2377 docere.
2603 2342 2621 2374 ι
2651 2322 2916 2392 Praecepit
2945 2324 3099 2379 nobis
3130 2323 3361 2378 humiles
3389 2338 3535 2385 esse,
3567 2323 3697 2392 ipse
3725 2324 3870 2392 prius

2272 2413 2326 2468 in
2357 2416 2648 2484 semetipso
2677 2416 3036 2471 humilitatem
3067 2415 3332 2480 exhibuit,
3362 2415 3563 2469 nullam
3594 2431 3723 2470 rem
3758 2415 3867 2483 jus-

2272 2505 2529 2575 sitquam
2564 2507 2676 2575 ipse
2706 2521 2813 2561 non
2842 2507 3258 2562 demonstraret.
3294 2505 3476 2561 Solent
3515 2507 3695 2561 etiam
3730 2523 3862 2560 nono

2271 2595 2401 2650 nulli
2444 2597 2691 2666 magistri
2728 2616 2745 2648 ‹
2798 2597 2981 2667 gravia
3028 2606 3082 2652 et
3122 2597 3483 2666 importabilia
3522 2618 3540 2649 ι
3573 2597 3862 2668 discipulis

2271 2686 2551 2755 iniungere
2579 2730 2593 2752 ,
2631 2689 2774 2758 quod
2811 2689 2911 2758 ipsi
2944 2689 3125 2745 facere
3169 2705 3273 2745 non
3305 2689 3502 2746 valent.
3538 2689 3862 2760 Loquuntur

2269 2793 2381 2842 ore,
2405 2788 2460 2834 et
2481 2795 2645 2850 opere
2671 2779 2974 2846 destruunt,
2997 2781 3116 2836 ideo
3142 2781 3418 2852 discipulis
3445 2785 3631 2854 gravia
3668 2783 3858 2836 viden-

2269 2879 2358 2924 tur
2385 2887 2398 2924 :
2429 2871 2520 2926 sed
2555 2871 2812 2926 Dominus
2843 2872 2970 2926 talia
2998 2887 3104 2926 non
3128 2870 3277 2928 fecit.
3313 2893 3331 2924 ‹
3363 2870 3559 2943 Iugum
3592 2871 3720 2941 ejus
3747 2873 3860 2926 leve

2269 2970 2369 3017 est.
2410 2983 2428 3014 ι
2463 2961 2645 3017 Sancti
2676 2978 2908 3033 namque
2929 2964 3187 3033 quidquid
3211 2965 3263 3019 in
3288 2964 3388 3019 hoc
3417 2964 3611 3020 mulo
3637 2965 3862 3034 patiun-

2270 3061 2376 3117 tur,
2396 3052 2514 3107 leve
2542 3053 2830 3118 sustinent,
2859 3046 3203 3124 quodjﬂgum
3231 3054 3422 3125 perfidi
3447 3053 3608 3110 Judaei
3625 3066 3861 3125 portare

2268 3143 2581 3210 noluerunt,
2613 3145 2893 3200 dicentes:
2933 3165 2952 3196 ‹
2994 3145 3404 3216 Disrumpamus
3426 3145 3619 3200 vincula
3645 3160 3855 3199 eorum

585 3238 656 3292 cti
698 3217 1056 3310 accipientes,
1101 3217 1320 3295 dicent:
1355 3259 1372 3291 ι
1407 3241 1574 3308 Quam
1627 3255 1820 3308 magna
1873 3239 2166 3294 multitudo
2193 3217 2238 3280 (ἶ
2270 3234 2440 3308 (Ρεαι.
2465 3237 2547 3305 ιι).
2585 3255 2603 3288 ›
2636 3237 2778 3308 Ergo
2810 3253 2910 3292 nec
2951 3238 3176 3292 scientia
3209 3237 3414 3304 Patris,
3441 3253 3534 3293 nec
3561 3237 3722 3300 Filii,
3752 3253 3855 3292 nec

586 3330 884 3385 dulcedinis
911 3339 1014 3385 tua:
1044 3333 1265 3386 Domine
1295 3334 1306 3386 !
1341 3331 1512 3401 (Psal.
1536 3332 1688 3402 xxx),
1723 3351 1740 3384 ι
1771 3341 1826 3387 et
1851 3341 2067 3387 cwtera.
2092 3332 2168 3388 De

585 3421 688 3475 hac
731 3420 1022 3476 refectione
1068 3422 1326 3476 Dominus
1379 3421 1591 3476 mulieri
1639 3419 1997 3476 Samaritana:
2047 3423 2163 3494 ait:

590 3531 608 3565 ι
642 3513 742 3579 Qui
790 3515 984 3568 biberit
1025 3529 1219 3582 aquam
1262 3529 1424 3583 quam
1469 3529 1570 3583 ego
1614 3513 1710 3574 do,
1746 3513 1838 3566 fiet
1877 3513 1930 3566 in
1959 3528 2024 3568 eo
2049 3513 2167 3571 fons

585 3618 738 3672 aquae
763 3602 1005 3656 salientis
1031 3602 1082 3656 in
1109 3602 1274 3655 vitam
1303 3610 1558 3656 teternam
1583 3600 1764 3671 (Joan.
1791 3599 1890 3671 tv).
1924 3620 1944 3652 ι

661 3709 680 3742 ι
711 3690 903 3745 Tollite
926 3690 1113 3760 jugum
1139 3705 1316 3743 meum
1347 3705 1509 3759 super
1547 3701 1658 3744 vos.
1694 3708 1712 3740 ι
1743 3688 2024 3759 Nunquam
2065 3705 2165 3759 po-

583 3780 707 3834 terit
748 3781 907 3834 homo
938 3780 1053 3834 sine
1083 3777 1216 3848 jugo
1253 3793 1372 3832 esse
1414 3787 1508 3833 aut
1550 3777 1782 3844 Christi,
1812 3787 1903 3834 aut
1944 3779 2161 3835 diaboli.

584 3871 793 3924 Dudum
833 3882 1010 3925 autem
1037 3869 1259 3924 Judaica
1284 3869 1433 3938 plebs
1456 3871 1643 3942 jugum
1675 3871 1808 3942 legis
1839 3873 2164 3940 sustinebat,

583 3964 650 4018 de
680 3979 786 4032 quo
807 3962 936 4032 jngo
959 3962 1152 4016 Petrus
1188 3961 1464 4031 apostolus
1492 3964 1566 4016 ait
1598 3981 1610 4016 :
1645 3983 1664 4015 ι
1704 3962 1843 4030 Quid
1867 3963 2030 4019 vultis
2060 3964 2164 4018 im-

581 4067 782 4122 ponere
805 4052 992 4122 jugum
1020 4067 1179 4122 super
1199 4052 1335 4107 nos?
1364 4073 1382 4104 ι
1410 4054 1547 4124 (Act.
1580 4053 1693 4124 xv.)
1716 4065 1996 4109 etetetera.
2027 4054 2162 4122 Quia

585 4143 663 4196 ait
712 4142 969 4197 Dominus
993 4151 1213 4212 postea:
1245 4162 1264 4194 ε
1301 4141 1476 4199 Onera
1515 4146 1698 4216 gravia
1719 4156 1772 4200 et
1802 4147 2161 4216 importabilia

584 4234 866 4304 imponunt
915 4235 966 4289 in
1015 4236 1270 4291 humeros
1328 4237 1604 4291 hominum
1655 4236 1868 4308 (Matth.
1915 4243 2096 4310 xxtu).
2137 4259 2156 4292 θ

581 4325 741 4382 Plebs
769 4337 945 4382 autem
979 4328 1217 4398 gentium
1255 4328 1442 4401 jugum
1475 4331 1671 4385 diaboli
1707 4332 1981 4400 portabat,
2015 4333 2161 4388 vide-

581 4419 706 4475 licet
741 4421 1011 4477 sarcinam
1042 4432 1388 4491 peccatorum
1413 4422 1466 4477 in
1495 4423 1675 4478 dorso.
1707 4425 1781 4479 De
1802 4425 1906 4479 hoc
1929 4441 2161 4496 namque

581 4515 826 4582 superius
853 4514 1055 4568 dictutn
1080 4524 1196 4569 est:
1233 4534 1252 4566 ‹
1284 4513 1473 4570 Venite
1504 4517 1570 4571 ad
1603 4533 1708 4581 me,
1739 4532 1927 4572 omnes
1956 4519 2046 4588 qui
2082 4519 2158 4573 la-

2269 3327 2504 3398 Spiritus
2533 3328 2704 3382 sanati
2736 3337 2951 3398 portare
2979 3328 3282 3392 voluerunt,
3307 3331 3544 3385 dicentes
3568 3347 3581 3384 :
3614 3349 3631 3381 ι
3661 3329 3849 3385 Scien-

2266 3418 2396 3472 tiam
2422 3418 2629 3472 viarum
2661 3428 2871 3472 tuarum
2896 3418 3145 3474 nolumus
3173 3418 3294 3491 (Job
3324 3419 3461 3485 ιιι).
3497 3438 3518 3472 ι

2821 3553 3102 3610 HOMILIA
3152 3553 3287 3610 XIII.

2610 3680 2781 3721 SERIO
2819 3681 2884 3721 DE
2923 3681 3191 3723 ORATIONB
3223 3681 3492 3723 DOIINICA.

2338 3783 2490 3854 (Luc.
2519 3784 2621 3854 xi.)
2652 3803 2670 3834 ι
2701 3783 2757 3837 In
2782 3783 2871 3837 illo
2900 3792 3158 3855 tempore,
3194 3783 3326 3838 dixit
3349 3797 3487 3837 unus
3507 3797 3579 3836 ex
3609 3782 3842 3850 discipu-

2271 3894 2289 3921 σ
2327 3874 2392 3930 lis
2433 3874 2558 3930 Jesu
2605 3875 2670 3929 ad
2715 3890 2876 3930 eum:
2904 3875 3162 3940 Domine,
3191 3877 3322 3930 doce
3350 3889 3448 3929 nos
3473 3889 3669 3939 orare,
3709 3874 3846 3928 sicut

2269 3983 2288 4015 ι
2318 3964 2497 4018 docuit
2517 3963 2751 4019 Joannes
2781 3963 3069 4034 discipulos
3095 3979 3240 4019 suos.
3275 3983 3293 4016 ι
3320 3963 3388 4018 Ει
3409 3963 3639 4034 reliqua.
3665 3963 3837 4017 Lucas

2263 4055 2588 4125 evangelista
2616 4054 2783 4110 refert
2801 4057 2924 4124 quia
2947 4069 3067 4108 cum
3092 4054 3348 4108 Dominus
3371 4054 3439 4107 ab
3461 4054 3711 4109 oratione
3732 4069 3845 4107 sur-

2265 4147 2529 4214 rexisset,
2563 4146 2792 4201 accessit
2834 4147 2901 4200 ad
2949 4160 3073 4200 eum
3115 4161 3254 4200 unus
3282 4162 3345 4200 ex
3387 4146 3674 4215 discipulis
3696 4147 3842 4214 dus,

2265 4237 2451 4293 dicens
2479 4255 2492 4290 :
2532 4255 2550 4288 ‹
2582 4237 2830 4302 Domine,
2859 4237 2990 4292 doce
3020 4251 3119 4292 nos
3153 4251 3330 4301 orare,
3359 4237 3498 4292 sicut
3524 4248 3586 4290 et
3613 4237 3845 4292 Joannes

2269 4349 2288 4380 ‹
2325 4329 2508 4383 docuit
2554 4327 2847 4398 discipulos
2893 4343 3037 4383 suos.
3093 4348 3111 4380 ι
3159 4326 3364 4394 Quibus
3402 4342 3521 4382 cum
3582 4328 3845 4382 dixisset:

2269 4440 2288 4474 ι
2325 4421 2555 4476 Orantes
2592 4429 2772 4474 autem
2804 4420 2967 4474 nolite
2992 4419 3218 4474 multum
3256 4419 3421 4489 loqui,
3455 4420 3604 4475 sicut
3645 4421 3844 4474 ethnici

2261 4513 2506 4578 faciunt,
2559 4513 2648 4583 qui
2711 4521 2902 4583 putant
2958 4512 3011 4566 in
3076 4512 3412 4582 multiloquio
3475 4527 3534 4566 se
3601 4511 3846 4567 exaudiri

579 4604 784 4661 boratis
808 4617 857 4662 et
873 4609 1082 4662 onerati
1099 4609 1229 4662 estis
1251 4607 1468 4677 (Matth.
1483 4607 1614 4677 x1)»
1635 4607 1935 4664 Notandum
1953 4582 2154 4676 autem,

2276 4603 2477 4674 [ΜαιιΙι.
2499 4582 2590 4671 v),
2609 4623 2627 4655 ι
2655 4582 2870 4658 brevem
2885 4601 3100 4672 quidem
3127 4600 3326 4665 verbis,
3364 4600 3458 4656 sed
3486 4601 3706 4670 plenam
3738 4617 3849 4671 my-

581 4700 706 4768 quia
755 4715 859 4754 non
907 4714 1044 4754 onus
1093 4699 1292 4754 diaboli
1341 4715 1494 4754 suum
1535 4698 1721 4769 jugum
1769 4701 1922 4755 dixit.
1961 4700 2156 4772 Iugum

580 4793 726 4845 enim
765 4791 968 4846 Christi
1009 4791 1124 4861 ejus
1166 4791 1466 4845 doctrinam
1505 4790 1801 4862 intelligere
1841 4807 2154 4861 possumus,

580 4897 742 4950 qnam
781 4897 967 4938 omnes
997 4882 1195 4944 sancti,
1223 4882 1313 4950 qui
1345 4897 1466 4937 eum
1496 4883 1645 4950 sequi
1681 4881 1995 4950 voluerunt,
2032 4898 2157 4952 por-

585 4973 808 5035 tabunt,
855 4974 992 5027 sit-ut
1026 4975 1140 5042 ipse
1171 4973 1338 5028 dicit:
1375 4992 1394 5024 ι
1431 4973 1531 5040 Qui
1562 4974 1672 5026 vult
1699 4973 1880 5028 venire
1915 4982 2037 5043 post
2071 4989 2155 5029 me

583 5063 947 5135 (Matth.xv|),
972 5085 989 5116 ι
1025 5074 1078 5120 et
1105 5075 1318 5120 caetera.
1356 5064 1656 5119 Notandum
1691 5074 1868 5120 autem
1899 5067 2023 5136 quia
2053 5066 2153 5121 ho-

581 5155 757 5209 mines
793 5155 882 5224 qui
910 5156 1043 5210 alios
1072 5156 1137 5209 ad
1167 5171 1224 5210 se
1249 5156 1433 5210 venire
1474 5153 1678 5208 faciunt
1715 5165 1768 5210 et
1810 5171 1903 5211 eos
1942 5157 2156 5212 erudire

582 5244 823 5314 cupiunt,
851 5245 1034 5300 dicunt
1058 5246 1136 5299 eis
1163 5264 1174 5298 :
1207 5244 1405 5299 Discite
1432 5259 1460 5298 a
1495 5243 1647 5299 nobis
1675 5262 1689 5311 ;
1723 5245 1793 5299 ita
1815 5255 1868 5299 ct
1899 5239 2154 5304 Dominus

581 5351 736 5391 suam
767 5339 1066 5393 doctrinam
1091 5353 1189 5391 nos
1214 5336 1430 5390 erudire
1465 5336 1629 5405 cupit,
1663 5352 1783 5390 cum
1815 5337 1983 5390 dicit:
2016 5358 2033 5389 ‹
2066 5338 2154 5392 Di-

581 5429 716 5485 scite
755 5445 784 5484 a
831 5446 914 5485 me
952 5431 1076 5499 quia
1118 5429 1263 5483 mitis
1289 5443 1404 5482 sum
1435 5437 1490 5483 et
1518 5429 1733 5484 humilis
1762 5430 1944 5486 corde.
1982 5451 2000 5484 ›
2033 5431 2148 5488 Non

582 5522 716 5577 dixit
735 5523 961 5577 virtutes
983 5522 1178 5583 facere,
1210 5518 1451 5574 infirmos
1479 5536 1692 5585 sanare,
1719 5531 1958 5575 mortuos
1985 5523 2153 5577 susci-

583 5627 717 5679 tare,
755 5623 810 5669 et
849 5624 1042 5670 caetera
1069 5613 1214 5666 talia.
1249 5610 1366 5665 Jam
1400 5615 1542 5666 enim
1589 5629 1746 5683 supra
1795 5614 2013 5667 dederat
2051 5613 2153 5669 illis

583 5719 899 5779 potestatem
935 5707 998 5760 ad
1032 5709 1130 5762 hoc
1168 5707 1488 5760 faciendum.
1523 5705 1619 5761 Hic
1651 5707 1781 5760 nihil
1813 5707 1918 5760 tale
1950 5708 2152 5776 reperi-

585 5812 690 5865 tnr,
723 5802 816 5855 sed
842 5809 1050 5856 tantum
1081 5800 1218 5856 dixit
1260 5814 1321 5854 τι
1361 5799 1561 5854 Discite
1597 5815 1626 5853 a
1677 5815 1782 5854 me.
1822 5819 1838 5850 ι
1871 5798 2008 5867 Quid
2049 5797 2152 5854 nisi

2262 4697 2412 4752 sterii
2451 4697 2631 4751 docuit
2655 4697 2979 4761 orationem,
3006 4696 3222 4751 dicens:

2337 4803 2355 4836 ι
2395 4784 2484 4840 Sic
2512 4801 2640 4856 ergo
2665 4786 2911 4851 orabitis,
2935 4786 3174 4841 dicentes
3199 4804 3212 4840 :
3241 4783 3403 4840 Pater
3431 4791 3644 4846 noster,
3672 4782 3766 4852 qui
3793 4798 3848 4836 es

2266 4898 2284 4930 ι
2317 4879 2373 4932 in
2402 4878 2574 4944 caelis,
2608 4899 2626 4931 ι
2655 4889 2761 4934 etc.
2788 4879 2842 4933 In
2876 4895 2980 4949 qua
3021 4878 3263 4933 oratione
3291 4885 3494 4947 septem
3533 4875 3849 4946 specialiter

2260 4969 2544 5040 petitiones
2593 4971 3062 5034 commendantur,
3094 4983 3322 5040 quarum
3369 4976 3480 5021 tres
3520 4967 3746 5036 priores
3786 4967 3848 5018 ad

2260 5062 2497 5117 futuram
2527 5063 2693 5117 vitam
2723 5063 3027 5132 pertinent,
3057 5061 3276 5132 reliqua:
3318 5068 3552 5128 quatuor
3602 5059 3672 5116 ad
3710 5073 3850 5129 pra-

2261 5164 2466 5210 sentem
2498 5153 2770 5224 pertinere
2799 5152 3084 5218 videntur,
3112 5159 3333 5220 propter
3375 5147 3619 5202 futuram
3665 5158 3846 5202 tamen

2260 5247 2646 5317 accipiendam.
2675 5245 2825 5314 Quod
2849 5245 2992 5300 enim
3017 5244 3130 5308 ait,
3161 5262 3178 5294 ί
3216 5241 3608 5297 Sanctificetur
3643 5256 3848 5296 nomen

2265 5359 2282 5390 ι
2317 5347 2486 5403 tuum,
2511 5338 2604 5392 fiat
2625 5337 2871 5393 voluntas
2898 5346 3008 5400 tua,
3037 5336 3175 5390 sicut
3202 5334 3258 5390 in
3279 5333 3418 5390 ccelo
3443 5342 3500 5388 et
3525 5333 3583 5388 in
3621 5343 3800 5397 terra,
3829 5352 3845 5382 ι

2258 5428 2322 5482 ad
2370 5427 2562 5482 futura:
2620 5428 2742 5483 vita:
2785 5426 3170 5482 beatitudinem
3211 5426 3463 5496 pertinet.
3514 5423 3677 5491 Quod
3713 5439 3854 5479 vero

2250 5520 2592 5590 subiungitur
2621 5539 2634 5573 :

2327 5631 2343 5663 ι
2380 5611 2581 5666 Panem
2627 5620 2870 5666 nostrum
2912 5609 3281 5678 quotidianum
3309 5607 3372 5660 da
3405 5605 3562 5659 nobis
3595 5605 3786 5666 hodie,
3829 5622 3847 5654 ι

2249 5703 2410 5758 etiam
2438 5717 2607 5771 usque
2638 5701 2690 5755 in
2724 5701 2884 5754 finem
2905 5741 2919 5764 ,
2952 5700 3017 5752 ad
3054 5696 3334 5769 prmsentis
3361 5695 3487 5749 vita:
3519 5699 3851 5749 necessaria

2249 5794 2524 5866 pertinere
2568 5791 2801 5848 videtur.
2847 5789 2954 5848 Sed
2994 5798 3187 5846 cuncta
3220 5802 3316 5860 per
3358 5785 3613 5842 ordinem
3659 5785 3854 5841 videa-
