4002 6348
95 366 200 425 801

1352 351 1650 412 ΗΟΜΙΕΙᾹΞ
1687 351 1776 408 DE
1812 347 2122 406 SANCTIS.

3242 342 3348 398 802

99 495 243 537 mus.
273 476 364 533 Ait
389 483 534 532 enim
565 492 580 530 :
617 493 636 527 ι
668 473 833 531 Pater
873 482 1054 528 noster
1093 473 1183 541 qui
1235 486 1294 527 es
1342 470 1395 525 in
1439 467 1608 523 caelis.
1648 485 1666 518 ι
1699 469 1748 528 Α
1777 465 1876 518 ibis
1900 460 2052 533 (Gen.
2086 460 2190 531 ιιι).
2229 480 2247 512 ι
2287 460 2353 515 Ει
2376 461 2476 516 hoc
2501 459 2755 530 petimus,
2782 463 2842 510 ut
2865 454 3006 511 sicut
3029 451 3203 525 angeli
3229 455 3350 526 ejus

107 570 208 624 Ubi
237 565 683 622 considerandum
710 575 814 627 est,
837 565 962 634 quia
992 580 1113 618 cum
1142 561 1367 632 singulis
1393 561 1533 614 hanc
1553 573 1674 612 ora-

101 662 307 713 tionem
344 657 622 712 dicendam
653 655 864 718 docuit,
894 668 1015 708 'non
1059 651 1308 712 dicimus,
1339 649 1502 704 Pater
1527 662 1678 703 meus

101 748 472 821 singulariter,
495 748 588 801 sed
612 765 630 797 ‹
655 745 813 801 Pater
827 754 1012 800 noster
1033 764 1052 797 ι
1072 742 1374 815 pluraliter,
1399 749 1458 795 ut
1480 740 1680 795 intelli-

101 857 298 915 gamus
320 841 457 894 Itanc
479 838 856 908 palcruitatem
886 853 990 892 non
1023 837 1090 889 ad
1113 843 1358 888 naturam
1385 833 1678 904 pertinere,

101 935 205 988 sed
235 931 299 986 ad
325 930 574 1000 gratiam.
599 926 709 982 Hoc
733 927 875 982 enim
903 927 1033 982 dicit
1058 926 1372 995 imperator,
1397 924 1497 978 hoc
1520 922 1681 976 etiam

103 1024 299 1084 miles,
339 1011 452 1077 'hoc
495 1021 780 1086 dominus,
821 1021 924 1076 hoc
952 1035 1167 1082 servus,
1201 1019 1304 1074 hoc
1347 1017 1530 1081 dives,
1582 1015 1684 1070 hoc

104 1127 334 1184 pauper.
389 1109 592 1166 Omnes
636 1109 917 1180 aequaliter
979 1109 1195 1175 dicunt,
1248 1107 1410 1162 Pater
1462 1115 1681 1172 noster,

112 1225 132 1256 ‹
177 1203 306 1275 quia
334 1217 441 1257 non
486 1209 571 1256 est
604 1215 958 1272 personarum
1008 1207 1256 1269 acceptor
1294 1199 1468 1263 Deus,
1499 1198 1592 1252 sed
1630 1196 1686 1250 in

102 1295 262 1350 omni
295 1303 454 1366 gente
486 1293 577 1362 qui
599 1302 856 1362 operatur
879 1292 1175 1361 justitiam,
1219 1299 1470 1360 acceptus
1498 1297 1583 1344 est
1612 1287 1687 1342 illi

111 1388 257 1460 (Act.
301 1386 377 1458 χ).
422 1405 442 1438 ι
488 1385 589 1441 Ubi
635 1401 822 1441 revera
869 1400 1061 1457 magna
1105 1384 1342 1452 dignatio
1382 1382 1688 1436 hominibus

112 1479 302 1542 datur,
334 1485 393 1531 ut
431 1476 712 1530 Dominum
741 1485 795 1531 ct
823 1473 1130 1529 Creatorem
1159 1489 1312 1528 sumn
1356 1483 1562 1542 patrem
1590 1487 1690 1525 au-

111 1570 284 1624 deant
317 1567 607 1638 appellare.
623 1567 770 1631 Sive,
792 1576 938 1620 certe
962 1582 1082 1619 eum
1109 1566 1464 1620 communiter
1485 1573 1690 1634 patrem

114 1658 483 1714 invocantium
521 1672 641 1713 esse
663 1657 866 1721 docuit,
897 1656 1212 1726 spiritaliter
1241 1670 1336 1710 nos
1359 1653 1551 1709 fratres
1575 1668 1693 1710 esse

115 1741 322 1805 deber‘e
365 1749 644 1814 insinuat,
687 1747 842 1816 juxta
894 1747 1024 1803 illud
1063 1747 1203 1817 quod
1252 1747 1364 1816 ipse
1409 1745 1534 1801 alibi
1579 1746 1690 1800 ait:

1776 556 2103 611 voluntatem
2155 553 2353 606 faciunt
2394 554 2446 607 in
2499 553 2654 616 coelo,
2701 552 2774 605 ita
2803 559 2859 604 et
2885 564 2982 604 nos
3011 547 3350 605 faciamusiu

1780 648 1961 703 terris.
1985 645 2110 700 Sive
2133 645 2290 698 aliter
2318 644 2438 699 caeli
2470 646 2708 708 nomine,
2729 643 2907 711 justus
2936 641 3254 712 accipimus,
3283 643 3350 698 de

1780 739 1975 810 quibus
2023 737 2280 806 scriptum
2321 744 2442 790 est:
2473 734 2654 789 ¢.lei
2704 742 2962 789 enarrant
3001 733 3225 803 gloriam
3259 733 3354 789 Dei

1783 831 1953 905 (Psal.
1999 831 2151 900 xvtu)
2187 848 2198 883 :
2249 849 2268 882 ι
2318 837 2472 884 terra:
2513 829 2749 891 nomine,
2776 836 3106 897 peccatores.
3135 826 3355 882 Etcum

1786 924 2052 978 dicimus:
2090 940 2109 973 ι
2147 921 2268 976 Fiat
2305 919 2554 974 voluntas
2584 928 2674 972 tua
2722 919 2856 974 sicut
2910 920 2963 973 in
3011 919 3150 973 cmlo
3199 927 3255 973 et
3300 919 3356 975 in

1785 1021 1950 1076 terra,
1972 1030 1990 1062 ι
2011 1012 2114 1066 hoc
2140 1011 2390 1080 petimus,
2421 1009 2627 1064 utsicut
2647 1007 2777 1076 justi
2804 1009 2920 1078 ejus
2943 1007 3146 1063 faciunt
3169 1009 3356 1064 volun-

1788 1110 1974 1163 tatem,
1999 1101 2072 1154 ita
2097 1101 2161 1154 ad
2187 1097 2303 1167 ejus
2326 1098 2655 1152 voluntatem
2679 1098 3004 1167 sequendam
3035 1107 3360 1154 convertan-

1788 1199 1877 1244 tur
1906 1189 2066 1244 etiam
2102 1197 2435 1260 peccatores.
2469 1188 2564 1244 Vel
2597 1197 2764 1253 certe,
2789 1189 2912 1244 caeli
2937 1191 3154 1245 nomine
3178 1189 3362 1246 Eccle-

1791 1284 1950 1347 siam,
2000 1291 2158 1337 terra:
2187 1297 2316 1337 vero
2369 1281 2670 1336 incredulos
2716 1289 2771 1335 et
2812 1295 3051 1350 paganos
3078 1297 3364 1351 possumus

1791 1373 2053 1442 accipere.
2073 1371 2276 1426 Etcum
2300 1371 2565 1426 dicimus:
2595 1389 2612 1421 ι
2645 1370 2766 1425 Fiat
2784 1371 3032 1426 voluntas
3054 1378 3167 1438 tua,
3189 1392 3206 1422 ι
3234 1381 3365 1439 etc.,

1794 1464 1896 1518 hoc
1921 1463 2184 1531 petimus,
2213 1470 2271 1516 ut
2298 1461 2461 1517 etiam
2499 1461 2759 1516 increduli
2809 1470 2865 1517 et
2903 1463 3098 1532 pagani
3143 1478 3368 1520 conver-

1796 1564 1981 1610 tantur
2010 1554 2077 1608 ad
2107 1553 2287 1609 iidem.

1831 1707 1842 1712 ἡ
1875 1664 1892 1696 ι
1938 1645 2135 1700 Panem
2167 1654 2410 1699 nostrum
2445 1645 2815 1715 quotidianum
2846 1645 2912 1700 da
2937 1646 3092 1702 nobis
3119 1647 3299 1702 hodie.
3338 1667 3358 1700 ι

1798 1734 1961 1790 Panis
1991 1734 2338 1805 quotidianus
2362 1733 2430 1787 ad
2469 1734 2669 1788 victum
2714 1733 2948 1803 pertinet
2993 1741 3048 1788 et
3093 1735 3370 1800 vestitum,

121 1859 143 1893 ε
184 1839 385 1897 omnes
407 1840 552 1896 enim
575 1855 669 1896 vos
694 1839 891 1895 fratres
915 1841 1048 1895 estis
1070 1838 1284 1909 (Μααὴ,
1317 1836 1497 1909 χχιιι),
1535 1858 1552 1889 ι
1721 1820 1768 1881 Β
1797 1826 1991 1896 QUiDUS
2021 1825 2314 1881 secundum
2339 1824 2654 1894 Apostolum
2683 1825 2920 1878 contenti
2952 1839 3072 1878 esse
3096 1825 3372 1887 debemus,

115 1931 270 1988 enim
302 1948 465 1986 unum
492 1932 744 1986 invocant
766 1940 1000 2002 patrem,
1021 1930 1329 1984 unanimem
1372 1930 1568 1983 debent
1602 1929 1698 1983 ha-

116 2024 255 2079 bere
282 2020 694 2088 fraternitatem,
724 2022 1014 2077 secundum
1044 2021 1172 2076 illud
1194 2021 1336 2090 quod
1359 2035 1456 2090 per
1476 2020 1702 2076 Psalmi-

115 2123 265 2168 stam
301 2113 536 2168 dicitur:
568 2131 587 2164 ι
624 2113 764 2168 Ecce
790 2129 952 2182 quam
982 2114 1180 2167 bonum
1217 2120 1272 2166 et
1307 2128 1466 2182 quam
1503 2113 1700 2182 jucun-

115 2206 254 2260 dum
282 2205 527 2260 habitare
555 2203 750 2259 fratres
773 2205 826 2258 in
864 2220 1030 2258 unum
1060 2203 1233 2275 (Psal.
1259 2203 1487 2272 cxxxu).
1521 2224 1540 2256 ›
1568 2204 1701 2259 Cum

113 2311 258 2350 vero
286 2295 429 2350 Deus
466 2294 665 2364 ubique
691 2296 764 2350 sit
799 2305 961 2360 totus,
993 2296 1190 2364 ubique
1213 2311 1470 2364 presens,
1499 2295 1706 2366 specia-

115 2385 256 2439 liter
282 2384 335 2438 in
366 2383 518 2439 ccelis
552 2399 672 2439 esse
697 2385 918 2450 dicitur,
949 2385 1037 2439 ubi
1064 2385 1372 2456 angelorum
1405 2387 1707 2456 agminibus

116 2476 342 2531 vicinus
370 2486 611 2547 apparet,
633 2485 688 2532 et
709 2477 994 2532 sublimius
1024 2478 1363 2533 collaudatur
1388 2497 1400 2533 :
1427 2479 1516 2534 ubi
1554 2479 1706 2535 nobis

121 2564 342 2629 innuit,
374 2566 500 2634 quia
547 2567 640 2636 qtti
684 2566 898 2622 Patrem
947 2584 1045 2623 nos
1086 2568 1286 2624 habere
1329 2571 1620 2640 gloriamur
1654 2572 1706 2625 in

121 2655 306 2718 caelis,
325 2655 471 2724 juste
499 2655 756 2712 debemus
783 2659 962 2713 vivere
996 2659 1048 2713 in
1078 2659 1269 2724 terris,
1305 2669 1363 2714 ut
1385 2661 1708 2732 quandoque

122 2753 350 2800 terreno
370 2744 588 2814 pulvere
609 2746 780 2811 exuti,
803 2748 1096 2806 ascendere
1119 2764 1423 2804 mereamur
1445 2751 1498 2806 in
1521 2751 1704 2818 caelos,

126 2836 227 2892 ubi
255 2835 471 2892 Patrem
515 2837 755 2906 quotidie
805 2839 1138 2894 invocamus.
1184 2839 1335 2908 Quod
1363 2857 1489 2896 vero
1528 2843 1708 2898 subdi-

126 2938 264 2984 tur:
303 2947 320 2980 ι
354 2928 736 2985 Sanctificetnr
758 2946 950 2986 nomen
981 2943 1152 2998 tuum,
1192 2953 1210 2985 ι
1242 2950 1363 2989 cum
1397 2951 1588 2990 nomen
1614 2937 1708 2992 Dei

126 3022 185 3077 in
222 3036 280 3076 se
309 3036 520 3090 semper
549 3030 791 3076 sanctum
819 3022 995 3088 sit..in
1025 3024 1182 3080 nobis
1209 3025 1535 3081 sanctiﬁcari
1574 3028 1710 3097 peti-

126 3128 276 3176 mus,
307 3121 366 3166 ut
391 3112 594 3168 scilicet
621 3129 717 3170 nos
740 3114 794 3169 in
824 3116 1018 3186 quibus
1045 3133 1239 3174 nomen
1261 3117 1376 3186 ejus
1403 3119 1706 3176 invocatum

127 3211 251 3268 est,
303 3213 489 3260 sancte
532 3212 586 3260 et
613 3202 758 3272 juste
806 3206 1070 3262 vivamus.
1105 3206 1256 3263 Unde
1298 3209 1708 3280 diligentissime

127 3297 449 3362 cavendum,
485 3313 554 3352 ne
580 3298 646 3352 ad
677 3313 776 3353 nos
806 3298 894 3352 illa
923 3301 1188 3355 sententia
1223 3303 1476 3356 terribilis
1505 3304 1706 3375 diriga-

129 3397 245 3452 tur,
287 3402 390 3456 qua
439 3388 679 3442 dicitur:
726 3406 744 3439 ι
786 3387 894 3444 Vos
942 3389 1206 3459 polluistis
1241 3406 1436 3445 nomen
1463 3402 1707 3448 sanctum

131 3494 315 3534 meum
343 3477 558 3548 (Ezech.
584 3479 792 3549 xxxvr),
817 3499 834 3531 ι
863 3480 953 3534 sed
977 3480 1155 3550 potius
1177 3479 1311 3535 tales
1334 3481 1500 3535 simus
1520 3522 1535 3547 ,
1563 3492 1620 3536 ut
1641 3483 1710 3538 ad

129 3583 234 3622 nos
262 3567 529 3638 pertineat
555 3567 639 3622 vel
679 3567 733 3621 in
767 3567 921 3624 nobis
948 3567 1236 3638 impleatur
1262 3571 1406 3639 quod
1444 3571 1555 3641 ipse
1582 3571 1708 3628 alibi

131 3659 266 3714 dicit
295 3675 308 3711 :
345 3677 362 3709 ι
401 3657 584 3713 Sancti
615 3666 808 3724 estote,
840 3659 964 3728 quia
989 3674 1088 3730 ego
1130 3669 1350 3716 sanctus
1377 3678 1494 3716 sum
1531 3664 1711 3717 Domi-

131 3766 238 3805 nus
269 3749 410 3804 Deus
433 3757 612 3804 vester
633 3749 817 3819 (Lerit.
849 3750 946 3821 χι).
991 3768 1010 3801 ι

211 3858 231 3892 ι
277 3838 541 3896 Adveniat
567 3855 788 3911 regnum
814 3849 983 3894 tuum.
1021 3859 1040 3893 ι
1077 3838 1320 3912 Regnum
1350 3840 1443 3898 Dei
1471 3841 1597 3898 illud
1623 3843 1712 3900 hic

129 3941 522 3991 commemorat
549 3931 872 4002 specialiter,
887 3932 1030 4002 quod
1055 3942 1337 3987 venturum
1365 3941 1448 3988 est
1471 3949 1567 4004 per
1593 3935 1711 3990 uni-

131 4021 342 4078 versale
362 4020 646 4090 judicium,
677 4021 766 4076 tibi
800 4022 1100 4093 regnabunt
1136 4023 1306 4078 sancti
1333 4038 1452 4078 cum
1486 4025 1712 4080 Domino

133 4115 188 4170 in
232 4115 422 4186 gloria,
459 4114 548 4183 qui
585 4129 688 4168 non
719 4115 1037 4183 permittunt
1074 4117 1231 4170 modo
1257 4131 1483 4186 regnare
1524 4118 1577 4172 in
1615 4134 1713 4173 suo

133 4205 350 4262 mortali
379 4220 602 4275 corpore
624 4215 862 4275 peccata.
895 4206 1093 4274 Quales
1121 4217 1276 4262 erant
1307 4209 1557 4278 apostoli,
1590 4211 1710 4280 qui-

133 4301 236 4356 bus
260 4317 290 4354 a
333 4299 556 4355 Domino
581 4301 780 4355 dictum
815 4311 896 4354 est
928 4319 943 4354 :
979 4321 995 4352 ι
1034 4299 1140 4356 Vos
1177 4301 1308 4356 estis
1337 4303 1426 4372 qui
1457 4317 1712 4373 perman-

135 4394 284 4449 sistis
325 4408 535 4448 mecum
578 4394 632 4448 in
685 4393 1070 4447 tentationibus
1097 4394 1252 4456 meis,
1282 4402 1336 4448 et.
1362 4411 1458 4464 ego
1489 4396 1714 4465 dispono

135 4485 310 4547 vobis,
340 4484 481 4538 sicut
507 4483 770 4554 disposuit
795 4483 924 4538 mihi
973 4483 1130 4538 Pater
1167 4499 1318 4539 meus
1361 4500 1604 4556 regnum,
1654 4496 1712 4543 ut

135 4574 372 4632 sedeatis
399 4588 560 4642 super
586 4574 808 4628 thronos
837 4572 1117 4627 duodecim
1136 4613 1151 4636 ,
1177 4572 1480 4641 judicantes
1506 4576 1711 4632 duode-

135 4670 240 4725 cim
273 4667 446 4723 tribus
465 4666 628 4722 Israel
656 4665 805 4737 (Luc.
837 4665 996 4734 χχιι).
1055 4684 1074 4716 ι
1123 4664 1236 4721 Hoc
1280 4681 1408 4738 ergo
1453 4682 1709 4739 regnum,

135 4760 364 4815 velimus
403 4757 654 4822 nolimus,
687 4765 971 4813 venturum
1002 4765 1084 4811 est
1117 4775 1130 4811 :
1163 4767 1340 4814 tamen
1384 4760 1430 4815 si
1469 4761 1535 4815 ad
1581 4762 1711 4817 illud

137 4865 235 4904 nos
261 4847 532 4918 pertinere
579 4847 919 4911 conﬁdimus,
973 4848 1098 4902 totis
1143 4849 1364 4914 viribus,
1423 4860 1483 4905 ut
1535 4855 1714 4908 veniat

137 4949 327 5008 optare
371 4939 645 4992 debemus.
689 4936 822 4992 Cum
865 4954 996 4994 vero
1043 4940 1414 5010 subjuugimus
1457 4957 1471 4996 :
1523 4962 1542 4993 ι
1596 4944 1717 5000 Fiat

137 5033 384 5088 voluntas
408 5040 516 5085 tua.
563 5051 582 5083 ι
619 5029 1004 5101 Cognoscimus
1031 5035 1156 5104 quia
1189 5049 1292 5088 non
1337 5038 1535 5090 nostris
1561 5035 1714 5090 volu-

139 5125 376 5195 ptatibus
393 5125 893 5194 obtemperare,sed
920 5126 1244 5180 voluntatem
1270 5126 1361 5182 Dei
1385 5128 1438 5182 in
1466 5129 1716 5184 omnibus

137 5217 396 5270 debemus
433 5229 698 5284 quaerere,
730 5223 788 5269 ut
810 5216 962 5286 juxta
992 5217 1411 5272 admonitionem
1449 5218 1714 5287 Apostoli,

139 5309 430 5379 probantes
453 5323 573 5377 qua:
601 5308 673 5363 sit
701 5308 946 5364 voluntas
975 5310 1067 5365 Dei
1104 5309 1271 5371 bona,
1311 5318 1366 5364 et
1421 5312 1555 5365 bene
1599 5312 1714 5380 pla-

138 5417 268 5457 cens
294 5409 349 5455 et
377 5398 633 5471 perfecta,
659 5401 760 5454 hoc
787 5400 1102 5470 impleamus
1123 5402 1174 5455 in
1203 5402 1541 5472 Opere,quod
1575 5402 1716 5458 illius

146 5493 405 5551 voluntati
435 5492 648 5563 placere
678 5491 841 5547 fuerit
865 5494 1298 5562 comprobatum.
1331 5493 1483 5562 Quod
1533 5503 1713 5550 autem

135 5585 406 5642 dicimus:
441 5605 458 5635 ι
489 5583 642 5640 Sicut
672 5584 724 5638 in
761 5582 896 5639 coelo
925 5592 978 5638 et
1001 5584 1055 5638 in
1087 5592 1247 5648 terra,
1288 5605 1304 5635 ι
1350 5585 1476 5638 caeli
1503 5585 1717 5638 nomine

139 5675 437 5749 angelicam
488 5686 794 5732 creaturam
842 5691 1130 5746 possumus
1193 5676 1437 5744 accipere
1477 5695 1488 5730 :
1537 5685 1715 5742 terrae,

140 5767 452 5837 humanam,
483 5768 570 5823 cui
593 5768 795 5826 dictum
819 5777 902 5828 est
934 5781 950 5822 :
988 5785 1007 5818 ι
1043 5765 1209 5826 Terra
1241 5783 1320 5834 es,
1343 5777 1398 5824 et
1427 5769 1480 5824 in
1511 5771 1712 5824 terram

1802 1917 1853 1971 in
1881 1917 2079 1987 quibus
2104 1917 2282 1972 verbis
2311 1926 2604 1986 spontanea
2636 1926 2928 1986 paupertas
2950 1918 3207 1985 poscitur.
3229 1918 3376 1984 Quo-

1801 2007 1945 2061 niam
1972 2008 2113 2060 sicut
2151 2006 2412 2060 Dominus
2438 2007 2553 2060 ait:
2597 2025 2614 2056 ‹
2653 2005 2798 2060 Beati
2849 2021 3112 2074 pauperes
3159 2007 3375 2077 spiritu,

1801 2099 2052 2169 quoniam
2077 2100 2310 2168 ipsorum
2339 2109 2421 2153 est
2453 2114 2680 2170 regnum
2709 2099 2970 2154 caelorum
3000 2099 3210 2171 (Matth.
3244 2102 3319 2172 v).
3355 2120 3373 2153 ι

1803 2191 1903 2259 Qui
1938 2193 2081 2248 enim
2113 2206 2306 2260 panem
2337 2192 2707 2262 quotidianum
2758 2191 2911 2261 petit,
2953 2191 3379 2262 superﬂuitatem

1803 2283 2110 2339 divitiarum
2158 2298 2262 2338 non
2314 2283 2526 2353 quzcrit.
2560 2302 2579 2334 ι
2623 2281 2789 2336 Hodie
2820 2302 2838 2333 ›
2865 2297 2995 2337 vero
3015 2298 3136 2337 cum
3160 2283 3377 2350 dicitur,

1804 2389 1965 2429 omne
2003 2383 2208 2444 tempus
2236 2374 2358 2428 vita:
2393 2375 2674 2444 prmsentis
2695 2374 2979 2445 signiﬁcat.
3015 2374 3116 2443 Qui
3142 2391 3270 2446 ergo
3301 2377 3380 2431 di-

1806 2475 1935 2522 cunt
1967 2485 1980 2520 :
2012 2485 2031 2518 ι
2070 2467 2268 2521 Panem
2299 2475 2544 2522 nostrum
2583 2467 2954 2535 quotidianum
2991 2467 3056 2521 da
3101 2468 3257 2522 nobis
3288 2469 3381 2522 ho-

1811 2559 1918 2624 die,
1950 2577 1967 2612 ι
1998 2557 2255 2628 jubentur
2277 2557 2344 2612 de
2373 2557 2610 2612 crastino
2633 2573 2738 2612 non
2767 2557 3007 2628 cogitare
3047 2577 3059 2611 :
3092 2557 3178 2614 vel
3208 2567 3379 2624 certe,

1808 2652 1930 2721 quia
1956 2652 2112 2722 juxta
2140 2652 2350 2707 Domini
2387 2668 2592 2717 vocem,
2630 2673 2648 2704 ι
2684 2668 2788 2707 non
2820 2653 2873 2706 in
2901 2652 3015 2708 solo
3059 2667 3197 2724 pane
3248 2655 3384 2709 vivit

1809 2741 1990 2806 homo,
2020 2743 2112 2796 Sed
2143 2742 2196 2796 in
2227 2742 2372 2796 omni
2405 2741 2566 2796 verbo
2594 2743 2735 2812 quod
2760 2742 3004 2812 procedit
3029 2743 3098 2797 ab
3147 2758 3243 2798 ore
3290 2744 3384 2799 Dei

1809 2830 1962 2902 (Luc.
1998 2832 2096 2902 ιν).
2131 2849 2151 2884 ι
2175 2830 2307 2886 Cum
2335 2832 2478 2886 enim
2509 2833 2760 2896 dicimus,
2783 2847 2974 2901 panem
2997 2842 3260 2899 nostrum,
3283 2833 3382 2887 hoc

1807 2939 2048 2988 oramus,
2080 2933 2138 2978 ut
2167 2925 2359 2978 animae
2385 2925 2564 2979 cibum
2595 2924 2890 2994 spiritalem
2943 2925 3166 2990 tribuat,
3212 2925 3265 2980 id
3304 2932 3382 2979 est

1809 3016 2031 3070 verbum
2059 3015 2174 3070 Dei.
2209 3015 2275 3071 Et
2301 3016 2444 3070 sicut
2471 3015 2711 3086 quotidie
2740 3015 3016 3071 moriturae
3060 3017 3210 3071 carni
3259 3031 3371 3071 car-

1813 3105 1933 3160 nale
1956 3106 2142 3162 tribuit
2171 3106 2512 3171 alimentum,
2568 3106 2646 3161 sic
2673 3105 2865 3160 animae
2893 3106 3008 3161 sine
3033 3106 3136 3160 ﬁne
3165 3106 3381 3162 victura

1814 3196 2015 3250 tribuat
2055 3195 2263 3250 esurire
2293 3197 2514 3249 verbum
2553 3195 2645 3249 Dei
2685 3212 2698 3248 :
2733 3195 2858 3264 quia
2884 3214 2901 3246 ι
2935 3195 3100 3258 beati,
3131 3215 3149 3247 ι
3177 3204 3236 3249 ιιι
3285 3195 3367 3250 Do

1812 3287 1991 3340 minus
2027 3286 2120 3350 ait,
2152 3304 2170 3336 ι
2209 3284 2300 3354 qui
2329 3285 2576 3339 csuriunt
2606 3295 2661 3338 et
2696 3273 2894 3340 'sitiunt
2938 3284 3226 3354 justitiam,
3256 3285 3382 3354 quia

1814 3379 1913 3450 ipsi
1967 3378 2360 3433 saturabtmtur
2409 3375 2624 3447 (Matth.
2675 3376 2748 3446 v).
2787 3394 2805 3427 ι
2842 3375 2968 3430 Sive
3016 3375 3218 3431 aliter:
3252 3375 3384 3430 Cum

1813 3471 2042 3526 dicimus
2095 3487 2114 3519 ‹
2167 3483 2359 3540 panem
2410 3477 2653 3523 nostrum
2701 3467 3071 3538 quotidianum
3125 3466 3192 3522 da
3230 3467 3383 3522 nobis

1813 3561 1995 3627 hodie,
2028 3582 2047 3614 ι
2093 3576 2379 3631 possumus
2406 3562 2472 3616 de
2501 3561 2846 3632 perceptione
2871 3560 3214 3616 eucharistize
3239 3560 3384 3615 acci-

1812 3669 1962 3723 pere,
1989 3653 2055 3707 de
2101 3652 2413 3722 acceptione
2461 3650 2705 3720 corporis
2738 3659 2792 3706 et
2838 3649 3115 3721 sanguinis
3150 3649 3384 3704 Domini.

1813 3746 1878 3800 Et
1905 3746 2004 3800 hoc
2029 3760 2272 3810 oramus,
2303 3755 2361 3798 ut
2385 3744 2510 3813 quia
2537 3744 2653 3798 sine
2685 3751 2904 3812 peccato
2923 3757 3044 3797 esse
3067 3759 3173 3798 non
3203 3757 3386 3811 possu-

1813 3853 1956 3901 mus,
1985 3837 2063 3892 sic
2093 3835 2247 3891 nobis
2275 3836 2438 3890 vitam
2490 3844 2809 3906 praesentem
2861 3834 3063 3889 tribuat
3110 3835 3229 3888 sine
3275 3834 3386 3890 cri—

1815 3931 1961 3986 mine
1993 3931 2221 3986 transire
2241 3971 2256 3995 ,
2287 3938 2346 3984 ut
2378 3930 2448 3984 ab
2491 3929 2832 3985 eucharistiae
2884 3929 3229 4000 perceptione
3281 3944 3389 3984 non

1815 4037 2148 4091 separemur.

1891 4137 1908 4168 ‹
1953 4117 2018 4170 Ει
2047 4115 2255 4172 dimitte
2278 4116 2434 4172 nobis
2456 4116 2633 4172 debita
2659 4125 2862 4173 nostra.
2906 4137 2925 4171 ι
2962 4115 3114 4186 Quod
3143 4117 3382 4173 debitum

1815 4209 1868 4264 in
1896 4208 2190 4278 Scripturis
2222 4211 2287 4264 ad
2333 4219 2612 4279 peccatum
2654 4213 2952 4281 pertineat,
3003 4211 3092 4265 illa
3135 4211 3388 4281 parabola

1815 4303 2090 4372 Evangelii
2117 4303 2335 4368 indicat,
2383 4302 2471 4356 ubi
2505 4318 2694 4357 servus
2740 4303 2829 4372 qui
2868 4304 3052 4356 decem
3099 4301 3265 4354 millia
3309 4309 3392 4353 ta-

1815 4392 1960 4446 lenta
1989 4393 2236 4456 debebat,
2267 4394 2333 4447 ad
2358 4409 2520 4447 unam
2556 4393 2870 4462 petitionem
2903 4391 3210 4460 impetravit
3239 4391 3393 4444 abso-

1817 4484 2091 4540 lutionem.
2115 4485 2249 4541 Cum
2275 4501 2404 4556 ergo
2427 4485 2658 4540 dicimus
2682 4503 2695 4539 :
2733 4503 2752 4535 ι
2790 4484 3009 4538 Dimitte
3032 4483 3188 4538 nobis
3208 4482 3388 4538 debita

1815 4585 2020 4641 nostra,
2058 4596 2078 4628 ›
2127 4578 2229 4631 hoc
2263 4591 2571 4644 precamur,
2603 4584 2659 4629 ut
2686 4575 2921 4630 dimittat
2960 4573 3116 4628 nobis
3165 4583 3388 4644 peccata

1816 4677 2040 4734 nostra;
2073 4667 2214 4736 quod
2237 4667 2354 4721 sine
2402 4667 2564 4721 dubio
2596 4682 2701 4721 non
2729 4666 2964 4737 negabit,
2993 4665 3036 4720 si
3065 4680 3162 4720 nos
3193 4663 3389 4720 feceri-

1818 4779 1936 4816 mus
1966 4765 2106 4832 quod
2140 4763 2426 4816 subditur:
2471 4780 2490 4812 ‹
2525 4760 2677 4816 Sicut
2705 4771 2758 4816 et
2795 4776 2894 4816 nos
2935 4759 3257 4816 dimittimus
3294 4761 3392 4815 de-

1822 4875 1840 4905 ι
1883 4855 2147 4908 bitoribus
2175 4855 2392 4908 nostris.
2433 4878 2450 4905 ι
2482 4833 2737 4924 Regulam
2761 4854 2902 4908 enim
2931 4853 3234 4909 dimittendi
3266 4869 3392 4924 pec-

1818 4961 1936 5007 cata
1961 4959 2141 5004 nostra
2168 4950 2218 5003 in
2258 4950 2548 5020 nobisipsis
2578 4950 2857 5014 habemus,
2891 4959 2948 5004 ut
2979 4949 3118 5004 sicut
3145 4949 3392 5004 volumus

1819 5051 2001 5098 nostra
2047 5057 2078 5096 a
2125 5041 2236 5095 Deo
2262 5039 2457 5095 dimitti
2489 5040 2644 5094 uobis
2672 5049 2914 5110 peccata,
2943 5042 3020 5095 sic
3057 5039 3393 5095 dimittamus

1818 5143 1873 5189 et
1921 5132 2182 5200 proximis
2221 5146 2556 5201 quzecunque
2605 5129 2658 5184 in
2711 5130 2864 5185 nobis
2915 5131 3277 5200 peccaverint.
3330 5129 3394 5184 Et

1817 5225 1958 5279 sicut
2007 5222 2252 5277 volumus
2306 5229 2426 5291 post
2470 5231 2748 5290 peccatum
2805 5221 3094 5291 benignum
3151 5221 3393 5276 invenire

1817 5312 2016 5376 Deum,
2045 5313 2122 5368 sic
2146 5327 2242 5366 nos
2270 5311 2354 5366 his
2375 5312 2466 5380 qui
2494 5311 2547 5365 in
2577 5310 2729 5365 nobis
2754 5311 3130 5380 peccaverint,
3152 5311 3388 5366 clemen-

1818 5413 1899 5460 tes
1947 5405 2115 5460 simus
2153 5411 2208 5458 et
2257 5403 2497 5474 benigni,
2524 5413 2746 5472 propter
2793 5403 2920 5458 illud
2964 5402 3106 5472 quod
3137 5403 3392 5457 Dominus

1819 5495 1930 5548 ait:
1963 5514 1980 5546 ι
2022 5493 2155 5550 Cum
2188 5496 2402 5550 stabilis
2433 5497 2500 5549 ad
2530 5499 2816 5559 orandum,
2868 5496 3120 5550 dimittite
3173 5495 3218 5548 si
3266 5493 3392 5562 quid

1819 5587 2032 5643 habetis
2061 5588 2318 5642 adversus
2367 5587 2623 5658 aliquem,
2655 5597 2714 5642 ut
2747 5600 2802 5642 et
2823 5588 2981 5641 Pater
3008 5595 3189 5639 vester
3213 5584 3304 5654 qui
3336 5585 3389 5639 in

1819 5678 1971 5734 caelis
1996 5679 2352 5739 est,dimittat
2378 5681 2528 5752 vobis
2557 5690 2776 5750 peccata
2807 5687 2982 5734 vestra
3011 5677 3204 5749 (Marc.
3237 5674 3334 5746 ιι).
3368 5695 3386 5726 ι

1823 5769 1921 5824 Ubi
1944 5777 1999 5824 et
2027 5767 2282 5826 discretio
2321 5771 2625 5827 necessaria
2653 5780 2755 5835 est,
2789 5780 2848 5824 ut
2875 5769 3248 5824 discernamus
3265 5766 3393 5836 quia
