4002 6348
608 352 721 419 ωε

1227 339 1584 409 HAYMONIS
1620 344 2103 405 HALBERSTAT.
2143 341 2356 399 EPISC.
2398 342 2548 399 OPP.
2588 342 2769 400 PARS
2802 343 2867 400 11.
2898 372 2972 385 -
3003 340 3238 399 HOMIL.

609 475 713 531 alia
741 476 865 528 sunt
890 475 1113 543 peccata
1141 480 1262 538 quae
1300 466 1351 520 in
1395 464 1551 520 nobis
1591 462 1790 518 fratres
1814 461 2183 522 committunt,
2214 461 2260 518 Α
2291 470 2412 511 meo
2453 455 2735 525 sanguine,
2760 455 2850 524 qui
2879 469 2980 524 pro
3006 454 3162 509 vobis
3184 461 3240 509 et
3266 464 3366 523 pro
3407 451 3616 508 multis
3667 450 3938 508 clande-

608 577 664 625 et
690 568 792 624 alia
814 579 933 636 qua:
954 563 1006 616 in
1032 560 1202 616 Deum
1234 573 1249 612 :
1281 568 1340 612 ιιι
1382 557 1590 613 scilicet
1622 571 1744 611 cum
1776 555 1827 609 in
1862 553 2016 607 nobis
2055 566 2179 622 pec-

608 660 869 723 caverint,
894 653 1050 710 facile
1073 653 1408 708 dimittamus
1439 668 1450 705 :
1479 665 1603 704 cum
1632 663 1763 703 vero
1792 647 1845 701 in
1867 646 2058 711 Deum,
2078 658 2185 698 non

606 755 726 811 sine
746 749 1102 820 castigatione
1143 747 1226 802 vel
1271 744 1642 816 correptione,
1672 744 1757 815 vel
1803 743 1846 799 si
1893 741 2188 797 necessitas

606 843 787 908 Merit,
819 842 1202 898 districtiorem
1252 839 1611 894 adhibeamus
1659 835 2019 905 disciplinam.
2056 834 2189 889 Per-

604 949 767 993 verso
790 933 936 989 enim
974 932 1168 985 itinere
1193 930 1458 1000 graditur,
1487 929 1581 998 qui
1631 928 1687 982 in
1735 941 1795 982 se
1838 925 2188 995 peccantibus

603 1029 921 1091 vindictam,
948 1033 1004 1080 et
1049 1023 1136 1079 bis
1187 1024 1278 1094 qui
1328 1023 1382 1077 in
1431 1021 1600 1076 Deum
1651 1026 1897 1091 peccant,
1930 1018 2188 1074 exhibent

604 1116 944 1192 patientiam.
976 1113 1283 1169 Notandum
1313 1118 1491 1166 autem
1546 1109 1672 1180 quia
1716 1124 1823 1164 non
1867 1107 2037 1164 solum
2089 1120 2188 1178 per

604 1212 957 1282 baptismum,
989 1208 1083 1263 sed
1118 1206 1282 1261 etiam
1323 1212 1445 1274 post
1480 1203 1804 1273 baptismum
1849 1200 1968 1255 aliis
2015 1199 2187 1255 modis

605 1301 659 1356 in
692 1298 933 1355 Ecclesia
965 1296 1218 1351 remissio
1252 1293 1509 1348 tribuitur
1551 1299 1916 1361 peccatorum.
1967 1288 2185 1358 Septem

604 1390 750 1445 enim
806 1386 980 1441 modis
1032 1384 1283 1439 remissio
1343 1389 1693 1452 peccatorum
1754 1379 1871 1434 dari
1926 1378 2183 1432 creditur.

603 1480 787 1537 Primo
809 1493 908 1548 per
926 1477 1280 1547 baptismum,
1311 1475 1453 1530 sicut
1474 1473 1733 1528 Dominus
1755 1472 1831 1525 ait
1854 1488 1866 1524 :
1891 1489 1910 1522 ι
1938 1469 2039 1537 Qui
2071 1483 2189 1524 cre-

605 1572 803 1627 diderit
829 1579 882 1624 et
903 1569 1209 1640 baptizatus
1237 1566 1424 1637 fuerit,
1447 1566 1629 1622 salvus
1653 1565 1757 1619 erit
1777 1560 1971 1635 (Marc.
2004 1564 2136 1632 ιιι).
2163 1579 2182 1613 ι

606 1664 860 1721 Secundo
907 1678 1005 1733 per
1050 1661 1453 1732 paenitentiam,
1505 1658 1574 1713 de
1619 1671 1723 1726 qua
1764 1655 2023 1711 Dominus
2062 1653 2187 1709 alibi

605 1758 723 1823 ait:
762 1776 781 1807 ‹
820 1754 1205 1810 Ptenitentiam
1238 1753 1411 1824 agite,
1442 1747 1895 1820 appropinquahit
1922 1748 2067 1803 enim
2097 1761 2186 1800 re—

606 1864 769 1921 gnum
819 1846 1080 1902 cmlorum
1137 1843 1355 1915 (Matth.
1389 1841 1488 1913 iV),
1541 1860 1559 1894 ι
1606 1849 1711 1895 etc.
1764 1839 1947 1895 Tertio
1996 1837 2056 1892 fit
2092 1852 2188 1909 per

603 1934 1026 2007 eleemosynam,
1053 1933 1208 2004 juxta
1248 1933 1391 2002 quod
1418 1931 1677 1986 Dominus
1699 1929 1827 1984 alibi
1852 1929 1927 1983 ait
1952 1946 1966 1980 :
2003 1946 2021 1979 ι
2051 1927 2188 1982 Date

604 2028 1046 2097 eleemosynam,
1100 2036 1155 2080 et
1210 2038 1340 2078 ecce
1390 2022 1568 2077 omnia
1615 2020 1813 2074 munda
1861 2026 1988 2074 sunt
2037 2016 2188 2073 vobis

606 2115 758 2189 (Luc.
788 2116 888 2187 ιι).
928 2133 945 2165 ι
979 2112 1187 2180 Quarto
1237 2112 1297 2167 fit
1334 2125 1432 2182 per
1479 2110 1866 2180 indulgentiam
1912 2108 2188 2178 proximo-

605 2224 749 2273 rum,
776 2210 843 2262 de
869 2221 975 2276 qua
1007 2205 1263 2260 Dominus
1287 2204 1418 2258 dicit
1444 2221 1457 2257 :
1480 2221 1498 2254 ι
1529 2202 1586 2256 Si
1616 2200 1929 2257 dimiseritis
1954 2197 2188 2254 homini-

603 2298 706 2355 bus
742 2304 960 2368 peccata
998 2309 1207 2359 eorum,
1236 2302 1290 2348 et
1333 2291 1499 2348 Pater
1534 2298 1711 2347 vester
1732 2290 1967 2346 caelestis
1995 2288 2184 2361 (Marc.

605 2387 709 2459 ιι),
756 2406 775 2440 ι
817 2395 925 2443 etc.
966 2386 1166 2455 Quinto
1185 2400 1285 2455 per
1303 2374 1698 2455 correptionem
1724 2397 1867 2437 verte
1883 2381 2186 2447 charitatis,

606 2481 675 2536 de
700 2496 805 2550 qua
841 2495 941 2551 per
962 2478 1225 2535 Iacobum
1261 2477 1561 2549 apostolum
1592 2476 1792 2531 dicitur
1822 2493 1839 2530 :
1877 2495 1896 2527 ι
1928 2474 2028 2543 Qui
2059 2491 2190 2530 con-

606 2570 744 2624 verti
775 2568 967 2625 fecerit
990 2577 1338 2639 peccatorem
1369 2567 1437 2622 ab
1463 2580 1649 2622 errore
1675 2567 1776 2621 viae
1805 2580 1938 2630 suae,
1961 2564 2191 2619 salvabit

607 2664 845 2718 animam
891 2664 1009 2733 ejus
1049 2679 1081 2718 a
1114 2670 1291 2717 morte
1318 2660 1458 2731 (Jac.
1493 2660 1569 2732 v),
1599 2679 1633 2729 ,ι
1669 2667 1774 2714 etc.
1817 2656 1985 2714 Sexto
2008 2657 2068 2711 ﬁt
2093 2670 2191 2727 per

608 2754 1031 2823 assumptionem
1074 2752 1319 2821 corporis
1356 2760 1412 2807 et
1460 2749 1739 2821 sanguinis
1785 2748 2022 2813 Domini,
2049 2747 2191 2801 sicut

610 2843 891 2908 Dominus,
917 2858 1040 2897 cum
1063 2842 1305 2911 ejusdem
1337 2847 1736 2895 sacramentum
1764 2835 2045 2906 discipulis
2071 2845 2186 2890 tra-

610 2926 786 2997 deret,
808 2931 929 2986 ait:
968 2950 986 2982 ι
1038 2933 1139 2988 Hic
1161 2931 1299 2987 calix
1327 2928 1536 2985 Novum
1566 2927 1973 2984 Testamentum
2002 2933 2089 2982 est
2131 2927 2189 2982 in
2215 2921 2262 2985 C

2293 555 2379 602 tur
2410 548 2461 601 in
2487 547 2859 602 remissionem
2888 554 3259 617 peccatorum.
3292 544 3418 600 Haec
3444 544 3635 601 facile
3667 544 3934 615 quotm-

2290 655 2500 711 cunque
2522 640 2784 705 feceritis,
2804 628 2859 694 in
2881 653 3056 694 meam
3080 637 3231 710 (Luc.
3260 639 3418 708 xm),
3450 658 3472 689 ι
3498 646 3625 693 etc.
3660 636 3934 707 Septimo

2290 748 2419 789 vero
2448 732 2507 788 lit
2531 747 2630 804 per
2654 730 2931 802 sanguinis
2955 729 3270 785 effusionem
3302 728 3356 783 in
3410 729 3748 799 martyrio,
3792 729 3932 785 sicut

2289 828 2462 900 angeli
2497 841 2632 884 voce
2660 826 2714 881 in
2755 824 3076 896 Apocalypsi
3123 823 3323 878 dicitur
3354 840 3370 878 :
3408 840 3427 874 ι
3462 821 3565 877 Isti
3630 831 3791 877 sunt
3838 824 3926 891 qui

2286 927 2550 975 venerunt
2571 933 2637 973 ex
2666 930 2862 988 magna
2908 913 3277 979 tribulatione,
3305 921 3362 968 et
3409 912 3699 967 laverunt
3756 912 3927 966 stolas

2288 1025 2414 1067 suas
2443 1010 2497 1065 in
2531 1009 2793 1079 sanguine
2816 1007 2956 1079 Αειὶ
2997 1006 3185 1075 (Apoc.
3227 1002 3389 1075 nn).
3432 1023 3461 1057 ι
3511 1004 3575 1059 In
3634 1018 3722 1058 eo
3781 1004 3923 1074 quod

2289 1102 2565 1161 subditur:
2602 1118 2622 1151 ι
2654 1099 2719 1154 Et
2740 1114 2809 1155 ne
2836 1112 2939 1153 nos
2960 1097 3185 1152 inducas
3213 1095 3267 1151 in
3306 1096 3736 1172 mutationem,
3770 1112 3793 1145 ι
3826 1093 3923 1147 hoc

2288 1195 2540 1265 petimus,
2563 1207 2633 1248 ne
2662 1206 2760 1247 nos
2782 1190 3067 1262 permittat
3103 1188 3349 1244 incidere
3390 1187 3446 1242 in
3502 1186 3916 1241 tentationem.

2288 1286 2451 1354 Quasi
2474 1285 2619 1339 enim
2649 1283 2790 1338 Deus
2814 1296 2915 1336 nos
2944 1281 3004 1335 in
3039 1279 3394 1336 tentationem
3441 1277 3743 1333 inducere
3788 1276 3916 1330 diei-

2289 1386 2398 1443 tur,
2430 1376 2649 1448 quando
2690 1390 2721 1428 a
2763 1373 3062 1429 tentatione
3086 1385 3194 1426 non
3223 1370 3443 1434 liberat,
3473 1370 3639 1423 sicut
3662 1368 3747 1423 de
3776 1365 3911 1421 Pha-

2289 1483 2453 1525 raone
2494 1467 2697 1522 dictum
2743 1474 2827 1520 est
2873 1478 2889 1518 :
2947 1482 2966 1514 α
3012 1462 3126 1534 Ego
3151 1460 3420 1516 iudurabo
3443 1468 3559 1515 eor
3578 1456 3903 1513 Pharaonis

2291 1559 2499 1633 (Exod.
2527 1557 2625 1630 tv),
2663 1575 2682 1611 ι
2713 1570 2834 1612 cum
2865 1553 2997 1610 nihil
3022 1553 3167 1608 aliud
3190 1552 3263 1608 sit
3295 1550 3411 1606 Deo
3451 1550 3781 1613 indurare,
3809 1548 3901 1602 nisi

2295 1667 2324 1707 a
2373 1651 2571 1707 duritia
2626 1665 2735 1706 non
2777 1650 3031 1704 liberare.
3076 1646 3420 1716 Quapropter
3463 1641 3902 1699 comitantes

2294 1740 2638 1811 fragilitatem
2672 1746 2915 1794 nostram
2937 1734 3121 1792 cordis
3148 1733 3372 1789 vocibus
3394 1731 3815 1802 supplicem
3838 1743 3899 1784 se

2293 1847 2390 1887 nos
2412 1831 2631 1886 inducat
2661 1830 2715 1884 in
2749 1828 3124 1890 tentationem,
3151 1822 3270 1889 sed,
3291 1821 3448 1893 juxta
3472 1818 3750 1891 Aposuﬂi
3781 1831 3896 1874 sen-

2293 1923 2540 1988 tentiam,
2568 1918 2733 1975 faciat
2756 1933 2880 1973 cum
2909 1917 3210 1973 tentatione
3234 1913 3402 1969 etiam
3446 1918 3821 1982 proventum,
3842 1918 3893 1961 II

2294 2014 2568 2085 possimus
2593 2011 2865 2067 sustinere
2899 2006 2949 2078 (ι
2973 2006 3096 2062 Cor.
3128 2010 3208 2077 ι).
3236 2003 3397 2071 Quod
3419 2016 3567 2057 vero
3586 1999 3891 2063 abdimus,

2295 2125 2315 2158 ι
2337 2105 2445 2161 Sed
2459 2104 2629 2161 libera
2652 2116 2753 2159 nos
2773 2118 2803 2157 a
2826 2100 2991 2164 malo,
3017 2119 3036 2150 ι
3054 2097 3137 2153 vel
3151 2094 3481 2169 generaliter
3499 2090 3892 2162 διδοίηδίψά

2292 2196 2495 2252 malum
2524 2203 2628 2259 est,
2662 2207 2762 2248 nos
2805 2190 3025 2246 liberari
3068 2189 3324 2260 petimus,
3357 2183 3444 2240 vel
3490 2181 3821 2255 specialiter
3857 2196 3887 2235 a

2297 2289 2531 2353 diabolo,
2559 2287 2649 2357 qui
2677 2296 2762 2342 est
2790 2285 3039 2339 inventor
3067 2281 3308 2337 omnium
3340 2277 3641 2337 malorum.
3669 2277 3753 2332 De
3789 2289 3885 2345 qm

2290 2380 2420 2436 alibi
2450 2379 2710 2434 Dominus
2737 2376 2814 2430 ait
2842 2393 2856 2429 :
2885 2395 2903 2426 ι
2935 2372 3122 2430 Omnis
3145 2372 3237 2443 qui
3264 2371 3419 2426 audit
3442 2371 3689 2424 verbum
3721 2368 3878 2437 mi,

2290 2483 2347 2530 et
2377 2488 2483 2528 non
2510 2470 2776 2541 intelligit,
2804 2469 2951 2524 venit
2977 2465 3152 2522 malus
3178 2474 3236 2520 et
3258 2464 3403 2535 rapit
3429 2461 3659 2534 (Reub.
3690 2462 3833 2529 xm).
3858 2475 3875 2509 ι

2291 2565 2374 2619 ΑΙ)
2396 2565 2553 2634 hujus
2575 2578 2703 2633 ergo
2724 2559 2926 2616 malitia
2959 2568 3303 2628 nequaquam
3333 2554 3615 2626 possimus
3637 2549 3872 2611 liberari.

2290 2657 2396 2712 nisi
2437 2670 2534 2726 per
2578 2654 2695 2735 ejus
2740 2650 3091 2720 adiutorium,
3116 2648 3209 2720 qui
3239 2646 3317 2702 ait
3358 2663 3374 2700 :
3412 2663 3434 2697 ι
3466 2642 3648 2700 Nemo
3688 2645 3873 2701 hom

2292 2749 2395 2805 nisi
2437 2748 2580 2804 solus
2616 2747 2757 2802 Deus
2788 2744 2983 2816 (Marc.
3020 2743 3101 2815 ι),
3140 2760 3160 2796 ι
3201 2742 3293 2813 qui
3341 2746 3431 2796 est
3470 2737 3797 2795 benedich
3826 2735 3873 2789 is

2292 2837 2489 2894 sazcula
2513 2836 2853 2893 saeculorum.
2883 2834 3076 2888 Amen.

635 3082 3837 3126 ____________________________________.__—

1160 3254 1633 3334 HOMILIIE
1690 3252 1799 3333 IN
1855 3250 2319 3345 ALIQUOT
2378 3245 2939 3335 EPISTULAS
2988 3238 3323 3324 PAULI.

1134 3586 1416 3647 HOMILIA
1442 3587 1676 3645 PRIMA.

786 3739 1042 3785 DOIINICA
1078 3739 1279 3780 DBCIIA
1313 3737 1451 3779 NONA
1499 3736 1631 3778 POS'I‘
1682 3734 2014 3777 τιιιΝιτΑτιε.

683 3857 899 3928 (Ems.
926 3852 1029 3927 tv.)
1062 3871 1083 3904 ‹
1113 3851 1334 3907 Fratres
1369 3868 1383 3904 :
1420 3850 1776 3905 Renovamini
1818 3850 2010 3919 spiritu
2034 3863 2192 3904 men-

617 3963 639 3999 ι
682 3946 755 3999 tis
783 3951 995 4005 vestrm,
1017 3950 1073 3996 et
1100 3941 1306 3999 induite
1332 3955 1529 3994 novum
1559 3940 1853 4004 hominem,
1879 3939 1968 4009 qui
1999 3952 2193 3993 secun—

621 4056 640 4088 ι
684 4036 811 4092 dum
840 4036 1007 4089 Deum
1048 4042 1263 4088 creatus
1308 4040 1410 4097 est,
1456 4032 1511 4085 in
1548 4030 1758 4099 justitia
1808 4040 1863 4084 et
1908 4031 2194 4085 sanctitate

621 4144 642 4178 ι
686 4124 951 4180 veritatis.
991 4143 1011 4176 ι
1045 4122 1174 4177 Haec
1223 4123 1387 4177 verba
1426 4121 1669 4193 Apostoli
1714 4137 1780 4177 ex
1827 4121 2203 4192 superioribus,

613 4215 866 4289 pendent.
898 4213 988 4268 Sic
1020 4227 1252 4282 namque
1272 4212 1508 4283 loquitur
1529 4211 1777 4282 Ephesiis
1809 4230 1822 4266 :

690 4328 709 4360 ι
755 4306 1014 4377 Deponite
1054 4320 1152 4360 vos
1186 4305 1481 4360 secundum
1511 4303 1793 4375 pristinam
1825 4304 2194 4361 conversatio-

622 4422 642 4457 ι
688 4418 811 4458 nem
832 4410 1069 4455 veterem
1093 4398 1385 4463 hominem,
1401 4398 1491 4468 qui
1514 4398 1882 4469 corrumpitur
1899 4398 2193 4454 secundum

620 4513 641 4549 ι
680 4492 946 4549 desideria
974 4491 1250 4546 erroris.»
1288 4489 1367 4544 Ac
1389 4490 1583 4545 deinde
1618 4489 1841 4545 subdit:
1889 4508 1910 4541 ι
1954 4489 2197 4545 Renova-

608 4584 743 4640 mini
779 4592 957 4636 autem
987 4580 1182 4650 spiritu
1214 4579 1414 4634 mentis
1439 4587 1655 4634 vestrae.
1707 4598 1726 4631 ι
1781 4578 2012 4635 Pristina
2064 4592 2197 4633 con-

613 4674 875 4736 versatio,
893 4681 980 4728 est
997 4678 1340 4741 peccatorem
1389 4671 1443 4724 in
1486 4671 1725 4741 peccatis
1768 4684 2010 4735 manere,
2036 4678 2195 4724 vetus

506 4757 514 4770 ’
615 4775 794 4822 autem
817 4766 1002 4827 homo,
1036 4762 1239 4817 veteris
1260 4760 1603 4816 conversatio
1624 4760 1858 4815 hominis
1885 4758 2031 4815 Adae.
2064 4757 2196 4826 Qui-

2297 3580 2402 3647 nis,
2426 3588 2480 3636 et
2501 3593 2603 3650 per
2622 3576 2987 3648 operationem
3011 3576 3274 3632 bonorum
3297 3587 3547 3646 cperunt,
3562 3570 3629 3628 de
3654 3586 3760 3643 qua
3789 3570 3867 3628 hic

2295 3672 2443 3726 dicit.
2472 3671 2608 3725 Dum
2648 3669 2793 3723 enim
2839 3681 2902 3722 ea
2945 3668 3157 3722 animus
3202 3664 3445 3737 quotidie
3488 3679 3589 3735 per
3634 3662 3860 3719 studium

2295 3760 2541 3816 lectionis
2587 3760 2653 3814 de
2699 3759 2812 3812 Deo
2856 3757 3127 3828 inteiiigit,
3172 3772 3292 3827 qua:
3320 3762 3447 3810 ante
3483 3755 3866 3825 ignonbat,et

2296 3852 2422 3906 dum
2448 3848 2662 3919 proiicit
2683 3847 2924 3918 quotidie
2950 3848 3016 3903 de
3045 3848 3242 3901 virtute
3270 3847 3322 3900 in
3346 3843 3866 3914 vinntem,quotidie

2297 3942 2604 3997 innovatur.
2646 3940 2777 3995 Tale
2808 3949 2888 3994 est
2916 3955 3044 4012 ergo
3088 3954 3151 3994 ac
3179 3939 3223 3994 si
3255 3939 3456 3995 diceret
3490 3954 3503 3991 :
3534 3935 3683 3992 Estis
3730 3949 3866 3990 reuo-

2294 4034 2404 4087 vati
2433 4033 2485 4087 in
2515 4032 2858 4103 baptismate,
2882 4031 3119 4101 quotidie
3157 4028 3491 4086 renovamini
3516 4043 3619 4099 per
3641 4028 3865 4082 studium

2295 4130 2562 4193 lectionis,
2599 4144 2661 4183 ea
2691 4127 2757 4183 de
2791 4126 2902 4182 Deo
2929 4125 3295 4196 intelligendo,
3320 4139 3441 4194 qua:
3469 4129 3601 4177 ante
3622 4136 3728 4176 nos
3750 4119 3870 4174 late-

2294 4221 2447 4286 bant,
2476 4229 2529 4275 et
2574 4219 2872 4276 crescendo
2914 4217 2979 4273 de
3021 4217 3220 4272 virtute
3249 4216 3302 4271 in
3328 4214 3607 4270 virtutem.
3643 4231 3665 4263 ι
3704 4211 3773 4267 Et
3796 4211 3870 4264 in-

2295 4311 2460 4375 duite,
2502 4331 2520 4363 »
2555 4310 2758 4381 inquit,
2791 4329 2809 4360 ι
2846 4323 3043 4364 novum
3092 4308 3388 4372 hominem,
3441 4324 3463 4358 ι
3509 4305 3564 4359 id
3610 4314 3721 4369 est,
3762 4299 3870 4357 novi

2295 4403 2532 4459 hominis
2557 4397 3138 4465 conversationem,vel
3165 4398 3339 4468 ipsum
3368 4394 3652 4450 Dominum
3675 4393 3868 4449 Iesum.

2294 4494 2589 4550 Videamus
2614 4491 2885 4562 quomodo
2912 4491 2982 4545 sit
3008 4490 3123 4559 ipse
3146 4504 3316 4545 novus
3334 4489 3586 4550 homo,et
3610 4483 3873 4556 quomodo

2294 4584 2592 4640 secundum
2632 4583 2801 4637 Deum
2827 4588 3042 4635 creatus
3068 4587 3168 4635 est.
3203 4577 3505 4657 Conceptus
3526 4585 3615 4631 est
3648 4576 3707 4630 in
3735 4578 3873 4629 utero

2295 4675 2546 4747 virginaii
2575 4687 2738 4744 Opere
2780 4672 2957 4728 sancti
2998 4668 3253 4742 Spiritus,
3279 4686 3343 4725 ex
3383 4668 3589 4725 semine
3638 4665 3871 4723 mulieris

2296 4768 2413 4823 sine
2438 4765 2643 4821 semine
2662 4764 2796 4828 viri;
2828 4764 2930 4819 hoc
2954 4766 3157 4819 novum
3174 4763 3294 4817 fuit.
3310 4761 3460 4817 Fecit
3479 4760 3751 4816 miracula
3767 4770 3873 4830 qn:

615 4855 1008 4924 cunqueenim
1040 4852 1092 4907 in
1120 4861 1344 4922 peccato
1370 4859 1575 4915 manet,
1600 4849 2069 4906 conversationem
2102 4863 2191 4904 ve-

2299 4873 2458 4915 nemo
2488 4856 2625 4913 alius
2651 4855 2801 4923 fecit,
2824 4864 3175 4911 conversatus
3196 4861 3279 4909 est
3305 4853 3421 4910 sine
3444 4860 3671 4924 peccato
3702 4852 3761 4906 in
3786 4852 3873 4905 hoc

617 4944 748 4997 teris
774 4941 1007 4999 hominis
1052 4941 1236 5005 habet,
1272 4940 1366 5009 qui
1410 4940 1591 5004 homo,
1621 4938 1678 4994 id
1727 4947 1814 4994 est
1855 4936 2191 4994 conversatio

2300 4946 2500 5003 mundo
2534 4959 2695 5000 verus
2721 4944 2862 4999 Deus
2889 4952 2944 4999 et
2965 4957 3127 4998 verus
3158 4944 3339 5009 homo,
3362 4941 3663 4998 resurrexit
3687 4956 3723 4996 a
3750 4954 3876 4995 mw

617 5030 729 5095 illa,
761 5030 1123 5099 corrumpitur
1146 5038 1202 5084 et
1224 5030 1552 5101 depravatur
1585 5029 1879 5085 secundum
1927 5028 2196 5085 desideria

618 5134 864 5181 errorum
893 5127 949 5175 et
967 5120 1244 5175 vitiorum.
1271 5139 1290 5173 ι
1324 5120 1703 5186 Renovamiui,
1735 5140 1756 5172 ι
1784 5119 1980 5190 inquit,
2025 5137 2045 5171 ι
2092 5119 2197 5190 spi-

2299 5037 2425 5102 tuis,
2457 5044 2511 5091 et
2540 5036 2656 5090 haec
2683 5049 2821 5090 nova
2849 5036 3029 5090 omnia
3073 5032 3296 5088 fuerunt
3335 5042 3392 5088 et
3423 5038 3569 5087 sunt.
3617 5051 3637 5083 ι
3681 5031 3875 5087 Secun-

2296 5126 2427 5181 dum
2458 5125 2629 5180 Deum
2654 5133 2870 5181 creatus
2896 5131 2975 5178 est
3010 5123 3063 5177 in
3087 5123 3320 5193 iustitia,
3362 5140 3382 5173 ι
3416 5121 3539 5190 quia
3565 5118 3760 5190 justus
3785 5127 3874 5183 est.

621 5212 728 5266 ritu
762 5210 959 5269 mentis
985 5219 1198 5266 vestrae.
1236 5229 1256 5264 ι
1298 5210 1557 5282 Spiritum
1584 5220 1640 5268 et
1661 5220 1894 5267 mentem
1926 5226 2025 5283 pro
2052 5212 2201 5268 bono
2302 5235 2321 5269 ι
2352 5215 2408 5270 in
2433 5215 2723 5271 sanctitate
2759 5221 2813 5268 et
2855 5214 3106 5278 veritate,
3148 5231 3167 5266 ι
3200 5213 3327 5283 quia
3369 5219 3592 5268 sanctus
3628 5218 3688 5267 et
3729 5218 3878 5267 veru!

621 5303 877 5360 debemus
920 5304 1185 5374 accipere,
1213 5306 1509 5361 secundum
1548 5305 1765 5361 beatum
1809 5304 2195 5376 Augustinum,

621 5404 676 5457 td
697 5408 803 5466 est,
825 5413 926 5471 pro
948 5398 1365 5455 rationabilitate
1404 5399 1620 5455 mentis.
1662 5398 1791 5454 Duae
1836 5408 2019 5454 autem
2063 5407 2198 5454 sunt

622 5488 1021 5547 renovationes.
1076 5487 1194 5545 Una
1237 5496 1321 5544 est
1364 5488 1646 5543 subitanea
1688 5502 1754 5543 ac
1793 5497 2190 5555 momentanea,

620 5595 743 5651 qua:
766 5579 906 5635 litin
938 5579 1287 5650 baptismate,
1317 5578 1370 5634 iu
1400 5593 1505 5649 qua
1536 5593 1864 5634 renovamur
1915 5580 1983 5634 ab
2024 5580 2197 5636 omni-

2295 5317 2401 5365 est.
2423 5307 2493 5362 Et
2520 5322 2624 5362 non
2648 5306 2821 5362 solum
2846 5314 3086 5372 sanctus,
3108 5303 3305 5374 justus,
3329 5311 3385 5361 et
3404 5316 3592 5371 verus,
3619 5303 3724 5359 sed
3742 5304 3882 5360 insu-

2296 5412 2395 5471 per
2422 5398 2537 5468 ipsa
2557 5396 2788 5467 iustitia,
2809 5396 2924 5467 ipsa
2954 5388 3216 5451 sanctitas
3240 5402 3295 5450 et
3330 5395 3550 5451 veritas.
3580 5392 3745 5462 Quod
3766 5405 3885 5463 ergo

2300 5493 2474 5547 dicit:
2510 5510 2529 5543 ι
2562 5490 2771 5546 induite
2801 5504 2998 5545 novum
3045 5489 3349 5556 hominem,
3383 5508 3403 5541 ι
3433 5488 3540 5544 tale
3587 5492 3681 5544 est:
3724 5504 3794 5544 ae
3842 5484 3885 5541 sl

2302 5583 2506 5639 diceret
2537 5597 2553 5636 :
2583 5580 2792 5637 induite
2815 5580 3101 5637 Dominum
3123 5579 3308 5637 Jesum
3343 5580 3646 5646 Christum,
3670 5579 3735 5635 id
3789 5586 3884 5641 est.

623 5669 727 5728 bus
744 5671 982 5741 peccatis
1003 5669 1357 5742 originalibus
1384 5676 1441 5724 et
1491 5669 1812 5751 actu‘alibus.
1845 5669 2028 5725 Altera
2074 5683 2200 5739 qua:
2303 5672 2764 5729 conversationem
2785 5671 2910 5727 novi
2935 5670 3191 5737 hominis,
3210 5680 3266 5727 et
3287 5685 3478 5727 omnes
3500 5671 3741 5725 virtutes
3764 5678 3889 5740 quas

629 5759 694 5818 fit
709 5777 808 5834 per
838 5764 1071 5836 spatium
1098 5762 1376 5834 temporis,
1397 5772 1451 5819 et
1488 5777 1584 5834 per
1613 5763 1985 5819 assiduitatem
2013 5763 2199 5818 lectio-

2306 5762 2603 5836 inteiligitis
2634 5763 2689 5818 iu
2716 5760 2934 5819 Christo
2977 5776 3122 5819 esse.
3164 5760 3489 5832 Quicunque
3537 5762 3685 5818 enim
3751 5773 3894 5816 assu-
