4002 6348
208 249 339 307 sos
1444 258 1748 318 nonnum
1785 262 1789 335 ξ

1902 264 2054 320 ΕΡΡ.
2091 265 2319 325 PAULI.
3384 285 3492 345 806

205 363 689 462 Inuntjustitiam,
717 368 1093 462 sanctitatem,
1117 370 1426 436 veritatem,
1456 372 1799 442 sapientiam,
1816 380 1880 441 ,Α
1982 395 2000 428 ι
2040 376 2141 447 Qui
2193 379 2477 437 iurabatur
2513 401 2532 437 ι
2592 385 2733 443 bona
2779 386 3027 457 aliorum,
3070 408 3090 445 ‹
3118 390 3232 462 jam
3268 410 3377 453 non
3408 398 3496 455 l'u-

206 457 575 524 charitatem,
600 475 895 530 omnesque
937 461 1165 517 virtutes
1199 478 1335 532 quas
1373 463 1428 518 in
1465 463 1679 521 Christo
1715 481 1808 523 co-
1912 479 2083 546 retur.
2119 490 2138 522 ι
2165 470 2279 539 Vel,
2307 474 2398 543 qui
2431 474 2713 532 iurabatur
2731 480 2892 535 verba
2914 491 2968 536 et
2993 457 3501 546 doctrinamEvann

208 555 443 626 gnoscit
467 569 606 621 esse,
637 555 912 613 Christum
939 560 1126 628 utique
1144 560 1340 615 induit.

305 665 324 697 ι
356 645 583 717 Propter
610 648 752 718 quod
775 649 1106 720 deponentes
1132 650 1495 717 mendacium,
1524 651 1807 722 loquimini

214 755 243 789 α
287 737 574 792 veritatem
603 740 972 810 unusquisque
1004 756 1125 797 cum
1169 742 1419 811 proximo
1443 758 1562 798 suo.
1604 764 1623 796 ι
1670 744 1805 812 Quia

203 844 390 884 onme
436 831 774 885 mendacium
805 847 835 885 a
864 831 1078 887 diabolo
1123 840 1225 898 est,
1260 834 1351 903 qui
1385 843 1469 891 est
1495 836 1723 891 mendax
1752 845 1811 892 et

202 931 384 992 pater
411 923 676 978 mendacii
701 923 883 995 (Joan.
912 927 1052 997 vm).
1093 925 1406 996 Quicunque
1437 926 1528 982 ﬁlii
1564 929 1808 987 veritatis

201 1022 373 1079 sunt,
408 1014 606 1070 debent
633 1017 903 1087 deponere
922 1026 977 1073 et
1003 1017 1237 1089 abjicere
1271 1021 1632 1088 mendacium,
1659 1021 1807 1078 dolo-

159 1096 181 1130 ⁸
201 1106 442 1161 sitatem
473 1113 529 1161 et
556 1106 945 1178 duplicitatem,
977 1117 1035 1164 et
1058 1109 1201 1180 loqui
1234 1111 1514 1167 veritatem
1537 1114 1604 1168 de
1624 1113 1808 1169 animo

194 1213 384 1268 puro,
412 1214 536 1253 cum
558 1200 707 1255 omni
730 1200 971 1267 homine,
1001 1216 1107 1257 non
1135 1200 1313 1256 solum
1333 1217 1455 1256 cum
1476 1201 1801 1268 Christiano,

197 1304 411 1346 verum
452 1291 619 1345 etiam
648 1306 772 1346 cum
803 1293 1059 1348 hmretico
1085 1302 1141 1347 et
1178 1308 1410 1364 pagano,
1453 1295 1575 1365 quia
1616 1308 1805 1350 omnes

197 1366 548 1438 sunt'nostri
574 1383 805 1454 proximi
836 1382 996 1455 (Eph.
1030 1382 1107 1456 v).
1139 1384 1206 1440 Et
1240 1399 1409 1455 quare
1441 1386 1700 1441 debemus
1726 1386 1805 1441 lo—

196 1475 308 1544 qui
336 1475 619 1530 veritatem
646 1490 768 1530 cum
791 1474 1075 1546 proximo?
1110 1494 1129 1527 σ
1164 1476 1429 1544 Quoniam
1457 1490 1645 1531 sumus
1670 1477 1804 1531 invi-

196 1580 335 1621 cem
365 1567 627 1621 membra.
664 1586 685 1619 ›
714 1566 810 1621 Est
851 1566 1100 1622 Christus
1142 1575 1324 1637 caput,
1371 1565 1614 1623 membra
1660 1552 1807 1622 illius

196 1664 345 1711 sunt
365 1656 543 1713 electi.
565 1657 631 1711 Et
650 1656 791 1712 sicut
816 1658 1058 1713 membra
1086 1658 1256 1713 nostri
1285 1659 1529 1728 corporis
1549 1666 1678 1713 sunt
1697 1656 1801 1712 sibi

1911 560 2056 629 gelii,
2080 577 2176 632 per
2199 563 2507 621 baereticam
2530 570 2875 639 pravitatem,
2902 574 3043 630 sicut
3065 578 3343 649 pr0phet:e
3372 582 3491 651 ﬁlii,

1910 651 1978 705 de
2000 653 2196 723 quibus
2225 655 2464 710 dicitur:
2504 678 2522 709 ι
2557 658 2751 717 Vident
2791 679 2927 720 vana
2968 675 3023 723 et
3064 669 3309 728 divinant
3340 689 3491 731 men-

1911 741 2139 805 dacium,
2167 743 2409 802 dicentes
2433 747 2600 804 .‘Haec
2622 752 2751 808 dicit
2780 754 3038 814 Dominus
3061 757 3222 825 Deus,
3247 778 3367 819 cum
3392 764 3493 823 Do-

1908 833 2087 925 minus
2117 851 2222 890 non
2252 838 2461 894 miserit
2483 856 2576 897 eos
2619 840 2838 912 (Ezech.
2870 864 2997 916 xm;
3028 851 3141 908 Jer.
3173 855 3292 924 m);
3332 876 3351 910 ι
3379 855 3491 925 jam

1907 937 2015 978 non
2046 924 2275 992 foretur,
2305 928 2399 984 sed
2433 932 2651 987 recedat
2676 934 2745 989 ab
2770 950 2954 994 errore
2983 955 3102 997 suo.
3137 960 3156 993 ι
3186 943 3354 1015 Magis
3382 924 3480 1003 au-

1915 1031 1934 1066 ι
1974 1024 2082 1071 tem
2117 1017 2342 1085 laboret,
2376 1025 2651 1092 operando
2697 1027 2945 1085 manibus
2974 1032 3087 1087 suis
3116 1036 3258 1104 quod
3286 1036 3486 1095 bonum

1913 1124 1932 1156 ι
1971 1115 2070 1172 est,
2098 1118 2154 1163 ut
2177 1109 2374 1166 habeat
2396 1115 2539 1170 unde
2561 1116 2764 1171 tribuat
2790 1122 3167 1178 necessitatem
3194 1112 3446 1196 patienti.
3469 1148 3488 1182 ι

1905 1195 1998 1255 Ille
2027 1198 2118 1269 qui
2140 1210 2266 1256 ante
2293 1201 2595 1271 furabatur,
2619 1223 2726 1263 non
2755 1209 2928 1283 solum
2964 1198 3123 1270 debet
3140 1230 3172 1270 a
3198 1195 3347 1273 l'urto
3372 1234 3464 1275 ces

1905 1302 2051 1354 sare,
2106 1291 2201 1347 sed
2247 1293 2405 1349 debet
2447 1299 2661 1367 operari
2716 1302 2968 1358 manibus
3010 1307 3146 1374 suis,
3201 1318 3259 1366 ut
3295 1311 3486 1367 habeat

1909 1379 2060 1434 unde
2081 1390 2348 1438 sustentet
2377 1385 2513 1442 alios
2549 1388 2785 1460 inopiam
2813 1393 3102 1463 patientes.
3262 1390 3271 1399 ’

2506 1519 2787 1577 HOMILIA
2823 1523 2886 1578 ll.

2160 1646 2411 1688 DOMINICA
2454 1648 2704 1691 VlGESlIlA
2733 1652 2863 1694 POST
2905 1653 3236 1698 TBINI'I‘ATIS.

192 1747 447 1804 invicem
475 1750 802 1815 necessaria,
830 1758 884 1805 et
921 1750 1024 1807 sibi
1055 1751 1366 1806 ministrant
1403 1754 1632 1806 invicem
1678 1765 1800 1821 quae
1829 1756 1880 1817 Β
1974 1744 2190 1817 (Eunus.
2214 1747 2295 1823 v.)
2338 1768 2357 1801 ί
2400 1749 2640 1817 Fratres,
2673 1753 2850 1808 videte
2883 1756 3151 1824 quomodo
3192 1766 3349 1814 caute
3377 1775 3478 1815 am-

192 1839 520 1894 necessaria
548 1848 673 1895 sunt
704 1858 716 1893 :
748 1842 898 1895 verbi
931 1842 1102 1912 gratia
1135 1840 1185 1912 (Ι
1209 1840 1332 1895 Cor.
1358 1857 1471 1908 xu;
1497 1842 1655 1897 Rom.
1675 1842 1795 1913 xu):

191 1928 412 1986 Oculus
429 1939 510 1986 est
532 1932 874 2011 necessarius
899 1933 1087 1988 manui
1102 1941 1163 1987 et
1185 1933 1330 2002 pedi,
1353 1942 1408 1989 et
1438 1948 1650 1998 manus,
1680 1947 1797 2003 pes,

190 2024 390 2090 oculo,
443 2024 671 2095 ideoque
718 2023 990 2079 ministrat
1032 2026 1221 2080 oculus
1254 2026 1431 2079 manui
1468 2036 1524 2080 et
1566 2026 1687 2096 pedi
1718 2027 1798 2080 lu-

191 2132 358 2182 men,
390 2132 584 2171 manus
615 2125 796 2171 autem
829 2117 1090 2187 abstergit
1121 2117 1267 2171 illum
1301 2126 1355 2170 et
1385 2117 1527 2171 lavat
1559 2108 1587 2170 a
1620 2118 1795 2173 sordi-

189 2206 344 2266 bus:
379 2207 459 2262 sic
486 2208 539 2262 in
571 2215 757 2263 sancta
801 2207 1043 2263 Ecclesia
1084 2207 1408 2278 praedicator
1440 2208 1666 2278 quilibet
1703 2207 1795 2277 qui

194 2307 292 2353 est
319 2298 531 2364 oculus,
567 2298 725 2354 debet
750 2300 1062 2355 ministrare
1090 2300 1269 2353 lumen
1300 2299 1541 2354 scientia:
1574 2308 1632 2352 et
1658 2313 1799 2369 prte-

193 2390 499 2446 dicationis
537 2390 659 2446 aliis
685 2391 776 2460 qui
814 2398 940 2446 sunt
963 2406 1156 2446 manus
1181 2398 1235 2444 et
1266 2391 1450 2461 pedes,
1483 2389 1535 2443 id
1568 2397 1673 2456 est,
1701 2389 1793 2460 qui

191 2490 334 2537 sunt
364 2481 797 2555 eleemosynarii,
841 2492 896 2539 et
938 2483 1027 2554 qui
1059 2491 1286 2547 currunt
1331 2483 1398 2537 ad
1430 2481 1791 2551 sepeliendum

191 2580 503 2638 mortuum,
541 2581 597 2629 et
633 2574 726 2644 qui
758 2573 948 2628 activae
983 2574 1108 2628 vitae
1154 2583 1281 2628 sunt
1326 2572 1510 2629 dediti.
1558 2573 1793 2627 Econtra

190 2660 279 2717 illi
316 2661 513 2717 debent
538 2664 606 2719 de
627 2664 928 2719 substantia
955 2674 1261 2720 sustentare
1287 2664 1500 2720 oculum
1531 2666 1792 2735 praedica-

190 2760 396 2818 torem,
430 2755 718 2823 przebendo
742 2755 791 2809 ei
820 2755 999 2810 cibum
1024 2763 1076 2810 et
1110 2763 1317 2824 potum,
1342 2764 1400 2809 et
1433 2755 1795 2812 ministrando

192 2858 397 2904 caetera
419 2863 541 2919 quae
567 2848 873 2904 necessaria
902 2855 1027 2904 sunt
1053 2847 1150 2902 illi.
1174 2845 1299 2902 Habe
1328 2845 1598 2909 faciendo,
1626 2855 1790 2904 erunt

192 2939 302 2995 sibi
338 2939 568 2994 invicem
596 2940 859 2995 membra.
889 2938 1184 3009 Sequitur:

276 3050 298 3082 ε
335 3028 655 3095 Irascimini,
684 3037 738 3085 et
776 3028 940 3085 nolite
974 3041 1203 3101 peccare
1231 3028 1402 3101 (Ptol.
1424 3031 1520 3101 IV).
1550 3051 1570 3084 ι
1609 3031 1788 3101 Dupli-

1910 1857 1929 1890 ί
1972 1839 2185 1903 buletis,
2223 1857 2330 1897 non
2362 1844 2515 1913 quasi
2547 1844 2891 1914 insipientes,
2921 1846 3015 1903 sed
3056 1857 3113 1901 ut
3138 1850 3427 1919 sapientes.
3465 1872 3485 1905 ι

1901 1928 2169 2001 Loquitur
2194 1933 2487 2004 Apostolus
2511 1935 2782 2004 Ephesiis,
2806 1938 2860 1991 in
2885 1937 2991 1993 illis
3020 1954 3209 1995 omnes
3239 1942 3485 2001 homines

1900 2019 2170 2088 hortatur,
2219 2033 2279 2077 ut
2319 2033 2477 2078 caute
2516 2034 2574 2080 et
2609 2024 2952 2084 considerate
2988 2028 3172 2083 vivant
3225 2030 3364 2086 sicut
3403 2049 3471 2088 sa.

1898 2111 2129 2181 pientes,
2163 2124 2218 2168 et
2242 2130 2349 2169 non
2377 2116 2518 2172 sicut
2545 2116 2884 2188 insipientes.
2906 2117 3128 2175 Fratres
3157 2132 3338 2177 autem
3370 2122 3492 2182 illos

1898 2212 2060 2258 vocat
2088 2203 2140 2256 in
2174 2202 2296 2269 ﬁde,
2323 2205 2377 2260 in
2400 2206 2659 2263 societate
2686 2206 3009 2272 dilectionis,
3043 2210 3166 2280 quia
3193 2228 3358 2266 unum
3381 2211 3484 2268 Pa-

1898 2304 2037 2351 trem
2067 2296 2235 2351 Deum
2261 2299 2685 2368 omnipotentem
2711 2314 2902 2355 omnes
2941 2301 3224 2369 habemus,
3251 2319 3357 2357 non
3386 2319 3485 2375 per

1896 2397 2169 2455 naturam,
2196 2389 2289 2445 sed
2302 2390 3181 2465 peradoptionem(Matt/unm).
3214 2413 3234 2446 ι
3267 2393 3482 2464 Videte,

1896 2481 2115 2549 fratres,
2153 2501 2173 2537 ι
2225 2483 2277 2539 id
2304 2493 2406 2547 est,
2438 2485 2801 2549 considerate,
2835 2503 2854 2535 ι
2883 2485 3153 2556 quomodo
3180 2496 3338 2541 caute
3366 2507 3383 2539 ι
3422 2496 3479 2543 et

1894 2576 2142 2632 ordinate
2182 2596 2202 2631 ι
2241 2576 2546 2640 ambuletis,
2584 2596 2603 2629 ι
2636 2577 2833 2633 vivatis
2877 2584 2933 2632 et
2984 2577 3379 2634 conversemini
3429 2579 3483 2635 in

1892 2667 2072 2724 medio
2119 2669 2353 2725 nationis
2391 2683 2572 2740 prava:
2601 2652 2655 2723 et
2700 2682 2991 2739 perversae,
3029 2674 3085 2723 et
3119 2686 3138 2719 ‹
3174 2681 3278 2721 non
3327 2667 3497 2739 quasi

1891 2756 2232 2829 insipientes,
2264 2780 2284 2814 ι
2315 2762 2367 2816 id
2403 2770 2487 2817 est
2512 2758 2760 2817 inﬁdeles
2787 2758 2881 2832 qui
2906 2773 3015 2818 non
3039 2758 3242 2818 habent
3268 2760 3484 2835 sapien-

1892 2845 2020 2902 tiam
2044 2864 2251 2916 veram,
2285 2850 2338 2906 id
2364 2859 2447 2908 est
2472 2850 2749 2907 Christum
2779 2852 2832 2906 in
2855 2867 2915 2907 se
2945 2851 3303 2922 habitantem,
3343 2872 3361 2905 c
3388 2854 3495 2925 sed

1888 2946 1951 2993 ut
1986 2939 2259 3009 sapientes
2294 2960 2341 3007 ι,
2367 2941 2421 2997 id
2440 2950 2527 2998 est
2551 2941 2739 2998 ﬁdeles
2759 2942 2857 3013 qui
2879 2943 3201 3014 sapientiam
3230 2946 3483 3001 substan-

1888 3028 2074 3085 tialem
2103 3029 2160 3085 in
2186 3030 2340 3087 vobis
2365 3031 2600 3086 habetis.
2652 3030 2869 3100 Quanta
2909 3031 3056 3091 enim
3099 3032 3354 3089 distantia
3394 3045 3489 3105 est,

190 3122 338 3177 citer
358 3134 643 3191 possumus
671 3121 774 3176 hoc
802 3120 1123 3193 intelligere.
1150 3120 1208 3176 Si
1234 3123 1450 3190 quando
1474 3123 1713 3192 peccatis
1733 3130 1790 3177 et
1814 3110 1859 3173 C
1890 3119 2033 3174 inter
2060 3121 2314 3176 tenebras
2352 3131 2409 3177 et
2447 3122 2656 3190 lumen,
2688 3125 2830 3179 inter
2864 3123 3079 3189 ﬁdelem
3103 3134 3160 3182 et
3185 3126 3481 3194 inﬁdelem,

191 3227 223 3267 a
255 3212 348 3266 via
371 3211 711 3269 rectitudinis
744 3212 961 3268 diabolo
989 3212 1251 3269 suadente
1285 3214 1560 3278 receditis,
1593 3213 1783 3269 irasci-

191 3306 332 3362 mini
362 3305 515 3361 vobis
536 3305 691 3375 ipsis,
717 3314 771 3361 et
795 3303 1171 3375 indignemini,
1196 3317 1266 3357 ne
1294 3303 1525 3373 amplius
1550 3302 1675 3357 talia
1701 3302 1783 3357 fa—

192 3397 378 3462 ciatis,
407 3395 720 3467 castigando
740 3408 939 3465 corpus
964 3400 1205 3448 vestrum
1232 3391 1431 3463 vigiliis
1448 3399 1504 3447 et
1527 3390 1777 3460 jejuniis;

192 3489 353 3543 aliter
394 3506 407 3543 :
443 3488 512 3542 Et
554 3486 621 3552 si,
673 3486 871 3559 inquit,
898 3483 1213 3551 irascimini,
1248 3484 1412 3540 nolite
1446 3485 1582 3539 iram
1615 3484 1778 3556 perﬁ-

193 3594 344 3635 cere.
370 3578 644 3634 Permittit
673 3578 891 3649 quidem
918 3575 1206 3647 Apostolus
1235 3575 1396 3631 irasci
1420 3575 1563 3646 quod
1590 3576 1782 3631 huma-

194 3683 328 3724 num
354 3676 459 3734 est,
487 3668 578 3722 sed
600 3668 855 3739 prohibet
876 3667 1169 3721 vindictam
1200 3673 1477 3735 expetere,
1500 3666 1643 3736 quod
1665 3665 1779 3737 jam

193 3777 303 3817 non
333 3769 416 3816 est
445 3758 761 3827 humanum,
802 3760 929 3830 quia
983 3760 1062 3814 ira
1105 3760 1208 3814 viri
1234 3760 1499 3830 justitiam
1547 3761 1641 3816 Dei
1670 3776 1777 3815 non

193 3860 471 3924 operatur.
506 3870 529 3904 ‹
569 3851 661 3907 Sol
705 3866 811 3906 non
862 3851 1076 3906 occidat
1110 3865 1272 3922 super
1305 3850 1637 3906 iracundiam
1683 3864 1779 3907 ve»

200 3964 218 3997 ι
257 3956 450 4002 stram.
485 3966 503 3999 ι
544 3944 806 4001 Similiter
828 3956 885 4001 et
913 3944 1110 4015 duplici
1137 3947 1298 4001 modo
1328 3954 1505 4016 potest
1531 3946 1772 4020 intelligi,

195 4040 439 4095 dicamus
482 4037 817 4110 simpliciter.
851 4037 944 4093 Sol
972 4050 1081 4093 non
1107 4039 1319 4094 occidat
1354 4054 1516 4112 super
1560 4041 1780 4097 iracun-

195 4131 338 4187 diam
367 4139 625 4197 vestram,
656 4130 712 4186 id
743 4138 849 4196 est,
873 4130 919 4185 si
943 4131 1198 4186 commoti
1226 4130 1440 4189 fueritis
1467 4132 1533 4188 ad
1566 4141 1779 4203 tempus

197 4227 455 4281 adversus
491 4224 821 4295 proximum,
854 4230 982 4279 ante
1010 4222 1138 4279 solis
1163 4238 1416 4279 occasum
1458 4224 1779 4280 reconcilia-

196 4316 348 4383 mini,
375 4325 432 4372 et
458 4316 677 4371 recedat
715 4315 795 4370 ira
826 4331 856 4369 a
888 4315 1072 4380 vobis;
1105 4314 1262 4370 aliter
1304 4332 1317 4368 :
1359 4313 1451 4370 Sol
1482 4315 1779 4385 appellatur

197 4408 444 4465 Christus
467 4407 519 4462 in
550 4405 844 4477 Scripturis
875 4405 1066 4471 sacris,
1095 4413 1155 4459 ut
1181 4403 1253 4459 ibi
1286 4420 1299 4457 :
1334 4423 1354 4456 ι
1391 4402 1556 4459 Vobis
1584 4405 1779 4461 timen-

1889 3216 2037 3264 tanta
2068 3209 2326 3265 distantia
2359 3220 2440 3267 est
2471 3212 2615 3269 inter
2663 3212 3008 3284 insipientem
3054 3222 3111 3287 et
3153 3214 3479 3297 sapientem,

1885 3299 2013 3367 quia
2053 3297 2235 3354 lumen
2279 3310 2334 3355 et
2363 3301 2630 3371 sapientia
2673 3316 2777 3357 non
2819 3309 3000 3373 potest
3025 3318 3146 3360 esse
3175 3304 3235 3358 in
3258 3320 3345 3371 eo,
3376 3306 3481 3385 nisi

1885 3388 2047 3446 ﬁdem
2078 3391 2465 3461 omnipotentis
2503 3392 2601 3449 Dei
2635 3393 2852 3448 habeat.
2898 3412 2917 3444 ι
2947 3393 3296 3451 Redimentes
3339 3405 3477 3453 tem-

1889 3503 1911 3538 ι
1942 3487 2346 3557 pus,'quoniam
2370 3487 2488 3543 dies
2517 3487 2643 3541 mali
2672 3495 2817 3567 sunt.
2857 3507 2875 3540 ι
2916 3485 3198 3555 Quomodo
3226 3496 3311 3544 est
3343 3472 3482 3543 tem;

1882 3593 1986 3649 pus
2006 3577 2231 3644 malum,
2259 3580 2403 3650 quod
2429 3579 2725 3635 secundum
2761 3579 3168 3649 dispositionem
3195 3578 3290 3635 Dei
3333 3594 3477 3635 sem-

1880 3684 1983 3742 per
2012 3669 2265 3736 volvitur,
2317 3670 2612 3735 mensibus,
2655 3669 2868 3736 diebus,
2916 3677 2973 3725 et
3007 3669 3276 3736 noctibus,
3304 3670 3477 3733 boris,

1882 3767 2280 3838 momentisque
2324 3766 2690 3826 currentibus.
2732 3764 2885 3821 Sicut
2927 3779 3058 3834 ergo
3103 3764 3303 3820 dicitur
3334 3764 3476 3819 mala

1880 3872 2004 3915 esse
2029 3859 2245 3924 domus,
2268 3873 2389 3928 quae
2417 3856 2588 3913 malos
2615 3856 2948 3912 habitatores
2978 3855 3160 3921 habet,
3189 3855 3260 3910 ita
3294 3856 3479 3912 dicuno

1882 3956 1972 4002 tur
1994 3947 2121 4002 mali
2144 3948 2278 4012 dies,
2303 3947 2355 4001 in
2378 3945 2573 4016 quibus
2600 3944 2739 4001 mala
2764 3945 2895 4000 ﬁunt
2912 3961 2942 3999 a
2964 3944 3121 4000 malis
3144 3945 3472 4003 hominibus.

1880 4037 2021 4106 Quid
2059 4047 2145 4094 est
2178 4038 2320 4108 quod
2349 4037 2498 4101 dicit,
2539 4057 2556 4089 ι
2586 4037 2915 4092 redimentes
2950 4037 3195 4106 tempus?
3225 4054 3244 4089 ι
3279 4035 3332 4092 id
3369 4045 3476 4103 est,

1880 4140 2122 4187 vestrum
2145 4131 2275 4187 illud
2295 4130 2480 4187 facile.
2512 4128 2673 4186 Verbi
2697 4130 2867 4200 gratia
2896 4147 2909 4184 :
2933 4128 3038 4184 Alii
3061 4129 3301 4184 vendunt
3324 4129 3473 4197 illud,

1880 4223 2024 4279 mala
2043 4223 2319 4294 operando
2346 4222 2413 4277 ad
2439 4222 2641 4278 malum
2677 4237 2835 4277 suum
2865 4239 2879 4275 :
2907 4236 3005 4277 vos
3036 4221 3287 4278 redimite
3324 4221 3474 4291 illud,

1882 4314 2010 4371 talia
2057 4329 2223 4385 opera
2270 4313 2544 4382 faciendo,
2585 4328 2684 4384 pro
2725 4313 2924 4384 quibus
2981 4313 3478 4369 remunerationem

1884 4406 2128 4476 capiatis.
2182 4405 2501 4475 Quicunque
2543 4404 2687 4460 enim
2735 4404 2836 4459 hoc
2876 4402 3009 4458 facit
3048 4392 3189 4474 quod
3239 4403 3342 4458 sibi
3389 4412 3478 4461 est

200 4504 341 4577 tibus
369 4518 563 4558 nomen
610 4469 810 4567 meum,
861 4469 1071 4555 orietur
1120 4496 1200 4554 sol
1246 4496 1472 4569 iustitiae
1500 4497 1657 4570 (Μαι.
1700 4515 1774 4565 rv,
1802 4469 1856 4532 D
1881 4469 2033 4562 utile,
2085 4469 2299 4566 tempus
2346 4469 2449 4551 sibi
2486 4494 2726 4559 redimit,
2758 4503 2813 4549 et
2852 4469 3106 4564 acquirit,
3155 4494 3283 4566 quia
3315 4510 3473 4551 suum

202 4593 327 4649 Luc.
348 4593 410 4664 ι).
451 4612 469 4644 ι
499 4591 600 4660 Qui
632 4589 712 4647 sol
742 4589 1064 4661 plerumque
1085 4598 1310 4659 propter
1336 4588 1494 4652 iram,
1518 4604 1638 4659 qua:
1665 4590 1775 4645 vin-

200 4684 394 4739 dictam
422 4680 646 4753 expetit,
675 4689 731 4736 et
748 4674 983 4752 propter
1007 4678 1355 4743 discordiam,
1373 4678 1573 4734 occidit
1597 4681 1771 4747 vobis,

198 4774 249 4831 id
270 4785 373 4839 est,
395 4772 597 4829 recedit
624 4788 653 4827 a
675 4771 850 4837 vobis,
867 4771 1008 4825 sicut
1030 4768 1231 4825 occidit
1251 4768 1375 4824 ﬁliis
1395 4770 1693 4842 prophetis,
1710 4773 1776 4828 de

202 4868 391 4938 quibus
420 4865 617 4921 dicitur
650 4884 663 4921 :
716 4882 737 4917 ι
769 4862 979 4935 Occidit
1005 4862 1086 4918 eis
1130 4860 1229 4928 sol,
1279 4877 1403 4918 cum
1435 4865 1617 4920 adhuc
1656 4865 1774 4920 dies

201 4967 337 5015 esset
368 4957 544 5013 media
576 4954 711 5030 (Jer.
744 4953 856 5023 xv).
888 4972 908 5008 ι
942 4952 1035 5010 Sol
1066 4967 1172 5008 non
1214 4952 1425 5008 occidat
1474 4969 1636 5025 super
1665 4954 1778 5009 ira-

201 5048 442 5107 cundiam
472 5058 730 5115 vestram,
757 5047 811 5104 ld
833 5053 1136 5110 est,cavete
1164 5059 1232 5099 ne
1253 5053 1477 5115 prepter
1515 5045 1650 5100 iram
1691 5060 1782 5101 ve-

1881 4588 2013 4645 illud
2047 4586 2198 4653 facit,
2228 4594 2284 4642 et
2309 4587 2377 4642 ad
2407 4601 2559 4641 suam
2585 4585 2816 4655 salutem
2847 4585 2978 4642 illud
3005 4595 3256 4657 occupat.

1886 4668 1892 4673 ’
1958 4699 1976 4730 ι
2000 4678 2315 4749 Propterea,
2341 4698 2359 4731 ι
2378 4677 2657 4743 subaudis,
2673 4677 2800 4747 quia
2812 4677 2930 4731 dies
2944 4676 3093 4743 mali,
3114 4697 3133 4729 ι
3160 4686 3287 4733 tunc
3310 4677 3477 4737 nolite

1886 4788 1908 4822 ι
1940 4769 2057 4827 ﬁeri
2086 4771 2476 4840 imprudentes,
2502 4770 2597 4824 sed
2628 4768 3013 4840 intelligentes,
3033 4784 3154 4845 qua:
3183 4769 3257 4825 sit
3286 4770 3475 4827 volun-

1886 4882 1904 4916 ι
1945 4872 2028 4919 tas
2060 4864 2178 4919 Dei.
2211 4884 2232 4917 ι
2263 4862 2511 4919 Prudens
2544 4863 2707 4919 homo
2734 4862 2933 4919 dicitur
2969 4864 3129 4939 quasi
3161 4864 3472 4937 providens,

1884 4955 2010 5026 quia
2036 4954 2193 5024 longe
2218 4954 2528 5011 considerat
2545 4968 2709 5025 quem
2731 4953 2895 5009 ﬁnem
2918 4968 3014 5010 sua
3036 4970 3199 5031 opera
3220 4955 3474 5013 habitura

1880 5046 2011 5111 sint,
2036 5053 2092 5102 et
2122 5045 2213 5117 qui
2246 5045 2349 5100 scit
2388 5046 2517 5116 quid
2548 5045 2741 5102 debeat
2784 5054 2998 5116 petere,
3022 5056 3078 5101 et
3107 5047 3237 5118 quid
3277 5048 3470 5117 vitare,

201 5151 453 5209 stram,et
482 5151 702 5214 propter
726 5147 963 5196 vestrum
986 5146 1270 5211 peccatum
1302 5138 1523 5194 recedat
1550 5138 1631 5194 sol
1659 5138 1778 5207 jus-
1878 5138 1973 5209 qui
2000 5138 2347 5194 considerant
2368 5138 2534 5193 etiam
2563 5152 2685 5208 quae
2720 5136 2973 5207 placeant
3001 5146 3095 5195 aut
3131 5153 3251 5213 qua:
3278 5138 3469 5210 displi-

207 5237 329 5292 titia:
357 5234 610 5291 Christus
634 5248 663 5287 a
694 5231 869 5288 vobis.

1879 5237 2038 5284 ceant
2080 5229 2208 5284 Deo.
2240 5228 2474 5283 Econtra
2511 5227 2601 5283 ille
2636 5228 2729 5298 qui
2758 5228 3157 5301 inconsiderate
3182 5238 3238 5291 et
3268 5229 3473 5302 impne

273 5346 291 5380 ε
321 5326 387 5382 Ει
408 5327 576 5383 nolite
605 5326 780 5383 locum
806 5323 935 5380 dare
960 5322 1194 5389 diabolo,
1224 5342 1243 5376 ι
1268 5322 1321 5378 id
1351 5321 1635 5388 est,nolite
1655 5321 1774 5378 vin-
1877 5319 2004 5376 vide
2032 5319 2213 5375 omnia
2245 5319 2386 5390 agit,
2430 5326 2486 5374 et
2529 5318 2621 5389 qui
2664 5334 2771 5375 non
2821 5319 3132 5377 considerat
3187 5319 3251 5375 ad
3307 5333 3468 5390 quem

207 5418 393 5474 dictam
434 5427 708 5487 expetere,
741 5427 916 5483 neque
941 5411 1083 5466 ultra
1119 5412 1336 5469 modum
1368 5412 1528 5467 irasci
1553 5410 1768 5484 (Ephes.

1878 5410 2039 5466 ﬁnem
2064 5425 2228 5481 opera
2261 5425 2357 5464 sua
2409 5409 2661 5477 deducat,
2696 5418 2755 5466 et
2791 5410 2935 5481 quod
2968 5410 3179 5481 placeat
3206 5407 3468 5464 voluntati

207 5511 295 5582 Vl),
317 5524 385 5564 ne
415 5508 633 5564 recedat
659 5505 738 5562 sol
772 5522 801 5559 a
830 5502 983 5559 vobis
1008 5500 1276 5567 Christus,
1300 5510 1369 5556 et‘
1386 5503 1566 5558 veniat
1588 5502 1773 5559 diabo-
1877 5501 2011 5566 Dei,
2057 5500 2359 5572 appellatur
2412 5501 2727 5573 imprudens
2770 5512 2827 5559 et
2876 5502 3092 5563 stultus.
3144 5498 3301 5557 Unde
3338 5499 3469 5561 dicit

208 5600 284 5657 lus
311 5601 560 5673 princeps
588 5599 952 5654 tenebrarum.
983 5594 1422 5667 Quandocunque
1450 5596 1593 5652 enim
1645 5612 1771 5668 pec-

162 5688 169 5699 “
211 5708 403 5759 camus,
431 5692 609 5749 locum
633 5689 846 5747 diabolo
868 5689 922 5745 in
949 5687 1103 5745 nobis
1130 5687 1341 5743 damus.

1874 5591 2166 5663 Apostolus
2196 5608 2211 5646 :
2252 5611 2271 5643 ι
2302 5590 2617 5663 Propterea,
2655 5613 2677 5647 ι
2716 5593 2997 5665 inquiens,
3031 5592 3157 5664 quia
3188 5590 3307 5647 dies
3340 5590 3467 5646 mali

1878 5698 2028 5755 sunt,
2057 5688 2112 5744 in
2150 5688 2347 5759 quibus
2373 5689 2541 5747 multa
2571 5692 2713 5749 mala
2744 5689 2880 5745 ﬁunt
2912 5705 2925 5741 :
2962 5706 2979 5739 ι
3012 5684 3189 5742 Nolite
3216 5683 3332 5742 ﬁeri
3366 5684 3470 5740 im-
