4002 6348
861 240 967 259 -νκέδ-
1001 241 1064 265 ἐστι
1736 240 1756 248 ο
1780 237 1894 249 αφ..-
1913 235 1985 251 ρ...
2019 237 2122 256 μα*

499 357 605 417 807

494 472 791 546 prudentes
825 485 843 520 ι
873 466 985 522 sive
1016 456 1412 517 inconsiderati,

498 535 726 636 ligentes
745 575 861 630 quae
879 553 1205 613 sitvoluntas
1229 548 1337 607 Dei,
1370 567 1388 599 ι
1408 546 1458 600 id
1475 555 1574 609 est,
1598 541 1725 613 quid
1748 539 1956 610 placeat
1971 535 2080 589 Deo

501 635 632 714 etin
661 654 855 725 quibus
877 648 1130 720 operibus
1162 644 1408 697 voluntas
1439 639 1530 694 Dei
1577 635 1883 706 impleatur.

580 765 599 798 ι
722 741 883 797 nolite
915 716 1172 792 inebriari
1202 734 1326 787 vino
1352 732 1403 785 in
1435 744 1540 800 quo
1569 735 1652 782 est
1681 721 1910 777 luxuria.
1937 738 1955 769 ι
1979 716 2084 771 Per

496 837 768 894 luxuriam
813 830 1073 886 debemus
1113 823 1414 894 intelligere
1455 813 1635 874 omnia
1670 814 1797 868 vilia
1838 826 1958 882 quae
1987 823 2086 879 per

497 929 822 987 ebrietatem
849 920 1024 976 solent
1041 915 1279 980 evenire,
1301 912 1447 983 quia,
1477 919 1538 962 ut
1557 907 1773 978 quidam
1793 903 1983 956 doctor
2011 897 2087 954 di-

498 1019 595 1083 cit,
627 1013 866 1071 ebrietas
901 1008 1103 1064 nullu‘m
1129 1005 1321 1060 vitium
1349 1012 1592 1058 excusat.
1630 995 1736 1051 Sed
1763 994 1851 1049 hic
1891 999 2086 1046 notan-

499 1110 626 1163 dum
654 1111 759 1166 est,
784 1101 909 1171 quia
933 1099 1074 1154 sicut
1100 1095 1173 1151 illi
1203 1094 1293 1164 qui
1324 1091 1597 1161 replentur
1622 1087 1768 1150 vino,
1814 1082 2088 1151 replentur

504 1193 908 1257 inverecundia,
937 1186 1293 1259 impatientia,
1332 1181 1567 1245 luxuria,
1611 1175 1964 1248 impudicitia,
1995 1189 2088 1228 su-

500 1289 710 1361 perbia,
741 1283 1060 1352 exterisque
1105 1277 1250 1333 vitiis
1277 1293 1291 1329 :
1323 1275 1395 1328 ita
1424 1272 1496 1326 illi
1532 1270 1624 1342 qui
1653 1268 1930 1338 replentur
1968 1264 2090 1335 Spi-

500 1379 609 1435 ritu
635 1387 845 1440 sancto,
884 1373 1160 1443 replentur
1184 1367 1455 1429 castitate,
1481 1362 1802 1428 humilitate,
1840 1373 2091 1415 mansue-

503 1471 710 1534 tudine,
747 1467 1064 1534 caeterisque
1099 1460 1408 1516 virtutibus.
1837 1518 1840 1519 ν

577 1580 596 1612 ι
623 1560 934 1629 Loquentes
963 1550 1360 1621 vobismetipsis
1398 1551 1450 1605 in
1497 1545 1720 1619 psalmis
1769 1551 1825 1599 et
1875 1539 2092 1612 hymnis

509 1672 528 1707 α
563 1662 618 1710 et
641 1652 868 1708 canticis
891 1645 1282 1720 spiritualibus.
1313 1663 1332 1696 ι
1360 1638 1772 1710 Nobismetipsis
1797 1635 2087 1707 loquimur,

504 1744 720 1816 quando
744 1739 1049 1796 alternatim
1080 1738 1328 1793 canimus
1371 1734 1627 1805 psalmos.
1659 1729 1857 1786 Psalmi
1903 1727 2090 1782 dicun-

1147 337 1496 401 llAYMONlS
1533 324 2010 394 HALBERSTAT.
2048 319 2260 380 EPISC.
2298 318 2447 376 OPP.
2480 313 2661 372 PARS
2695 312 2760 370 ll.
2782 339 2853 353 —
2885 307 3120 367 HOMIL.

1439 474 1456 505 ι
1487 452 1581 508 sed
1609 470 1627 502 ι
1666 455 1838 503 estote
1863 463 1880 495 ι
1922 440 2080 498 intel-
2106 440 2156 500 Α
2183 434 2471 491 humiliare
2498 448 2557 488 se
2581 445 2712 502 erga
2737 426 3028 498 subjectos,
3055 425 3110 479 in
3143 429 3403 494 quantum
3435 418 3651 473 vident
3689 415 3836 468 illos

2251 253 2292 261 α..

3704 296 3834 352 808

2181 524 2418 594 aequales
2443 523 2544 578 sibi
2575 523 2627 576 in
2657 519 2947 574 virtutibus
2976 525 3031 572 et
3068 516 3193 570 vita
3230 513 3460 577 meritis,
3502 511 3558 566 in
3612 526 3831 579 quan-

2184 625 2300 673 tum
2325 622 2505 670 autem
2538 614 2725 668 vident
2753 610 2872 667 illos
2900 608 3035 679 erigi
3061 608 3116 662 in
3159 605 3468 676 superbiam
3500 611 3732 657 contra
3767 617 3832 652 s:

2183 717 2240 764 et
2274 707 2407 762 vitia
2454 703 2678 767 sectari,
2710 703 2929 757 debent
2972 697 3204 754 cilicium
3241 713 3352 752 sua:
3402 694 3832 766 praepositune

2184 799 2470 855 ostendere
2508 804 2564 852 et
2593 793 2806 848 fortiter
2839 792 3166 860 redarguere
3192 795 3247 841 et
3283 788 3592 854 increpare.
3647 782 3830 849 Quod

2185 891 2402 965 probari
2431 897 2608 961 potest
2631 903 2698 943 ex
2730 885 2890 941 factis
2930 882 3161 954 apostoli
3198 882 3365 946 Petri,
3412 880 3505 949 qui
3534 894 3689 934 cum
3739 877 3832 929 vi-

2188 985 2359 1040 disset
2396 979 2707 1037 Cornelium
2742 976 3112 1033 centurionem
3143 989 3264 1030 eum
3311 972 3459 1026 omni
3491 969 3682 1024 domo
3717 983 3824 1021 sua

2190 1073 2469 1130 humiliter
2496 1071 2636 1126 velle
2661 1085 2722 1125 se
2751 1069 3003 1132 adorare,
3018 1072 3237 1121 econtra
3270 1063 3361 1118 ille
3384 1061 3728 1117 humiliavit
3763 1075 3827 1114 se

2190 1165 2290 1231 illi,
2310 1165 2497 1220 dicens
2529 1180 2540 1216 :
2577 1179 2596 1214 ι
2617 1161 2812 1232 Surge,
2830 1173 2955 1214 nam
2981 1166 3038 1212 et
3055 1171 3157 1227 ego
3182 1157 3342 1212 homo
3364 1169 3484 1208 sum
3505 1151 3666 1222 (Λα.
3694 1152 3817 1218 ν).›

2135 1275 2138 1278 ·
2193 1257 2295 1314 Ubi
2331 1265 2510 1312 autem
2537 1252 2951 1309 viditAnaniam
2977 1248 3368 1319 etSapphiram
3407 1259 3439 1299 a
3464 1244 3552 1298 via
3583 1242 3820 1295 verita-

2194 1349 2262 1403 tis
2286 1347 2558 1410 recedere,
2583 1356 2636 1400 et
2669 1343 2815 1398 vitiis
2839 1339 3140 1410 subjacere,
3173 1337 3475 1410 potentiam
3505 1335 3592 1390 sui
3638 1332 3818 1388 oﬂicii

2193 1448 2247 1494 et
2278 1436 2643 1508 praepositum
2668 1432 2904 1488 ostendit
2939 1430 3054 1485 solo
3079 1429 3248 1484 verbo
3289 1425 3410 1480 illos
3447 1423 3817 1478 interﬁciens

2193 1529 2330 1601 (Act.
2363 1528 2439 1598 v).
2499 1525 2606 1581 Sed
2655 1524 2759 1579 ista
2819 1521 3001 1577 omnia
3060 1521 3112 1574 in
3162 1519 3354 1574 timore
3407 1517 3621 1572 Christi
3681 1525 3819 1570 sunt

2194 1618 2423 1689 agenda,
2454 1617 2505 1672 id
2534 1623 2639 1681 est,
2665 1629 2763 1684 per
2791 1626 3030 1667 amorem
3051 1609 3172 1675 Dei,
3197 1624 3301 1664 non
3323 1622 3489 1662 causa
3522 1604 3814 1659 adulatio-

2194 1712 2279 1766 nis
2315 1723 2487 1780 neque
2527 1705 3000 1779 patrocinationis,
3034 1702 3177 1774 quod
3206 1701 3424 1771 quidam
3461 1699 3710 1762 faciunt,
3752 1707 3813 1751 ut

502 1789 596 1892 :ur
625 1849 657 1890 a
681 1832 978 1905 psallendo,
1005 1831 1128 1902 quia
1164 1829 1216 1883 in
1256 1789 1513 1898 psallerio
1539 1821 1906 1878 inveniuntur.
1931 1816 2092 1888 Hym-

2212 1801 2403 1857 iossint
2441 1799 2683 1854 invenire
2726 1796 2957 1866 gratiam
3009 1792 3241 1863 pratiati,
3294 1799 3349 1846 et
3383 1789 3614 1845 liberius
3655 1789 3808 1859 quod

503 1944 608 1985 nus
634 1927 839 1992 Graece,
870 1924 1061 1979 Latino
1089 1921 1302 1992 eloquio
1350 1927 1508 1973 sonat
1548 1915 1663 1969 laus
1702 1913 1819 1967 Dei.
1849 1911 2091 1982 Hymnus

505 2029 687 2076 autem
710 2019 754 2074 si
781 2015 1123 2086 componitur
1150 2021 1206 2066 et
1237 2019 1488 2066 cantatur
1515 2007 1568 2061 in
1598 2005 1809 2060 laudem
1832 2003 2091 2066 Dei,tunc

506 2119 590 2166 est
623 2111 874 2181 hymnus.
910 2106 1152 2176 Hymnos
1171 2109 1348 2155 autem
1385 2098 1524 2169 apud
1556 2096 1799 2159 Latinos,
1827 2091 2094 2164 praecipue

507 2201 831 2258 Ambrosius
851 2207 906 2254 et
932 2197 1188 2261 llilarins,
1215 2193 1499 2248 clarissimi
1520 2190 1623 2245 viri
1651 2193 2088 2258 composuerunt.

509 2293 663 2350 Unde
691 2293 853 2361 igitur
884 2305 1006 2344 cum
1041 2287 1176 2342 dixit
1204 2284 1453 2348 canticis,
1482 2280 1761 2350 subiunxit
1792 2275 2094 2349 spirituali-

507 2385 632 2449 bus,
662 2382 785 2452 quia
819 2391 945 2436 sunt
987 2379 1199 2434 cantica
1240 2391 1360 2448 quae
1385 2390 1489 2429 non
1517 2381 1642 2429 sunt
1669 2369 1955 2441 spiritalia,
1997 2382 2092 2421 ne-

510 2487 614 2542 que
639 2471 691 2525 in
720 2469 931 2526 laudem
960 2468 1053 2523 Dei
1085 2475 1392 2523 cantantur.
1419 2462 1575 2518 Sicut
1598 2468 1725 2517 sunt
1756 2459 1964 2514 cantica
1998 2473 2098 2511 sae-

511 2564 774 2621 cularium
821 2560 1123 2617 hominum.
1154 2557 1378 2614 Cantica
1419 2563 1599 2610 autem
1634 2552 1895 2623 spiritalia
1951 2556 2094 2613 sunt,

515 2672 635 2727 quae
659 2661 1078 2725 composuerunt
1108 2651 1384 2721 prophetae
1413 2647 1614 2718 Spiritu
1640 2652 1826 2700 sancto
1853 2640 2012 2696 alllati
2045 2649 2101 2695 et

514 2747 728 2818 repleti,
753 2755 810 2800 ut
840 2743 1202 2801 suntcantica
1233 2740 1423 2812 Moysi,
1463 2737 1732 2794 canticum
1760 2735 1947 2797 Anum,
1979 2745 2103 2787 can-

517 2842 681 2896 ticum
704 2839 952 2902 Deborae,
994 2835 1266 2890 canticum
1313 2832 1484 2896 lsaim,
1518 2829 1788 2884 canticum
1832 2823 2099 2889 Ezechiae,

515 2941 945 2999 ceterorumque
991 2927 1396 2998 prophetarum.
1439 2921 1552 2976 lloc
1580 2933 1708 2974 vero
1752 2917 1915 2971 distat
1962 2914 2103 2968 inter

518 3021 788 3078 canticum
817 3029 872 3074 et
902 3017 1188 3088 psalmum,
1216 3013 1341 3084 quia
1367 3011 1636 3066 canticum
1666 3022 1733 3062 ne
1770 3003 2104 3060 solummodo

516 3113 814 3186 profertur,
851 3111 946 3166 sed
980 3118 1035 3165 et
1061 3109 1378 3164 decantatur
1410 3121 1423 3158 :
1453 3101 1692 3174 psalmus
1712 3107 1890 3168 autem
1923 3095 2106 3150 addito

520 3205 752 3276 quodam
794 3205 1155 3259 instrumento
1187 3196 1406 3252 musica:
1432 3194 1600 3260 artis,
1628 3192 1681 3247 id
1715 3200 1798 3246 est
1824 3187 2100 3260 psalterio.

529 3318 550 3353 ι
576 3300 872 3356 Cantantes
915 3303 970 3350 et
1014 3291 1303 3363 psallentes
1355 3289 1408 3344 in
1457 3286 1708 3344 cordibus
1758 3282 1953 3338 vestris
1996 3281 2105 3334 Do-

522 3393 690 3450 mino.
724 3411 741 3443 i
767 3389 893 3444 Ideo
915 3387 1050 3444 dixit
1078 3393 1358 3440 cantantes
1383 3382 1437 3436 in
1467 3379 1717 3436 cordibus
1740 3375 1959 3440 vestris,
1981 3372 2106 3442 quia

522 3485 678 3542 multi
734 3489 860 3538 sunt
913 3479 1004 3551 qui
1059 3485 1277 3532 cantant
1323 3475 1657 3530 solummodo
1707 3484 1802 3524 ore
1819 3475 1848 3531 ;‘
1879 3480 2109 3536 quorum

526 3568 680 3633 me’ns
710 3591 817 3630 non
849 3569 1144 3627 concordat
1168 3566 1310 3629 voci,
1332 3574 1388 3619 et
1407 3563 1498 3633 qui
1531 3561 1702 3630 magis
1736 3557 2015 3612 attendunt
2043 3553 2111 3608 ad

528 3667 882 3726 sonoritatem
910 3661 1058 3716 vocis
1088 3667 1146 3713 nt
1168 3655 1502 3712 auditoribus
1530 3652 1966 3723 placeant,qnam
1982 3659 2112 3700 eon-

527 3762 770 3817 siderent
825 3762 1006 3808 mente
1057 3748 1184 3819 quid
1249 3746 1450 3802 dicant.
1495 3743 1574 3798 Illi
1614 3755 1742 3796 vero
1797 3743 2016 3794 cantant
2056 3733 2112 3788 in

529 3853 714 3916 corde,
777 3861 1009 3917 quorum
1069 3857 1226 3897 mens
1271 3837 1563 3894 concordat
1614 3834 1763 3897 voci,
1802 3830 1952 3900 juxta
1985 3826 2114 3882 illud

530 3944 677 4000 beati
706 3937 978 3995 Benedicti
1006 3951 1020 3989 :
1049 3933 1141 3988 Sic
1165 3941 1372 3986 stemus
1401 3929 1467 3983 ad
1494 3925 1852 3997 psallendum,
1878 3929 1936 3976 ut
1966 3934 2118 3974 mens

532 4045 716 4091 nostra
760 4031 1051 4086 concordet
1077 4025 1195 4080 voci
1223 4032 1443 4078 nostrae.

615 4147 633 4178 ι
670 4122 890 4180 Gratias
920 4127 1141 4190 agentes
1173 4129 1386 4185 semper
1410 4126 1508 4182 pro
1536 4107 1786 4165 omnibus
1814 4104 1868 4160 in
1902 4102 2120 4158 nomine

543 4235 563 4270 ι
597 4211 810 4270 Domini
837 4210 1005 4265 nostri
1031 4207 1156 4264 Jesn
1185 4203 1384 4262 Christi
1408 4203 1517 4257 Deo
1547 4208 1601 4256 et
1627 4197 1796 4254 Patri.
1823 4216 1842 4248 ι
1871 4190 1979 4249 Pro
2009 4207 2122 4247 om-

537 4305 697 4361 nibus
717 4299 997 4358 beneliciis
1017 4297 1174 4353 nobis
1200 4313 1229 4349 a
1256 4295 1366 4350 Deo
1393 4292 1561 4364 gratis
1590 4289 1749 4353 datis,
1771 4286 1856 4342 vel
1889 4300 1986 4356 pro
2012 4298 2123 4338 om-

537 4398 698 4452 nibus
730 4391 1004 4464 prosperis
1032 4399 1089 4444 et
1125 4385 1366 4442 adversis
1396 4384 1651 4439 debemus
1675 4393 1890 4449 semper
1918 4375 2122 4447 gratias

540 4462 745 4543 referre
767 4462 877 4539 Deo
906 4480 1076 4545 Patri,
1105 4477 1158 4532 id
1181 4484 1282 4539 est,
1319 4474 1428 4529 Deo
1456 4467 1806 4540 omnipotenti
1835 4465 2006 4527 Patri,
2025 4462 2117 4533 qui

2193 1907 2290 1948 eos
2320 1891 2555 1947 delectat
2593 1897 2904 1960 operentur.

2777 2017 3062 2076 HOMILIA
3096 2017 3182 2072 Ill.

2354 2149 2606 2190 DOIIINICA
2639 2145 2892 2187 VlGESlIA
2928 2144 3093 2185 PRIIA
3118 2142 3252 2182 POS'I'
3287 2140 3630 2182 TRINITL‘I’IS.

2265 2252 2482 2323 (Erues.
2508 2247 2608 2320 vt.)
2645 2266 2662 2299 ι
2697 2245 2939 2310 Fratres,
2961 2241 3344 2300 confortamini
3374 2241 3427 2294 in
3461 2218 3729 2302 Domino,
3749 2249 3800 2293 et

2211 2364 2229 2398 ι
2263 2346 2316 2400 in
2347 2343 2592 2416 potentia
2638 2339 2855 2394 virtutis
2904 2336 3040 2406 ejus.
3072 2334 3280 2390 lnduite
3307 2348 3405 2387 vos
3451 2339 3802 2386 armaturam

2205 2455 2222 2488 ι
2261 2436 2378 2490 Dei.
2418 2453 2437 2486 ι
2465 2433 2534 2487 Ει
2557 2431 2786 2501 reliqua.
2813 2429 2944 2484 Post
2972 2426 3233 2500 spiritalia
3263 2433 3558 2494 praecepta,
3595 2422 3803 2491 quibus

2200 2527 2480 2583 admonuit
2499 2523 2790 2596 Apostolus
2820 2521 2965 2576 viros
2991 2528 3045 2575 et
3067 2519 3335 2578 mulieres,
3358 2525 3542 2588 patres
3558 2525 3616 2570 et
3632 2515 3798 2579 ﬁlios,

2201 2621 2447 2676 dominos
2471 2627 2525 2672 et
2549 2630 2756 2680 servos,
2786 2612 3065 2682 subjunxit
3096 2611 3198 2667 ista
3234 2608 3527 2682 generalia,
3568 2623 3686 2662 non
3717 2622 3802 2662 so-

2199 2717 2309 2771 lum
2363 2715 2430 2770 ad
2483 2712 2748 2782 Ephesios
2777 2709 2974 2779 quibus
3012 2706 3261 2762 mittebat
3302 2704 3443 2758 hanc
3479 2700 3796 2771 epistolam,

2201 2809 2294 2864 sed
2323 2807 2388 2861 ad
2418 2820 2632 2861 omnem
2663 2817 2872 2865 sexum,
2903 2811 2958 2854 et
2985 2798 3050 2853 ad
3083 2811 3296 2852 omnem
3327 2793 3799 2856 eonditionem,et

2203 2899 2337 2954 dixit
2372 2915 2385 2952 :
2425 2915 2440 2947 ι
2473 2895 2549 2949 De
2575 2901 2793 2956 cancro,
2841 2911 2860 2943 ι
2896 2891 2949 2946 id
2973 2896 3077 2952 est,
3101 2887 3357 2954 deinceps
3382 2893 3438 2938 et
3474 2891 3681 2953 prater
3708 2880 3799 2935 illa

2204 3005 2324 3061 quae
2352 2987 2600 3058 superius
2622 2985 2881 3061 diximus,
2913 3001 2932 3033 r
2966 2979 3188 3035 Fratres
3219 2997 3238 3031 ι
3271 2977 3374 3032 mei
3403 2977 3455 3030 in
3485 2975 3591 3030 fide
3622 2983 3685 3028 et
3716 2973 3799 3026 di-

2206 3059 2463 3142 lectione,
2483 3085 2539 3132 et
2566 3076 2656 3144 qui
2689 3059 2856 3128 unum
2887 3071 3058 3127 Deum
3100 3069 3316 3125 Patrem
3368 3065 3795 3134 omnipotentem

2131 3156 2178 3219 C
2209 3170 2474 3224 habemus
2506 3164 2724 3238 (Matth.
2751 3162 2902 3231 xxv),
2937 3179 2955 3211 ‹
2985 3157 3365 3215 confortamini
3405 3156 3458 3210 in
3483 3153 3704 3209 Domino
3727 3160 3790 3207 et

2210 3263 2263 3317 in
2294 3259 2531 3330 potentia
2552 3257 2770 3312 virtutis
2801 3256 2938 3327 ejus.
2968 3274 2986 3304 ι
3025 3251 3200 3308 Nolite
3225 3249 3494 3306 conﬁdere
3531 3248 3584 3301 in
3607 3256 3797 3302 vestra

2164 3336 2176 3350 ’
2212 3349 2549 3414 fortitudine,
2571 3362 2748 3417 neque
2773 3346 2826 3400 in
2851 3345 3059 3400 meritis
3089 3342 3305 3405 vestris,
3339 3353 3510 3410 neque
3535 3339 3588 3394 in
3611 3348 3801 3408 poten-

2214 3441 2288 3496 tia
2317 3441 2620 3511 principum
2653 3435 2812 3506 hujus
2841 3436 3044 3502 saeculi,
3081 3435 3174 3491 sed
3204 3435 3257 3488 in
3280 3432 3506 3488 Domino
3531 3438 3591 3486 et
3611 3431 3667 3484 in
3702 3445 3798 3502 po-

2216 3534 2382 3590 tentia
2422 3532 2642 3588 virtutis
2669 3530 2787 3600 ejus
2815 3527 3213 3587 confortamini.
3269 3543 3286 3577 (
3314 3525 3523 3581 lnduite
3562 3531 3800 3578 armatu-

2215 3643 2330 3681 ram
2362 3625 2480 3679 Dei.
2521 3644 2540 3678 ι

2293 3738 2311 3768 ι
2346 3717 2415 3773 Ut
2447 3717 2668 3788 possitis
2703 3726 2850 3772 stare
2875 3715 3135 3770 adversus
3164 3710 3386 3766 insidias
3413 3707 3638 3762 diaboli.
3677 3725 3698 3758 ι
3747 3705 3801 3761 la

2217 3809 2320 3866 hoc
2368 3807 2587 3864 nomine
2634 3807 2778 3877 quod
2823 3814 2908 3860 est
2953 3811 3226 3858 armatura
3273 3797 3804 3868 comprehenduntur

2218 3899 2404 3955 omnia
2435 3913 2561 3953 vasa
2584 3897 2800 3962 bellica,
2825 3904 2886 3950 ut
2917 3895 3101 3959 lorica,
3133 3892 3304 3964 galea,
3335 3899 3570 3954 sentum,
3598 3889 3804 3951 lancea,

2219 3991 2327 4046 tela
2351 4031 2367 4056 ,
2421 3976 2725 4068 ceteraque
2755 3988 3115 4043 instrumenta
3152 3995 3446 4037 armorum.
3489 3979 3810 4049 Specialiter

2220 4094 2402 4139 autem
2438 4083 2695 4137 debemus
2721 4079 3020 4150 intelligere
3054 4092 3152 4147 per
3175 4083 3504 4130 armaturam
3542 4072 3674 4133 Dei,
3714 4073 3812 4126 Do-

2221 4175 2428 4231 minum
2474 4171 2656 4227 Jesum
2686 4170 3004 4235 Christum,
3055 4168 3210 4238 cujus
3255 4164 3592 4236 protectione
3621 4163 3809 4217 defen-

2223 4268 2422 4322 duntur
2463 4278 2652 4319 omnes
2696 4263 2885 4326 electi,
2919 4268 2974 4314 et
2999 4274 3158 4328 quem
3189 4257 3454 4319 induunt,
3479 4255 3638 4325 juxta
3669 4253 3813 4323 quod

2224 4358 2366 4413 idem
2412 4354 2701 4426 Apostolus
2748 4352 2883 4406 alias
2928 4351 3089 4405 dicit:
3136 4367 3153 4398 ι
3183 4346 3457 4415 Quotquot
3501 4344 3555 4398 in
3599 4343 3814 4397 Christo

2224 4447 2482 4520 baptizati
2521 4446 2672 4508 estis,
2714 4442 2990 4498 Christum
3027 4440 3278 4495 induistis
3305 4435 3476 4507 (Rom.
3509 4452 3598 4500 vi;
3634 4433 3815 4496 Colat,

541 4525 1282 4545 .ν.ι..υ.,υ..-..-..,.----,
1319 4525 1420 4529 _--
1463 4525 1480 4528 ,
1607 4525 1620 4540 _
1996 4525 2002 4527 _
2045 4525 2058 4533 _

540 4573 791 4631 omnibus
814 4569 1086 4627 creaturis
1117 4574 1201 4622 est
1229 4565 1372 4618 Deus
1399 4562 1578 4624 Pater,
1612 4558 1664 4612 id
1696 4565 1798 4619 est,
1821 4564 2036 4610 creator
2066 4561 2106 4606 el

2226 4541 2334 4608 tn).
2366 4559 2383 4592 ι
2426 4537 2581 4592 Tunc
2619 4535 2846 4590 induunt
2878 4531 3036 4588 electi
3062 4529 3372 4592 Christum,
3401 4527 3618 4595 quando
3646 4525 3820 4577 virtu-

543 4666 735 4722 factor.
765 4662 831 4717 Et
864 4657 1169 4730 quomodo?
1206 4655 1265 4709 ln
1295 4653 1510 4707 nomine
1540 4647 1753 4704 Domini
1804 4644 1972 4700 nostri
2001 4641 2129 4697 Jesu

543 4754 768 4818 Christi,
800 4753 1043 4808 dicentes
1063 4748 1111 4804 ei
1138 4766 1151 4801 :
1184 4745 1400 4802 Gratias
1429 4741 1523 4797 tibi
1563 4739 1870 4801 referimus,
1906 4733 2131 4789 Domine

544 4855 730 4902 sancte
769 4842 951 4906 Pater,
991 4839 1084 4910 qui
1114 4853 1214 4894 nos
1242 4852 1339 4908 per
1360 4834 1555 4890 Filium
1584 4840 1730 4885 tuum
1755 4827 1932 4884 fecisti
1957 4833 2014 4880 et
2041 4839 2129 4878 re-

547 4937 763 4994 demisti
785 4943 840 4990 et
867 4935 1010 4989 viam
1036 4932 1224 5002 patriae
1253 4927 1492 4985 caelestis
1517 4922 1797 4996 aperuisti.
1829 4921 1896 4975 Et
1930 4919 2051 4973 ideo
2077 4917 2131 4971 in

549 5028 769 5085 nomine
807 5026 1019 5081 Domini
1055 5023 1222 5079 nostri
1252 5021 1379 5078 Jesu
1421 5017 1622 5075 Christi
1675 5014 1880 5086 gratias
1925 5011 2131 5066 referre

551 5121 808 5176 debemus
832 5116 945 5172 Deo
964 5116 1130 5177 Patri,
1163 5115 1290 5185 quia
1323 5127 1418 5181 per
1448 5109 1598 5163 illum
1633 5107 1723 5178 qui
1753 5105 2014 5160 mediator
2037 5117 2134 5158 no-

553 5218 666 5267 ster
685 5217 790 5274 est,
806 5221 996 5278 preces
1013 5214 1068 5261 et
1094 5202 1359 5260 sacrificia
1378 5207 1562 5254 nostra
1580 5195 1856 5252 offerimus
1875 5203 1930 5249 et
1957 5203 2134 5248 trans-

553 5300 821 5355 mittimus
845 5299 912 5353 ad
941 5297 1108 5352 Deum
1140 5295 1374 5356 Patrem,
1405 5291 1643 5345 dicentes
1674 5303 1687 5340 :
1731 5285 1983 5356 Suspice,
2020 5285 2130 5338 Do-

555 5391 725 5456 mine,
751 5403 942 5460 preces
973 5385 1152 5459 populi
1185 5385 1287 5448 tui,
1322 5398 1421 5453 per
1455 5379 1736 5435 Dominum
1773 5387 2019 5433 nostrum
2044 5374 2132 5430 Je-

557 5498 674 5538 sum
689 5480 964 5538 Christum
993 5477 1187 5532 Filium
1210 5470 1488 5541 tuum,qui
1517 5480 1716 5534 tecum,
1739 5478 1846 5523 etc.

635 5592 654 5625 ‹
689 5571 927 5641 Subjecti
957 5569 1186 5624 invicem
1222 5566 1278 5620 in
1315 5565 1510 5618 timore
1533 5560 1754 5618 Christi.
1791 5580 1810 5613 ι
1857 5558 2007 5615 Sicut
2040 5571 2133 5611 au-

560 5665 769 5721 ditores
800 5673 856 5721 et
891 5660 1118 5734 subjecti
1157 5657 1271 5714 suis
1312 5654 1548 5727 praelatis
1589 5653 1788 5708 subditi
1821 5659 1949 5707 sunt
1973 5663 2138 5705 causa

561 5757 884 5818 Obedientite
907 5762 961 5811 et
987 5749 1349 5810 reverentiae:
1383 5748 1465 5804 sic
1503 5745 1704 5803 debent
1729 5744 1895 5801 etiam
1933 5739 2137 5810 przelati

2233 4640 2314 4687 tes
2340 4647 2459 4700 quae
2482 4629 2536 4684 in
2562 4627 2779 4682 Christo
2804 4631 2964 4689 sunt,
3008 4637 3104 4693 per
3129 4618 3455 4689 adjutorium
3491 4617 3636 4672 illius
3661 4633 3819 4671 assu-

2231 4733 2403 4781 munt.
2445 4721 2596 4790 Quod
2620 4733 2750 4788 ergo
2777 4717 2908 4772 dicit
2934 4732 2947 4769 :
2971 4713 3181 4769 lnduite
3209 4719 3540 4766 armaturam
3569 4708 3692 4771 Dei,
3722 4708 3824 4761 tale

2231 4823 2317 4871 est
2346 4829 2410 4868 ac
2436 4813 2481 4868 si
2509 4811 2714 4865 diceret
2739 4807 2978 4862 :lnduite
3001 4804 3288 4860 Dominum
3315 4801 3499 4856 Jesum
3519 4797 3823 4865 Christum,

2235 4905 2288 4962 id
2317 4915 2430 4968 est,
2460 4918 2648 4958 omnes
2681 4901 2910 4954 virtutes
2937 4911 3075 4966 quas
3112 4894 3264 4950 scitis
3295 4897 3348 4947 in
3377 4891 3467 4945 illo
3497 4904 3620 4943 esse
3646 4889 3706 4942 in
3737 4904 3829 4944 vos

2235 4995 2514 5053 assumite.
2557 4990 2718 5048 Verbi
2748 4988 2961 5062 gratia:
2993 4986 3061 5041 Et
3101 4984 3189 5040 ille
3228 4985 3439 5052 justus,
3486 4993 3685 5044 verus,
3733 4994 3826 5050 pa-

2234 5089 2396 5152 tiens,
2423 5092 2627 5147 castus,
2659 5087 2993 5135 mansuetus.
3033 5073 3352 5145 Appellatur
3373 5084 3542 5141 agnus
3571 5078 3627 5122 et
3657 5067 3752 5122 leo
3776 5075 3828 5121 et

2234 5179 2450 5234 vitulus.
2493 5174 2698 5230 lnduite
2727 5187 2822 5227 vos
2837 5169 3127 5242 justitiam,
3154 5160 3830 5231 veritatem,patientiam,

2235 5271 2596 5333 charitatem,
2663 5266 3000 5326 castitatem,
3072 5256 3559 5314 mansuetudinem.
3638 5251 3831 5306 Estote

2237 5378 2428 5436 agnus,
2453 5362 2505 5416 id
2527 5368 2631 5424 est,
2663 5358 2853 5422 mites;
2876 5355 2982 5420 leo,
3021 5351 3191 5407 fortes
3222 5351 3274 5405 in
3303 5349 3424 5411 lide,
3451 5347 3502 5400 in
3527 5345 3670 5397 bono
3695 5357 3830 5413 ape-

2239 5474 2298 5514 re
2338 5464 2527 5513 contra
2561 5452 2856 5508 diabolum.
2894 5449 3079 5505 Estote
3099 5456 3154 5502 et
3179 5444 3398 5506 vitulus,
3433 5439 3833 5495 mortiticantes

2239 5547 2600 5617 vosmetipsos
2626 5559 2746 5599 cum
2776 5541 2922 5595 vitiis
2945 5549 3001 5595 et
3026 5533 3496 5608 concupiscentiis,
3522 5539 3585 5584 ut
3609 5529 3837 5599 possitis

2243 5651 2388 5698 stare
2426 5639 2684 5693 adversus
2716 5633 2941 5690 insidias
2978 5628 3196 5686 diaboli.
3248 5625 3441 5681 Multus
3471 5621 3617 5676 enim
3653 5619 3838 5674 modis

2245 5732 2534 5791 insidiatur
2573 5728 2729 5785 nobis
2755 5724 3020 5784 diabolus.
3067 5721 3304 5790 Denique
3345 5714 3634 5772 insidiatur
3669 5713 3840 5768 nobis
