4002 6348
181 393 290 451 809

1394 393 1696 453 HOMILIIE
1733 394 1802 450 IN
1841 395 1988 450 EPP.
2030 393 2254 450 PAULI.

3337 404 3442 458 8l0

177 532 276 588 per
304 516 478 572 malas
517 519 908 588 suggestionos.
965 518 1256 574 Insidiatur
1287 531 1386 589 per
1406 519 1539 574 vitia
1578 520 1760 576 carnis
1785 522 1840 583 Α
1864 518 2065 574 tudinis
2093 517 2148 572 in
2160 517 2412 588 paradiso
2441 519 2534 574 Dei
2547 519 2694 576 fuisti
2718 521 2935 585 (Ezech.
2967 525 3183 593 xxvm),
3205 545 3223 574 ι
3254 533 3310 578 et
3335 541 3440 580 cae-

177 622 414 679 nostrae,
457 621 512 668 et
557 613 823 670 incentiva
857 613 1121 670 malarum
1148 615 1591 673 delectationum.
1625 617 1764 674 Insi-

177 706 366 763 diatur
383 721 483 777 per
504 705 783 763 ministros
809 722 938 764 suos
962 716 1024 763 ut
1070 724 1168 778 per
1191 709 1478 766 haereticos
1518 717 1575 767 et
1600 710 1768 766 falsos

174 795 374 853 fratres
404 804 568 867 atque
594 811 851 867 paganos.
903 796 1011 854 Sed
1039 809 1230 855 contra
1260 801 1361 857 hos
1387 816 1577 857 omnes
1608 802 1767 858 debe-

175 901 300 942 mus
339 901 439 942 nos
477 885 709 942 viriliter
752 903 1016 959 pugnare,
1066 898 1126 944 ut
1164 891 1435 960 possimus
1481 906 1763 962 superare.

173 975 396 1032 Poterat
445 975 641 1046 aliquis
665 976 902 1032 .dicere:
942 975 988 1033 Ο
1037 975 1202 1034 Paule
1223 1018 1238 1044 ,
1297 993 1466 1048 quare
1517 978 1768 1049 praecipis

174 1083 396 1124 omnem
438 1075 772 1123 armaturam
817 1067 914 1135 Dei
956 1068 1220 1126 induere?
1245 1067 1329 1125 Ad
1365 1069 1484 1125 haec
1510 1068 1601 1125 ille
1638 1069 1768 1125 sub-

169 1157 355 1232 jungit
377 1174 393 1213 :

252 1266 274 1302 ι
306 1248 442 1317 Quia
469 1265 578 1305 non
610 1259 696 1306 est
721 1251 901 1317 nobis,
932 1272 950 1304 ι
987 1252 1260 1322 inquiens,
1293 1271 1310 1303 ι
1341 1251 1652 1309 colluctatio
1677 1254 1768 1308 ad-

179 1359 198 1390 ε
234 1354 430 1394 versus
475 1353 698 1394 carnem
735 1349 792 1395 et
818 1341 1136 1410 sanguinem
1159 1382 1174 1408 ,
1207 1342 1302 1397 sed
1326 1342 1585 1398 adversus
1617 1342 1767 1411 prin-

178 1452 199 1484 ι
235 1432 385 1502 cipes
398 1439 780 1502 etpotestates,
815 1453 834 1485 ι
878 1443 985 1489 etc.
1012 1433 1242 1490 Carnem
1263 1443 1319 1490 et
1340 1436 1657 1507 sanguinem
1679 1451 1772 1506 ap-

174 1524 346 1595 pellat
368 1525 657 1596 Apostolus
672 1526 908 1582 istoloco
919 1541 1108 1583 omnes
1120 1527 1390 1593 homines,
1415 1528 1505 1598 qui
1521 1536 1773 1583 constant

172 1632 245 1672 ex
275 1631 440 1672 carne
463 1625 519 1672 et
545 1617 826 1689 sanguine,
851 1633 882 1672 a
921 1618 1116 1688 quibus
1144 1616 1481 1688 plerumque,
1515 1619 1774 1674 suadente

173 1709 417 1776 diabolo,
448 1710 866 1781 impugnamur:
899 1719 954 1767 et
978 1712 1142 1777 dicit,
1195 1698 1321 1782 quia
1361 1728 1466 1768 non
1504 1721 1589 1769 est
1616 1713 1772 1768 nobis

173 1803 510 1870 colluctatio,
544 1803 597 1858 id
622 1812 705 1858 est
727 1819 932 1875 pugna,
970 1803 1231 1860 adversus
1256 1804 1377 1861 illos
1411 1806 1769 1870 solummodo,

171 1893 272 1948 sed
301 1893 561 1948 adversus
587 1893 884 1959 daemones,
904 1895 997 1964 qui
1029 1894 1407 1964 principantur
1426 1895 1586 1950 malis
1607 1896 1776 1952 homi-
1802 1876 1850 1934 Β

171 1985 337 2041 nibus
359 2027 376 2052 ,
415 1994 471 2042 et
510 1995 835 2056 potestatem
879 1989 1185 2044 exercendo
1222 2004 1383 2059 super
1412 1989 1555 2056 illos,
1583 1999 1776 2060 regunt

173 2073 491 2145 illospotius
513 2077 582 2131 ad
608 2077 810 2131 malum
849 2093 1009 2147 quam
1044 2079 1110 2132 ad
1147 2079 1371 2134 bonum.
1428 2080 1641 2151 Ipsique
1682 2098 1777 2151 ap-

173 2166 452 2236 pellantur
483 2168 744 2238 spiritalia
763 2208 780 2234 ,
827 2169 1084 2224 subaudis
1109 2168 1370 2224 daemonia
1390 2210 1405 2235 ,
1427 2171 1689 2241 nequitia,
1722 2171 1776 2226 id

175 2266 266 2312 est
325 2257 570 2323 malitia,
609 2257 699 2326 qui
750 2266 1034 2312 morantur
1071 2259 1127 2313 in
1157 2260 1261 2314 hoc
1304 2275 1431 2315 aere
1474 2259 1626 2332 (Luc.
1651 2260 1773 2332 xu).

176 2348 394 2404 leum
431 2349 664 2420 denique
714 2350 1014 2420 appellatur
1055 2366 1150 2405 aer
1179 2351 1235 2405 in
1263 2351 1558 2420 Scripturis
1586 2352 1775 2408 sacris.

180 2435 336 2492 Unde
359 2445 414 2492 et
445 2453 574 2493 aves
598 2438 719 2494 caeli
747 2439 1018 2494 dicuntur.
1037 2439 1163 2506 Qui,
1191 2448 1252 2494 ut
1281 2441 1590 2512 philosophi
1622 2443 1777 2499 dixe-

175 2532 351 2589 runt,
403 2534 458 2582 et
495 2526 749 2584 doctores
788 2530 960 2584 nostri
1001 2529 1314 2599 opinantur,
1361 2531 1436 2585 ita
1471 2531 1659 2601 plenus
1697 2542 1780 2588 est

176 2616 519 2672 daemonibus
539 2627 596 2672 et
630 2618 884 2690 malignis
903 2621 1183 2690 spiritibus
1203 2662 1217 2686 ,
1251 2622 1410 2678 sicuti
1436 2623 1623 2678 radius
1648 2623 1779 2679 solis

175 2705 558 2762 minutissimis
581 2708 796 2764 atomis.
813 2710 1014 2765 Contra
1028 2713 1127 2766 hos
1141 2727 1270 2782 ergo
1292 2721 1402 2766 tam
1426 2717 1774 2784 pugnandum

179 2805 268 2853 est
293 2797 468 2863 nobis,
503 2814 664 2868 quam
694 2799 860 2854 etiam
887 2811 1076 2857 contra
1101 2802 1348 2858 homines
1370 2811 1683 2859 constantes
1709 2821 1778 2859 ex

180 2907 352 2947 carne
391 2900 447 2946 et
489 2892 750 2962 sanguine
773 2933 788 2958 ,
832 2895 956 2962 quia
1002 2895 1260 2966 quidquid
1291 2897 1419 2952 mali
1457 2909 1648 2953 contra
1678 2917 1778 2956 nos

179 2984 436 3039 homines
466 2984 871 3051 machinantur,
902 2987 970 3042 ab
1007 2986 1114 3042 illis
1149 2989 1473 3060 suggeritur.
1515 2990 1583 3044 Et
1613 2992 1659 3045 si
1690 3008 1778 3046 su-

183 3073 562 3145 peraverimus
584 3075 702 3131 illos
725 3076 817 3146 qui
839 3087 966 3132 sunt
991 3079 1265 3149 principes
1290 3081 1540 3147 malitiae,
1565 3091 1620 3137 et
1647 3099 1779 3152 quo-

186 3184 310 3223 rum
335 3168 596 3224 instinctu
622 3168 752 3224 vitia
774 3170 960 3226 carnis
973 3179 1173 3227 nostrae
1195 3181 1384 3227 contra
1405 3189 1505 3229 nos
1529 3175 1772 3239 smviunt,

1865 616 1984 662 tera
2007 621 2126 676 quae
2153 605 2227 661 ibi
2256 606 2507 662 dicuntur
2531 608 2600 664 de
2634 610 2738 664 hoc
2765 618 2820 664 et
2855 611 2922 665 de
2955 610 3287 682 principibus
3309 613 3442 668 alia-

1867 713 1988 752 rum
2017 696 2254 769 gentium
2269 695 2666 768 IEgyptiorum,
2682 700 3048 770 Assyriorum,
3063 701 3443 760 Idumaeorum.

1868 787 2000 842 Nam
2039 803 2137 859 per
2180 788 2452 859 principes
2502 790 2578 844 illi
2625 791 2893 848 daemones
2937 793 3306 864 intelliguntur
3344 796 3448 852 illis

1867 879 2118 951 gentibus
2146 880 2436 950 praepositi.
2481 879 2634 936 Sicut
2654 883 2798 939 enim
2816 885 3184 956 unusquisque
3210 886 3448 943 ﬁdelium

1870 971 2032 1027 habet
2058 970 2260 1026 bonum
2292 972 2538 1042 angelum
2569 973 2870 1043 delegatum
2917 977 2983 1031 ad
3015 978 3312 1032 custodiam
3343 981 3446 1045 sui,

1873 1065 1948 1119 ita
1968 1073 2022 1120 et
2056 1065 2252 1136 pagani
2283 1065 2485 1120 habent
2510 1066 2681 1122 malos
2713 1068 2930 1138 angelos
2955 1110 2968 1133 ,
3011 1071 3100 1139 qui
3142 1071 3220 1126 eis
3248 1072 3449 1140 princi-

1869 1163 2067 1226 pantur
2093 1157 2447 1227 permissione
2473 1157 2586 1213 Dei.
2630 1157 2698 1212 Et
2719 1157 2860 1213 sicut
2887 1158 3113 1214 Michael
3135 1162 3453 1231 praepositus

1872 1256 1955 1302 est
1987 1248 2136 1319 genti
2167 1247 2469 1303 Judaaorum
2489 1290 2504 1315 ,
2541 1250 2608 1304 de
2636 1265 2744 1320 quo
2777 1250 3000 1305 dicitur:
3038 1270 3056 1302 ι
3087 1252 3154 1306 Ει
3181 1269 3341 1309 nemo
3370 1264 3456 1310 est

1871 1337 2006 1391 mihi
2030 1336 2263 1406 adjutor,
2287 1338 2393 1393 nisi
2419 1338 2646 1394 Michael
2675 1341 2927 1410 princeps
2947 1351 3129 1398 noster
3153 1344 3314 1415 (Dan.
3340 1346 3448 1416 11),»

1873 1430 1950 1484 ita
1977 1429 2180 1485 habent
2202 1439 2256 1486 et
2281 1439 2468 1502 gentes
2510 1432 2564 1487 in
2600 1432 2917 1488 inﬁdelitate
2960 1444 3243 1492 manentes
3287 1436 3459 1495 malos

1872 1528 2163 1599 principes.
2181 1528 2435 1584 Dicamus
2459 1529 2619 1584 altius
2647 1548 2658 1583 :
2691 1530 3003 1600 Apostolus,
3026 1531 3262 1600 repletus
3285 1533 3459 1603 gratia

1873 1618 1990 1683 Dei,
2029 1620 2282 1690 cognovit
2309 1635 2406 1689 per
2435 1619 2693 1690 Spiritum
2727 1630 2994 1686 sanctum,
3017 1621 3142 1691 quia
3169 1623 3308 1677 sicut
3335 1625 3462 1678 boni

1876 1723 2032 1779 reges
2089 1709 2457 1765 Israelitarum
2516 1710 2897 1780 signiﬁcabant
2941 1712 3226 1767 Dominum
3277 1712 3461 1768 Jesum

1876 1799 2152 1855 ChristtIm
2179 1841 2193 1865 ,
2255 1809 2309 1855 et
2339 1801 2612 1871 principes
2644 1803 2736 1872 qui
2774 1811 2899 1857 sunt
2927 1803 2980 1857 in
3006 1804 3268 1870 Ecclesia,
3310 1805 3464 1860 verbi

1877 1891 2051 1961 gratia
2078 1909 2091 1945 :
2117 1892 2291 1961 qualis
2323 1892 2422 1947 fuit
2449 1893 2619 1947 David
2640 1895 2734 1962 qui
2758 1894 3147 1964 interpretatur
3167 1914 3328 1950 manu
3355 1897 3466 1965 for-

1877 1981 1964 2044 tis,
1995 1982 2109 2036 sive
2141 1981 2530 2045 desiderabilis,
2586 1982 2782 2051 aliique
2811 1983 3227 2053 quamplurimi;
3271 1994 3324 2038 et
3354 1986 3460 2040 sic-

1876 2080 1936 2124 ut
1972 2071 2200 2141 populus
2245 2071 2412 2127 Israel
2443 2072 2783 2143 signiﬁcabat
2827 2073 3081 2142 populum
3124 2075 3466 2130 credentium

1878 2163 1970 2231 qui
2010 2170 2137 2217 sunt
2175 2162 2290 2216 veri
2329 2163 2608 2231 lsraelitaa,
2645 2165 2724 2219 sic
2763 2164 2888 2218 mali
2918 2180 3072 2236 reges
3099 2175 3154 2222 et
3197 2168 3470 2238 principes

1880 2268 2000 2308 eum
2041 2254 2153 2308 suis
2192 2255 2442 2324 gentibus
2487 2257 2578 2326 qui
2622 2267 2809 2312 contra
2839 2260 3092 2328 populum
3135 2259 3227 2314 Dei
3260 2276 3470 2331 pugna-

1878 2343 2042 2407 bant,
2083 2352 2139 2398 et
2178 2344 2396 2399 fuerunt
2433 2363 2588 2418 reges
2611 2347 3006 2403 Ismaelitarum
3035 2358 3089 2404 et
3114 2350 3471 2406 Idumaeorum

1881 2443 2043 2502 atque
2104 2435 2553 2492 Philisthinorum
2599 2439 2978 2510 signiﬁcabant
3026 2443 3332 2511 daemones,
3377 2447 3469 2516 qui

1879 2525 2254 2596 principantur
2289 2530 2514 2600 paganis
2556 2538 2613 2586 et
2661 2531 2970 2599 haereticis,
3025 2533 3119 2602 qui
3175 2535 3474 2591 Ecclesiam

1882 2618 1975 2672 Dei
1993 2634 2207 2688 semper
2236 2619 2568 2690 impugnant.
2618 2639 2637 2672 ι
2659 2620 2957 2692 Propterea
2984 2643 3002 2674 ι
3041 2624 3320 2690 subaudis,
3344 2627 3472 2696 quia

1882 2708 2189 2766 colluctatio
2217 2721 2301 2766 est
2344 2713 2498 2767 nobis
2547 2713 2803 2769 adversus
2841 2715 3116 2785 principes
3159 2726 3216 2772 et
3241 2728 3476 2788 potesta-

1881 2808 1983 2866 tes,
2017 2800 2139 2856 ideo
2189 2820 2207 2851 ί
2239 2802 2469 2870 accipite
2491 2813 2824 2859 armaturam
2852 2804 2985 2872 Dei,
3016 2826 3034 2857 ι
3077 2808 3142 2861 de
3181 2824 3285 2877 qua
3317 2825 3474 2880 supe-

1881 2892 1994 2946 rius
2018 2892 2273 2957 diximus,
2300 2892 2356 2946 id
2385 2902 2492 2959 est,
2515 2909 2705 2950 omnes
2731 2895 2983 2963 virtutes,
3023 2917 3042 2947 ‹
3073 2907 3131 2952 ιιι
3152 2899 3370 2968 possitis
3395 2915 3477 2955 re-

1885 3002 1903 3034 ι
1942 2983 2136 3038 sistere
2167 2984 2221 3036 in
2249 2984 2335 3038 die
2359 2984 2522 3050 malo,
2552 2993 2609 3040 et
2637 2986 2694 3040 in
2716 2987 2967 3043 omnibus
2994 2989 3221 3058 perfecti
3243 2999 3412 3056 stare,
3447 3013 3465 3044 ι

1881 3073 1934 3129 id
1961 3083 2079 3140 est,
2123 3074 2177 3128 in
2208 3076 2461 3131 omnibus
2487 3078 2761 3147 prosperis
2789 3088 2843 3134 et
2872 3080 2926 3134 in
2963 3082 3205 3137 adversis
3224 3098 3475 3153 perseve-

1883 3181 2007 3219 rare
2034 3166 2177 3219 ﬁrmi
2208 3167 2260 3220 in
2307 3166 2412 3222 ﬁde
2451 3169 2716 3239 bonisque
2752 3171 3023 3240 operibus.
3087 3173 3238 3228 Diem
3267 3177 3469 3232 malum

178 3270 313 3318 tunc
351 3261 512 3319 facile
539 3275 798 3332 superare
837 3263 1136 3333 poterimus
1171 3279 1360 3320 omnes
1399 3265 1678 3322 ministros
1707 3267 1773 3322 il-
1806 3234 1850 3296 Ο
1882 3255 2117 3325 appellat
2137 3272 2379 3326 Ρτεὲδθηε
2408 3266 2620 3329 tempus
2640 3300 2655 3323 ›
2687 3274 2793 3314 ηοη
2817 3262 2960 3330 qum!
2996 3277 3094 3331 Per
3137 3279 3195 3318 se
3245 3265 3316 3320 δῖε
3346 3282 3464 3321 ωει-

177 3352 325 3417 lius;
363 3354 514 3410 verbi
542 3353 758 3426 gratia:
791 3352 966 3419 Sicut,
1006 3365 1263 3425 superato
1301 3356 1580 3427 principe,
1620 3373 1778 3414 exer-

179 3443 327 3499 citus
375 3443 535 3500 facile
583 3443 820 3515 fugatur.
864 3444 1016 3512 Quod
1062 3447 1280 3515 probari
1321 3454 1496 3515 potest
1541 3463 1609 3502 ex
1642 3448 1780 3505 libro

179 3534 393 3601 Juditb,
439 3551 546 3606 quo
583 3543 878 3592 'narrante
939 3537 1234 3604 discimus,
1296 3539 1422 3609 quia
1489 3539 1780 3597 Holoferno

179 3627 428 3698 principe
473 3626 678 3682 militiae
724 3628 1083 3700 interempto,
1133 3630 1420 3686 multitudo
1444 3633 1782 3687 exercituum

181 3718 240 3773 in
268 3717 450 3789 fugam
479 3735 671 3785 versa,
703 3728 758 3776 et
797 3736 828 3775 a
873 3719 1072 3778 Iudaeis
1109 3731 1194 3778 est
1239 3723 1493 3780 facillime
1533 3737 1781 3796 superata

184 3809 421 3880 (Iudith.
453 3811 598 3881 xui).
627 3810 736 3867 Sed
757 3814 1106 3882 quaarendum
1135 3822 1221 3870 est
1245 3816 1514 3884 quomodo
1547 3832 1785 3887 pugnare

182 3903 461 3974 possimus
507 3913 696 3960 contra
744 3904 1019 3960 daemones
1060 3905 1152 3974 qui
1193 3906 1414 3976 spiritus
1454 3908 1614 3962 sunt?
1648 3907 1782 3961 Nam

185 3996 441 4051 omnibus
468 4005 654 4067 patet,
699 4006 888 4053 contra
922 3998 1170 4068 spiritum
1211 4000 1382 4055 armis
1411 4001 1785 4056 materialibus

190 4106 301 4161 non
325 4105 483 4162 posse
502 4091 730 4163 pugnari
757 4090 842 4164 (ll
868 4090 992 4147 Cor.
1022 4092 1101 4164 ι).
1144 4091 1486 4164 Quapropter
1512 4095 1639 4164 quia
1675 4095 1786 4165 spi-

192 4181 336 4238 ritus
362 4191 493 4239 sunt
531 4191 589 4238 et
613 4183 944 4251 invisibiles,
993 4198 1215 4240 necesse
1237 4194 1324 4240 est
1356 4193 1416 4239 ut
1449 4201 1598 4240 arma
1625 4185 1784 4255 spiri-

193 4273 364 4329 tualia
415 4283 780 4341 assumantur,
833 4274 1061 4330 virtutes
1103 4274 1354 4331 videlicet
1385 4290 1546 4345 supra
1577 4291 1786 4331 memo-

191 4375 355 4431 ratae,
405 4374 460 4423 et
498 4366 864 4423 detractemus
905 4382 971 4424 eo
993 4367 1185 4430 modo,
1236 4367 1510 4436 quomodo
1555 4367 1786 4436 legimus

189 4457 365 4514 Jacob
386 4457 649 4514 Iuctatum
681 4473 804 4514 esse
847 4473 970 4513 cum
1000 4458 1192 4528 angelo
1217 4458 1448 4522 orando,
1470 4456 1786 4528 jejunando,

189 4546 494 4620 vigilando,
523 4549 844 4618 ceterisque
880 4548 1038 4604 bonis
1079 4548 1336 4618 operibus
1360 4547 1687 4613 insistendo,
1728 4558 1788 4602 ut

191 4641 339 4698 sicut
370 4641 571 4697 meruit
610 4641 679 4696 ab
707 4641 897 4712 angelo
926 4648 1114 4697 sancto
1140 4641 1387 4696 benedici
1421 4656 1543 4696 cum
1567 4657 1674 4711 quo
1704 4642 1783 4696 lu—

193 4731 450 4788 ctabatur
483 4733 689 4788 orando
735 4731 892 4802 (Gen.
917 4732 1122 4802 xxxii),
1151 4732 1225 4787 ita
1256 4740 1310 4787 et
1350 4748 1449 4788 nos
1479 4733 1784 4803 superando

106 4826 108 4828 ’
194 4823 471 4880 diabolum
518 4839 551 4878 a
591 4822 818 4878 Domino
860 4821 1105 4878 benedici
1140 4836 1465 4878 mereamur.
1516 4821 1784 4878 Czeterum

195 4913 369 4984 quaeri
397 4922 596 4984 potest,
621 4913 709 4968 ubi
754 4914 1026 4985 acceperit
1051 4912 1339 4983 Apostolus
1360 4921 1420 4967 ut
1440 4913 1712 4968 daemones
1733 4921 1789 4966 et

195 5005 466 5078 malignos
487 5006 710 5076 spiritus
735 5046 750 5072 ,
789 5006 1060 5077 principes
1103 5013 1158 5060 et
1185 5013 1482 5075 potestates
1525 5013 1580 5058 et
1615 5014 1790 5059 recto-

196 5115 292 5156 res
325 5099 670 5154 tenebrarum
709 5099 902 5153 harum
955 5097 1289 5168 appellaret,
1322 5095 1375 5150 id
1396 5106 1480 5151 est
1513 5094 1792 5150 hominum

197 5191 498 5249 inﬁdelium
523 5233 540 5258 ,
591 5191 762 5246 Deum
806 5191 1168 5262 ignorantium
1216 5197 1272 5245 et
1316 5198 1697 5260 peccatorum,
1727 5187 1794 5242 de

199 5299 434 5358 quorum
472 5283 778 5340 ministerio
815 5283 1028 5338 fuerant
1054 5283 1129 5340 illi
1159 5284 1461 5353 quondam,
1496 5283 1692 5353 quibus
1716 5281 1796 5337 di-

201 5378 362 5433 cebat
385 5394 436 5430 τι
466 5375 668 5432 Fuistis
692 5375 981 5446 aliquando
1005 5372 1418 5447 tenebrae(Eph.
1446 5373 1525 5445 v),
1555 5393 1573 5424 ι
1609 5374 1664 5428 id
1689 5381 1794 5441 est,

201 5465 452 5523 inﬁdeles
479 5464 650 5522 Deum
697 5466 1007 5536 ignorantes
1045 5473 1101 5520 et
1148 5474 1478 5536 peccatores.
1540 5463 1622 5520 Ad
1653 5464 1798 5534 quod

201 5557 516 5623 dicendum,
549 5557 693 5629 quod
723 5572 791 5612 ex
814 5555 954 5611 libro
987 5556 1222 5612 Danielis
1252 5557 1381 5612 illud
1411 5556 1657 5626 accepit,
1705 5555 1797 5611 ubi

203 5649 442 5724 legitur:
477 5668 497 5701 ι
524 5649 783 5722 Princeps
824 5649 1139 5706 Graacorum
1162 5687 1177 5716 ,
1223 5658 1281 5705 et
1316 5649 1569 5722 princeps
1604 5649 1797 5705 Persa-

207 5757 331 5799 rum
373 5742 535 5815 (Dan.
564 5743 620 5816 ιι)
648 5783 663 5798 .
699 5763 716 5795 ι
751 5743 832 5798 Ex
878 5742 1018 5797 libro
1068 5758 1284 5815 quoque
1321 5743 1622 5800 Ezechielis
1648 5785 1662 5809 ,
1705 5742 1796 5800 ubi

213 5835 411 5892 dicitur
449 5837 516 5891 ad
556 5836 852 5906 principem
887 5835 1052 5907 Tyri:
1087 5855 1107 5890 ι
1130 5833 1212 5893 Tu
1237 5838 1576 5908 signaculum
1605 5836 1792 5893 simili-

455 5924 694 5991 Pnnot
771 5927 1055 5991 CXVIII.

1883 3347 1994 3401 lum
2021 3388 2036 3413 ,
2071 3349 2164 3402 sed
2207 3349 2333 3417 quia
2377 3350 2546 3403 multa
2597 3351 2736 3404 mala
2777 3351 2833 3405 in
2877 3367 2941 3406 eo
2983 3352 3135 3407 ﬁant.
3178 3355 3276 3409 Vel
3309 3357 3473 3412 etiam

1885 3438 2027 3492 diem
2071 3439 2274 3501 meum
2304 3440 2434 3496 dicit
2475 3441 2614 3496 diem
2637 3441 2862 3512 judicii,
2906 3443 2963 3498 in
3002 3459 3109 3515 quo
3131 3459 3319 3503 omnes
3343 3449 3474 3504 mali

1885 3528 2305 3585 damnabuntur.

1962 3641 1981 3675 ι
2022 3621 2173 3678 State
2220 3639 2349 3696 ergo
2397 3626 2656 3682 succincti
2687 3626 2900 3684 lumbos
2927 3639 3136 3687 vestros
3180 3631 3237 3686 in
3273 3633 3472 3687 verita-

1892 3732 1910 3765 (
1950 3723 2024 3768 te.
2064 3734 2082 3766 ι
2126 3713 2365 3771 Lumbos
2401 3717 2793 3788 succingimus,
2834 3735 2957 3776 cum
3002 3721 3270 3776 luxuriam
3303 3723 3470 3779 refre-

1887 3821 2098 3860 namus.
2139 3805 2318 3872 State,
2351 3807 2551 3877 inquit,
2586 3809 2641 3863 in
2672 3810 2774 3865 ﬁde
2794 3852 2809 3876 ,
2837 3811 2889 3866 id
2914 3821 2995 3868 est
3032 3814 3087 3867 in
3114 3814 3256 3868 bono
3284 3830 3468 3885 opere,

1889 3901 2281 3972 restringentes
2310 3902 2522 3958 lumbos
2549 3919 2579 3957 a
2601 3903 2815 3960 luxuria
2843 3905 2934 3961 ubi
2959 3907 3385 3976 maximeviget,
3416 3918 3474 3963 et

1889 3993 2073 4047 hocin
2113 3995 2341 4050 veritate
2366 3994 2560 4061 facite,
2617 3983 2810 4054 non°in
2854 4001 3134 4058 mendacio
3168 4017 3344 4071 neque
3375 4019 3475 4072 per

1889 4083 2252 4155 hypocrisim,
2294 4101 2396 4142 nec
2424 4095 2485 4141 ut
2515 4087 2727 4143 laudem
2753 4089 3044 4146 humanam
3070 4093 3317 4161 capiatis.
3373 4092 3474 4148 Vel

1889 4175 1943 4228 in
1970 4176 2200 4230 veritate
2226 4177 2374 4243 dicit,
2405 4194 2503 4249 pro
2530 4196 2714 4236 amore
2745 4184 2978 4240 nominis
3014 4184 3244 4252 Christi,
3268 4187 3361 4257 qui
3389 4196 3473 4241 est

1888 4267 2089 4322 veritas
2123 4267 2284 4338 (Joan
2309 4269 2440 4340 xw).
2491 4289 2508 4321 ‹
2537 4270 2745 4327 lnduite
2787 4273 3013 4328 loricam
3037 4272 3281 4341 iustitiae.
3314 4295 3331 4324 ι
3368 4275 3473 4330 Be-

1891 4364 1975 4412 cte
2009 4358 2220 4428 justitia
2272 4359 2454 4416 lorica:
2493 4372 2878 4430 comparatur,
2933 4364 3058 4432 quia
3102 4365 3242 4420 sicut
3303 4365 3470 4420 lorica

1892 4447 2075 4502 multis
2101 4449 2318 4505 circulis
2347 4451 2675 4516 contexitur,
2717 4451 2791 4504 ita
2814 4451 3025 4519 justitia
3051 4453 3234 4508 multis
3255 4455 3472 4508 virtuti-

1894 4537 1992 4592 bus
2013 4547 2244 4594 constat.
2274 4539 2444 4595 Aliter
2469 4557 2480 4593 :
2508 4539 2726 4595 Justitia
2751 4541 2895 4595 enim
2933 4542 3071 4597 bene
3095 4541 3275 4598 loricae
3295 4551 3472 4613 potest

1891 4630 2224 4699 comparari,
2253 4631 2377 4700 quia
2408 4631 2548 4686 sicut
2577 4631 2738 4686 lorica
2775 4641 2964 4702 pectus
2999 4634 3193 4701 munit,
3225 4645 3471 4690 ventrem

1892 4719 2140 4790 stringit,
2172 4719 2377 4775 femora
2400 4722 2665 4791 protegit,
2703 4722 2775 4775 ita
2813 4721 3023 4791 justitia
3061 4725 3355 4793 superfluas
3383 4741 3475 4782 co-

1893 4811 2198 4882 gitationes,
2239 4827 2361 4882 quae
2410 4812 2462 4867 in
2507 4822 2729 4882 pectore
2758 4814 2963 4868 versari
3004 4815 3200 4881 solent,
3241 4817 3475 4886 repellit,

1894 4903 2186 4974 ingluviem
2216 4904 2422 4960 ventris
2452 4905 2753 4976 restringit,
2782 4905 3050 4962 luxuriam
3083 4921 3297 4978 quoque
3320 4902 3478 4964 com-

1894 4997 2100 5067 primit.

1972 5110 1988 5141 ‹
2009 5090 2316 5147 Etcalceati
2339 5094 2523 5163 pedes,
2549 5112 2567 5145 ›
2600 5093 2858 5149 subaudis
2879 5094 2986 5148 sint
3006 5094 3182 5161 vobis,
3210 5113 3228 5145 ‹
3254 5093 3307 5148 ἱη
3336 5108 3479 5164 ιιι-πα

1902 5202 1919 5233 ί
1953 5184 2231 5253 paratione
2269 5185 2547 5256 Evangelii
2571 5187 2739 5256 pacis.
2771 5208 2789 5239 ι
2831 5187 2899 5242 Ει
2945 5197 3027 5243 est
3057 5203 3288 5244 sensus:
3327 5186 3481 5242 Sicut

1899 5275 1986 5330 ille
2027 5276 2119 5345 qui
2154 5275 2427 5332 calceatos
2463 5276 2626 5332 habet
2677 5281 2879 5348 pedes,
2927 5290 3207 5350 serpentes
3247 5278 3476 5349 spernit,

1901 5366 2107 5437 spinas,
2131 5381 2457 5437 omnemque
2491 5369 2836 5438 asperitatem
2865 5370 2964 5424 viae
2979 5386 3077 5441 pro
3098 5369 3267 5424 nihilo
3289 5368 3437 5422 ducit
3466 5384 3478 5419 :

1900 5455 1974 5510 ita
2018 5464 2072 5511 et
2115 5471 2212 5512 vos
2260 5456 2532 5512 diabolum
2575 5467 2884 5529 serpentem
2931 5463 3248 5531 antiquum,
3299 5457 3484 5526 spinas

1900 5564 2135 5620 quoque,
2162 5551 2213 5604 id
2237 5560 2320 5606 est
2363 5553 2643 5622 passiones
2667 5555 3036 5624 punctionum,
3084 5567 3298 5609 omnem
3330 5565 3484 5620 aspe-

1899 5645 2115 5700 ritatem
2144 5643 2306 5712 hujus
2329 5646 2452 5700 vitae
2477 5648 2804 5703 contemnite
2821 5689 2834 5711 ,
2873 5655 2930 5702 et
2953 5645 3108 5700 liberi
3130 5644 3197 5698 ad
3222 5641 3485 5712 praedica-

1876 5726 2096 5793 ’tionem
2130 5737 2404 5810 Evangelii
2441 5741 2688 5796 incedite.
2707 5740 2878 5794 Aliter
2905 5757 2916 5793 τ
2947 5739 3050 5794 Per
3085 5735 3478 5798 calceamenta,

1897 5848 2016 5902 quae
2057 5849 2124 5888 ex
2156 5833 2380 5889 mortuis
2422 5833 2784 5889 animantibus
2818 5835 2978 5893 fiunt,
3026 5831 3281 5886 debemus
3322 5824 3483 5882 intel-

2929 5929 3007 5990 26
