4002 6348
530 379 630 435 8M

534 558 721 642 ceatos
762 593 891 651 ergo
930 560 1094 646 pedes
1117 574 1404 631 habemus,
1438 583 1562 624 cum
1583 564 1741 621 dictis
1766 573 1821 617 et
1847 558 2109 628 exemplis

420 686 429 689 ’
534 674 953 751 pracedeatium
999 678 1212 739 patrum
1239 664 1467 728 nutriti,
1502 660 1681 717 securi
1718 658 1787 712 ad
1812 654 2109 726 praedican-

538 772 663 827 dum
699 763 1049 836 Evangelium
1102 759 1263 830 pacis
1316 757 1609 828 pergimus.
1673 751 1883 807 Dicitur
1929 756 2109 803 autem

537 856 889 928 Evangelium
916 853 1104 923 pacis,
1154 850 1281 919 quia
1329 847 1403 902 ibi
1448 845 1753 900 continetur
1795 854 1897 910 pax
1947 851 2110 908 quam

538 932 795 1006 Christus
830 943 1086 1015 apostolis
1126 941 1526 997 commendavit
1570 936 1751 1006 (Joan.
1782 932 1929 1002 xxv),
1972 937 2028 985 et
2057 930 2113 983 in

538 1040 799 1112 apostolis
835 1038 1087 1094 omnibus
1132 1033 1409 1097 ﬁdelibus,
1449 1030 1533 1085 vel
1559 1031 1723 1085 etiam
1742 1027 1869 1097 quia
1898 1038 1993 1094 per
2015 1023 2112 1080 ob»

537 1133 863 1190 servantiam
885 1127 1184 1200 Evangelii,
1213 1138 1485 1179 meremur
1505 1117 1841 1176 reconciliari
1862 1115 1992 1171 Deo.

1152 364 1503 425 HAYMONIS
1552 355 2026 417 HALBERSTAT.
2069 353 2280 411 EPISC.
2331 351 2485 410 OPP.
2522 349 2703 406 PARS
2738 347 2804 403 Il.
2845 376 2917 388 —
2952 343 3186 401 HOMIL.

531 495 703 565 ligere
732 491 873 547 dicta
899 496 956 565 et
980 483 1233 553 exempla
1252 476 1673 551 praecedentium
1706 481 1944 543 patrum.
1982 464 2103 522 Cal-
2127 468 2184 530 Α

3682 334 3825 392 8η

2796 477 3077 536 HOMILIA
3120 475 3208 531 iV.

2325 632 2578 677 DOIlNlCA
2611 629 2857 672 VlGESIIA
2894 627 3126 669 SECUNDA
3165 623 3292 663 POST
3334 614 3677 663 τκιηιτιλτιε.

2282 756 2509 829 (Ριιυρ.
2536 755 2603 827 ι.)
2634 771 2655 805 σ
2685 751 2929 815 Fratres,
2956 747 3279 804 conﬁdimus
3304 748 3359 799 in
3384 744 3621 799 Domino
3646 741 3823 807 Iesu,

2218 870 2237 903 ι
2283 851 2408 920 quia
2442 848 2535 920 qui
2581 846 2751 917 coepit
2784 845 2837 899 in
2887 842 3045 898 nobis
3088 854 3222 909 opus
3256 838 3457 891 bonum
3483 872 3501 901 ,
3541 833 3829 905 perﬁciet

2220 962 2238 996 ε
2281 957 2455 1012 usque
2482 941 2541 995 in
2568 939 2710 995 diem
2750 936 2879 992 Jesn
2900 934 3125 991 Christi.
3164 951 3185 983 ι
3213 930 3485 994 Christus,
3510 929 3614 998 qui
3660 927 3829 982 dedit

2214 1033 2370 1089 nobis
2398 1031 2610 1086 initium
2644 1028 2765 1083 ﬁdei
2790 1039 2851 1081 et
2886 1025 3040 1080 bona
3072 1020 3522 1083 conversationis,
3558 1018 3731 1072 dabit
3765 1026 3831 1072 α

2214 1122 2668 1195 perseverantiam
2716 1133 2886 1188 usque
2929 1117 2984 1170 in
3025 1116 3166 1170 diem
3210 1113 3404 1168 mortis
3445 1121 3691 1174 nostra,
3730 1109 3830 1164 vel

613 1242 634 1276 ‹
661 1223 723 1280 ιιι
751 1223 1002 1277 omnibus
1029 1239 1047 1272 ι
1080 1216 1281 1286 praliis
1303 1223 1360 1269 et
1384 1210 1766 1269 certaminibus
1796 1226 1815 1256 ε
1842 1214 2117 1261 sumentes
2215 1231 2389 1286 usq,”
2414 1216 2482 1269 ad
2510 1214 2656 1269 diem
2681 1210 2869 1280 iudici;
2896 1223 2994 1278 per
3017 1207 3433 1262 successionem,

542 1336 561 1368 ι
599 1324 809 1371 scutum
832 1311 981 1375 ﬁdei,
1013 1310 1065 1364 in
1096 1322 1203 1378 quo
1231 1304 1447 1376 possitis
1467 1301 1647 1358 omnia
1668 1298 1772 1353 tela
1800 1293 2117 1365 nequissimi

544 1428 566 1460 4
596 1408 750 1476 ignea
786 1402 1150 1472 exstinguere.
1188 1417 1207 1448 ι
1249 1393 1516 1463 Quidquid
1547 1389 1750 1447 missile
1783 1398 1869 1443 est
1897 1395 1951 1442 et
1983 1384 2119 1453 jaci-

539 1475 649 1563 turi,
680 1496 842 1551 telum
869 1500 1046 1564 potest
1073 1485 1349 1559 appellari,
1376 1483 1592 1554 proprie
1623 1490 1803 1534 tamen
1827 1477 1954 1532 illud
1974 1475 2121 1546 quod

546 1590 605 1644 in
634 1588 849 1656 longum
884 1579 1243 1655 protenditur,
1273 1584 1333 1630 ut
1364 1576 1567 1628 lancea.
1605 1572 1738 1627 Nam
1765 1569 1904 1624 telon
1935 1568 2122 1622 dicunt

548 1682 723 1739 Gnaei
771 1680 1005 1749 longum.
1054 1674 1206 1730 Unde
1246 1669 1470 1726 mustela
1513 1667 1707 1722 dicitur
1753 1678 1870 1717 Inus
1907 1662 2117 1731 longus.

547 1777 700 1831 Sicut
730 1781 945 1829 scutum
970 1783 1029 1825 se
1060 1774 1331 1821 tenentem
1360 1759 1627 1832 protegit,
1651 1767 1707 1812 et
1749 1755 1853 1810 tela
1890 1752 2117 1823 repellit,

2295 1326 2312 1359 ι
2355 1308 2508 1362 Sicut
2539 1304 2741 1374 justam
2769 1312 2849 1357 est
2887 1300 3020 1354 mihi
3056 1300 3162 1354 hoc
3188 1297 3395 1352 sentire
3417 1310 3525 1366 pro
3545 1292 3827 1348 omnibus

2225 1420 2242 1453 ι
2281 1399 2452 1462 vobis,
2483 1416 2502 1449 ι
2537 1397 2591 1450 id
2618 1405 2721 1460 est,
2756 1394 2961 1464 justum
2991 1400 3073 1446 est
3099 1390 3229 1444 Inibi
3259 1389 3363 1442 hoc
3399 1386 3725 1455 intelligere
3752 1383 3825 1438 de

2220 1491 2391 1555 vobis,
2420 1489 2543 1558 quia
2574 1483 2963 1557 pemanebitis
2989 1483 3044 1537 in
3072 1480 3174 1535 ﬁde
3207 1479 3437 1539 Christi.
3457 1488 3519 1533 et
3547 1479 3693 1533 ideo
3726 1479 3829 1533 de—

2222 1585 2323 1637 beo
2348 1581 2601 1651 gaudere.
2641 1596 2660 1629 ι
2697 1576 2779 1632 Eo
2804 1568 2946 1645 quod
2985 1574 3209 1628 habeam
3235 1587 3333 1626 vos
3360 1572 3419 1625 in
3442 1571 3621 1626 corde
3650 1580 3719 1625 et
3765 1570 3827 1624 in

2229 1693 2247 1726 ι
2288 1672 2516 1727 vinculis
2553 1669 2706 1733 meis,
2738 1688 2757 1721 ι
2798 1668 2853 1722 id
2889 1674 2975 1722 est
3006 1665 3171 1721 vestri
3217 1663 3562 1727 reminiscor,
3610 1682 3637 1713 σ
3665 1672 3731 1718 et
3768 1662 3825 1717 '-

2230 1784 2249 1817 ι
2292 1763 2601 1819 defensiom
2644 1768 2701 1817 et
2745 1760 2819 1817 in.
2844 1757 3255 1814 conﬁrmatione
3281 1754 3596 1825 Evangelii,
3635 1755 3825 1810 socios

542 1872 616 1924 ita
650 1867 780 1922 ﬁdes
813 1862 1085 1919 hominem
1117 1856 1322 1920 munit,
1361 1826 1416 1908 et
1442 1869 1473 1907 a
1495 1826 1709 1907 diabolo
1727 1846 1925 1918 jaculis
1954 1855 2008 1899 et
2036 1843 2117 1897 in-

2241 1876 2244 1906 l
2284 1855 2463 1927 gaudii
2511 1852 2644 1916 mei,
2679 1870 2700 1903 ι
2746 1851 2800 1906 id
2847 1858 2931 1905 est
2974 1848 3355 1920 promissionis
3393 1856 3619 1902 aiter-nc
3668 1848 3821 1901 vita.

540 1958 917 2015 festationibus
943 1951 1215 2013 defendit,
1256 1947 1344 2002 illa
1373 1954 1553 1999 tamen
1597 1957 1717 2010 qua
1756 1937 1919 1993 fuerit
1962 1933 2119 1989 bonis

540 2050 798 2123 operibus
823 2048 1105 2102 adornata.
1148 2040 1276 2095 Tela
1314 2046 1495 2093 autem
1522 2033 1716 2090 diaboli
1741 2033 1896 2103 ignea
1940 2026 2123 2096 appel-

538 2142 620 2198 lat
640 2140 1038 2211 suggestionem
1051 2147 1307 2204 pravam,
1320 2144 1428 2199 qua
1453 2142 1553 2182 nos
1578 2124 1871 2180 incendunt
1891 2120 1957 2175 ad
1980 2116 2122 2172 mals

537 2250 704 2306 opera
731 2231 961 2304 agenda,
990 2242 1111 2298 quae
1128 2223 1566 2293 exstinguuntur,
1595 2218 1647 2272 id
1670 2225 1752 2273 est
1775 2218 2124 2284 superantur,

539 2343 639 2399 per
668 2326 927 2380 virtutem
950 2320 1092 2376 lidei.

620 2438 639 2469 ι
672 2417 738 2472 Et
794 2412 1003 2485 galeam
1042 2410 1239 2465 salutis
1273 2405 1549 2464 assumite.
1582 2425 1601 2458 ι
1644 2401 1811 2458 Galea
1852 2401 1906 2454 in
1950 2397 2126 2467 capite

541 2507 786 2579 ponitur,
834 2517 954 2572 quae
985 2514 1175 2555 omnes
1210 2513 1400 2554 senem
1429 2493 1672 2564 corporis
1704 2490 1910 2555 munit,
1956 2487 2009 2543 id
2038 2493 2127 2541 est

542 2578 776 2672 protegit
804 2614 817 2649 :
856 2595 1031 2649 visum
1055 2591 1309 2648 videlicet
1334 2590 1387 2644 in
1416 2587 1609 2653 oculis,
1638 2584 1879 2640 auditum
1904 2582 1958 2636 in
1989 2578 2128 2635 auri—

544 2671 667 2756 bus,
698 2698 915 2762 gustum
947 2688 999 2741 in
1022 2700 1118 2740 ore
1143 2724 1159 2747 ,
1204 2683 1458 2738 olfactum
1485 2681 1538 2735 in
1567 2678 1817 2740 naribus,
1849 2681 2051 2729 tactum
2070 2671 2125 2725 in

545 2795 663 2841 toto
700 2782 895 2852 capite.
956 2774 1096 2845 Quid
1129 2790 1259 2845 ergo
1291 2775 1547 2828 debemus
1587 2768 1886 2837 intelligere
1912 2778 2009 2833 per
2035 2777 2129 2832 gae

548 2880 713 2937 leam,
742 2888 881 2942 qua,
906 2879 968 2925 ut
988 2869 1244 2931 diximus,
1267 2880 1455 2920 omnes
1476 2876 1667 2918 sensus
1690 2856 1932 2928 corporis
1954 2862 2129 2925 proteo

546 2968 661 3040 git?
685 2964 974 3020 Dominum
998 2968 1243 3014 nostrum
1266 2956 1451 3011 Iesum
1475 2954 1748 3009 Christum
1770 2961 1824 3004 et
1847 2946 2131 3018 protectio-

550 3037 672 3114 nein
696 3055 863 3111 illius.
899 3051 1003 3106 Per
1029 3057 1190 3119 caput
1215 3062 1349 3102 vero
1366 3054 1627 3107 mentem,
1649 3041 1774 3111 quia
1789 3040 1931 3095 sicut
1956 3037 2129 3106 capite

548 3156 806 3220 reguntur
820 3141 1177 3207 membra,'ita
1190 3137 1542 3210 cogitationes
1557 3141 1734 3189 mente
1754 3132 2016 3202 disponun
2024 3138 2128 3183 tur.

545 3243 820 3299 Ponamus
841 3239 1005 3309 igitur
1026 3236 1079 3290 in
1093 3235 1289 3304 capite,
1313 3232 1366 3286 id
1397 3239 1482 3285 est
1510 3236 1712 3288 mente.
1742 3222 2130 3296 protectionem

548 3333 769 3394 Christi,
806 3330 1151 3386 recordemur
1174 3325 1344 3396 ipsius
1368 3324 1420 3377 in
1453 3329 1665 3377 secreto
1690 3319 1889 3374 mentis
1910 3325 2128 3379 nostrae,

551 3427 819 3483 habentes
857 3422 913 3477 in
956 3418 1328 3474 illo'ﬁduciam
1371 3429 1479 3469 non
1526 3413 1579 3466 in
1610 3410 1902 3479 nosipsm,
1939 3416 1994 3461 et
2019 3407 2133 3475 ipse

550 3518 790 3576 tuebitur
832 3527 1022 3568 omnes
1069 3524 1262 3565 sensus
1299 3514 1532 3568 nostros,
1578 3517 1647 3557 ne
1684 3516 1716 3555 a
1744 3498 1957 3555 diabolo
1978 3498 2136 3552 hoste

552 3608 786 3676 antiquo
820 3602 1031 3672 possint
1091 3595 1386 3653 vulnerari.
1451 3612 1470 3645 ι
1508 3591 1576 3647 Et
1635 3589 1870 3662 gladium
1916 3586 2136 3656 spiritus

559 3721 578 3753 ε
627 3696 775 3769 quod
826 3703 911 3750 est
964 3692 1189 3747 verbum
1249 3687 1375 3749 Dei,
1455 3704 1476 3737 ι
1540 3682 1797 3739 subaudis
1858 3678 2133 3734 assumite.

555 3767 777 3845 Gladius
809 3782 981 3839 sancti
1019 3780 1252 3849 Spiritus
1297 3774 1615 3843 intelligitur
1663 3771 1884 3826 verbum
1911 3767 2006 3823 Dei
2033 3807 2047 3831 ,
2080 3774 2141 3821 ut

557 3872 848 3946 Apostolus
886 3871 963 3924 ait
1000 3867 1188 3938 (Hebr.
1220 3866 1317 3938 Iv),
1348 3865 1400 3919 id
1429 3873 1534 3927 est,
1561 3860 1808 3917 doctrina
1833 3866 1888 3914 et
1914 3857 2138 3912 scientia

555 3965 861 4021 divinarum
887 3955 1289 4028 Scripturarum'
1310 3971 1429 4024 qua:
1453 3970 1551 4024 per
1571 3952 1830 4022 Spiritum
1857 3948 2013 4004 nobis
2044 3948 2141 4001 tri-

554 4058 817 4112 buuntur.
855 4050 1060 4104 idcirco
1083 4057 1260 4102 autem
1284 4045 1494 4116 gladius
1519 4041 1839 4112 appellatur,
1856 4040 1981 4109 quia
2004 4038 2144 4093 sicut

556 4146 739 4220 gladio
760 4143 1015 4215 fugantur
1043 4140 1250 4203 hostes,
1283 4136 1357 4190 ita
1401 4150 1495 4204 per
1523 4132 1906 4205 cogitationem
1937 4129 2143 4185 divina-

559 4255 681 4297 rum
712 4236 1141 4306 Scripturarum,
1165 4246 1283 4300 quae
1302 4244 1400 4299 per
1430 4226 1688 4298 Spiritum
1712 4233 1954 4280 sanctum
1989 4221 2144 4277 nobis

558 4329 836 4390 tribuitur,
878 4337 1166 4396 possumus
1194 4321 1379 4391 fugare
1399 4333 1587 4375 omnes
1622 4315 1844 4371 insidias
1875 4324 1933 4369 et
1963 4314 2145 4368 omnia

566 4420 1003 4478 machinamenta
1030 4414 1248 4477 diaboli,
1284 4410 1585 4482 appetendo
1613 4423 1733 4477 qua:
1760 4406 2038 4476 Scriptura
2061 4420 2145 4461 sa-

563 4527 659 4569 cra
690 4513 865 4574 docet,
904 4516 961 4562 et
1002 4505 1221 4562 vitando
1266 4518 1387 4573 quae
1412 4498 1678 4571 prohibet.
1733 4497 1801 4551 Et
1831 4512 1936 4552 non
1971 4495 2142 4551 solum

563 4605 837 4659 daemones
867 4614 964 4669 per
986 4596 1103 4667 ejus
1126 4595 1492 4667 cognitionem
1530 4600 1585 4645 et
1616 4588 1942 4660 adjutorium
1959 4601 2147 4656 possu-

567 4708 690 4747 mus
719 4703 974 4760 superare
992 4728 1006 4754 ,
1035 4688 1131 4743 sed
1157 4687 1320 4742 etiam
1344 4682 1668 4739 auctoritate
1690 4679 1834 4736 illius
1863 4679 2148 4733 haereticos

567 4782 915 4845 convincere,
946 4787 1002 4835 et
1022 4792 1261 4833 errorem
1295 4774 1508 4829 illorum
1536 4773 1836 4827 destruere.

645 4890 664 4923 i
702 4870 910 4935 Gratia,
937 4890 956 4921 ι
999 4869 1051 4922 id
1087 4876 1172 4922 est
1216 4866 1349 4921 ﬁdes
1386 4872 1442 4919 et
1487 4861 1737 4918 remissio
1780 4867 2146 4929 peccatorum,

575 4981 595 5014 ι
641 4961 713 5015 sit
758 4961 814 5014 in
859 4959 1289 5028 incorruptione,
1327 4976 1343 5007 ι
1394 4956 1448 5010 id
1497 4963 1581 5009 est
1628 4952 1938 5023 integritate
1988 4950 2148 5015 ﬁdei,

577 5070 599 5103 ι
638 5065 762 5105 cum
794 5050 1045 5103 omnibus
1070 5050 1161 5118 qui
1196 5048 1423 5118 diligunt
1462 5045 1746 5100 Dominum
1775 5041 1959 5098 Jesum
1986 5038 2146 5096 Chri-

579 5162 601 5196 ι
649 5151 813 5197 stum.
844 5160 864 5192 ι
898 5138 995 5193 Vel
1029 5141 1182 5195 aliter
1214 5158 1227 5193 :
1256 5139 1476 5204 Gratia,
1514 5138 1567 5193 id
1594 5146 1678 5193 est
1704 5137 1870 5201 ﬁdes,
1900 5132 2149 5189 remissio

572 5238 957 5306 peccatorum,
1012 5230 1239 5283 societas
1283 5238 1519 5294 aeterna,
1569 5228 1679 5282 sint
1727 5241 1850 5280 cum
1903 5222 2152 5278 omnibus

575 5319 782 5381 sanctis
821 5320 875 5373 in
906 5319 1338 5387 incorruptione,
1378 5320 1481 5373 hoc
1522 5326 1604 5372 est
1651 5319 1704 5371 in
1754 5313 2153 5370 resurrectione

576 5413 838 5485 generali,
870 5411 959 5466 ubi
991 5425 1180 5465 omnes
1206 5410 1471 5479 accipient
1499 5409 1654 5464 electi
1695 5405 2152 5475 incorruptionem

562 5513 634 5561 et
670 5502 1130 5560 immortalitatem
1171 5501 1225 5554 in
1264 5515 1523 5570 corpore,
1553 5510 1609 5554 et
1641 5494 2151 5554 inconnnutabilita-

564 5605 690 5671 _tein
735 5595 792 5650 in
836 5594 1017 5649 anima
1061 5590 1123 5664 (1
1157 5589 1279 5649 Cor.
1315 5589 1445 5659 xv),
1488 5588 1753 5659 fulgentes
1788 5588 1929 5642 sicut
1974 5581 2051 5638 sol
2100 5581 2153 5636 in

577 5700 744 5759 regno
788 5686 958 5757 patris
1002 5686 1084 5741 sui
1127 5682 1343 5756 (Matth.
1374 5682 1532 5752 xm):
1569 5697 1691 5736 cum
1734 5696 1840 5752 quo
1870 5677 2055 5734 felices
2102 5675 2156 5730 in

575 5777 774 5838 ωουλδ
810 5777 1132 5835 saeculorum
1168 5776 1481 5834 manebunt.

2222 1948 2402 2003 Multis
2425 1946 2596 2000 modis
2625 1951 2804 1999 autem
2824 1940 3145 1997 defendebat
3166 1949 3222 1996 et
3242 1939 3605 1995 mulir-tabat
3633 1938 3820 1993 Enn-

2222 2040 2437 2111 gelium,
2466 2036 2717 2092 videlicet
2741 2044 2888 2090 recte
2914 2035 3193 2099 medendo,
3220 2034 3371 2104 iuste
3384 2032 3639 2095 vivendo,
3669 2034 3823 2088 bene

2224 2131 2483 2188 docendo.
2507 2118 2839 2184 Defendehat
2858 2143 3073 2198 quoque
3093 2134 3148 2180 et
3175 2125 3531 2182 conﬁrmabat
3559 2138 3815 2180 meum

2223 2238 2347 2279 esse
2371 2223 2669 2277 doctrinam
2701 2220 3006 2290 Evangelii,
3042 2220 3166 2274 dum
3216 2220 3469 2274 dicebant
3511 2219 3564 2274 ei
3597 2235 3625 2275 ε
3660 2218 3816 2290 Nega

2224 2314 2499 2371 Christum
2529 2322 2584 2368 et
2616 2313 2799 2384 abjice-
2824 2312 3122 2367 doctrinam
3153 2312 3333 2376 istam,
3363 2312 3581 2380 erisque
3606 2310 3817 2367 ﬂorens

2226 2422 2422 2477 magno
2448 2406 2653 2461 honore
2682 2405 2736 2459 in
2767 2404 2968 2475 palatio
2997 2418 3118 2458 meo
3135 2442 3151 2469 ,
3178 2411 3233 2457 et
3264 2402 3357 2458 ille
3376 2405 3551 2474 magis
3574 2404 3819 2474 eligebat

2228 2501 2297 2556 ab
2329 2500 2422 2555 illo
2448 2498 2741 2570 ﬂagellari,
2782 2506 2838 2552 et
2884 2498 2938 2552 in
2967 2497 3201 2551 vinculis
3248 2496 3503 2566 astringi,
3542 2512 3723 2566 quam
3769 2497 3815 2551 ei

2227 2591 2558 2656 consentire,
2586 2599 2711 2644 tunc
2736 2587 3057 2643 defendebat
3080 2586 3444 2657 Evangeliu'm.
3473 2587 3540 2640 Et
3560 2588 3815 2643 videntes

2229 2682 2319 2737 alii
2346 2682 2471 2745 hoc,
2496 2680 2747 2736 dicebant
2764 2697 2777 2733 :
2797 2679 2940 2735 Vere
2962 2677 3064 2732 nisi
3091 2686 3234 2732 esset
3261 2677 3501 2732 doctrina
3528 2676 3635 2730 ista
3656 2690 3810 2741 vera,

2227 2784 2285 2829 et
2322 2774 2426 2829 nisi
2453 2782 2599 2828 esset
2624 2771 2870 2827 Christus
2906 2770 3001 2826 Dei
3044 2769 3213 2824 Filius
3236 2782 3427 2835 verus,
3463 2783 3811 2838 nequaquam

2228 2864 2428 2920 Paulus
2453 2862 2578 2918 talia
2607 2877 2711 2933 pro
2730 2863 2851 2932 ejus
2876 2860 3096 2917 nomine
3120 2861 3431 2915 sustineret.
3460 2857 3669 2914 Omnes
3692 2873 3810 2922 vos,

2231 2953 2491 3009 subaudis
2516 2952 2638 3007 volo
2666 2966 2820 3017 esse,
2850 2951 2907 3005 id
2941 2959 3023 3006 est
3058 2958 3215 3021 opto,
3245 2958 3305 3003 ut
3332 2949 3470 3004 sicut
3503 2949 3639 3002 estis
3674 2948 3810 3003 sedi

2232 3047 2287 3101 in
2314 3045 2498 3101 labore
2518 3044 2934 3114 praedicationis,
2956 3044 3031 3097 ita
3054 3042 3174 3097 sitis
3189 3051 3248 3096 et
3274 3042 3329 3097 in
3353 3040 3805 3096 remuneratione.

2233 3136 2453 3194 Poterat
2498 3135 2642 3190 enim
2686 3134 2879 3204 aliquis
2914 3134 3115 3189 dicere.
3148 3132 3288 3188 Vere
3323 3131 3563 3186 sil-antor-
3596 3128 3807 3183 Paulo

2238 3230 2455 3295 mundi,
2491 3230 2770 3293 verbosas,
2803 3242 2975 3297 neque
3009 3226 3181 3299 diligit
3220 3240 3340 3281 nos.
3382 3224 3531 3280 Unde
3568 3221 3700 3277 dicit
3738 3221 3811 3275 all

2237 3326 2351 3378 haec
2390 3321 2521 3377 ille:
2569 3341 2588 3373 ι
2622 3321 2801 3377 Testis
2839 3320 2989 3374 enim
3029 3319 3161 3373 mihi
3207 3327 3290 3373 est
3335 3318 3505 3379 Deus,
3543 3314 3813 3384 quomodo

2242 3434 2259 3465 ι
2299 3413 2511 3481 cupiam
2553 3426 2744 3466 omnes
2778 3425 2873 3465 vos
2928 3410 2982 3463 in
3019 3408 3321 3463 visceribus
3350 3404 3555 3461 Christi
3599 3403 3741 3459 lese.
3780 3421 3800 3453 ι

2239 3506 2458 3562 Viscera
2496 3505 2748 3559 dicuntur
2785 3501 2914 3565 ﬁlii,
2955 3511 3011 3555 et
3036 3501 3223 3555 viscus
3245 3498 3476 3560 «icitur,
3505 3504 3809 3566 quanquam

2241 3598 2383 3652 inter
2421 3610 2641 3651 carnem
2681 3603 2807 3657 est,
2857 3593 2980 3647 ideo
3025 3590 3232 3647 duobus
3270 3588 3443 3643 meas
3482 3586 3806 3655 intelligitur.

2239 3688 2439 3758 Cupio,
2472 3686 2682 3756 inquit,
2710 3700 2808 3741 vos
2836 3698 3027 3739 omnes
3065 3681 3205 3738 ﬁlios
3232 3695 3355 3736 esse
3380 3679 3475 3733 Dei
3493 3718 3509 3744 ,
3539 3679 3627 3733 vel
3668 3676 3813 3746 cupio

2240 3789 2302 3835 ut
2329 3780 2444 3849 ipse
2472 3779 2543 3834 sit
2576 3777 2835 3848 templum
2862 3783 3128 3838 vestrum,
3155 3781 3215 3827 et
3240 3786 3335 3826 vos
3360 3769 3814 3825 communicantes

2242 3870 2457 3940 corpori
2492 3876 2549 3923 et
2576 3866 2823 3937 sanguini
2851 3864 3017 3930 illius,
3052 3861 3316 3918 maneatis
3343 3861 3397 3914 in
3426 3858 3536 3913 ille.

2320 4002 2339 4036 ‹
2384 3984 2452 4038 Ει
2480 3984 2584 4038 hoc
2612 3994 2713 4037 ore
2731 4021 2745 4045 ,
2778 3987 2838 4034 ut
2864 3978 3103 4033 charitas
3140 3984 3324 4030 vestra
3351 3973 3526 4043 magis
3561 3986 3631 4026 ac
3658 3968 3815 4038 mgis

2251 4097 2270 4130 ‹
2306 4076 2559 4132 abundet.
2590 4095 2609 4127 ι
2637 4073 2790 4129 Sicut
2816 4070 2948 4126 ﬁdes
2986 4071 3148 4125 habet
3170 4066 3403 4129 initium,
3451 4063 3622 4118 habet
3660 4062 3817 4117 inexe-

2245 4179 2486 4226 mentum
2537 4176 2592 4222 et
2618 4165 2916 4237 perfectum
2947 4181 2961 4217 :
2992 4163 3065 4217 ita
3096 4171 3151 4215 et
3176 4159 3443 4216 cbaritas.
3468 4154 3603 4219 Ore,
3637 4152 3815 4223 inquit,

2247 4270 2307 4316 ut
2333 4276 2439 4316 non
2468 4258 2639 4315 solum
2678 4257 2745 4312 ad
2769 4257 2935 4311 Deum
2974 4263 3031 4309 et
3063 4252 3393 4325 proximum,
3428 4250 3531 4303 sed
3553 4247 3626 4302 ad
3652 4245 3820 4301 inini-

2248 4367 2344 4409 cos
2383 4351 2706 4406 extendatur
2744 4355 2923 4402 vestra
2970 4345 3231 4422 cbaritas.
3263 4360 3284 4393 ε
3308 4339 3551 4405 iustitia,
3584 4358 3607 4390 ι
3637 4338 3821 4392 subn-

2248 4445 2332 4500 dis
2366 4444 2523 4515 legis,
2569 4460 2588 4493 ι
2622 4448 2679 4496 et
2713 4440 2860 4496 omni
2897 4430 3092 4504 sensu,
3124 4454 3144 4488 ι
3168 4436 3225 4491 id
3256 4441 3341 4489 est
3372 4430 3623 4488 doctrina
3662 4428 3823 4483 Evan-

2169 4546 2223 4609 ι)
2249 4535 2394 4607 gelii.

2328 4666 2347 4699 (
2392 4644 2464 4702 Ut
2500 4642 2738 4715 probetis
2771 4640 3003 4712 potiora,
3037 4658 3055 4691 ι
3090 4637 3144 4693 id
3170 4643 3255 4692 est
3286 4630 3609 4703 intelligatis
3637 4626 3825 4697 majora

2253 4739 2353 4795 der
2385 4735 2514 4801 Deo,
2544 4742 2602 4788 ut
2629 4734 2746 4788 sitis
2772 4732 2993 4795 sinceri,
3019 4750 3036 4781 ι
3064 4729 3115 4784 id
3142 4735 3225 4783 est
3252 4722 3481 4796 perfecti
3507 4723 3558 4776 in
3589 4720 3700 4776 ﬁde
3719 4719 3831 4774 etin

2253 4828 2399 4885 omni
2432 4826 2691 4881 bonitate.
2726 4822 2965 4878 Sinceris
3002 4819 3226 4875 materia
3272 4828 3358 4872 est
3407 4816 3644 4884 integra,
3677 4810 3832 4868 solida

2255 4930 2309 4976 et
2354 4919 2531 4983 ﬁrma,
2569 4932 2689 4985 quae
2734 4915 2930 4970 nullius
2971 4913 3049 4968 rei
3090 4910 3357 4965 varietate
3401 4906 3739 4968 maculatur,
3772 4904 3834 4957 ita

2258 5009 2416 5063 debet
2446 5016 2501 5062 et
2543 5005 2677 5061 ﬁdes
2719 5019 2839 5062 esse
2887 5001 3057 5059 solida
3089 5018 3108 5050 ι
3162 5006 3218 5054 et
3256 4998 3375 5053 sine
3414 4992 3625 5052 oﬂensa
3667 4996 3724 5049 in
3765 4992 3837 5048 die

2265 5118 2285 5151 ι
2312 5098 2536 5162 Christi,
2558 5118 2575 5149 ι
2595 5096 2645 5150 id
2667 5105 2754 5151 est
2778 5095 2895 5151 sine
2913 5090 3208 5148 offensione
3235 5090 3286 5144 in
3314 5088 3402 5144 die
3417 5088 3615 5143 mortis
3635 5094 3837 5146 vestra,

2260 5189 2345 5246 vel
2372 5189 2457 5245 die
2481 5185 2690 5258 judicii.

2337 5323 2357 5357 ι
2389 5300 2600 5371 Repleti
2632 5297 2810 5353 fructu
2842 5294 3097 5367 justitiaa,
3128 5314 3146 5347 ι
3186 5294 3238 5349 id
3269 5301 3375 5358 est,
3407 5299 3455 5345 et
3490 5289 3616 5345 sitis
3668 5286 3841 5359 repleti

2263 5394 2513 5451 omnibus
2534 5391 2840 5454 virtutibus,
2867 5388 2932 5443 de
2953 5386 3147 5458 quibus
3167 5380 3641 5452 dicitApostolus:
3674 5402 3693 5430 ι
3716 5378 3843 5433 Fru-

2261 5499 2380 5546 ctus
2424 5497 2605 5541 autem
2651 5484 2875 5554 spiritus
2924 5488 3011 5537 est
3052 5478 3326 5551 gaudium,
3387 5491 3492 5546 pax
3529 5470 3683 5546 (Cal.
3721 5472 3794 5542 γ).
3823 5489 3840 5521 ι

2268 5599 2285 5631 4
2315 5578 2421 5633 Per
2447 5572 2630 5633 Iesum
2671 5574 2946 5628 Christum
2990 5572 3044 5625 in
3073 5568 3297 5641 gloriam
3327 5574 3381 5621 et
3421 5560 3641 5619 laudem
3686 5560 3798 5627 Dei,
3826 5578 3841 5611 ι

2262 5674 2315 5729 id
2346 5681 2430 5728 est
2454 5680 2515 5727 ut
2542 5664 2871 5740 gloriﬁcetur
2899 5658 3042 5719 Deus
3071 5663 3125 5717 in
3160 5660 3345 5723 nobis,
3375 5664 3433 5712 et
3461 5655 3723 5711 laudetur
3754 5650 3847 5707 Do-

2263 5764 2441 5821 minus
2463 5761 2642 5829 .lesus,
2667 5775 2765 5830 per
2789 5767 2949 5829 quem
2981 5754 3162 5811 omnia
3187 5753 3328 5807 bona
3357 5746 3649 5807 habemus.
