4002 6348
562 387 669 448 815

1061 385 1410 442 HAYMONIS
1438 383 1800 440 HALBERST
1805 385 1916 440 AT.
1956 384 2167 441 EPlSC.
2211 385 2361 442 OPP.
2413 381 2593 440 PARS
2629 383 2714 438 Ill.
2749 412 2822 424 —
2859 380 3334 454 MISCELLANEA

559 502 724 557 homo
749 513 814 556 ea
843 502 961 570 lege
987 497 1234 554 conditus
1263 499 1428 553 estin
1471 499 1746 570 paradiso,
1775 506 1835 553 ut
1874 499 1978 553 nisi
2021 513 2145 567 pec-
2170 501 2224 561 Α
2247 497 2447 553 Paulus
2490 511 2551 553 se
2593 495 2876 568 fatigatum
2924 495 3182 561 ostendit,
3223 495 3406 550 dicens
3437 509 3451 547 :
3487 512 3507 544 ι
3543 493 3600 548 0
3663 489 3892 562 infelix,

556 603 738 648 casset
764 587 1084 645 immortalis
1113 588 1420 644 mansisset.
1451 589 1519 644 Et
1548 591 1814 660 completo
1849 590 2144 645 electorum

558 699 807 749 numero,
837 682 906 738 ab
944 681 1036 736 illo
1067 682 1321 751 paradiso
1347 690 1564 738 terreno
1593 684 1798 754 absque
1831 681 2025 738 mortis
2063 681 2143 736 in-

555 783 806 833 terventu
837 773 1099 828 transiret
1133 771 1202 827 ad
1235 773 1467 843 patriam
1495 773 1792 829 caelestem.
1835 772 1926 828 Sic
1961 780 2143 827 autem

553 874 641 922 est
669 863 940 929 conditus,
969 872 1031 918 ut
1056 863 1102 917 si
1129 874 1385 932 peccaret
1414 865 1552 919 mori
1579 871 1777 934 posset.
1810 862 1941 930 Quae
1969 878 2140 930 mors,

552 956 681 1027 quia
709 969 807 1026 per
833 962 1118 1024 peccatum
1163 968 1284 1009 eam
1319 953 1576 1020 incurrit,
1609 955 1880 1010 destructa
1920 962 2005 1008 est
2046 965 2144 1024 per

549 1046 766 1104 Domini
793 1054 1046 1102 mortem.
1079 1045 1313 1116 Ideoque
1337 1045 1513 1101 locum
1542 1046 1600 1100 in
1625 1045 1814 1101 electis
1840 1059 1944 1100 non
1970 1045 2142 1100 habe-

547 1142 699 1196 bunt.
738 1139 1032 1208 Postquam
1076 1152 1267 1193 omnes
1301 1136 1368 1191 ad
1404 1138 1570 1192 vitam
1606 1151 1974 1208 resurgemus,
2009 1135 2142 1192 tales

549 1233 728 1290 eﬁ‘ecti
756 1241 817 1288 ut
842 1232 1098 1303 deinceps
1126 1245 1304 1302 neque
1331 1232 1470 1287 mori
1499 1247 1672 1302 neque
1705 1245 1934 1301 peccare
1962 1230 2139 1300 possi-

551 1341 707 1393 mus,
747 1344 766 1378 ι
801 1339 979 1396 neque
1015 1324 1193 1380 luctus
1219 1344 1240 1378 ι
1270 1325 1377 1380 erit
1408 1324 1463 1379 in
1503 1325 1594 1379 illa
1630 1325 1892 1390 Ecclesia,
1923 1323 2051 1394 qui,
2081 1332 2144 1379 ut

553 1416 805 1487 superius
843 1415 1046 1471 dictum
1091 1423 1192 1479 est,
1228 1415 1411 1471 multis
1443 1415 1618 1472 modis
1652 1415 1713 1470 ﬁt
1763 1416 1819 1471 in
1862 1415 2137 1487 prmsenti.

565 1525 590 1560 θ
637 1507 823 1577 Neque
849 1507 1075 1573 clamor,
1121 1521 1296 1577 neque
1348 1507 1500 1563 dolor
1543 1508 1648 1563 erit
1680 1507 1841 1563 ultra.
1876 1527 1895 1559 ι
1927 1507 2143 1564 Clamor

553 1598 612 1653 in
635 1599 741 1654 hoc
765 1597 886 1654 loco
925 1597 1245 1668 intelligitur
1277 1599 1494 1668 querela
1537 1615 1718 1670 pravae
1759 1601 2136 1672 suggestionis.

545 1687 706 1743 Prius
731 1687 878 1744 enim
902 1703 1063 1757 quam
1094 1698 1352 1758 peccaret
1392 1689 1576 1755 homo,
1610 1689 1665 1744 in
1718 1705 1911 1760 magna
1954 1691 2138 1760 quiete

544 1787 688 1844 erat,
718 1778 1009 1848 omniaque
1033 1780 1278 1834 membra
1301 1780 1402 1836 sibi
1437 1781 1700 1852 subjecta,
1723 1790 1779 1836 et
1804 1783 1952 1839 nullo
1975 1785 2138 1840 modo

2250 605 2351 661 ego
2373 591 2556 655 homo,
2569 589 2692 660 quis
2711 602 2801 643 me
2817 585 3069 642 liberabit
3094 585 3162 642 de
3187 600 3412 655 corpore
3429 584 3643 640 mortis
3669 582 3882 653 huius!

2248 681 2416 738 Video
2455 682 2599 738 enim
2639 681 2800 736 aliam
2840 679 3010 751 legem
3054 678 3110 746 in
3158 678 3416 733 membris
3444 677 3590 732 meis
3656 673 3882 745 (Rom.

2247 771 2383 842 vn),
2419 793 2438 825 ι
2464 780 2569 827 etc.
2597 771 2821 842 Semper
2844 769 2988 824 enim
3018 767 3079 823 ﬁt
3106 769 3196 824 hic
3217 769 3439 832 clamor,
3463 767 3603 838 quia
3625 781 3879 836 semper

2247 880 2375 922 caro
2402 863 2613 935 spiritui
2650 861 2875 918 resistit.
2904 859 3011 916 Sed
3053 874 3176 916 cum
3221 859 3583 930 oorruptibile
3613 857 3751 914 hoc
3789 856 3874 912 in-

2247 956 2426 1013 duerit
2455 953 2933 1023 incorruptionem,
2960 959 3016 1006 et
3042 950 3270 1007 mortale
3310 952 3413 1007 hoc
3440 948 3718 1006 induerit
3763 947 3871 1003 i-

2246 1047 2652 1112 mortalitatem,
2678 1044 2913 1101 cessabit
2937 1043 3144 1099 clamor
3165 1041 3480 1098 tumultuari
3507 1048 3740 1098 contra
3769 1039 3873 1094 elev

2244 1149 2382 1205 ctos,
2411 1138 2504 1210 qui
2529 1153 2624 1194 eos
2663 1137 2720 1192 in
2756 1136 2859 1190 hac
2893 1133 3004 1189 vita
3043 1134 3324 1204 quiescere
3347 1149 3457 1190 non
3484 1132 3758 1188 sinebat.
3791 1129 3868 1185 lbi

2245 1232 2392 1286 enim
2418 1230 2657 1287 cessabit
2677 1229 2854 1285 omnis
2873 1241 3040 1298 prava
3081 1226 3371 1298 suggestio,
3393 1226 3489 1281 ubi
3534 1223 3716 1278 nulla
3765 1222 3866 1277 erit

2245 1323 2431 1380 carnis
2456 1323 2762 1380 delectatio.
2796 1321 2903 1376 Sed
2926 1328 2982 1374 et
3009 1319 3164 1377 dolor
3208 1328 3332 1391 post
3375 1319 3496 1374 haec
3547 1331 3681 1373 non
3732 1315 3860 1380 erit,

2244 1415 2369 1488 quia
2396 1415 2648 1472 videlicet
2671 1429 2801 1470 caro
2819 1413 3140 1477 electorum,
3167 1411 3311 1467 ultra
3360 1409 3549 1482 spinas
3603 1417 3673 1464 et
3722 1423 3858 1478 pun-

2244 1508 2454 1564 ctiones
2473 1515 2820 1579 peccatorum
2849 1522 2948 1577 pro
2973 1506 3171 1579 quibus
3193 1503 3375 1560 dolere
3421 1503 3707 1565 debeant,
3755 1515 3857 1553 non

2243 1576 2547 1672 generabit.
2579 1617 2597 1648 ι
2633 1597 2764 1665 Quae
2783 1576 2959 1668 prima
2976 1576 3256 1661 abierunt,
3292 1613 3311 1646 ι
3337 1591 3463 1664 quia
3492 1592 3550 1646 in
3581 1591 3854 1662 praesenti

2243 1690 2440 1747 saeculo
2493 1691 2610 1746 haec
2655 1689 2838 1746 omnia
2876 1688 3162 1744 sustinent.
3227 1685 3332 1742 Sed
3398 1699 3527 1740 cum
3575 1683 3851 1738 innovata

2241 1782 2441 1839 caelum
2482 1787 2537 1836 et
2577 1789 2719 1836 terra
2761 1779 2988 1844 fuerint,
3019 1787 3146 1835 tunc
3180 1785 3236 1833 et
3268 1775 3371 1848 ipsi
3410 1774 3578 1831 electi
3617 1774 3852 1829 innova-

545 1867 600 1922 in
662 1867 841 1939 aliqua
899 1871 1255 1941 repugnantia
1307 1871 1638 1941 possidebat.
1686 1871 1792 1929 Sed
1848 1883 2136 1945 postquam
2164 1855 2214 1916 Β
2240 1876 2463 1940 buntur,
2491 1881 2548 1930 et
2570 1887 2911 1944 nequaquam
2949 1869 3253 1942 praeteritas
3284 1868 3574 1939 passiones
3604 1867 3851 1922 sustine-

541 1957 810 2026 peccavit,
827 1958 1013 2013 statim
1039 1959 1333 2016 clamorem
1364 1977 1545 2031 pravae
1563 1963 1926 2034 suggestionis
1945 1973 2133 2020 contra

543 2061 602 2102 se
628 2057 1012 2120 exsurgentem
1041 2051 1232 2117 sensit,
1263 2051 1562 2122 vidensque
1600 2053 1885 2110 mulierem
1929 2071 2130 2112 concu-

541 2138 700 2208 pivit,
725 2139 1038 2212 factumque
1060 2151 1144 2198 est
1173 2141 1268 2198 Dei
1288 2141 1519 2213 judicio,
1546 2153 1608 2200 ut
1653 2147 1746 2217 qui
1790 2146 1962 2203 noluit
2009 2163 2132 2206 esse

541 2227 816 2299 subjectus
845 2232 975 2298 Deo,
1001 2249 1110 2289 non
1142 2244 1326 2304 posset
1353 2235 1556 2292 habere
1598 2237 1842 2294 membra
1876 2239 1981 2295 sibi
2005 2241 2132 2296 sub-

536 2317 704 2388 iecta.
754 2319 910 2378 Hunc
939 2322 1234 2381 clamorem
1264 2325 1524 2397 deinceps
1557 2327 1913 2397 sustinemus,
1945 2345 2054 2401 quo
2079 2339 2134 2387 et

2238 1965 2398 2022 bunt.

2331 2075 2350 2108 ι
2397 2057 2466 2111 Et
2491 2056 2627 2112 dixit
2660 2054 2752 2125 qui
2783 2055 3004 2111 sedebat
3032 2054 3084 2110 in
3117 2054 3332 2120 throno,
3383 2072 3401 2106 ι
3447 2053 3505 2107 id
3558 2061 3655 2107 est
3709 2050 3841 2107 Deus

2240 2147 2611 2217 omnipotens,
2645 2146 2735 2216 qui
2763 2146 3019 2216 praesidet
3039 2145 3296 2202 Ecclesia:
3317 2159 3456 2201 suae:
3482 2163 3501 2195 ι
3527 2143 3684 2198 Ecce
3715 2159 3838 2198 nova

2240 2236 2380 2295 facio
2403 2239 2609 2306 omnia,
2647 2257 2666 2290 ι
2700 2253 2764 2294 ea
2790 2238 2998 2294 scilicet
3034 2251 3158 2309 qua:
3185 2237 3434 2308 superius
3481 2235 3641 2292 dicta
3695 2243 3837 2297 sunt,

2241 2330 2384 2387 inter
2404 2345 2523 2401 quae
2547 2330 2717 2386 etiam
2743 2329 2944 2387 caelum
2974 2337 3031 2386 et
3049 2337 3202 2386 terra
3223 2329 3664 2387 innovabantur.

551 2527 3812 2570 Μ

1605 2756 2546 2901 HAYMON
2563 2760 2770 2904 IS

1648 3043 2308 3107 HALBERSTATENSIS
2351 3048 2663 3107 EPISCOPI

900 3245 1364 3408 θΡΕΒΠΜ
1469 3248 1904 3410 TERTIA

2007 3253 2352 3412 PARS.
2423 3317 2543 3346 -
2599 3252 3444 3415 ΜεθΕΙιΙιΑΝΕΑ.

1988 3551 2362 3574 ~—

1216 3706 1351 3787 DE
1401 3703 1866 3788 CORPOBE
1921 3703 2054 3783 ET
2114 3701 2641 3784 SANGUINE
2690 3701 3068 3785 DOMINI
3121 3707 3177 3772 ³.

1785 3859 1807 3922 (
1827 3858 1970 3924 Apud
1992 3857 2269 3919 lAcherlum
2283 3895 2299 3922 ,
2332 3857 2593 3924 Spiclleg.)

621 4170 732 4226 Sed
755 4166 1012 4240 quoniam
1050 4164 1211 4236 hujus
1237 4167 1490 4240 Epistolas
1528 4169 1906 4240 opportunitas
1942 4171 2127 4236 aﬁ'ert,
2159 4173 2205 4237 C
2236 4183 2457 4226 carnem
2476 4179 2533 4224 et
2553 4166 2897 4238 sanguinem.
2915 4165 3034 4222 Non
3057 4165 3205 4222 enim
3223 4165 3560 4238 impossibile
3585 4177 3674 4223 est
3690 4163 3819 4238 apud

545 4269 609 4318 ut
633 4259 838 4332 aliquid
865 4259 933 4316 de
965 4267 1118 4316 tanto
1142 4269 1484 4316 sacramento
1504 4259 1668 4316 latius
1703 4259 1934 4328 dicatur,
1957 4263 2137 4332 profe-

543 4359 700 4409 ratur
728 4351 784 4407 in
808 4349 1047 4407 medium
1083 4351 1229 4421 quod
1266 4350 1438 4422 gratia
1471 4350 1614 4407 illius
1640 4351 1892 4419 contulit,
1915 4353 2006 4423 qui
2033 4354 2136 4409 hoc

546 4450 948 4500 sacramentum
991 4441 1234 4511 corporis
1281 4441 1366 4497 sui
1407 4447 1464 4497 et
1508 4442 1787 4513 sanguinis
1809 4442 1878 4497 ad
1907 4443 2134 4498 salutem

547 4535 788 4593 ﬁdelium
827 4535 1129 4590 animarum
1173 4535 1227 4589 in
1272 4535 1434 4591 terris
1481 4535 1789 4606 relinquere
1836 4535 2036 4600 voluit,
2079 4545 2138 4590 ut

546 4629 674 4686 ﬁdei
714 4627 998 4700 integritas
1032 4627 1360 4699 propensius
1387 4627 1695 4694 roboretur,
1717 4637 1771 4684 et
1799 4627 2136 4682 credentium

546 4721 743 4778 merita
774 4719 1101 4777 cumulatius
1130 4727 1447 4790 augeantur.
1491 4717 1860 4774 Substantiam
1885 4733 2014 4790 ergo
2041 4734 2137 4789 pa-

548 4815 634 4870 nis
657 4823 712 4870 et
743 4814 878 4880 vini,
907 4828 1027 4884 qua:
1055 4828 1217 4883 super
1243 4812 1412 4868 altare
1448 4824 1749 4882 ponuntur,
1795 4811 1911 4866 ﬁeri
1941 4825 2136 4880 corpus

549 4903 752 4961 Christi
791 4912 850 4959 et
893 4903 1209 4974 sanguinem
1254 4918 1352 4973 per
1393 4903 1712 4973 mysterium
1762 4901 2057 4957 sacerdotis
2085 4907 2140 4954 et

549 4994 847 5066 gratiarum
872 4994 1160 5058 actionem,
1183 4994 1293 5048 Deo
1314 4993 1418 5048 hoc
1440 5000 1698 5061 operante
1736 4991 1914 5045 divina
1941 4991 2134 5062 gratia,

551 5097 760 5148 secreta
786 5096 1052 5158 potestate
1070 5129 1084 5155 ,
1122 5087 1521 5143 nefandissima:
1545 5085 1828 5141 dementiae
1852 5094 1936 5141 est
1962 5084 2137 5140 ﬁdeli-

551 5181 655 5236 bus
688 5177 959 5234 mentibus
985 5179 1250 5234 dubitare.
1283 5176 1568 5233 Credimus
1593 5177 1776 5246 itaque
1817 5183 1872 5230 et
1906 5174 2140 5231 ﬁdeliter

551 5269 874 5330 conﬁtemur
912 5278 967 5326 et
1008 5278 1279 5334 tenemus,
1319 5267 1463 5338 quod
1499 5267 1798 5323 substantia
1835 5265 1945 5332 illa,
1985 5267 2140 5336 panis

551 5363 760 5421 scilicet
784 5371 841 5419 et
861 5362 972 5418 vini
992 5403 1006 5429 ,
1035 5377 1134 5432 per
1162 5361 1531 5432 operationem
1572 5361 1766 5417 divinae
1796 5361 2038 5426 virtutis,
2082 5369 2140 5414 ut

547 5456 660 5525 iam
687 5458 892 5513 dictum
921 5466 1028 5521 est,
1054 5456 1108 5512 id
1132 5463 1235 5522 est,
1269 5463 1461 5508 natura
1487 5455 1641 5524 panis
1669 5467 1723 5511 et
1747 5455 1852 5510 vini
1884 5454 2138 5510 substan-

2239 4260 2686 4332 omnipotentiam
2715 4259 2912 4315 divinae
2949 4259 3178 4316 rationis
3222 4260 3280 4315 in
3306 4259 3569 4332 quidquid
3601 4261 3821 4318 voluerit

2240 4354 2516 4410 institutas
2543 4360 2756 4408 mutare
2782 4361 3026 4419 naturas,
3051 4367 3174 4408 cum
3216 4366 3324 4407 non
3352 4349 3457 4408 fuit
3493 4354 3545 4406 ei
3577 4351 3820 4422 impossi-

2240 4448 2346 4504 bile
2370 4445 2591 4504 easdem
2620 4453 2868 4511 naturas,
2889 4461 3015 4501 cum
3041 4460 3151 4502 non
3179 4443 3300 4512 fuit,
3324 4459 3393 4500 ex
3419 4443 3594 4500 nihilo
3617 4445 3824 4514 quando

2238 4538 2411 4594 voluit
2436 4538 2742 4594 instituere.
2771 4536 2908 4592 Nam
2938 4537 2984 4592 si
3010 4537 3077 4592 de
3098 4536 3267 4592 nihilo
3289 4536 3494 4606 aliquid
3525 4535 3714 4592 facere
3733 4551 3822 4606 po-

2239 4637 2374 4696 test,
2399 4637 2527 4684 tunc
2563 4627 2764 4698 aliquid
2805 4628 2984 4683 facere
3011 4643 3080 4683 ex
3123 4627 3304 4698 aliquo
3339 4643 3445 4684 non
3496 4625 3826 4696 impossibile

2236 4729 2339 4778 est.
2366 4720 2675 4778 Commutat
2700 4737 2832 4792 ergo
2854 4721 3139 4777 invisibilis
3163 4720 3418 4777 sacerdos
3432 4734 3559 4775 suas
3583 4718 3822 4775 visibiles

2239 4821 2516 4869 creaturas
2541 4812 2596 4866 in
2618 4812 2974 4868 substantiam
2999 4825 3109 4867 suae
3135 4810 3322 4866 carnis
3351 4818 3406 4864 et
3434 4809 3726 4879 sanguinis
3750 4823 3826 4863 se-

2239 4916 2388 4964 creta
2424 4913 2715 4978 potestate.
2753 4905 2814 4961 ln
2857 4921 2964 4977 quo
3001 4904 3219 4975 quidem
3257 4902 3461 4959 Christi
3500 4917 3740 4974 corpore
3779 4909 3826 4954 et

2239 4997 2500 5069 sanguine
2526 5007 2750 5069 propter
2777 4998 3106 5054 sumentium
3149 4995 3433 5050 horrorem
3472 5009 3645 5064 sapor
3679 4993 3828 5065 panis

2238 5099 2293 5148 et
2335 5090 2446 5146 vini
2489 5099 2736 5147 remanet
2763 5097 2820 5146 et
2857 5088 3050 5161 ﬁgura,
3077 5087 3508 5144 substantiarum
3551 5085 3854 5160 naturain.

2240 5198 2438 5252 corpus
2465 5181 2667 5237 Christi
2711 5190 2768 5236 et
2803 5181 3120 5253 sanguinem
3147 5179 3371 5234 omnino
3401 5192 3708 5244 conversa;
3741 5174 3828 5231 sed

2242 5272 2384 5328 aliud
2414 5271 2728 5328 renuntiant
2749 5287 2940 5328 sensus
2963 5271 3164 5336 carnis,
3197 5269 3340 5325 aliud
3376 5269 3666 5325 renuntiat
3704 5268 3831 5323 ﬁdes

2243 5363 2458 5419 mentis.
2494 5362 2695 5419 Sensus
2723 5363 2904 5420 carnis
2929 5363 3064 5418 nihil
3091 5361 3235 5417 aliud
3260 5362 3570 5417 renuntiare
3603 5370 3833 5432 possunt

2243 5471 2404 5524 quam
2430 5455 2700 5510 sentiunt:
2728 5453 3032 5510 intellectus
3055 5462 3238 5510 autem
3250 5453 3468 5518 mentis,
3496 5461 3552 5506 et
3578 5453 3726 5510 ﬁdes
3746 5466 3834 5509 vo-

555 5546 756 5604 tialiter
783 5554 1165 5603 convertantur
1189 5545 1246 5601 in
1277 5544 1439 5600 aliam
1481 5545 1863 5612 substantiam,
1891 5546 1945 5601 id
1972 5554 2055 5602 est
2081 5546 2137 5601 in
2167 5528 2216 5588 Ῑ)
2243 5561 2358 5600 rain
2384 5543 2586 5602 Christi
2612 5559 2832 5600 carnem
2859 5553 2916 5600 et
2955 5544 3274 5617 sanguinem
3306 5545 3584 5600 renuntiat
3614 5555 3678 5601 et
3703 5560 3834 5602 eon—

630 5711 655 5738 ι
684 5699 970 5773 Tractatus
999 5699 1243 5773 Aimonis
1268 5698 1382 5755 sivc
1403 5699 1714 5773 llaymonis,
1750 5703 1984 5773 episcopi
2013 5703 2140 5759 Hal-

559 5766 914 5842 berst’ateusis
934 5811 948 5833 ,
980 5769 1053 5842 de
1083 5769 1322 5842 Corpore
1348 5780 1401 5825 et
1443 5766 1714 5840 sanguine
1761 5766 1972 5828 Domini
2027 5775 2142 5842 ejus

559 5839 901 5898 sermonibus
938 5839 1324 5910 subjicieb‘atur
1367 5843 1419 5898 iu
1453 5839 1635 5899 codice
1667 5861 1766 5900 nis.
1800 5844 1982 5900 Sancti
2008 5839 2138 5900 Ger—

2246 5704 2390 5758 mani
2421 5703 2780 5768 Parisiensis,
2808 5704 2899 5760 ubi
2947 5718 3142 5759 nomen
3188 5701 3424 5756 Aimom's
3469 5708 3586 5757 crat
3645 5701 3836 5757 inscri-

2243 5783 2412 5844 ptum.
2441 5776 2618 5842 Quare
2636 5774 2767 5828 lides
2795 5791 2899 5829 non
2918 5773 3076 5829 duhia
3102 5780 3180 5829 est
3208 5772 3337 5829 illud
3356 5773 3456 5843 ipsi
3482 5771 3835 5829 tribuendum

2196 5917 2199 5920 Ι
2243 5863 2384 5910 csso,
2414 5862 2534 5900 cum
2563 5844 2746 5899 titulus
2778 5845 2828 5900 id
2859 5853 3082 5900 asserat.
