4002 6348
219 389 338 444 817

1127 388 1468 448 HISTORIA]
1511 390 1756 448 SACRE
1791 387 2108 447 EPITOME.
2147 422 2215 432 -ο-
2248 391 2635 449 ΡΒᾹΞῈΛΤΙΟ.

3383 393 3486 450 818

221 502 418 556 ﬁtetur
447 517 460 555 :
491 508 549 555 ut
575 510 724 556 tanto
760 505 930 575 magis
972 518 1224 560 coronam
1272 520 1380 560 suae
1426 505 1549 560 ﬁdei
1588 505 1814 574 recipiat
1839 508 1892 567 Α
1917 520 2070 576 grum
2093 507 2591 576 accipere;etenim
2617 522 2842 578 granum
2866 507 3032 562 tritici
3052 508 3106 562 in
3139 517 3340 564 terram
3359 524 3486 579 pro-

217 601 287 648 et
312 591 587 660 meritum,
613 601 815 662 quanto
857 595 1032 666 magis
1074 596 1247 652 credit
1288 611 1356 652 ex
1405 596 1636 665 integro,
1668 596 1811 665 quod

217 680 455 736 omnino
482 689 747 738 remotum
770 690 856 739 est
882 699 915 739 a
942 684 1191 742 sensibus
1216 686 1416 742 carnis.

299 772 371 828 Et
396 774 690 830 notandum
715 776 860 845 quod
895 776 1052 848 panis
1086 776 1179 832 ille
1211 785 1460 834 sacratus
1484 786 1540 834 et
1567 777 1707 834 calix
1742 777 1812 834 si-

215 875 334 932 gna
359 861 634 917 dicuntur.
665 860 786 918 Non
822 871 1005 919 autem
1042 866 1146 921 hoc
1179 873 1442 936 quantum
1482 866 1552 920 ad
1587 881 1808 922 carnem

216 953 432 1009 Christi
459 962 515 1008 et
540 955 856 1026 sanguinem
894 957 1267 1028 accipiendum
1290 966 1376 1013 est
1403 977 1416 1012 :
1457 959 1602 1029 quod
1629 966 1806 1014 tamen

215 1045 447 1117 quidam
467 1061 654 1102 errore
678 1048 928 1104 sensibus
953 1049 1134 1105 carnis
1161 1049 1380 1105 omnino
1419 1049 1603 1116 dediti,
1629 1057 1808 1104 mente

215 1136 414 1190 caecati
439 1135 786 1194 stolidissime
814 1147 1034 1209 putant;
1062 1138 1174 1208 jam
1203 1140 1345 1195 enim
1383 1155 1578 1212 corpus
1605 1140 1805 1196 Christi

211 1233 278 1280 et
315 1228 538 1298 sanguis
573 1243 683 1284 non
719 1239 919 1285 essent.
950 1229 1162 1285 Nullum
1203 1231 1416 1303 signum
1436 1241 1521 1288 est
1555 1231 1687 1287 illud
1712 1247 1806 1288 cu-

207 1315 310 1386 jus
344 1327 430 1373 est
454 1317 690 1390 signum,
714 1334 814 1376 nec
849 1336 936 1377 res
973 1320 1151 1390 aliqua
1188 1321 1270 1376 sui
1304 1321 1474 1391 ipsius
1503 1321 1700 1377 dicitur
1737 1321 1808 1378 si-

213 1423 409 1478 gnum,
454 1409 550 1465 sed
602 1409 844 1466 alterius.
875 1410 945 1467 Et
988 1411 1209 1468 omnino
1255 1427 1416 1468 omne
1461 1412 1694 1483 signum,
1746 1412 1804 1467 in

213 1507 483 1569 quantum
505 1514 630 1556 esse
648 1501 861 1572 signum
882 1503 1321 1572 deprehenditur,
1337 1503 1605 1559 diversum
1629 1511 1714 1558 est
1735 1503 1804 1558 ab

211 1605 286 1646 eo
317 1591 461 1661 quod
508 1591 797 1664 signiﬁcat.
835 1591 1044 1664 Corpus
1077 1608 1206 1665 ergo
1241 1593 1440 1649 Christi
1484 1601 1539 1648 et
1581 1593 1804 1664 sanguis

215 1691 623 1738 sacramentum
659 1684 930 1750 dicuntur,
961 1685 1016 1740 id
1055 1692 1141 1740 est
1177 1699 1390 1741 sacrum
1425 1684 1660 1756 signum,
1691 1698 1800 1740 non

217 1773 308 1828 sui
343 1773 534 1844 ipsius,
575 1782 634 1828 ut
669 1775 1003 1844 praimissum
1043 1783 1128 1831 est
1163 1785 1220 1830 et
1251 1776 1557 1845 probatum,
1598 1775 1694 1830 sed
1730 1775 1801 1830 ad

1904 597 2110 668 jectum
2157 605 2212 652 ct
2255 605 2558 664 mortuum,
2610 598 2803 653 iterum
2845 612 3132 668 resurgens
3179 599 3235 653 in
3277 597 3485 655 fructus

1913 687 2409 758 multiplicationem
2431 729 2446 754 ,
2476 697 2646 744 totum
2674 703 2794 744 esse
2819 703 3042 745 necesse
3070 697 3154 745 est
3177 691 3234 745 in
3259 691 3485 763 singulis

1911 779 2094 850 granis
2128 779 2196 834 ab
2222 793 2288 834 eo
2309 779 2622 849 progenitis.
2659 778 2772 834 Hoc
2802 778 2906 834 nisi
2934 779 3144 835 ratione
3172 787 3482 846 teneamus,

1911 869 2041 940 quid
2068 868 2185 924 ﬁeri
2212 876 2394 938 posset
2417 875 2564 923 tanta
2591 876 2807 939 tamque
2834 869 3018 925 multis
3039 869 3324 926 diminutio
3358 886 3484 941 par-

1909 958 2066 1023 tium,
2120 967 2180 1011 ut
2212 972 2282 1012 ex
2319 957 2544 1028 singulis
2586 957 2835 1028 partibus
2882 958 3025 1014 illius
3074 961 3228 1030 grani
3277 961 3484 1033 singula

1908 1047 2276 1103 formarentur
2294 1063 2480 1119 grana.
2530 1048 2683 1115 Quod
2719 1049 2765 1103 si
2802 1051 3142 1122 nosmetipsos
3164 1053 3485 1122 dijudicare-

1908 1157 2058 1205 mus,
2093 1140 2147 1195 id
2185 1149 2286 1206 est,
2311 1141 2699 1196 discuteremus
2745 1148 2800 1196 et
2835 1143 3269 1199 examinaremus
3319 1146 3484 1200 vitam

1907 1241 2148 1287 nostram
2173 1273 2188 1297 ,
2233 1241 2412 1287 utrum
2461 1233 2605 1304 digni
2644 1247 2887 1289 essemus
2939 1249 3142 1301 necne;
3184 1245 3238 1292 et
3282 1237 3327 1292 si
3362 1253 3488 1293 nos-

1906 1325 2165 1394 metipsos
2189 1333 2242 1378 et
2265 1339 2478 1381 errores
2503 1332 2717 1380 nostros
2740 1324 3152 1395 corrigeremus.
3182 1344 3286 1381 non
3312 1329 3487 1398 utique

1905 1416 2355 1486 dijudiearemur;
2398 1416 2451 1471 id
2500 1425 2584 1472 est
2625 1431 2731 1472 non
2781 1417 3162 1472 damnaremur
3197 1433 3228 1472 a
3273 1417 3487 1475 Christo

1905 1522 2080 1577 neque
2123 1508 2178 1562 in
2223 1507 2327 1562 hoc
2367 1507 2596 1574 saeculo,
2627 1522 2802 1578 neque
2845 1507 2901 1562 in
2937 1505 3140 1563 futuro.
3169 1507 3310 1563 Dum
3335 1510 3488 1580 judi-

1905 1614 2090 1652 camur
2129 1607 2305 1652 autem
2344 1599 2398 1652 in
2426 1599 2612 1669 paucis
2634 1639 2650 1663 ,
2700 1598 2756 1652 in
2785 1597 2891 1653 illis
2931 1596 3184 1653 videlicet
3207 1600 3299 1668 qui
3336 1599 3487 1655 inﬁr—

1906 1697 2124 1744 mantur
2161 1698 2215 1744 et
2260 1688 2569 1744 febricitant
2603 1689 2658 1743 in
2688 1688 2790 1744 hoc
2828 1689 3083 1758 praesenti
3122 1696 3397 1759 tempore,
3431 1697 3484 1743 et

1905 1779 1962 1834 in
1993 1779 2098 1835 illis
2138 1781 2301 1834 etiam
2333 1781 2424 1850 qui
2456 1780 2790 1846 moriuntur,
2822 1797 2855 1834 ιι
2883 1779 3106 1834 Domino
3149 1780 3482 1850 corripimur,

211 1863 625 1921 similitudinem
648 1867 972 1921 sumentium
1000 1880 1188 1921 revera
1205 1867 1360 1938 signa
1378 1867 1629 1922 dicuntur
1653 1883 1665 1918 :
1691 1867 1800 1922 sic-
1826 1859 1878 1920 B
1905 1879 1962 1927 et
1990 1870 2319 1940 ﬁagellamur
2350 1886 2578 1941 corpore
2603 1885 2700 1942 per
2733 1870 2855 1926 illos
2873 1910 2888 1936 ,
2916 1879 2972 1924 ut
3002 1871 3102 1939 ipsi
3134 1870 3328 1925 timore
3362 1883 3486 1938 per-

210 1961 277 2008 ut
313 1954 461 2010 enim
499 1955 676 2025 panis,
708 1956 802 2026 qui
843 1965 1088 2012 sacratus
1126 1956 1187 2012 ﬁt
1223 1971 1417 2027 corpus
1449 1955 1682 2023 Christi,
1732 1970 1802 2012 ex

213 2043 403 2100 multis
438 2047 623 2117 granis
657 2045 719 2101 ﬁt
754 2062 894 2102 unus
935 2048 1089 2118 panis
1111 2089 1126 2113 ,
1164 2056 1220 2104 et
1254 2057 1412 2118 potus
1436 2047 1526 2102 ille
1563 2048 1654 2119 qui
1678 2063 1803 2103 san-

213 2137 488 2194 ctiﬁcatus
521 2137 753 2195 eﬁieitur
790 2140 1013 2211 sanguis
1039 2139 1274 2206 Christi,
1313 2155 1384 2195 ex
1421 2140 1605 2196 multis
1630 2141 1804 2196 acinis

211 2231 278 2286 ﬁt
306 2246 448 2287 unus
483 2239 672 2302 potus:
722 2232 802 2288 sic
842 2246 1032 2288 omnes
1068 2231 1229 2303 digne
1265 2240 1542 2287 sumentes
1577 2232 1682 2286 hoc
1716 2245 1804 2286 sa-

213 2329 557 2378 cramentum
586 2336 654 2378 ex
690 2322 877 2379 multis
911 2338 1080 2378 unum
1108 2338 1306 2393 corpus
1343 2323 1396 2378 in
1432 2322 1651 2379 Christo
1690 2321 1801 2378 elli-

213 2412 453 2468 ciuntur.
494 2412 731 2469 Possunt
767 2422 822 2470 et
859 2414 1017 2469 aliter
1043 2428 1241 2484 corpus
1267 2412 1467 2470 Christi
1491 2424 1547 2470 et
1584 2407 1802 2484 sanguis

212 2504 368 2575 signa
431 2507 736 2573 nominari,
777 2508 920 2577 quod
971 2507 1358 2563 manducamus
1403 2517 1460 2562 et
1502 2506 1560 2562 in
1606 2521 1802 2576 corpus

210 2594 415 2674 Christi
468 2605 714 2652 nostrum
759 2597 1058 2666 trajicimus
1083 2639 1098 2665 ,
1150 2597 1381 2667 quodam
1435 2597 1596 2652 modo
1645 2596 1802 2651 nobis

211 2689 552 2761 incorporari
573 2691 786 2746 videtur
811 2701 868 2746 et
894 2692 1058 2747 uniri.
1089 2691 1371 2763 Signiﬁcat
1395 2706 1523 2761 ergo
1553 2677 1658 2745 hoc
1679 2704 1800 2745 cor-

212 2779 414 2850 poralis
438 2790 494 2836 et
519 2781 830 2851 temporalis
852 2783 1036 2838 carnis
1071 2782 1275 2838 Christi
1313 2792 1368 2837 et
1407 2781 1688 2852 sanguinis
1708 2796 1799 2837 co-

215 2872 410 2927 mestio
433 2880 489 2928 et
513 2873 899 2944 incorporatio,
931 2874 1076 2928 illam
1104 2875 1608 2946 aeternaelsocietatis
1631 2882 1688 2929 et
1711 2889 1798 2929 re-

212 2961 463 3018 fectionis
499 2964 761 3020 visionem
800 2964 1098 3034 spiritalem
1134 2973 1190 3020 et
1227 2966 1649 3035 sempiternam,
1688 2981 1797 3036 qua

212 3055 263 3110 ei
309 3055 776 3126 incorporabimur
829 3066 884 3113 et
917 3059 1168 3113 unicmur
1205 3058 1259 3112 in
1309 3057 1522 3127 futuro,
1563 3060 1644 3116 sic
1677 3061 1796 3116 sine

214 3144 322 3200 ﬁne
346 3161 470 3202 cum
499 3163 565 3203 eo
589 3149 932 3218 permansuri
959 3165 976 3204 :
1006 3151 1074 3205 ad
1102 3151 1246 3221 quod
1273 3166 1372 3206 nos
1395 3152 1614 3222 perduci
1641 3167 1798 3223 posse

214 3235 420 3307 integra
464 3211 607 3306 ﬁde,
649 3238 818 3295 alacri
847 3253 971 3311 spe,
998 3211 1244 3312 ﬂagranti
1285 3211 1550 3297 charitate
1595 3211 1800 3312 piaesu—
1826 3211 1871 3274 Ο

217 3327 471 3383 mendum
500 3337 603 3387 est.

291 3417 404 3475 Hoc
435 3435 650 3491 quoque
693 3422 828 3478 ﬁdes
874 3423 1200 3480 sumentium
1247 3426 1349 3481 hoc
1397 3435 1795 3482 sacramentum

218 3510 444 3566 ﬁrmiter
489 3521 677 3568 tenere
737 3514 931 3581 debet,
997 3516 1529 3586 quantulumcunque
1585 3533 1802 3574 sumere

222 3603 466 3659 videatur
513 3605 580 3662 de
622 3607 727 3662 hoc
762 3617 1133 3676 sacramento,
1181 3624 1378 3680 corpus
1426 3609 1660 3677 Christi,
1695 3625 1801 3666 non

217 3708 314 3764 per
343 3703 526 3764 partes
553 3696 785 3753 divisum
811 3706 868 3754 et
891 3708 1230 3769 separatum,
1277 3701 1372 3756 sed
1410 3702 1632 3757 omnino
1660 3701 1800 3757 inte-

1907 1962 2120 2028 territi,
2163 1978 2268 2016 non
2304 1962 2615 2017 damnemur
2638 1961 2965 2017 aeternaliter
2995 1977 3112 2015 cum
3150 1962 3248 2018 hoc
3286 1961 3484 2015 mundo

1907 2050 1960 2121 (Ι
1984 2048 2104 2104 Cor.
2135 2065 2212 2116 χι,
2238 2051 2329 2120 51)
2353 2091 2369 2116 ,
2395 2050 2448 2105 id
2472 2057 2557 2106 est
2579 2065 2701 2105 cum
2729 2049 3036 2106 inﬁdelibus
3061 2058 3117 2105 et
3151 2050 3486 2105 amatoribus

1905 2141 2092 2195 mundi
2127 2159 2140 2194 :
2174 2140 2309 2196 nihil
2329 2141 2472 2195 enim
2496 2141 2658 2196 distat
2690 2142 2758 2196 ab
2787 2139 3020 2207 inﬁdeli,
3051 2140 3144 2211 qui
3175 2139 3482 2196 irreveren-

1907 2238 2009 2294 ter,
2039 2245 2162 2286 cum
2192 2231 2264 2285 sit
2297 2231 2548 2286 omnibus
2572 2232 2808 2301 peccatis
2841 2231 3210 2287 criminalibns
3239 2246 3482 2287 comma-

1905 2319 2147 2386 culatus,
2174 2321 2240 2376 ad
2261 2335 2501 2377 mensam
2532 2322 2744 2376 Domini
2775 2323 3050 2392 praesumit
3076 2321 3335 2378 accedere
3357 2325 3486 2379 :sed

1903 2411 2083 2480 potius
2105 2410 2344 2465 deterior
2372 2419 2455 2466 est
2483 2409 2602 2477 illo,
2625 2420 2680 2465 et
2704 2411 2896 2480 majori
2926 2425 3086 2481 pmna
3109 2410 3334 2480 dignus;
3359 2411 3487 2480 quia

1903 2501 2088 2556 melius
2127 2510 2200 2555 est
2242 2502 2377 2556 viam
2404 2503 2636 2556 veritatis
2676 2517 2780 2556 non
2823 2518 3148 2574 cognoscere,
3185 2519 3346 2574 quam
3371 2515 3486 2573 post

1903 2595 2249 2665 cognitionem
2270 2605 2552 2650 retrorsum
2577 2595 2719 2649 abire
2747 2593 2831 2666 (Il
2861 2592 3008 2649 Petr.
3033 2611 3094 2662 it,
3124 2595 3238 2665 21).
3273 2594 3484 2666 Itaque,

1903 2683 2093 2752 fratres
2131 2685 2255 2750 mei,
2282 2686 2636 2740 convenientes
2657 2684 2726 2738 ad
2749 2685 3175 2740 manducandum
3203 2700 3402 2756 corpus
3423 2695 3483 2741 et

1902 2777 2216 2847 sanguinem
2245 2775 2448 2832 Christi
2477 2778 2533 2832 in
2556 2777 2808 2844 ecclesia,
2839 2778 3063 2832 invicem
3084 2787 3397 2849 exspectate,
3423 2785 3489 2832 ut

1903 2868 2196 2923 multorum
2223 2869 2424 2925 oblatio
2453 2869 2612 2924 simul
2655 2869 2980 2937 celebretur,
3025 2878 3080 2925 et
3117 2885 3307 2926 omnes
3335 2884 3485 2925 com-

1901 2960 2138 3015 muniter
2164 2976 2231 3016 ex
2259 2966 2367 3016 uno
2389 2977 2529 3031 pane
2552 2962 2976 3028 communicate;
3013 2963 3138 3032 quia
3167 2962 3258 3018 illa
3280 2962 3484 3018 oblatio

1899 3066 2040 3108 unus
2059 3052 2216 3122 panis
2244 3062 2358 3119 est,
2389 3063 2444 3108 et
2466 3053 2768 3109 communis
2793 3053 2953 3109 debet
2987 3068 3106 3108 esse
3129 3053 3400 3108 omnibus.
3418 3053 3483 3109 Si

1899 3143 2016 3213 quis
2047 3146 2207 3198 esurit
2229 3146 2371 3199 domi
2405 3145 2714 3211 manducet,
2743 3145 2799 3199 id
2832 3153 2916 3200 est
2941 3145 3034 3214 qui
3061 3145 3349 3214 impatiens
3377 3153 3484 3210 est,

1904 3252 2004 3291 nec
2041 3239 2158 3292 vult
2189 3239 2436 3308 jejunare
2476 3255 2598 3294 cum
2639 3223 2882 3305 caeteris,
2919 3239 3064 3294 domi
3105 3247 3320 3294 terreno
3347 3253 3486 3310 pane

1903 3339 2174 3385 vescatur.
2215 3328 2282 3384 Ut
2311 3347 2415 3384 non
2456 3332 2512 3384 in
2543 3331 2808 3400 judicium
2829 3330 3163 3396 conveniatis,
3192 3330 3246 3384 id
3280 3339 3384 3396 est,
3417 3345 3486 3386 ne

1904 3439 2101 3494 corpus
2133 3423 2336 3480 Christi
2363 3422 2860 3495 reprehensibiliter
2883 3421 3194 3492 percipiatis
3231 3423 3301 3476 ad
3336 3423 3486 3477 dam-

1904 3519 2179 3575 nationem
2223 3525 2478 3572 vestram.
2515 3517 2717 3572 Caetera
2759 3526 2934 3571 autem
2957 3555 2973 3580 ,
3005 3515 3326 3570 subauditur
3365 3530 3485 3584 qua:

1904 3617 2112 3664 restant
2156 3608 2491 3671 inordinata,
2537 3623 2657 3661 cum
2689 3623 2894 3672 venero,
2937 3606 3208 3676 disponam
3263 3604 3313 3675 (Ι
3359 3603 3483 3659 Cor.

1903 3715 1981 3765 χι,
1997 3697 2107 3769 55).

225 3852 3474 3890 Μ

1278 4035 2215 4181 HAYMON
2228 4036 2434 4179 IS

1342 4301 2004 4359 HALBERSTATENSIS
2064 4301 2372 4360 EPISCOPI

487 4480 1446 4640 HISTORUE
1561 4480 2216 4642 SACR/E
2326 4483 3243 4685 EPITOME,

1782 4730 1921 4776 BIVE
3557 4759 3563 4764 -

1046 4836 1150 4896 DE
1204 4833 1864 4899 CHRISTIANARUM
1917 4831 2194 4894 RERUM
2248 4831 2653 4909 MEMORIA,
3453 4816 3479 4858 ·¹

1425 4976 1742 5050 LIBRI
1824 4973 2217 5046 DECEM.

1057 5105 1154 5169 (Ex
1177 5108 1401 5160 editione
1431 5108 1540 5158 data
1571 5106 1782 5158 Coloniae
1822 5116 1948 5155 anno
1975 5103 2097 5154 1600
2127 5102 2250 5167 apud
2279 5105 2391 5156 Ant.
2418 5104 2609 5158 Hierat.
2634 5108 2654 5170 )

1241 5293 1817 5374 .HAYMONIS
1877 5292 2433 5371 PR/EFATIO.
2511 5367 2514 5371 .

295 5540 561 5608 Quantum
603 5541 934 5611 eruditionis,
973 5553 1225 5616 quantum
1262 5545 1563 5601 divinarum
1604 5555 1653 5602 et
1695 5547 1792 5601 hu-
1821 5549 1874 5609 1)
1899 5559 2014 5597 mus
2055 5541 2233 5612 ﬁdem.
2302 5536 2368 5592 Ut
2414 5539 2552 5593 enim
2595 5554 2710 5594 eam
2754 5536 2978 5594 breviter
3015 5536 3436 5617 commendemus
3465 5579 3480 5603 ,

225 5648 500 5688 manarum
541 5650 714 5689 rerum
756 5635 955 5689 notitia:
995 5637 1079 5705 pie
1118 5634 1401 5706 legentibus
1442 5636 1795 5696 ecclesiastica

229 5727 456 5797 conferat
497 5728 736 5794 historia,
765 5737 957 5784 nostra:
983 5728 1082 5798 fuit
1115 5730 1447 5798 experientiae
1467 5747 1795 5802 cognoscere,

230 5821 316 5890 qui
343 5838 480 5891 sa'pe
519 5839 656 5886 eam,
686 5839 748 5876 ac
788 5822 1017 5877 studiose
1057 5821 1292 5893 legendo,
1332 5823 1472 5877 vobis
1507 5825 1632 5892 ipsis
1675 5823 1797 5893 feci-

1903 5654 2078 5692 rerum
2121 5637 2184 5689 ab
2210 5636 2359 5690 initio
2398 5645 2662 5707 gestarum
2698 5635 2875 5690 edocet
2900 5633 3189 5695 veritatem,
3227 5632 3338 5700 pios
3373 5634 3484 5702 pri-

1903 5732 2096 5786 mitiva:
2120 5729 2371 5786 Ecclesiae
2390 5741 2538 5785 actus
2559 5729 2817 5794 edisserit,
2841 5728 3069 5781 virorum
3093 5724 3308 5796 fortium
3339 5736 3484 5796 gesta

1906 5821 2171 5885 describit,
2217 5831 2504 5891 martyrum
2545 5822 2701 5876 sudat
2729 5835 2941 5888 agones,
2978 5815 3332 5884 confessorum
3374 5832 3484 5874 nu-
