4002 6348
170 466 288 523 82!

1153 464 1495 523 HISTORUE
1537 465 1783 522 SACRIE
1824 466 2138 523 EPITOME.
2181 499 2249 509 --
2282 468 2411 524 LIB.
2447 469 2489 524 1.

3338 448 3444 516 8'22

168 581 377 637 stolati
397 623 410 647 ,
438 592 663 657 propter
690 570 1389 659 pmpinquitatem’generis
1417 581 1613 638 Christi
1634 623 1649 648 ,
1677 580 1770 653 qui
1798 585 1850 645 Α
1875 584 2047 651 chias,
2088 582 2287 641 Herodi
2314 583 2519 659 juniori
2552 583 2730 649 fratri,
2769 579 3192 659 cum‘Pltilippo,
3230 587 3286 636 et
3315 594 3442 641 cum

166 681 235 727 et
282 673 694 742 generationem
730 670 857 741 ejus
896 672 1241 745 docuerunt,
1291 673 1587 731 secundum
1629 672 1774 745 quod

165 763 610 837 Evangeliorum
639 765 841 825 veritas
869 766 1055 827 habet.

838 895 1013 939 ωηα-
1051 896 1129 939 VI.

652 992 732 1049 De
758 994 988 1049 vindicta
1014 993 1112 1048 Dei
1145 996 1200 1049 in
1228 1009 1309 1050 eo.

254 1104 668 1179 (Euseb.,lib.t,
700 1109 813 1175 c.8,
839 1109 977 1165 Hist.
1008 1111 1227 1177 eccles.;
1258 1111 1505 1182 Niceplt.,
1538 1108 1628 1164 lib.
1652 1126 1691 1175 ι,
1721 1125 1769 1163 c.

170 1194 237 1248 Η
257 1194 299 1267 .)
323 1195 493 1267 Igitur
516 1213 612 1268 pro
631 1199 910 1270 sacrilegio
938 1203 1080 1270 quod
1099 1203 1151 1256 in
1185 1201 1518 1255 Salvatorem
1548 1202 1771 1272 ejusque

167 1308 400 1348 coaevos
428 1295 798 1362 commiserat,
829 1296 1097 1351 Herodem
1128 1297 1260 1351 ultio
1288 1297 1466 1353 divina
1496 1312 1618 1351 mox
1647 1312 1774 1367 per-

168 1396 349 1458 urget
390 1385 673 1457 (Iosephus
722 1388 774 1442 in
816 1388 902 1455 18,
953 1389 1335 1456 Antiquitatum
1382 1388 1527 1459 lib.).
1580 1388 1773 1459 Incipit

171 1477 433 1548 ter-queri
473 1479 705 1534 mirabili
750 1488 804 1534 et
848 1479 1141 1537 miserabili
1185 1480 1398 1544 dolore,
1449 1479 1677 1534 interius
1719 1487 1775 1534 et

169 1569 431 1626 exterius
458 1571 706 1647 aduritur
735 1572 1008 1637 incendio,
1040 1572 1324 1627 nimietate
1352 1571 1489 1642 gulae
1518 1580 1572 1627 et
1600 1571 1772 1625 avidi-

172 1668 298 1714 tate
336 1659 442 1714 cibi
479 1660 818 1724 distenditur,
869 1661 1009 1731 pube
1052 1670 1207 1715 tenus
1251 1660 1464 1715 inﬂatus
1504 1661 1648 1715 circa
1678 1675 1771 1713 ve-

172 1750 357 1804 renda
399 1760 572 1805 scatet
608 1753 879 1806 vermibus
920 1751 1106 1824 (Idem
1134 1753 1187 1806 in
1222 1769 1259 1807 lt
1281 1752 1418 1823 lib.).
1465 1751 1651 1807 Visum
1684 1760 1770 1807 est

174 1851 372 1896 autem
407 1843 630 1897 medicis
659 1852 717 1899 ut
744 1844 864 1899 oleo
890 1844 1066 1898 calido
1092 1844 1501 1910 fomentaretur,
1533 1857 1764 1913 cumque

173 1933 233 1988 in
291 1934 410 2005 ipso
456 1933 693 1992 fomento
742 1937 1015 2008 depositus
1053 1946 1230 2001 esset,
1272 1936 1348 1990 ita
1383 1935 1651 1990 resolutus
1683 1941 1767 1989 est
1795 1942 1843 2003 Β

172 2028 439 2081 omnibus
464 2029 740 2095 membris,
771 2039 827 2083 ut
852 2029 997 2085 oculi
1023 2030 1188 2083 etiam
1216 2029 1315 2099 ipsi
1346 2044 1377 2084 e
1406 2029 1519 2084 suis
1548 2028 1767 2083 sedibus

175 2119 551 2175 solverentur.

827 2247 999 2286 CAPUT
1032 2246 1129 2285 VII.

179 2341 266 2396 De
294 2341 499 2411 famosa
529 2342 787 2414 nequitia,
827 2360 985 2414 quam
1025 2344 1081 2398 in
1117 2352 1284 2397 morte
1310 2359 1407 2398 sua
1435 2344 1768 2415 perpetravit.

206 2493 219 2502 .
261 2452 521 2525 (Joseph.,
553 2454 641 2508 lib.
668 2470 803 2523 xvu,
835 2472 881 2509 c.
906 2455 985 2526 5.)
1008 2456 1085 2510 Ex
1110 2456 1238 2510 hinc
1262 2453 1559 2524 ferturjam
1584 2456 1773 2525 despe-

86 2550 100 2562 '
184 2561 320 2600 rans
343 2546 396 2599 in
422 2545 628 2602 facinus
646 2547 1000 2603 exsecrabile.
1035 2546 1169 2601 Nam
1197 2548 1491 2602 accersitos
1522 2547 1587 2600 ad
1620 2563 1677 2601 se
1704 2564 1770 2602 ex

182 2636 335 2690 omni
364 2635 545 2690 Iudaea
593 2637 826 2703 nobiles,
874 2646 928 2692 et
969 2639 1024 2692 in
1071 2637 1189 2692 loco
1218 2639 1307 2708 qui
1340 2638 1539 2692 dicitur
1570 2637 1771 2707 Hippo-

184 2728 413 2782 dromus
444 2728 702 2793 reclusos,
728 2729 786 2783 in
820 2730 952 2783 hora
982 2729 1172 2784 mortis
1199 2745 1309 2783 suae
1341 2727 1571 2783 interfici
1592 2726 1768 2796 jubet,

188 2818 243 2872 in
266 2819 370 2873 hoc
386 2819 565 2888 ipsum
588 2818 851 2873 militibus
870 2819 1183 2890 prmparatis
1205 2827 1256 2872 et
1278 2818 1453 2888 pretio
1468 2818 1771 2882 conductis,

186 2916 247 2963 ut
261 2909 340 2964 sic
352 2908 539 2964 saltem
556 2908 810 2980 lugubres
824 2910 1053 2965 haberet
1071 2910 1355 2979 exsequias
1372 2928 1385 2963 :
1407 2910 1608 2964 sciebat
1625 2908 1769 2965 enim

188 3001 403 3059 Judteos
426 3002 492 3058 de
518 3018 613 3059 sua
642 3013 817 3059 morte
842 3005 1140 3074 gavisuros.

816 3130 986 3170 CAPUT
1023 3131 1121 3171 VIII

545 3230 703 3305 Quod
736 3240 839 3286 tres
868 3230 1009 3303 ﬁlios
1044 3247 1166 3285 suos
1200 3230 1409 3285 occidit.

252 3344 544 3417 (licitam,
556 3345 646 3401 lib.
662 3361 713 3403 ,ιι
745 3342 982 3410 Setina,
997 3360 1045 3399 c.
1060 3344 1142 3415 4.)
1166 3344 1288 3412 Qui,
1302 3345 1462 3416 paulo
1481 3353 1770 3417 antequam

193 3446 517 3503 meretur,
559 3446 691 3509 post
732 3438 866 3494 duos
900 3436 1019 3506 iam
1071 3444 1295 3497 necatos
1343 3436 1499 3502 tilios,
1550 3437 1770 3492 tertium

193 3529 359 3583 lilium
378 3527 617 3601 iugulari
644 3530 919 3601 praecepit.
942 3527 1172 3599 Impius,
1200 3528 1492 3599 parricida,
1515 3545 1636 3584 cum
1657 3530 1771 3599 jam

191 3621 393 3675 exitum
418 3623 545 3677 trima
568 3622 762 3678 adesse
789 3622 1069 3687 sensisset,
1097 3621 1241 3677 malo
1264 3630 1509 3690 accepto,
1539 3620 1771 3676 cultrum

193 3712 438 3783 poposcit
450 3711 686 3783 (solebat
709 3714 853 3769 enim
881 3714 960 3769 sic
982 3727 1079 3782 per
1103 3713 1451 3783 semetipsum
1487 3722 1771 3782 purgatum
1789 3764 1808 3787 ,

194 3812 612 3872 minimaeque
636 3803 865 3861 incisum
892 3804 1098 3876 edere).
1134 3803 1285 3861 Tunc
1315 3804 1772 3873 circumspectans

196 3907 264 3948 ne
288 3895 571 3962 quistesuet
592 3895 684 3965 qui
711 3910 834 3951 eum
856 3896 1190 3965 prohiberet,
1213 3894 1443 3951 elevavit
1468 3894 1770 3969 dexteram,

194 3991 250 4040 et
276 3984 330 4040 in
361 3986 705 4055 semetipsum
731 3986 964 4043 vibravit
989 3987 1175 4047 ictum.
1209 3985 1309 4042 Hic
1335 3994 1516 4041 autem
1542 3984 1773 4041 Herodis

190 4079 403 4135 exstitit
428 4079 574 4137 linis.

826 4184 1012 4231 'C‘PUT
1046 4187 1125 4226 ιχ.

787 4281 864 4337 De
900 4283 1177 4338 Archelao.

268 4393 502 4466 (Euseb.,
547 4411 594 4450 ο.
659 4395 726 4450 10
778 4395 949 4466 ejusd.
998 4395 1112 4467 lib.)
1168 4395 1296 4450 Post
1341 4395 1487 4450 hunc
1532 4394 1775 4465 regnavit

200 4484 510 4551 Archelaus,
561 4492 714 4556 patre
758 4500 858 4541 suo
900 4484 1138 4550 Herode,
1181 4493 1238 4539 et
1280 4484 1493 4539 Caesare
1530 4483 1774 4553 Augusto

203 4577 642 4647 adjudicantibus,
675 4578 765 4648 qui
806 4584 929 4648 post
957 4577 1142 4632 decem
1172 4591 1343 4631 annos
1377 4585 1598 4646 propter
1625 4574 1769 4629 inso-

1874 674 2124 749 Lysania.

2522 783 2693 824 CAPUT
2729 784 2782 822 Χ.

2283 883 2360 939 De
2387 882 2614 953 Herode,
2643 883 2756 954 ﬁlio
2782 880 3029 943 Herodis.

1942 997 2135 1069 (Idem,
2164 1016 2209 1053 c.
2234 999 2302 1053 15
2322 998 2490 1068 ejusd.
2513 997 2629 1069 lib.)
2661 1010 2686 1038 ει
2717 996 2819 1053 Hic
2841 1007 3022 1053 autem
3067 995 3311 1057 Herodes
3339 998 3442 1056 mi.

1874 1105 1994 1154 nor,
2034 1092 2185 1149 brevi
2227 1090 2513 1159 interjecto
2534 1098 2814 1159 tempore,
2854 1088 3114 1145 Joannem
3142 1091 3441 1160 Baptistam

1874 1178 2050 1251 capite
2078 1180 2258 1249 punit,
2288 1180 2462 1234 virum
2492 1179 2645 1235 valde
2660 1180 2871 1235 bonum
2895 1181 2945 1246 ι),
2981 1182 3073 1251 qui
3098 1180 3449 1251 prmeipiebat

1875 1268 2072 1325 Iudaeis
2099 1269 2289 1323 virtuti
2309 1283 2472 1338 opera
2509 1268 2673 1334 dare,
2713 1266 2978 1337 justitiam
3009 1269 3150 1324 inter
3175 1285 3232 1324 se
3259 1277 3442 1325 custo-

1875 1360 2009 1425 dire,
2038 1369 2091 1414 et
2122 1360 2174 1413 in
2202 1359 2371 1413 Deum
2400 1373 2621 1414 servare
2648 1359 2923 1428 pietatem,
2965 1373 3064 1427 per
3090 1361 3354 1430 baptisma
3390 1360 3444 1417 in

1874 1469 2038 1507 unum
2064 1452 2374 1516 convenire,
2402 1461 2508 1506 tam
2538 1451 2605 1506 ad
2634 1451 2896 1532 abluenda
2922 1462 3162 1520 peccata,
3189 1468 3347 1524 quam
3379 1451 3449 1506 ad

1874 1544 2244 1599 castimoniam
2271 1534 2595 1613 corporiset
2620 1543 2812 1597 animae
2837 1541 3176 1597 servandam.

2515 1668 2687 1710 cum
2724 1670 2801 1723 xi.

2330 1763 2438 1821 Cur
2458 1765 2715 1820 Joannem
2741 1764 2989 1835 punierit.

1945 1878 2126 1945 llunc,
2164 1878 2383 1947 inquam
2403 1918 2418 1943 ,
2450 1878 2628 1947 capite
2655 1878 2840 1947 punit,
2871 1892 2968 1945 pro
2996 1891 3061 1931 eo
3089 1877 3229 1945 quod
3263 1876 3450 1946 objur-

1871 1971 2101 2040 gabatur
2135 1970 2203 2025 ab
2234 1984 2298 2024 eo
2329 1970 2394 2024 de
2421 1968 2747 2030 Herodiade,
2780 1982 2941 2036 quam
2973 1967 3267 2021 abstulerat
3293 1967 3451 2023 fratri

1869 2079 1965 2118 suo
1992 2063 2257 2132 Philippo,
2288 2062 2524 2131 legitima
2555 2075 2725 2115 uxore
2751 2060 3001 2128 depulsa;
3046 2068 3101 2113 et
3142 2061 3267 2129 quia
3298 2075 3451 2115 vere-

1867 2155 2047 2220 batur,
2076 2164 2298 2224 propter
2323 2153 2620 2207 doctrinam
2646 2144 2793 2221 ejus,
2812 2149 3072 2221 plurimos
3100 2166 3129 2203 a
3158 2165 3254 2203 suo
3281 2164 3447 2220 regno

1868 2242 2166 2306 discedere.
2221 2241 2345 2300 Sola
2388 2245 2491 2297 hac
2535 2243 2699 2313 igitur
2742 2242 3046 2309 suspicione
3089 2240 3347 2305 Herodis,
3393 2248 3450 2295 et

1869 2337 2263 2407 objurgatione,
2287 2335 2501 2388 vinetus
2525 2333 2578 2387 in
2603 2332 2882 2387 castellum
2908 2332 3263 2385 Machteronta
3286 2329 3451 2384 Joan-

1870 2446 1969 2485 nes
1989 2430 2293 2495 abducitur,
2319 2430 2498 2500 ibique
2516 2429 2693 2499 capite
2716 2429 3069 2483 obtruncatur
3094 2426 3306 2495 (Matth.
3326 2439 3415 2478 xw
3432 2462 3447 2488 ,

1873 2520 2001 2576 Luc.
2031 2538 2125 2587 ιιι,
2156 2521 2326 2576 Marc.
2356 2522 2452 2593 vx.)

2507 2651 2679 2692 CAPUT
2712 2651 2812 2691 ΧΙῙ.

2157 2748 2231 2803 De
2258 2748 2485 2803 Domino
2514 2747 2641 2802 Jesu
2668 2746 2938 2801 Saluatore
2966 2753 3164 2799 nostra.

1940 2863 2046 2917 Per
2074 2863 2215 2917 idem
2251 2870 2458 2931 tempus
2484 2858 2863 2929 Evangelicam
2905 2858 3009 2911 late
3045 2856 3279 2910 seminat
3307 2866 3449 2924 prte—

1872 2955 2193 3010 dicationem
2224 2954 2481 3007 Dominus
2505 2950 2683 3015 Jesus,
2710 2958 2764 3005 et
2790 2949 3071 3003 duodecim
3103 2963 3169 3002 ex
3197 2945 3448 3001 omnibus

1871 3044 2058 3115 elegit,
2101 3058 2238 3113 quos
2278 3040 2574 3111 praeferens
2616 3040 2975 3094 sectatoribus
3004 3039 3115 3093 suis
3144 3035 3473 3107 specialiter

1872 3133 2143 3204 apostolos
2173 3134 2433 3187 nominat.
2485 3132 2615 3185 Post
2650 3132 2748 3183 hos
2784 3129 3123 3200 septuaginta
3159 3128 3264 3182 duo
3291 3126 3457 3197 elegit

1874 3223 2165 3293 discipulos
2193 3235 2238 3276 ε.
2276 3223 2447 3279 Omne
2476 3233 2656 3276 autem
2681 3230 2890 3289 tempus
2914 3219 3311 3289 prtedicationis
3339 3233 3451 3272 suae

1874 3318 2085 3387 peregit
2107 3318 2247 3370 intra
2270 3315 2609 3385 quadriennii
2634 3315 2892 3383 temporis
2913 3313 3169 3382 spatium,
3185 3312 3284 3365 sub
3296 3311 3454 3364 Anna

1873 3419 1927 3464 et
1946 3409 2146 3478 Caipha
2175 3408 2540 3477 pontificibus,
2570 3409 2642 3461 ita
2668 3418 2730 3461 ut
2752 3406 2922 3460 Anna:
2947 3406 3292 3475 pontificatus
3318 3412 3453 3457 tem-

1873 3516 2002 3570 pore
2045 3500 2332 3569 incipiente
2373 3499 2667 3568 praedicare
2715 3496 3019 3566 inceperit,
3066 3505 3121 3550 et
3164 3509 3334 3564 usque
3386 3495 3455 3548 ad

1874 3594 2084 3649 initium
2106 3592 2325 3662 Caiphae
2345 3589 3029 3663 protenderitUosephus).
3052 3588 3188 3645 Nam
3209 3588 3450 3643 abAnna

1873 3704 2044 3758 usque
2087 3690 2152 3743 ad
2192 3688 2449 3757 Caipham
2489 3700 2723 3759 quatuor
2762 3686 3046 3757 pontifices
3080 3700 3177 3755 per
3205 3684 3449 3740 ordinem

1873 3781 2125 3837 fuerunt:
2168 3789 2290 3851 post
2318 3780 2529 3835 Annam
2568 3781 2711 3835 sedit
2734 3780 2975 3844 lsmael,
3022 3787 3141 3848 post
3176 3777 3452 3833 lsmaelem

1872 3874 2117 3939 Eleazar,
2150 3883 2277 3944 post
2306 3873 2535 3928 Eleazar
2565 3872 2785 3937 Simon,
2826 3879 2950 3942 post
2993 3869 3269 3926 Simonem
3306 3868 3459 3925 Jose-

1872 3967 2044 4035 phus,
2093 3966 2180 4021 cui
2223 3974 2279 4021 et
2316 3965 2550 4034 Caiphas
2587 3981 2782 4021 nomen
2815 3964 2932 4019 fuit.
2988 3963 3240 4019 Testatur
3274 3973 3455 4019 autem

1874 4057 2225 4115 Hebrzeorum
2262 4058 2498 4127 scriptor
2535 4058 2601 4112 de
2641 4056 2866 4113 Domino
2905 4054 3034 4112 Jesu
3076 4056 3293 4113 Christo
3334 4056 3460 4127 quis

1873 4150 2066 4216 fuerit;
2099 4151 2166 4206 de
2192 4166 2300 4220 quo
2327 4151 2412 4206 bis
2438 4151 2621 4205 verbis
2647 4150 2868 4221 scripsit
2893 4150 2968 4204 ita
2994 4167 3007 4203 τ
3448 4142 3465 4161 ⁸

2497 4280 2669 4320 CAPUT
2711 4280 2827 4320 XIII.

2153 4374 2181 4415 δ
2206 4375 2582 4429 Testimonium
2611 4374 2823 4443 Joseplti
2855 4373 2920 4427 de
2947 4372 3172 4427 Christo.

1946 4494 2108 4565 (10s.,
2148 4493 2238 4546 lib.
2272 4509 2441 4556 xvm,
2475 4508 2522 4544 ε.
2552 4490 2607 4555 6,
2650 4488 2852 4560 Antiq.)
2878 4488 3003 4543 Fuit
3048 4495 3227 4542 autem
3270 4487 3461 4542 iisdem

1875 4588 2209 4656 temporibus
2243 4584 2399 4639 Jesus
2432 4585 2512 4637 vir
2538 4582 2773 4651 sapiens,
2820 4580 2864 4634 si
2909 4588 3086 4633 tamen
3128 4593 3250 4632 eum
3284 4577 3458 4632 virum

201 4672 410 4728 lentiam
461 4673 763 4740 devolutus,
839 4684 1065 4743 regnum
1121 4668 1379 4725 dividitur
1453 4668 1507 4722 in
1573 4675 1768 4722 tetrar-

1882 4679 2155 4734 nominare
2185 4677 2265 4731 fas
2298 4684 2399 4731 est.
2443 4674 2573 4728 Erat
2599 4672 2743 4726 enim
2776 4670 3102 4726 mirabilium
3130 4682 3355 4739 operum
3381 4667 3461 4723 ef-

337 4857 437 4917 Hic
480 4857 718 4917 Herodes
764 4860 937 4913 minor
981 4855 1241 4911 Joannem
1274 4852 1571 4925 Baptistam
1606 4853 1775 4925 capite

204 4931 363 5002 punit.
396 4928 501 4985 Hie
536 4929 819 5002 minorile
850 4926 1239 5002 odes__A_ntipas
1277 4923 1453 4978 dictus
1483 4934 1584 4985 est,
1608 4923 1775 4977 Hero-

208 4997 283 5055 dis
317 5001 637 5056 Ascaloniae
685 5000 845 5065 filius,
888 5014 921 5053 e
965 4997 1227 5051 Maltache
1267 5010 1436 5050 uxore
1466 5003 1770 5065 susceptus.

207 5070 327 5125 Nam
356 5071 444 5126 alii
470 5071 625 5127 multi
656 5069 896 5129 Herodes
923 5068 1159 5125 fuerunt.
1193 5068 1258 5122 de
1289 5066 1486 5136 quibus
1505 5064 1775 5134 Josepbus

204 5141 293 5196 lib.
318 5158 344 5195 v
378 5142 514 5196 llist.
540 5141 667 5196 Jud.

228 5142 293 5195 ib.
318 5158 344 5195 v
378 5142 514 5199 llist.
540 5142 667 5198 Jud.

274 5212 299 5251 δ
332 5211 589 5266 Joannem
641 5210 1153 5283 Baptistam_virn_m
1187 5208 1397 5283 bonum.
1433 5205 1562 5260 Tale
1608 5204 1772 5283 etiam

208 5283 564 5338 testimonium
620 5274 744 5337 huic
799 5283 892 5336 dat
938 5280 1205 5349 Ιοεαιιήιιις
1260 5277 1534 5349 Hebraeus,
1570 5274 1667 5349 ψιί
1718 5283 1773 5328 et

210 5355 355 5425 huius
374 5353 597 5408 ndurire
631 5354 811 5427 cadis,
839 5361 890 5406 et
919 5347 1174 5422 Baptismi
1211 5348 1473 5427 memini}.
1501 5347 1773 5427 Additque

209 5417 457 5497 prieterea
496 5427 564 5480 ob
587 5441 704 5487 eam
746 5424 915 5497 ipsam
945 5417 1372 5497 causam__multa
1405 5417 1602 5471 Herodi
1624 5431 1769 5497 Agra-

212 5489 416 5551 vissima
456 5489 791 5549 incommoda
825 5492 1099 5555 evenisse;
1150 5490 1236 5544 illa
1277 5490 1383 5544 dno
1412 5489 1713 5556 praesertim
1753 5502 1765 5538 :

211 5581 362 5621 unum
415 5567 646 5629 scilicet,
685 5565 826 5635 quod
883 5563 998 5629 eius
1027 5562 1195 5635 copia:
1247 5562 1313 5613 ab
1352 5561 1517 5635 A_reta
1560 5556 1771 5635 Arabia;

212 5638 402 5709 I’etrea:
457 5654 579 5709 rege
630 5626 762 5695 fus-.13
813 5626 949 5709 sunt
998 5649 1058 5686 ac
1095 5626 1296 5709 sicne;
1318 5626 1769 5709 initeranfuod

213 5705 388 5765 exsilio
416 5696 669 5763 mttliatus
688 5716 790 5768 est,
813 5706 906 5759 lib.
940 5720 1053 5767 xix,
1085 5717 1202 5772 cap.
1233 5700 1284 5753 7.
1318 5696 1603 5755 Exsulasse
1625 5698 1770 5752 enim

216 5779 395 5835 dicitur
419 5780 639 5835 Vienna:
669 5781 720 5834 in
748 5776 937 5832 Gallia.
975 5774 1198 5844 Niceph.

280 5862 299 5890 ο
336 5848 501 5905 Omne
549 5861 722 5903 autem
760 5859 958 5917 tempus
1006 5839 1391 5917 praedicationis
1420 5858 1537 5917 sum
1577 5839 1771 5917 peregit

216 5924 339 5978 itura
383 5920 713 5993 quadriennii
761 5912 1161 5991 tempusJHaec
1201 5913 1538 5987 quadriennii
1586 5912 1773 5966 obser-

1878 4856 2024 4930 vatio
2056 4862 2150 4930 est
2208 4852 2336 4930 item
2391 4852 2529 4921 apud
2571 4849 2884 4930 Eusebium,
3066 4863 3106 4912 ι,
3140 4861 3269 4930 _cap.
3300 4848 3353 4930 ii.
3395 4847 3462 4903 Et

1878 4924 2019 4996 apud
2056 4918 2444 4996 Nicephorum.
2474 4936 2590 4990 cap.
2612 4921 2719 4996 _i9,
2749 4920 2843 4996 lib.
2878 4935 2915 4973 ι.
2942 4918 3113 4996 Hique
3140 4918 3299 4989 hujus
3325 4927 3464 4996 tem-

1878 4985 2027 5068 poris
2046 4985 2579 5068 auctorem‘alferutit
2599 4985 2914 5068 liisepbum,
2946 4985 3041 5043 lib.
3060 4985 3228 5068 .xvtii,
3254 5004 3378 5058 cap.

1882 5060 1987 5123 Sed
2017 5070 2118 5125 hac
2145 5066 2196 5120 in
2230 5082 2286 5119 re
2316 5063 2451 5118 fides
2477 5062 2719 5115 habenda
2765 5061 2923 5115 Luem
2964 5060 3307 5127 evangelista:
3350 5067 3453 5124 est,

1880 5155 1947 5194 ex
1989 5153 2096 5207 quo
2135 5135 2615 5207 animadvertimus
2657 5130 2781 5207 Iesu
2824 5129 3461 5207 Cliristi‘prtedicationis

1880 5200 2092 5277 tempus
2114 5204 2403 5260 triennium
2433 5204 2629 5277 fuisse;
2677 5203 2739 5277 id
2758 5202 2898 5270 quod
2935 5210 2986 5255 et
3026 5200 3361 5277 Nicephorus
3380 5201 3459 5277 af:

1880 5269 2061 5332 firmat
2106 5278 2200 5331 lib.
2246 5292 2289 5339 ι,
2319 5290 2435 5343 cap.
2474 5274 2560 5339 10,
2592 5286 2648 5327 et
2684 5269 2789 5327 Iib.’
2816 5289 2877 5332 ll,
2908 5288 3028 5342 cap.
3057 5270 3109 5324 4.
3146 5269 3458 5343 Et_.losephi

1874 5350 2063 5412 verba,
2109 5362 2230 5418 qua
2278 5345 2352 5400 illi
2388 5340 2640 5399 all‘erunt.
2673 5345 2738 5398 de
2765 5344 2873 5398 alio
2908 5340 3150 5413 tetttpore
3176 5340 3346 5417 plane
3378 5342 3461 5397 in-

1878 5419 2163 5488 telligenda
2206 5424 2349 5471 sunt.

1945 5489 1972 5527 ἀ
1994 5478 2385 5542 Testimonium
2417 5484 2629 5553 Iosephi
2657 5485 2721 5538 de
2742 5484 2871 5538 Jesu
2896 5482 3121 5553 Christo.
3152 5478 3267 5532 Lib.
3301 5495 3458 5553 xv_tu,

1877 5576 1996 5630 cap.
2036 5560 2089 5621 6,
2134 5553 2470 5630 Autiq._:lud.
2510 5549 2561 5608 in
2585 5557 2770 5611 codice
2804 5555 3011 5630 scilicet
3039 5552 3311 5630 Grrecotet
3348 5549 3458 5630 «ira-

1879 5618 2011 5684 tin'o.
2042 5618 2175 5683 Nam
2223 5618 2295 5681 in'
2321 5626 2545 5680 Hebraeo
2585 5642 2691 5681 non
2723 5634 2919 5687 exstat,
2965 5624 3122 5689 idque
3154 5621 3314 5687 impia
3352 5618 3456 5673 He-

1878 5702 2147 5756 braeorum
2196 5698 2500 5767 iniquitate.
2537 5695 2651 5751 Non
2687 5698 2849 5767 enim
2875 5691 3193 5767 verisimile
3223 5693 3281 5743 Iit
3308 5689 3461 5767 lose:

1876 5774 2065 5843 phum,
2107 5760 2470 5843 virum-plane
2502 5769 2723 5825 bonum.
2758 5764 3021 5819 Hebraice
3055 5760 3291 5816 tacuisse
3316 5762 3457 5832 quod

1880 5840 2066 5899 Graece
2086 5840 2332 5913 pluribus
2353 5840 2583 5893 dixerat.
