4002 6348
525 420 638 476 82?»
1017 411 1369 467 HAYMONIS
1408 403 1888 464 IIALBERSTAT.
1930 400 2115 457 EPISC

2221 399 2335 453 mp.
2375 397 2556 452 rans
2593 397 2677 452 III.
2718 402 2790 436 —'
2827 370 3330 450 MISCELLANEA.
3735 391 3854 447 sat

528 535 726 598 factor,
761 532 1056 598 doctorque
1088 526 1365 581 hominum
1397 538 1584 578 eorum
1616 521 1708 590 qui
1735 520 1966 574 libenter
1991 531 2111 586 quae
2138 527 2190 584 Α
2215 512 2514 566 Barnabas.
2571 510 2820 566 Clemens
2847 525 3000 576 vero,
3053 509 3110 564 in
3159 516 3353 578 quarto
3392 507 3853 578 Dispositiones

526 642 660 684 vera
691 636 816 682 sunt
845 622 1098 686 audiunt;
1137 628 1192 674 et
1220 619 1422 674 multos
1445 618 1610 672 etiam
1637 629 1704 669 ex
1732 611 1982 686 gentibus
2011 610 2116 664 sibi
2219 604 2358 658 libro
2384 602 2580 674 Cepha:
2612 602 2941 658 mentionem
2967 601 3130 666 facit,
3170 601 3236 655 de
3264 615 3371 670 quo
3399 599 3607 654 Paulus
3645 600 3805 655 dicit
3831 621 3848 656 :

529 718 792 789 adjunxit.
838 715 1087 770 Christus
1114 713 1206 768 hic
1235 720 1374 768 erat.
1414 710 1588 775 Hunc,
1621 707 1963 763 accusatione
1996 703 2114 774 pri-
2217 695 2556 751 Cum'autem
2596 697 2815 751 venisset
2845 694 3046 765 Cephas
3073 693 3424 760 Antiochiam,
3461 695 3511 748 ei
3553 695 3749 748 restiti
3788 695 3848 750 in

527 786 740 869 morum
765 809 939 880 gentis
966 817 1164 862 nostrae
1187 805 1452 867 virorum,
1475 818 1596 858 cum
1619 801 1823 854 Pilatus
1849 797 2114 868 agendum
2219 787 2409 858 faciem
2435 786 2579 861 (Gal.
2606 804 2666 853 11,
2701 788 2813 858 Η).
2863 787 2933 842 Et
2970 786 3108 842 dicit
3144 800 3460 844 unum-esse
3489 802 3562 842 ex
3593 795 3848 856 septua-

527 904 584 958 in
610 878 826 958 crucem
847 900 1198 961 decrevisset:
1223 911 1330 951 non
1356 897 1714 950 deseruerunt
1743 891 1836 961 qui
1866 891 1933 944 ab
1959 889 2115 943 initio
2215 881 2364 953 ginta
2384 923 2397 946 ,
2436 881 2757 950 cognomine
2783 881 2931 937 Petri
2963 880 3213 952 apostoli.
3271 878 3379 935 Sed
3422 889 3476 934 et
3524 879 3838 936 Matthiam

527 1010 650 1050 eum
679 993 1000 1048 dilexerant.
1020 989 1316 1059 .Apparuit
1349 987 1494 1042 enim
1535 985 1694 1040 tertia
1727 985 1812 1039 die
1839 983 1996 1036 vivus
2023 995 2112 1036 se-
2217 987 2383 1027 unum
2422 985 2487 1026 ex
2524 972 2609 1027 his
2640 971 2809 1028 fuisse
2839 971 3000 1036 dicit,
3042 964 3097 1025 et
3127 971 3218 1054 qui
3261 985 3383 1024 cum
3423 971 3544 1039 ipso
3576 980 3839 1027 statutus

527 1090 762 1146 cundum
792 1089 933 1158 quod
964 1086 1220 1142 divinitus
1250 1081 1496 1153 inspirati
1525 1079 1838 1148 prophetas,
1856 1075 1941 1130 vel
1973 1075 2111 1140 haec,
2216 1070 2300 1117 est
2335 1062 2402 1116 ad
2439 1069 2640 1117 sortem
2665 1079 2680 1116 :
2718 1061 2788 1117 de
2817 1061 2903 1116 his
2928 1061 3095 1117 etiam
3125 1060 3293 1116 fuisse
3323 1061 3664 1115 Tatthmum.
3725 1061 3840 1117 Sed

527 1181 612 1236 νει
642 1179 746 1235 alia
777 1152 1010 1234 iﬁvicem
1042 1175 1303 1232 miracula
1332 1152 1452 1229 έεεε
1481 1170 1868 1241 “indixerant,
1920 1165 2029 1222 Sed
2059 1174 2114 1221 ει
2217 1155 2354 1209 alios
2381 1154 2549 1210 tuisse
2575 1153 2888 1224 complures
2919 1152 3214 1224 discipulos
3244 1152 3506 1216 invenies,
3545 1153 3592 1207 si
3623 1153 3834 1207 obser—

527 1275 581 1330 in
614 1273 935 1330 hodiernum
959 1273 1101 1328 diem
1126 1269 1557 1326 Christianorum
1584 1277 1777 1319 nomen
1802 1268 2116 1331 perseverat
2214 1259 2310 1300 V95
2338 1259 2400 1299 ea
2424 1259 2544 1315 qua?
2567 1243 2771 1299 Paulus
2796 1244 3020 1309 indicat.
3043 1243 3228 1297 dicens
3252 1259 3266 1297 ε
3294 1242 3425 1297 Post
3451 1244 3833 1298 resurrectio-

526 1376 583 1424 et
609 1382 799 1440 genus.

1157 1493 1332 1534 CAPUT
1368 1491 1481 1530 XIV.

1112 1596 1190 1644 De
1227 1588 1522 1658 uisetpulis.

607 1702 844 1774 (Euseb.,
860 1703 950 1758 lib.
975 1719 1017 1769 ι,
1031 1699 1348 1767 c.15,Hist.
1371 1699 1580 1764 eccles.;
1596 1698 1817 1769 Epiph.,
1831 1697 1924 1750 lib.
1942 1711 1981 1762 ι,
2000 1704 2039 1749 t.
2057 1694 2108 1760 Ι,

525 1815 572 1851 c.
591 1796 683 1862 20,
706 1808 876 1854 contr.
901 1798 1056 1867 tuor.)
1085 1794 1467 1866 Apostolorum
1490 1793 1709 1847 nomina
1723 1806 1790 1846 ex
1806 1789 2112 1861 Evangeliis

526 1887 811 1942 manifesta
843 1898 988 1944 sunt.
1046 1888 1402 1958 Septuaginta
1436 1902 1565 1942 vero
1607 1899 1875 1956 nusquam
1905 1885 2108 1954 scripta

523 1994 645 2033 esse
675 1981 1008 2049 reperimus;
1054 1980 1253 2034 dicitur
1282 1987 1464 2033 tamen
1506 1994 1573 2033 ex
1615 1978 1746 2047 ipsis
1773 1992 1914 2032 unus
1942 1975 2110 2032 fuisse

2215 1349 2340 1389 nem
2364 1334 2582 1403 quidem
2597 1332 2886 1388 Dominum
2911 1332 3230 1402 apparuisse
3244 1331 3682 1402 Cephte,postea
3707 1331 3830 1385 aliis

2214 1427 2466 1482 undecim
2484 1468 2500 1493 ,
2528 1435 2585 1482 et
2607 1425 2742 1497 post
2761 1427 2861 1481 hos
2889 1425 3124 1496 amplius
3153 1440 3318 1494 quam
3349 1424 3676 1495 quingentis
3712 1425 3824 1478 frao

2213 1516 2388 1572 tribus
2415 1516 2576 1572 simul
2601 1517 2652 1587 (I
2681 1516 2800 1572 Cor.
2828 1533 2920 1582 xv,
2947 1517 3002 1583 5,
3029 1516 3106 1585 6).

2287 1611 2547 1683 (linum)
2597 1610 2731 1667 Cum
2780 1610 2866 1665 his
2913 1610 3098 1679 itaque
3147 1616 3500 1664 conversatur
3552 1608 3825 1663 Dominus

2218 1719 2318 1774 per
2345 1719 2507 1760 omne
2535 1711 2746 1775 tempus
2772 1711 3065 1773 assumpta:
3092 1699 3462 1765 mortalitatis,
3491 1708 3552 1754 et
3581 1701 3824 1755 instituit

2216 1796 2270 1850 in
2299 1795 2422 1860 ﬁde,
2451 1805 2508 1850 et
2535 1795 2756 1850 instruit
2783 1794 3040 1858 scientia,
3084 1794 3257 1848 donec
3287 1801 3508 1862 peracto
3542 1803 3815 1862 susceptae

2215 1884 2634 1955 dispensationis
2659 1885 2857 1951 oﬁicio,
2885 1885 3088 1956 patitur
3117 1893 3172 1939 et
3198 1883 3454 1954 resurgit,
3481 1891 3540 1936 et
3567 1883 3821 1936 ascendit

2219 1976 2273 2032 in
2300 1976 2521 2045 ccelum,
2549 1978 2846 2034 secundum
2871 1976 3291 2045 Evangeliorum
3319 1973 3502 2028 ﬁdem.

521 2112 3794 2140 ΨΜ

1679 2213 1980 2293 LIBER
2078 2149 2642 2296 SECUNDUS.

1993 2359 2388 2374 ἡ

1101 2436 1274 2475 CAPUT
1305 2432 1531 2474 PRIIUI.

524 2537 600 2592 De
618 2539 867 2593 electione
892 2533 1131 2589 Matthia:
1175 2532 1421 2602 apostoli,
1453 2541 1502 2586 et
1549 2530 1882 2586 ordinatione
1920 2539 2112 2601 septem

1162 2605 1524 2657 diaconorum.

597 2722 812 2796 (Euseb.
831 2743 867 2778 ι.
886 2725 1044 2787 tt,c.l
1058 2763 1072 2787 ,
1096 2721 1234 2775 Hist.
1252 2719 1405 2791 eccl.)
1420 2719 1680 2774 Restatut
1701 2719 1766 2775 de
1782 2719 2117 2790 iisquaepost

521 2817 892 2872 ascensionem
937 2813 1150 2867 Domini
1179 2813 1426 2882 proxime
1450 2819 1742 2865 consecuta
1789 2820 1934 2877 sunt,
1968 2811 2115 2865 dica-

520 2925 665 2964 mus.
700 2907 915 2961 Mittunt
946 2905 1177 2976 apostoli
1208 2912 1432 2969 sortem,
1472 2911 1527 2957 et
1554 2917 1651 2973 pro
1673 2901 1810 2957 Iuda
1854 2903 2114 2958 traditore

520 3000 725 3070 eligunt
785 2998 1064 3051 Matthiam
1114 2997 1254 3068 (Act.
1283 2993 1345 3066 ι).
1399 2994 1667 3050 Ordinant
1699 2993 1863 3049 etiam
1908 3001 2113 3064 septem

523 3098 802 3159 diaconos,
831 3092 1121 3149 ministerii
1153 3092 1438 3146 viduarum
1463 3091 1637 3162 gratia
1663 3109 1675 3145 :
1699 3106 1730 3146 e
1757 3089 1952 3160 quibus
1975 3105 2113 3145 unus

521 3188 704 3243 statim
744 3197 868 3258 post
910 3185 1306 3240 ordinationem
1356 3197 1510 3237 suam
1557 3182 1861 3253 lapidatur;
1895 3191 2114 3252 propter

522 3279 664 3349 quod
693 3288 748 3333 et
779 3278 998 3333 nomine
1025 3291 1123 3332 suo
1170 3285 1459 3331 coronatur
1494 3291 1524 3330 a
1562 3273 1830 3330 Domino:
1870 3275 2112 3345 Στέφανος

522 3373 665 3427 enim
694 3373 1084 3442 interpretatur
1117 3385 1331 3423 corona.
1695 3357 1698 3360 ”

1198 3498 1368 3538 CAPUT
1396 3498 1435 3537 II

663 3601 741 3657 De
762 3602 982 3667 Iacobo,
1008 3601 1177 3671 primo
1194 3596 1676 3667 Hierosolymitano
1702 3595 1963 3666 episcOpo.

594 3714 842 3788 (Ibidem.
877 3714 1100 3784 Niceph.
1157 3711 1246 3765 lib.
1281 3726 1342 3775 ιι,
1379 3727 1426 3762 c.
1465 3711 1517 3774 5,
1553 3707 1693 3763 Hist.
1723 3707 1932 3781 eccles.)
1962 3708 2114 3763 Tunc

525 3807 718 3862 deinde
741 3805 997 3870 Iacobus,
1059 3803 1226 3858 frater
1271 3801 1507 3867 Domini,
1567 3802 1776 3871 primus
1808 3799 2121 3872 Hierosoly-

526 3898 747 3952 mitana:
797 3897 1052 3951 Ecclesia:
1088 3894 1325 3963 suscepit
1354 3894 1561 3958 sedem,
1593 3909 1718 3949 cum
1767 3902 1914 3949 esset
1941 3893 2116 3948 virtu-

527 3999 642 4043 tum
666 3989 865 4042 merito
894 3997 948 4042 et
977 3988 1101 4040 vitae
1129 3986 1356 4054 insignis
1384 3986 1686 4056 privilegio.

597 4078 857 4150 (Clemens
901 4079 957 4131 in
1009 4077 1141 4131 libro
1190 4075 1636 4146 Dispositiouum,
1682 4077 1772 4132 lib.
1841 4094 1892 4133 γι
1939 4086 1994 4133 et
2042 4093 2117 4132 vn

528 4172 763 4244 Disput.)
796 4171 953 4238 Nam,
985 4172 1110 4226 licet
1139 4171 1353 4236 Petrus,
1390 4182 1445 4225 et
1483 4170 1739 4237 Iacobus,
1783 4181 1838 4227 et
1880 4170 2118 4228 Joannes

528 4265 780 4319 omnibus
805 4264 942 4318 bene
967 4273 1090 4334 post
1119 4264 1494 4320 ascensionem
1519 4265 1732 4319 Domini
1756 4264 1959 4321 fuerint
1985 4281 2119 4337 prae-

527 4358 645 4423 lati,
670 4365 849 4412 tamen
876 4373 980 4412 non
1004 4357 1105 4412 sibi
1128 4357 1404 4414 vindicant
1426 4358 1686 4430 gloriam;
1716 4361 1810 4415 sed
1833 4359 2116 4423 Iacobum,

527 4451 620 4525 qui
672 4451 951 4506 dicebatur
1007 4448 1193 4505 Justus
1223 4491 1238 4515 ,
1287 4451 1603 4522 episcopum
1657 4460 1921 4506 statuunt.
1981 4452 2116 4507 Huic

525 4542 722 4613 quippe
747 4540 970 4607 Iacobo,
1021 4549 1076 4596 et
1117 4543 1298 4607 Petro,
1345 4551 1400 4597 et
1449 4541 1642 4597 Ioanni
1674 4543 1952 4608 Dominus,
1997 4552 2119 4612 post

523 4635 998 4700 resurrectionem,
1036 4649 1253 4690 omnem
1307 4636 1588 4690 scientiam
1643 4636 1901 4701 tradidit;
1932 4645 1990 4692 et
2015 4637 2118 4707 ipsi

523 4729 734 4784 caeteris
779 4727 1071 4799 apostolis:
1125 4729 1488 4798 qui'apostoli
1529 4729 1660 4799 ipsis
1710 4727 1899 4783 LXXII
1949 4731 2118 4785 tradi-

523 4818 738 4873 derunt.
774 4819 920 4874 Duos
947 4828 1127 4874 autem
1183 4818 1414 4876 Jacobos
1465 4820 1631 4876 fuisse
1661 4830 1898 4886 constat,
1947 4838 2116 4876 unum

523 4909 748 4964 fratrem
776 4909 1023 4976 Joannis,
1054 4910 1284 4965 alterum
1315 4912 1457 4968 hunc
1485 4911 1722 4976 Iustum,
1756 4913 1981 4967 fratrem
2013 4913 2119 4970 Do-

528 5001 680 5064 mini,
715 5014 741 5042 α
775 5003 868 5071 qui
917 5002 1088 5057 frater
1118 5003 1331 5060 Domini
1384 5005 1560 5062 dictus
1593 5014 1699 5072 est,
1730 5021 1830 5076 pro
1877 5021 1942 5061 eo
1973 5007 2118 5076 quod

2141 2424 2191 2483 B
2218 2418 2388 2474 frater
2421 2417 2638 2474 Domini
2666 2415 2738 2472 sit
2763 2415 2960 2481 dictus,
2992 2422 3250 2484 tanquam
3294 2419 3569 2482 cognatus
3600 2411 3693 2466 sit.
3726 2411 3814 2467 Hic

2219 2513 2366 2569 enim
2392 2527 2509 2567 mos
2534 2510 2906 2576 Ilehrteorum,
2937 2516 3198 2580 cognatos
3229 2506 3314 2562 vel
3341 2506 3690 2578 propinquos
3711 2505 3814 2560 fra-

2222 2615 2332 2662 tres
2361 2606 2540 2660 dicere
2589 2604 2673 2658 vel
2719 2602 3009 2675 appellare.
3055 2601 3252 2657 Frater
3293 2601 3460 2670 igitur
3496 2599 3720 2654 Domini
3746 2601 3814 2654 sic

2221 2700 2398 2755 dictus
2420 2708 2524 2765 est,
2555 2697 2681 2768 quia
2726 2697 2792 2752 de
2821 2695 2988 2751 Maria
3019 2710 3206 2751 sorore
3241 2694 3434 2750 matris
3479 2694 3727 2758 Domini,
3767 2704 3813 2747 et

2219 2798 2373 2859 patre
2401 2788 2609 2860 Alpheo
2633 2787 2845 2860 genitus
2890 2796 3009 2852 est;
3042 2786 3184 2841 unde
3211 2783 3449 2840 Iacobus
3497 2783 3697 2855 Alphei
3724 2800 3811 2854 ap-

2219 2881 2466 2952 pellatur.
2503 2881 2628 2946 Sed,
2657 2881 2913 2952 quoniam
2947 2896 3092 2936 nunc
3131 2896 3191 2937 se
3234 2880 3463 2952 ingessit
3482 2881 3727 2946 occasio,
3756 2883 3814 2935 de

2220 2974 2429 3029 duobus
2457 2973 2674 3029 Iacobis
2701 2988 2921 3029 omnem
2955 2973 3309 3044 quaestionem
3335 2973 3736 3037 rescindamus,
3765 2985 3813 3026 et

2219 3065 2382 3121 altius
2426 3067 2641 3139 generis
2700 3082 2888 3123 eorum
2940 3075 3252 3137 repetamus
3295 3066 3582 3137 originem.
3645 3065 3809 3118 Maria

2218 3168 2394 3216 mater
2422 3161 2656 3226 Domini,
2685 3169 2741 3216 et
2791 3159 2960 3215 Maria
2989 3169 3166 3215 mater
3205 3159 3421 3225 Jacobi,
3470 3158 3652 3212 fratris
3697 3158 3800 3212 Do-

2219 3252 2372 3318 mini,
2399 3261 2452 3307 et
2483 3252 2654 3307 Maria
2697 3252 2884 3308 fratris
2906 3251 3132 3308 Joannis
3178 3251 3552 3322 evangelista,
3597 3264 3812 3304 sorores

2221 3344 2458 3409 fuerunt,
2483 3345 2548 3399 de
2571 3343 2802 3400 diversis
2829 3345 3076 3415 patribus
3121 3345 3339 3416 genitae,
3378 3344 3476 3399 sed
3520 3343 3591 3398 de
3634 3343 3807 3398 eadem

2219 3447 2418 3502 matre,
2444 3436 2650 3492 scilicet
2673 3436 2848 3492 Anna.
2884 3437 3013 3504 Quae
3061 3437 3218 3493 Anna
3265 3436 3440 3508 primo
3468 3435 3659 3505 nupsit
3703 3433 3811 3490 Ioa-

2218 3526 2386 3591 chim,
2420 3536 2474 3582 et
2497 3527 2564 3583 de
2585 3542 2651 3582 eo
2673 3527 2859 3597 genuit
2889 3527 3114 3582 Mariam
3151 3536 3383 3582 matrem
3407 3525 3653 3582 Domini.
3687 3524 3810 3579 Mor-

2221 3627 2312 3673 tuo
2363 3618 2630 3685 Ioachim,
2685 3620 2867 3688 nupsit
2893 3618 3161 3689 Cleophae,
3190 3627 3247 3674 et
3290 3619 3357 3674 de
3395 3633 3465 3674 eo
3495 3617 3695 3673 habuit
3739 3615 3806 3669 al-

2189 3767 2198 3774 ,
2224 3723 2395 3768 teram
2419 3713 2670 3779 Mariam,
2693 3729 2814 3785 quae
2831 3711 3031 3769 dicitur
3056 3714 3110 3768 in
3137 3711 3446 3783 Evangeliis
3472 3710 3653 3766 Maria
3680 3710 3810 3766 Cleo-

2146 3798 2192 3862 C
2223 3808 2365 3878 phae.
2397 3806 2571 3861 Porro
2598 3806 2864 3878 Cleophas
2893 3807 3130 3862 habebat
3181 3805 3405 3860 fratrem
3451 3803 3686 3875 Ioseph,
3731 3803 3806 3857 cui

2223 3899 2506 3954 ﬁliastram
2535 3913 2688 3954 suam
2740 3899 2956 3954 beatam
2987 3897 3215 3954 Mariam
3239 3897 3637 3969 desponsavit;
3672 3910 3809 3950 suam

2222 4006 2354 4046 vero
2380 3989 2546 4045 ﬁliam
2575 3990 2725 4046 dedit
2765 3991 2996 4062 Alpheo,
3023 3992 3092 4048 de
3119 4007 3225 4063 qua
3252 3999 3414 4045 natus
3447 3998 3535 4045 est
3587 3988 3812 4044 Iacobus

2224 4082 2420 4148 minor,
2447 4083 2537 4153 qui
2571 4090 2626 4136 et
2669 4081 2856 4137 Iustus
2903 4082 3120 4147 dicitur,
3174 4081 3344 4137 frater
3376 4081 3622 4146 Domini,
3659 4091 3717 4135 et
3739 4079 3815 4134 Io-

2225 4176 2356 4245 seph
2378 4174 2534 4230 alius.
2565 4173 2776 4230 Mortuo
2820 4173 3003 4244 itaque
3039 4173 3298 4245 CleOpha,
3329 4172 3486 4228 Anna
3517 4172 3689 4227 tertio
3716 4187 3811 4225 ma-

2223 4270 2331 4324 rito
2360 4269 2566 4340 nupsit,
2591 4267 2799 4324 scilicet
2839 4266 3074 4332 Salome,
3106 4275 3161 4322 et
3188 4265 3376 4322 habuit
3407 4265 3476 4320 de
3506 4279 3575 4318 eo
3605 4263 3812 4318 tertiam

2224 4363 2468 4428 Mariam,
2512 4363 2579 4419 de
2630 4379 2758 4434 qua,
2813 4363 3137 4433 desponsata
3181 4360 3473 4426 Zebedaao,
3532 4362 3655 4414 nati
3701 4369 3815 4415 sunt

2221 4456 2455 4513 Iacobus
2494 4455 2690 4526 major,
2723 4465 2779 4511 et
2799 4455 3038 4512 Ioannes
3063 4453 3415 4526 evangelista.
3447 4453 3557 4509 Sed
3584 4453 3704 4522 jam
3755 4452 3812 4506 ad

2223 4550 2496 4607 historicas
2521 4550 2848 4606 narrationis
2872 4549 3118 4606 ordinem
3143 4557 3502 4604 revertamur.

2873 4677 3047 4719 CAPUT
3077 4675 3154 4718 IV.

2540 4773 2618 4829 De
2661 4773 2898 4830 Tattha'o
2930 4775 3090 4828 misso
3115 4773 3186 4828 ad
3223 4770 3489 4828 Edissam.

2296 4890 2408 4946 Sub
2426 4891 2530 4947 hoc
2563 4891 2742 4961 itaque
2771 4899 3014 4962 tempore
3059 4888 3340 4946 Tatthams
3361 4904 3393 4944 a
3423 4887 3669 4944 Domtno
3698 4888 3815 4944 mit-

2226 4984 2357 5039 titur
2388 4984 2453 5038 ad
2475 4983 2752 5055 Augarum
2778 4999 2961 5054 regem
2990 4981 3402 5047 Edissenorum,
3429 4981 3528 5051 qui
3573 4995 3714 5038 eum
3759 4981 3819 5036 ab

523 5103 674 5150 esset
720 5093 863 5150 ﬁlius
911 5093 1134 5168 Ioseph,
1167 5098 1260 5167 qui
1292 5097 1495 5154 Christi
1553 5099 1709 5170 quasi
1735 5075 1914 5168 pater
1957 5075 2122 5155 habe-
2147 5167 2180 5170 Α
2223 5075 2740 5170 ωὲἶῙ-ωδίηθλοξι-Γίξίν
2772 5077 3047 5170 “vitam?
3080 5075 3318 5170 ξιδεθίνίΪν
3352 5075 3671 5170 εδδ-ἐπονε-

525 5188 707 5242 batur.

1188 5278 1360 5318 CAPU'I'
1391 5278 1473 5316 III.

527 5351 738 5425 Πανικο
755 5354 823 5409 de
847 5354 1031 5410 eadem
1066 5356 1293 5410 materia
1332 5369 1619 5408 secunaum
1658 5353 1799 5424 quod
1845 5355 2035 5423 reperit
2063 5355 2120 5409 in

1053 5425 1317 5480 sententiis
1346 5425 1588 5478 Patrum.

596 5541 792 5599 Sciunt
822 5542 988 5598 etiam
1037 5540 1132 5610 qui
1166 5539 1451 5612 diligenter
1504 5540 1949 5610 exploraverunt,
1987 5541 2116 5610 quia

565 5691 626 5744 ,ι
668 5677 860 5732 Frater
884 5676 1096 5732 Domini
1127 5676 1296 5729 dictus
1325 5683 1399 5728 est
1425 5691 1519 5744 pro
1550 5691 1610 5728 eo
1637 5675 1777 5744 quod
1812 5683 1942 5744 esset
1965 5673 2110 5742 ﬁlius

527 5742 743 5818 Ioseph,
791 5750 880 5819 qui
925 5749 1121 5819 Christi
1145 5746 1296 5818 quasi
1331 5742 1492 5819 pater
1531 5742 1839 5799 habebatur.
1878 5742 2113 5798 Iacobus

528 5817 692 5882 enim,
740 5817 938 5890 Ioseph
987 5817 1268 5890 ﬁlius,'exr
1296 5817 1399 5890 alia
1429 5832 1598 5890 uxore
1636 5824 1938 5890 susceptus,
1966 5829 2112 5890 quo.

531 5891 676 5944 niam
719 5906 823 5942 una
869 5885 991 5944 cum
1039 5889 1165 5944 Iesu
1215 5889 1432 5945 Christo
1469 5888 1747 5956 educatus,
1787 5887 1888 5940 hac
1917 5885 2116 5940 eddea--

2146 5167 2199 5228 D
2297 5167 2556 5241 (ΗΑιιιο.)
2600 5167 2772 5237 Hujus
2802 5167 2878 5224 rei
2905 5167 3257 5238 prolixiorem
3288 5167 3345 5222 in
3386 5164 3571 5237 aliquo
3615 5169 3820 5236 scripto

2223 5263 2399 5334 reperi
2425 5261 2711 5316 historiam
2742 5258 3048 5332 (Eusebius,
3082 5258 3176 5313 lib.
3205 5275 3248 5324 ι,
3271 5257 3456 5330 c.15),
3501 5257 3603 5312 sed
3639 5258 3821 5314 nescio

2223 5357 2268 5412 si
2294 5354 2601 5426 apocrypha
2642 5359 2763 5418 est;
2789 5350 2932 5406 Deus
2963 5351 3085 5407 scit.
3127 5349 3261 5418 Quae
3287 5350 3416 5420 quia
3441 5348 3510 5405 de
3535 5347 3676 5404 ﬁdei
3715 5350 3818 5419 pie-

2225 5457 2333 5502 tate
2360 5443 2657 5509 descendit,
2685 5443 3053 5498 necessarium
3084 5442 3211 5498 duxi
3242 5457 3360 5497 eam
3401 5441 3529 5496 huic
3554 5441 3719 5512 Operi
3744 5441 3820 5493 in-

2223 5551 2421 5594 serere.
2470 5535 2676 5590 Dicitur
2704 5532 2850 5590 enim
2876 5533 2942 5589 de
2989 5534 3274 5590 Salvatore
3318 5545 3509 5588 nostro
3555 5534 3744 5586 adhuc
3773 5532 3820 5584 in

2227 5675 2387 5729 tionis
2417 5675 2676 5728 societate
2717 5673 2934 5728 habitus
2983 5681 3067 5728 est
3103 5671 3274 5728 frater
3313 5672 3554 5735 Domini,
3587 5687 3704 5727 non
3741 5685 3824 5725 na-

2228 5756 2348 5799 tura
2391 5755 2558 5808 certe,
2605 5753 2663 5798 ιιι
2712 5759 2824 5798 rem
2876 5753 3045 5798 totam
3083 5744 3316 5814 explicat
3356 5743 3551 5813 Epiph.
3607 5743 3707 5796 lib.
3764 5756 3823 5796 ιιι

2225 5815 2423 5871 Contra
2455 5815 2722 5880 lla~reses,
2761 5824 2814 5869 et
2856 5830 2952 5869 nos
2988 5829 3170 5886 supra.
