4002 6348
525 374 631 432 827
988 367 1343 432 HAYMONIS
1382 366 1867 426 HALBERSTAT.
1910 368 2123 427 EPISC.
2188 370 2340 428 OPP.
2376 370 2557 427 PARS
2594 370 2680 427 lll.
2721 404 2791 414 —-
2826 373 3331 435 MlSCELLANEA.
3768 380 3897 437 825

523 491 703 545 omnia
731 494 784 544 in
815 488 926 543 suis
954 485 1108 541 libris
1130 484 1286 541 Philo
1305 483 1517 556 plenius
1545 481 1803 539 describit
1822 481 1938 555 (lib.
1964 499 2028 550 ιι,
2049 483 2114 538 de
2142 490 2187 549 Α
2218 485 2344 539 dum
2368 485 2505 557 apud
2534 485 2834 542 Caesaream
2869 489 2923 544 in
2956 491 3213 547 honorem
3238 493 3473 551 Caesaris
3504 498 3888 566 spectaculi

536 581 716 652 γὸτι).
747 590 800 636 et
844 580 978 635 alias
1020 579 1334 634 innumeras
1379 577 1561 632 clades
1602 576 1741 631 ultra
1776 590 1965 630 omnes
1991 583 2104 630 tra-
2210 573 2445 643 faceret,
2503 581 2948 650 arrogantissime
2999 583 3219 640 indutus
3271 596 3422 643 veste
3489 589 3889 646 mirabiliter

458 724 465 727 .
521 677 668 748 gicos
694 675 867 729 luctus
891 672 1091 729 ludatis
1120 673 1385 742 irrogatas
1412 685 1535 726 esse
1553 670 1684 725 dicit
1708 668 1849 741 apud
1873 668 2107 723 Alexan-
2208 683 2342 724 auro
2372 678 2426 724 et
2455 680 2678 742 argento
2715 683 2987 741 contexta,
3041 691 3070 730 a
3120 677 3327 747 populis
3364 680 3769 750 stupentibus
3804 695 3879 738 ex

519 766 715 823 ariam.
1933 837 1937 842 ν
2210 758 2412 815 metalli
2467 764 2727 819 radiantis
2766 764 2981 837 fulgore
3042 768 3183 823 Deus
3237 770 3417 827 subito
3480 772 3875 843 appellatur,

1145 867 1319 909 csrur
1347 867 1469 907 xm.
2208 860 2370 922 atque
2409 863 2467 909 ut
2498 855 2588 909 fiat
2636 857 2899 927 propitius
2928 869 3203 916 exoratur.
3239 861 3365 929 Sed,
3409 865 3548 934 quia
3584 865 3871 935 appella-

976 944 1163 1000 Actum
1188 954 1416 1014 tempore
1439 942 1649 996 Tiberii.
1966 942 1975 951 ’
2206 944 2409 1000 tionem
2438 956 2492 1001 et
2539 948 2733 1003 fastum
2792 966 2895 1005 non
2942 955 3221 1023 repressit,
3255 971 3379 1013 mox
3416 973 3765 1026 percussus
3790 960 3868 1011 ab

584 1050 654 1105 At
676 1045 945 1119 Iosephus
968 1046 1082 1117 (lib.
1107 1064 1145 1102 ιι
1176 1048 1306 1102 Jud.
1342 1046 1480 1115 Bel.)
1506 1044 1647 1099 mala
1667 1051 1955 1100 enumerat
1984 1058 2105 1113 qua:
2208 1037 2420 1108 angelo,
2473 1047 2529 1093 ct
2572 1039 2873 1097 incredibili
2930 1044 3114 1099 dolore
3161 1048 3365 1103 ventris
3416 1060 3476 1102 et
3531 1048 3865 1104 inﬂatione

513 1142 655 1220 apud
706 1140 1134 1220 Hierosolymam
1173 1139 1254 1194 eis
1301 1138 1629 1200 acciderunt,
1682 1144 1738 1191 et
1786 1151 1894 1207 quo
1942 1136 2102 1191 modo
2205 1139 2511 1203 correptus,
2554 1135 2851 1204 respiciens
2898 1137 2966 1190 ad
3022 1139 3268 1194 amicos:
3316 1140 3397 1195 En
3448 1155 3587 1208 ego,
3626 1142 3855 1210 inquit,

2205 1223 2338 1280 deus
2370 1233 2589 1295 vester;
2627 1243 2756 1283 ecce
2778 1229 3051 1303 percellor
3087 1229 3393 1299 confestim,
3450 1241 3512 1289 et
3548 1232 3860 1289 detrahat

2207 1328 2233 1368 θ
2257 1314 2383 1370 vita.

504 1215 721 1291 Pilatus
744 1215 802 1289 in
826 1232 1255 1304 Hierosolymam
1284 1231 1461 1285 intulit
1489 1229 1753 1302 imagines
1780 1229 2027 1285 Caesaris.

1149 1363 1321 1403 CAPUT
1350 1360 1461 1401 XIV.

752 1437 908 1504 Quod
940 1435 1147 1491 Pilatus
1175 1454 1229 1491 se
1255 1439 1309 1491 in
1332 1444 1549 1490 mortem
1577 1434 1862 1489 damnavit.

582 1538 803 1610 (Euseb.
836 1538 926 1591 lib.
955 1554 1014 1603 ιι,
1040 1555 1087 1591 c.
1112 1537 1166 1603 7,
1210 1536 1354 1593 Hist.
1388 1534 1617 1601 eccles.;
1658 1531 1880 1604 Niceph.
1922 1533 2011 1588 lib.
2038 1551 2096 1602 tt,

454 1696 461 1703 θ
511 1646 557 1683 c.
582 1629 670 1694 10,
696 1628 838 1683 Hist.
863 1626 1017 1699 eccl.)
1040 1626 1149 1683 Per
1180 1627 1319 1683 idem
1350 1636 1585 1696 tempus,
1608 1641 1728 1681 cum
1756 1625 1835 1681 sic
1862 1623 1994 1681 ultio
2019 1625 2100 1680 di-

510 1723 634 1777 vina
671 1730 927 1794 perurget
950 1720 1183 1786 Judaeos,
1206 1721 1439 1776 Pilatum
1467 1736 1702 1791 quoque,
1731 1720 1823 1793 qui
1850 1721 1903 1776 in
1929 1732 2101 1780 morte

2844 1425 3017 1468 CAPUT
3044 1428 3158 1468 XIX.

2385 1498 2555 1557 Lucas
2580 1501 2637 1555 in
2666 1500 2882 1558 Actibus
2908 1504 3266 1575 apostolorum
3308 1507 3449 1578 (Act.
3498 1508 3641 1580 xu).

2274 1617 2479 1679 Deinde
2494 1631 2720 1679 scatens
2770 1625 3045 1681 vermibus
3088 1629 3407 1698 exspirayit,
3435 1644 3623 1699 agens
3656 1632 3842 1699 septi-

2203 1728 2349 1769 mum
2397 1717 2546 1786 regni
2572 1717 2659 1773 sui
2686 1733 2908 1785 annum,
2956 1729 3198 1790 quatuor
3244 1723 3347 1779 sub
3386 1722 3681 1794 Caligula,
3716 1732 3839 1779 tres

510 1814 712 1870 Christi
744 1813 915 1884 iniqui
963 1813 1163 1885 judicis
1214 1811 1389 1868 officio
1422 1813 1636 1868 functus
1686 1822 1787 1878 est,
1818 1829 1924 1869 non
1974 1813 2101 1870 sinit
2130 1846 2178 1906 Β
2205 1804 2444 1877 τειίίιυοε
2474 1808 2574 1867 Sllb
2613 1807 2858 1869 Claudio.

508 1922 629 1962 esse
659 1907 1005 1977 impunitum.
1047 1904 1144 1961 ilic
1183 1920 1311 1976 ergo
1348 1920 1381 1959 a
1430 1904 1562 1961 Caio
1607 1905 1790 1961 multis
1838 1904 2101 1960 malorum

507 1998 749 2055 cladibus
771 1997 1137 2063 excruciatus,
1168 1996 1386 2052 tandem
1412 1998 1632 2069 propria
1654 2012 1819 2053 manu
1840 2011 1898 2054 se
1926 2004 2104 2052 trans-

510 2090 810 2146 verberans
839 2089 1061 2147 damnat
1089 2088 1144 2143 in
1170 2097 1424 2144 mortem.

1160 2218 1333 2261 CAPUT
1364 2218 1454 2259 XV.

579 2315 669 2373 Ea:
692 2315 929 2373 historiis
961 2314 1268 2372 Graecorum
1294 2316 1361 2370 de
1382 2314 1524 2386 fame
1545 2314 1665 2370 dira
1690 2316 2027 2387 prophetam.

576 2427 797 2499 (Euseb.
822 2443 874 2482 ι.
902 2425 962 2492 8,
989 2426 1160 2497 ejusd.
1182 2425 1317 2492 lib.;
1352 2424 1575 2497 Niceph.
1603 2443 1651 2480 ο.
1679 2426 1765 2492 Η,
1788 2427 1957 2497 ejusd.
1984 2426 2099 2500 lib.)

504 2518 714 2577 Interea
732 2520 903 2575 Caius
924 2521 1086 2574 linem
1114 2519 1326 2575 vivendi
1359 2518 1489 2574 facit
1513 2526 1636 2589 post
1655 2528 1888 2590 quatuor
1911 2532 2097 2586 annos,

506 2626 608 2668 nec
634 2612 895 2684 integros.
926 2610 1185 2666 Claudius
1212 2612 1474 2677 succedit,
1506 2612 1607 2666 sub
1631 2627 1739 2681 quo
1784 2611 1900 2665 dira
1930 2609 2102 2666 fames

511 2704 590 2771 fit,
619 2720 779 2775 quam
830 2706 1179 2775 prophetavit
1208 2704 1448 2776 Agabus.
1480 2702 1632 2758 Tunc
1683 2704 1881 2758 fratres
1906 2703 2102 2757 Antio-

509 2798 664 2861 cbize,
695 2811 794 2867 pro
838 2797 1048 2853 viribus
1073 2797 1209 2869 suis,
1240 2798 1445 2853 sanctis
1469 2796 1842 2854 habitantibus
1867 2796 1922 2851 in
1973 2796 2102 2851 llic-

508 2888 743 2943 rusalem
768 2888 1075 2944 necessaria
1107 2880 1485 2944 transmittunt
1509 2903 1614 2958 per.
1631 2887 1860 2942 Paulum
1889 2896 1945 2943 et
1967 2887 2101 2943 Bar-

509 2982 732 3049 nabam,
752 2982 818 3039 in
848 2982 1210 3039 ministerium
1230 2992 1549 3045 sanctorum
1580 2983 1898 3042 destinatos.

1164 3117 1335 3159 CAPUT
1365 3117 1476 3158 XVI.

510 3193 589 3250 De
629 3192 839 3251 Herode
880 3195 1240 3273 minore,__qui
1267 3196 1746 3273 ﬁliusﬁristobuli
1790 3197 1896 3267 filii
1919 3198 2100 3269 magni
2128 3208 2174 3273 ρ

1113 3266 1339 3327 Herodis
1358 3268 1485 3339 fuit.

568 3378 691 3437 Sub
747 3381 852 3437 hoc
888 3389 1143 3453 tempore
1175 3380 1409 3453 Αηειιῆνρα
1457 3390 1817 3454 cognomento
1847 3380 2096 3450 Herodis,

507 3473 675 3529 totius
703 3471 902 3528 Judaaai
934 3487 1158 3543 regnum
1206 3473 1433 3528 obtinet.
1488 3472 1641 3528 Hunc
1688 3472 1865 3529 Lucas
1912 3474 1967 3528 in
1996 3474 2098 3530 Ac-

506 3568 650 3621 tibus
681 3566 1046 3636 aposmlorum
1080 3565 1218 3635 (Act.
1238 3565 1339 3638 xu)
1366 3564 1633 3621 Herodem
1659 3557 1922 3633 nominat,
1950 3565 2099 3624 Iose-

505 3661 643 3730 phus
656 3659 948 3731 Agrippam
969 3659 1229 3731 (Joseph.,
1246 3660 1337 3714 lib.
1358 3676 1511 3726 xvm,
1528 3677 1643 3732 cap.
1665 3661 1752 3726 12,
1778 3661 1898 3715 Ant.
1918 3661 2095 3732 Jud.).

508 3752 630 3819 Hic,
661 3755 907 3825 inquam,
952 3756 1020 3809 de
1050 3756 1367 3810 crmlelitate
1415 3756 1590 3825 palmi
1626 3755 1932 3829 plurimum
1962 3758 2096 3812 reti-

505 3858 662 3907 nens,
690 3845 1035 3914 persequitur
1083 3846 1377 3913 apostolos,
1416 3845 1634 3899 Petrum
1678 3847 2001 3915 incarcerat.
2042 3852 2100 3901 et

506 3935 705 3990 occidit
726 3933 1015 4001 Iacobum,
1041 3934 1264 3990 fratrem
1294 3935 1540 4001 Joannis,
1574 3936 1773 4008 gladio.

1150 4060 1317 4102 ZAPUT
1349 4060 1485 4100 XVII.

811 4136 892 4193 De
922 4147 1086 4194 morte
1112 4138 1317 4205 Jacobi,
1350 4139 1532 4208 fratris
1565 4137 1813 4196 Joannis.

581 4236 833 4310 (Clemen.
857 4239 1033 4308 Alcen,
1058 4240 1148 4295 lib.
1173 4257 1245 4296 vn
1272 4239 1503 4311 Disput.)
1550 4240 1626 4296 De
1668 4239 1820 4310 cujus
1843 4242 2097 4313 passione

507 4342 566 4386 ut
594 4331 794 4402 aliquid
823 4334 1180 4403 revolvamus,
1224 4334 1423 4390 dicitur
1451 4336 1614 4405 quod,
1648 4350 1769 4390 cmn
1806 4351 1834 4389 a
1859 4337 2093 4406 quodam

510 4427 878 4497 apparitorum
928 4427 1140 4487 oblatus
1188 4436 1334 4483 esset
1387 4427 1584 4483 Herodi
1635 4429 1701 4482 ad
1749 4430 2090 4498 martyrium,

506 4518 669 4573 etiam
701 4518 815 4589 ipse
861 4519 950 4589 qui
998 4519 1293 4585 obtulerat,
1322 4520 1637 4590 paenitentia
1674 4518 1884 4583 ductus,
1914 4528 2093 4574 motus

507 4620 590 4667 est
639 4621 694 4668 et
744 4612 1023 4669 confessus
1071 4622 1155 4670 est
1209 4629 1267 4669 se
1315 4628 1436 4669 esse
1496 4613 1887 4670 Christianum.
1938 4611 2089 4671 Tunc

507 4707 665 4764 ambo
697 4708 901 4778 pariter
924 4709 1068 4762 ducti
1100 4717 1225 4762 sunt
1258 4709 1324 4763 ad
1367 4708 1683 4779 supplicium
1710 4724 1723 4772 ;
1756 4716 1809 4761 et
1842 4723 1960 4761 cum
1991 4707 2081 4761 du~

507 4808 781 4869 cerentur,
812 4799 1021 4870 rogavit
1054 4798 1313 4855 Iacobum
1338 4799 1389 4853 in
1426 4799 1510 4853 via
1543 4799 1657 4853 dari
1688 4798 1785 4859 sibi
1816 4798 2082 4854 remissio

509 4904 648 4944 nem.
684 4888 752 4951 At
784 4888 872 4943 ille
916 4905 1201 4961 parumper
1232 4884 1534 4946 deliberans
1562 4886 1711 4943 :Pax
1744 4888 1859 4954 tibi,
1892 4889 2084 4959 inquit,

509 4988 562 5034 et
587 4980 861 5035 osculatus
887 4991 972 5036 est
1007 4999 1151 5046 eum,
1181 4990 1235 5037 et
1273 4981 1344 5036 ita
1375 4982 1533 5036 ambo
1563 4980 1738 5049 capite
1769 4979 1907 5049 plcxi
1940 4990 2082 5034 sunt.

510 5066 616 5123 Sed
648 5069 802 5129 adest
828 5071 1083 5127 continuo
1106 5074 1304 5128 vindex
1332 5073 1427 5127 Dei
1470 5073 1690 5126 dextera
1720 5071 1773 5125 in
1810 5070 2089 5143 prmfatum

514 5158 795 5217 Herodem.

1121 5270 1292 5310 CAPUT
1328 5270 1482 5308 XVIII.

873 5344 945 5400 De
972 5346 1197 5400 vindicta
1222 5345 1317 5398 Dei
1351 5345 1404 5398 in
1432 5343 1709 5399 Herodem.

581 5453 845 5530 (Ioseph,
868 5458 959 5514 lib.
990 5475 1089 5512 xm
1130 5444 1306 5530 Antiq.
1329 5458 1484 5529 Jud.)
1530 5454 1661 5511 Nam
1690 5474 1814 5512 cum
1844 5464 2084 5528 postmo-

526 5565 543 5615 ν
583 5581 612 5612 ι
650 5571 913 5627 Adventus
945 5534 1422 5627 Petriad‘Urbcm.
1455 5569 1566 5626 [loc
1594 5570 1833 5627 omnium
1865 5570 2088 5639 scripto-

2859 1943 3033 1985 ωυτ
3058 1944 3152 1985 ιι.

2742 2017 2821 2077 De
2846 2017 3060 2077 Simone
3088 2019 3267 2091 Mago.

2271 2136 2453 2208 (Aug.,
2476 2138 2626 2208 epist.
2654 2137 2763 2205 86;
2795 2139 3023 2211 Epipha.
3050 2140 3140 2194 lib.
3173 2155 3211 2204 ι,
3232 2150 3361 2195 tom.
3392 2139 3424 2194 Ι
3439 2181 3457 2206 ,
3486 2152 3697 2196 contra
3730 2139 3820 2198 E-

2199 2228 2367 2300 nson.)
2414 2228 2528 2285 Sub
2565 2231 2670 2286 hoc
2711 2239 2952 2302 tempore
3003 2218 3219 2303 quidam
3249 2234 3436 2288 Simon
3499 2234 3820 2290 Samarita—

2202 2335 2324 2386 nus,
2375 2329 2539 2391 caput
2597 2321 2767 2378 totius
2812 2322 3122 2393 pravitatis,
3169 2331 3225 2377 et
3272 2324 3606 2393 principium
3643 2327 3814 2380 totius

2202 2408 2443 2476 haeresis,
2472 2411 2575 2466 sub
2603 2412 2831 2468 Claudio
2870 2412 3086 2469 Cwsare
3119 2415 3342 2485 magicis
3368 2416 3585 2471 artibus
3614 2427 3679 2471 et
3712 2432 3815 2488 ope

2202 2499 2503 2556 daemonum
2527 2502 2856 2569 sublevatus,
2894 2503 2947 2559 in
2988 2505 3121 2560 urbe
3148 2502 3321 2560 Roma
3365 2506 3503 2561 deus
3545 2506 3810 2562 decerni-

2202 2601 2311 2660 tur,
2343 2603 2398 2650 et
2424 2596 2700 2653 simulacri
2729 2599 2934 2669 potitur
2960 2601 3186 2665 honore,
3214 2601 3468 2657 collocati
3488 2602 3647 2657 intu-
3670 2608 3809 2660 doris

2200 2695 2391 2758 pontes
2417 2687 2652 2747 fluminis
2679 2691 2910 2758 Tiberis,
2943 2693 3149 2751 habens
3169 2696 3329 2750 etiam
3355 2696 3572 2751 titulum
3590 2697 3808 2755 Latinis

2200 2781 2402 2846 verbis,
2447 2781 2649 2837 Simoni
2682 2784 2778 2841 deo
2802 2794 3008 2840 sancto.
3057 2785 3163 2841 Sed
3190 2802 3298 2841 non
3349 2787 3440 2842 diu
3482 2798 3802 2858 permnet,

2201 2871 2390 2930 fraude
2419 2876 2676 2932 divinitus
2701 2877 2935 2934 detecta.

2836 2978 3006 3048 cerua
3028 3007 3148 3048 ns.

2444 3104 2485 3134 ιι
2510 3092 2775 3148 Adventus
2810 3092 2958 3148 Petri
2988 3093 3043 3149 in
3072 3094 3254 3148 urbem
3294 3092 3509 3148 Romam

2276 3207 2489 3280 (Euseb.
2531 3208 2622 3263 lib.
2655 3226 2692 3274 ι,
2722 3225 2769 3264 c.
2803 3209 2928 3281 l4.)
2974 3210 3244 3265 Continuo
3286 3226 3522 3281 namque
3557 3211 3614 3265 in
3655 3212 3791 3282 ipsis

2203 3298 2407 3355 Claudii
2436 3301 2902 3372 temporibus,-per
2922 3301 3157 3357 divinam
3185 3302 3579 3372 providentiam
3597 3304 3787 3359 Petrus

2200 3392 2495 3463 apostolus,
2514 3392 2743 3448 fundata
2772 3395 2922 3465 prius
2958 3394 3259 3449 Antiochiae
3294 3394 3581 3461 Ecclesia,
3606 3398 3672 3451 sd
3692 3413 3785 3450 ur-

2198 3485 2322 3539 bem
2340 3484 2573 3540 Romam
2601 3500 2722 3541 eum
2750 3488 2951 3541 honore
2988 3486 3291 3551 deducitur,
3324 3484 3563 3542 offerens
3608 3502 3782 3543 secum

2200 3576 2526 3633 deﬁrientis
2551 3580 2813 3649 partibus,
2851 3589 2912 3634 ut
2933 3579 3169 3634 caelestis
3194 3580 3411 3650 quidam
3464 3583 3782 3652 negotiator,

2200 3671 2602 3727 diviniluminis
2622 3672 2992 3734 mercimonio,
3021 3673 3063 3725 si
3093 3672 3213 3741 quis
3235 3673 3305 3726 sit
3337 3687 3666 3743 comparare
3696 3690 3783 3742 pic
3862 3682 3868 3686 ‘

2201 3774 2372 3820 rat-us.
2414 3763 2583 3833 Cujus
2627 3764 2909 3834 magniﬁca
2972 3766 3294 3820 auctoritate
3349 3766 3537 3819 statim
3584 3767 3785 3821 clarum

2203 3854 2333 3912 Urbi
2369 3855 2461 3910 Dei
2505 3857 2682 3910 lumen
2734 3857 2938 3920 uritur,
2966 3865 3021 3910 ct
3047 3856 3285 3911 Simonis
3315 3855 3466 3911 fraus
3516 3873 3646 3911 eum
3692 3873 3787 3911 suo

2203 3960 2423 4007 auctore
2445 3951 2823 4019 exstinguitur.
2879 3948 3160 4021 (ΗΑγιιο.)
3192 3950 3420 4004 Tantam
3455 3951 3625 4020 igitur
3650 3966 3782 4021 pne-

2199 4043 2411 4098 dicandi
2460 4043 2691 4097 habebat
2731 4043 2999 4112 gratiam,
3049 4051 3106 4096 ut
3158 4042 3534 4095 universorum
3581 4051 3786 4095 mentes

2199 4135 2408 4207 placido
2433 4134 2703 4190 illustrans
2726 4148 2978 4190 sermone
3001 4136 3249 4199 traxerit,
3273 4133 3475 4189 (‘Jiristi
3506 4150 3708 4189 nomen
3732 4134 3783 4187 in

2199 4225 2375 4295 capite
2404 4239 2690 4294 regnorum
2714 4224 2928 4280 celebre
2951 4223 3141 4280 fecerit
3168 4225 3219 4278 in
3249 4225 3419 4280 brevi.
3440 4224 3511 4278 Et
3535 4225 3645 4279 hoc
3670 4223 3787 4294 qui-

2200 4320 2320 4375 dem
2372 4318 2602 4389 pulcbre
2652 4318 2831 4372 divina
2872 4317 3224 4387 dispositione
3276 4326 3453 4373 actum
3484 4326 3593 4383 est,
3624 4330 3683 4372 ut
3714 4317 3786 4372 ibi

2201 4420 2350 4465 tanto
2376 4410 2664 4482 gloriosius
2685 4409 2872 4465 titulus
2902 4402 3552 4481 Salvatoriserigei-etur,
3583 4419 3785 4479 quanto

2198 4500 2633 4555 contumeliosius
2662 4500 2717 4553 in
2748 4500 2901 4555 initio
2917 4500 3037 4555 fidei
3064 4510 3279 4570 spretus
3292 4501 3503 4557 ibidem
3524 4516 3557 4555 ε
3582 4503 3788 4557 ﬂama-

2118 4573 2171 4634 Ῐ)
2200 4596 2283 4647 nis
2312 4589 2488 4647 fuerat
2518 4592 2636 4662 ipse
2665 4590 2936 4647 Salvator.

2811 4722 2983 4761 CAPUT
3024 4722 3156 4760 XIII.

2455 4798 2844 4852 Commendatio
2875 4795 3114 4852 Philonis
3142 4808 3189 4851 et
3220 4798 3507 4853 conversio.

2266 4912 2507 4986 (Euseb.,
2538 4930 2652 4984 cap.
2674 4914 2737 4966 f7
2761 4913 2931 4983 ejusd.
2956 4913 3083 4976 lib.;
3114 4912 3362 4984 Niceph.,
3381 4913 3473 4968 lib.
3500 4932 3564 4980 ll,
3591 4932 3642 4970 ε.
3672 4915 3783 4985 Η.)

2193 5006 2270 5060 Eo
2298 5013 2534 5073 tempore
2561 5004 2732 5064 Philo,
2765 5004 3115 5059 Hebneorum
3139 5016 3393 5076 scriptor,
3426 5008 3493 5061 de
3531 5024 3647 5077 quo
3696 5026 3783 5063 su-

2195 5082 2290 5166 pra
2339 5095 2775 5159 memoravimus,
2807 5094 3226 5159 subtilissimus,
3258 5096 3313 5150 in
3357 5098 3614 5153 sensilia
3654 5115 3781 5170 prn-

2195 5183 2408 5249 fundus,
2437 5194 2491 5237 et
2534 5182 2968 5239 aflluentissimus
2997 5184 3331 5254 eloquentia,
3356 5189 3582 5255 copiose
3632 5191 3780 5244 inve-

2192 5276 2378 5340 niens,
2408 5284 2461 5330 et
2488 5275 2756 5346 copiosius
2781 5276 3037 5344 eloquens
3056 5317 3071 5342 ,
3106 5275 3267 5331 Petro
3304 5278 3546 5347 apostolo
3574 5281 3777 5349 praedi-

2195 5368 2337 5420 canti
2363 5366 2641 5430 adlueret;
2665 5365 2753 5433 qui
2786 5365 3017 5434 denique
3040 5366 3195 5422 nobis
3224 5367 3277 5421 in
3302 5368 3485 5429 multis
3517 5369 3674 5424 libris
3700 5371 3751 5424 in

2188 5455 2330 5527 genii
2360 5462 2701 5509 monumenta
2736 5453 2969 5523 reliquit.

2189 5562 2599 5639 significatione,
2630 5568 2961 5622 declaratum
2998 5611 3013 5635 ,
3063 5581 3121 5623 ut
3176 5570 3314 5626 alias
3376 5572 3429 5626 in
3493 5574 3774 5629 volumine

518 5654 638 5711 Eum
683 5640 875 5697 litteris
907 5643 1159 5696 traditum
1192 5651 1293 5705 est,
1326 5657 1496 5711 neque
1532 5640 1702 5696 solum
1749 5638 2087 5700 Graecefsed
2193 5638 2380 5711 contra
2422 5638 2794 5711 haereticorum
2845 5639 3125 5695 histoiiam
3160 5641 3515 5696 ostendimus.
3562 5645 3777 5698 Audeat

514 5704 801 5784 Hebraice,
827 5711 1066 5784 Syriaco,
1093 5722 1252 5783 atque
1274 5704 1526 5773 Arabico,
1573 5711 1920 5784 omniumque
1950 5724 2090 5780 pene
2192 5711 2337 5762 enim
2372 5709 2773 5784 ipsi,_quoniam
2802 5725 2895 5764 ore
2922 5711 3390 5784 impudentissimo
3415 5723 3561 5778 sunt,
3594 5716 3651 5767 id
3684 5732 3779 5768 ne-

522 5782 760 5854 gentium
815 5782 1065 5854 sermone
1120 5782 1483 5854 significatum
1538 5793 1621 5837 est
1660 5823 1672 5844 ,
1741 5782 2095 5854 omniumque

521 5853 826 5923 principum
856 5852 1147 5908 voluntatis
1175 5851 1390 5929 optimae
1421 5869 1549 5924 erga
1577 5854 1756 5909 sedem
1793 5851 2091 5907 Romanam

2196 5794 2326 5851 gare
2368 5781 2508 5851 quod
2557 5782 2798 5841 omnium
2858 5782 3135 5836 nationum
3174 5782 3376 5838 litteris
3410 5793 3471 5838 οι
3519 5799 3774 5842 serium

2196 5849 2568 5923 pervulgatum
2603 5857 2706 5905 est.
