4002 6348
754 573 931 618 CMT
958 578 1123 621 nm.

446 688 519 745 De
546 690 830 763 Evangelia
864 697 1146 752 secundum
1180 668 1443 758 Marcum.

231 822 471 893 (Euseb.,
503 841 618 879 cau.
668 827 730 881 l5
755 829 924 898 ejusd.
958 831 1074 903 lib.)
1101 833 1249 889 Tune
1296 834 1508 891 Marcus
1542 836 1729 892 scribit

156 913 505 986 Evangelium
533 916 633 972 hac
655 921 957 976 occasione.
1003 923 1135 978 Cum
1182 925 1293 980 sola
1331 925 1477 980 Petri
1525 927 1727 984 auditio

154 1024 263 1062 non
318 1006 606 1075 sufﬁceret,
652 1026 844 1081 magna
889 1028 1009 1068 eum
1060 1015 1397 1073 audientibus
1452 1018 1725 1089 aviditate,

156 1098 366 1169 magnis
419 1100 667 1167 precibus
698 1115 888 1173 rogant
930 1103 1168 1160 Marcum
1214 1106 1530 1177 discipulum
1586 1109 1725 1179 ejus,

152 1198 215 1243 ut
260 1191 694 1260 praedicationem
745 1195 948 1264 scripto
987 1198 1383 1253 commendaret
1430 1200 1723 1253 memoria.

152 1276 403 1333 Clemens
429 1280 481 1334 in
519 1293 671 1337 sexto
700 1283 1117 1353 Dispositionum
1146 1287 1283 1343 libro
1317 1307 1329 1342 :
1360 1288 1552 1346 Petrus
1598 1307 1726 1347 vero

154 1378 215 1422 ut
241 1370 492 1441 religioso
519 1388 577 1427 se
612 1374 894 1443 spoliatum
927 1379 1188 1448 comperit
1228 1378 1402 1446 furtu,
1433 1381 1727 1439 delectatus

147 1469 252 1526 est,
296 1462 603 1533 factumque
649 1466 986 1534 conﬁrmavit
1020 1469 1072 1521 in
1110 1478 1398 1538 perpetuo,
1442 1471 1726 1541 legendum

150 1550 409 1607 Ecclesiis
438 1555 619 1608 tradit.
652 1554 996 1612 Postmodum
1021 1574 1151 1613 vero
1186 1558 1397 1616 Marcus
1438 1561 1540 1617 hoc
1582 1562 1723 1617 idem

148 1639 500 1710 Evangelium
528 1645 667 1712 apud
705 1642 998 1716 Egyptum
1034 1648 1231 1703 missus
1279 1664 1309 1703 a
1340 1646 1499 1706 Petro
1532 1650 1724 1720 pradi-

147 1738 260 1796 eat,
291 1741 346 1784 et
367 1732 574 1801 primus
604 1736 745 1805 apud
774 1736 1158 1793 Alexandriam
1175 1738 1388 1815 levatur
1420 1741 1473 1794 in
1515 1741 1725 1811 episco-

142 1834 298 1887 pum,
330 1821 421 1875 ubi
458 1822 652 1879 multos
689 1824 931 1880 lueratur
967 1816 1219 1897 pepulos,
1262 1844 1471 1898 magna
1519 1830 1723 1885 sobrie-

149 1910 279 1964 tatis
311 1918 365 1965 et
386 1912 731 1971 continentia
756 1917 1020 1987 exemplo.
1046 1918 1258 1975 interea
1284 1918 1453 1976 Paulo
1480 1921 1725 1992 apostolo
1751 1918 1802 1983 B

132 2000 220 2054 ab
249 2002 586 2059 Hierusalem
638 2006 691 2060 in
738 2007 987 2075 circuitu,
1021 2018 1075 2065 et
1116 2026 1287 2081 usque
1334 2012 1402 2068 ad
1450 2012 1724 2084 lllyricum

130 2098 493 2167 praedicante,
523 2100 778 2158 Claudius
826 2104 1118 2174 imperator
1157 2104 1368 2162 Judaos
1390 2109 1726 2164 tumultuan-

146 2198 233 2244 tes
270 2189 402 2243 urbe
426 2191 658 2260 depellit.
694 2192 842 2249 Tunc
889 2194 1083 2264 Aquila
1125 2205 1179 2251 et
1204 2196 1445 2253 Priscilla
1470 2214 1592 2255 cum
1620 2215 1725 2255 ca-

149 2279 285 2333 teris
337 2280 574 2348 expulsis
621 2283 843 2339 veniunt
889 2285 940 2341 in
993 2286 1197 2352 Asiam,
1230 2288 1410 2360 ibique
1453 2291 1728 2348 cohaerent

136 2366 408 2438 .Apostolo
428 2370 688 2428 Ecclesiae
713 2373 1059 2434 fundamenta
1081 2376 1326 2447 iacienti.

759 2503 931 2545 CM‘UT
969 2505 1117 2546 Χιιν.

507 2597 638 2664 Qua:
656 2599 859 2656 Iudicis
885 2604 1183 2658 acciderunt
1206 2604 1366 2660 mala.

221 2711 479 2785 (Joseph.,
526 2714 615 2769 lib.
650 2733 721 2770 xx
772 2704 894 2770 Ᾰηι.
946 2717 1099 2788 Jud.)
1139 2720 1288 2775 Tunc
1337 2736 1463 2777 vero
1491 2721 1724 2795 Agrippa

145 2806 287 2876 apud
308 2804 736 2879 Hierosolymam
759 2818 1017 2881 regnante
1034 2852 1046 2871 ,
1075 2822 1423 2881 procuratore
1451 2830 1578 2869 vero
1603 2829 1724 2884 pro—

144 2898 335 2953 vincia
362 2897 561 2964 Felice,
593 2899 812 2956 Claudio
832 2903 1006 2958 adhuc
1044 2903 1096 2957 in
1126 2904 1349 2975 imperio
1375 2907 1722 2976 perdurante,

142 2995 294 3041 tanta
314 2986 512 3043 Iudaeis
541 2989 789 3044 accidunt
835 2990 998 3057 mala,
1030 3004 1085 3046 ut
1121 2993 1235 3063 ipso
1263 2994 1347 3048 die
1394 2992 1615 3049 Pascha
1645 3010 1727 3050 se-
1760 3040 1763 3045 ,

145 3080 352 3133 ditione
393 3088 600 3145 exorta,
631 3081 696 3135 de
722 3081 808 3135 his
856 3082 983 3137 solis
1015 3083 1108 3153 qui
1141 3083 1193 3138 in
1241 3084 1443 3140 foribus
1470 3085 1727 3141 Ecclesia

144 3170 536 3240 constipatione
576 3172 755 3242 populi
814 3175 1010 3228 mortui
1071 3186 1225 3242 sunt,
1289 3178 1507 3249 triginta
1562 3179 1726 3233 millia

143 3270 554 3332 computentur;
594 3264 684 3317 ubi
726 3271 781 3317 et
803 3263 1061 3320 Jonathas
1106 3266 1345 3335 pontifex
1378 3269 1719 3325 interficitur.
1751 3280 1797 3344 ο

144 3353 215 3408 Ea
240 3361 566 3423 tempestate
592 3352 876 3426 Egyptius
906 3357 1121 3426 quidam
1144 3372 1355 3428 magus,
1381 3368 1433 3413 et
1456 3369 1578 3414 arte
1609 3377 1723 3415 ma-

143 3444 266 3515 gica
296 3446 553 3501 simulans
572 3461 629 3501 se
657 3461 784 3501 esse.
796 3449 1133 3518 prophetam,
1163 3465 1227 3504 ex
1257 3450 1401 3504 omni
1422 3461 1575 3521 parte
1605 3468 1727 3508 con-

144 3553 377 3609 gregans
401 3535 635 3605 J’udaos,
662 3541 983 3609 promittens
1009 3542 1407 3598 eis‘libertatem
1449 3546 1724 3613 antiquam

144 3638 193 3683 et
228 3628 606 3684 liberationem
659 3631 893 3685 civitatis
920 3647 1049 3697 sua,
1085 3646 1269 3687 eorum
1315 3635 1513 3689 auxilio
1556 3635 1727 3692 fretus

144 3736 243 3790 per
293 3720 567 3774 desertum
616 3721 760 3774 venit
787 3737 956 3791 usque
993 3723 1057 3777 ad
1090 3732 1322 3778 montem
1368 3724 1598 3779 Oliveti:
1632 3726 1726 3780 sed

146 3821 372 3868 conatus
401 3827 515 3883 ejus
566 3815 826 3884 praevenit
864 3815 1009 3870 Felix
1030 3857 1044 3880 ,
1068 3824 1151 3881 et,
1179 3817 1554 3887 congressione
1585 3817 1725 3872 facta

146 3916 273 3957 cum
301 3903 486 3967 armis,
517 3901 831 3973 Egyptium
860 3905 1073 3973 quidem
1105 3905 1282 3976 fugat,
1316 3906 1449 3961 alios
1484 3921 1610 3961 vero
1639 3906 1724 3963 vel

147 3994 365 4063 perimit
391 3983 479 4047 Vel
508 3995 665 4064 capit,
714 4011 881 4065 usque
912 3997 978 4050 ad
1015 3998 1229 4068 triginta
1272 4008 1396 4054 octo
1442 3998 1608 4054 millia
1645 3999 1726 4055 vi-

149 4099 333 4139 rerum
340 4124 356 4140 .

762 4192 938 4233 CAPUT
978 4194 1104 4235 XXV.

468 4245 479 4253 “
562 4263 705 4320 Mors
730 4264 941 4322 Claudii
968 4267 1313 4337 imperatoris.

213 4382 448 4445 interea,
479 4379 700 4435 Claudio
733 4382 986 4436 tredecim
1017 4384 1174 4439 annis
1200 4396 1255 4439 et
1292 4394 1415 4441 octo
1453 4391 1727 4447 mensibus

151 4470 336 4525 functo
374 4472 617 4539 imperio,
642 4471 781 4526 Nero
811 4474 1038 4542 suscipit
1082 4476 1458 4545 principatum.
1488 4479 1587 4535 Hie
1610 4481 1726 4536 Fe—

151 4575 290 4615 stum
343 4562 505 4615 mittit
552 4562 606 4615 in
655 4560 913 4626 Iudaeam,
964 4572 1021 4621 ut
1074 4566 1323 4620 succedat
1370 4568 1555 4633 Felici,
1584 4574 1725 4640 apud

152 4669 312 4723 quem
348 4652 543 4707 Paulus
572 4668 732 4708 causa
766 4654 907 4708 dicta
957 4655 1166 4710 vinctus
1213 4656 1440 4714 Romam
1468 4638 1722 4729 mittitur,
1754 4638 1805 4697 D

150 4746 464 4801 Aristarcho
498 4745 806 4808 comitante,
836 4753 896 4799 et
938 4745 1209 4801 biennium
1238 4749 1288 4803 in
1328 4749 1495 4806 libera
1544 4764 1727 4810 manet

154 4836 704 4892 custodia.Postltoc
733 4837 800 4893 ad
822 4838 1219 4906 praedicandum
1259 4842 1565 4911 dimittitur,
1594 4863 1728 4902 non-

154 4929 278 4984 dum
306 4928 512 4983 Nerone
557 4928 609 4983 in
646 4936 796 4983 tanta
840 4937 1155 4999 erumpente
1182 4931 1405 4998 scelera,
1437 4945 1633 5004 quanta
1663 4939 1729 4994 de

153 5031 215 5071 eo
234 5027 457 5072 ml
478 5018 737 5081 historia,
764 5018 860 5073 sed
882 5019 1074 5084 adhuc,
1108 5020 1505 5090 dispensatione
1526 5027 1726 5095 divina,

152 5108 470 5164 clementius
518 5118 742 5180 agente;
766 5118 834 5164 nt
868 5110 1093 5165 éinteuim
1136 5113 1495 5181 compleretur
1528 5120 1731 5187 praedi.

142 5200 295 5254 catio
316 5198 485 5263 Pauli,
506 5208 563 5254 et
584 5200 952 5254 scriberentur
974 5202 1094 5271 ejus
1115 5202 1385 5271 Epistula,
1418 5206 1498 5260 vel
1520 5207 1584 5259 ad
1598 5223 1731 5277 per.

144 5304 314 5346 armas
338 5331 353 5357 ,
377 5293 461 5346 vel
486 5294 556 5345 ad
592 5293 765 5361 capita
794 5294 1212 5362 prouinciarum,
1238 5297 1318 5349 vel
1348 5297 1413 5351 ad
1454 5298 1577 5354 ﬁdei
1605 5301 1731 5355 solio

159 5379 395 5444 ditatem,
429 5382 510 5435 vel
533 5382 597 5435 ad
624 5384 868 5436 decorem
901 5384 1197 5455 Evangelii,
1226 5388 1457 5459 denique
1479 5391 1544 5445 ad
1572 5394 1731 5449 totius

159 5466 412 5526 Ecclesia
432 5472 734 5527 utilitatem.
1352 5471 1377 5496 "

766 5597 936 5637 CAPUT
971 5600 1120 5639 XXVI.

420 5694 493 5749 De
516 5696 763 5769 martyrio
784 5695 997 5761 Jacobi,
1025 5696 1206 5765 fratris
1232 5697 1458 5754 Domini.

230 5806 468 5878 (Euseb.,
485 5809 572 5864 lib.
593 5826 775 5881 tt,cap.
802 5810 887 5878 l3,
907 5808 1043 5865 Hist.
1059 5811 1263 5884 eccles.)
1278 5811 1443 5884 Igitur
1460 5826 1583 5888 post
1599 5816 1736 5874 Pau-

1116 440 1479 512 utsroma
1501 456 1745 515 saeua
1774 442 2094 517 Epirotis.
2128 493 2195 502 —
2220 463 2351 519 us.
2387 466 2447 521 ιι.

3307 476 3412 531 850

1763 575 1812 635 Α
1838 572 1947 629 inm
1974 573 2201 629 Romam
2227 578 2627 645 transmissum,
2656 580 2897 636 videntes
2928 581 3095 639 Judaei
3124 585 3412 647 frustrata:

1830 666 2180 724 esseinsidias
2194 684 2328 739 quas
2349 670 2398 723 ei
2424 671 2781 740 intenderant,
2805 676 2870 730 ad
2888 674 3169 746 Jacobum,
3192 678 3413 739 fratrem

1833 756 2057 822 Domini,
2086 771 2142 815 et
2168 760 2658 834 Hierosolymorum
2680 768 3007 838 episcopum,
3028 782 3415 831 convertuntur

1829 847 1901 901 ad
1941 849 2338 937 vindicandum.
2386 854 2537 909 Tunc
2582 866 2839 927 expetunt
2885 860 2952 914 ab
2992 875 3058 917 eo
3095 863 3411 937 abnegatio-

1830 954 1968 1029 nem.
1985 936 2214 1008 Christi;
2248 950 2303 997 at
2337 942 2425 999 ille
2451 943 2618 1000 libera
2645 962 2777 1002 voce
2805 964 2991 1006 coram
3020 954 3167 1009 omni
3212 936 3414 1029 populo

1829 1002 2103 1087 Christum
2140 1049 2258 1090 esse
2286 1035 2479 1091 Filium
2516 1038 2611 1095 Dei
2637 1040 2941 1096 confitetur.
2975 1043 3124 1101 Tunc
3155 1002 3412 1118 (lerpinna

1831 1124 2010 1192 templi
2034 1124 2271 1194 dejeetus
2296 1128 2363 1181 ab
2387 1128 2565 1197 impiis
2592 1127 2790 1185 Judais
2809 1172 2823 1196 ,
2848 1148 3009 1189 orans
3051 1152 3211 1206 super
3232 1155 3406 1208 genua

1829 1230 1944 1279 sua,
1977 1216 2136 1270 etiam
2182 1232 2282 1289 pro
2327 1217 2719 1288 lapidantibus,
2753 1223 2993 1289 tandem,
3022 1224 3234 1282 fullonis
3262 1240 3413 1287 vecte

1825 1321 2134 1379 percussus,
2161 1308 2433 1375 occubuit,
2464 1311 2739 1367 tricesimo
2759 1313 3101 1384 episcopatus
3134 1318 3218 1373 sui
3246 1334 3408 1376 anno.

1829 1394 2133 1468 (Clemens.)
2166 1398 2292 1452 Fuit
2329 1409 2508 1456 autem
2535 1417 2601 1455 ex
2633 1412 2787 1456 utero
2816 1404 3006 1458 matris
3038 1421 3147 1462 sua
3171 1396 3409 1478 sanctus,

1827 1490 2010 1547 vinum
2035 1500 2087 1544 et
2111 1490 2338 1547 siceram
2362 1509 2467 1548 non
2493 1494 2646 1559 bibit,
2674 1494 2872 1551 animal
2900 1510 3006 1550 non
3037 1499 3408 1569 manducavit;

1827 1579 2028 1635 ferrum
2053 1593 2213 1653 caput
2233 1582 2348 1651 ejus
2377 1600 2482 1639 non
2506 1586 2780 1652 ascendit,
2812 1586 2930 1641 oleo
2962 1602 3067 1641 nou
3108 1599 3190 1643 est
3218 1606 3413 1659 perun-

1826 1679 1960 1735 ctus,
1995 1673 2181 1728 balneo
2203 1690 2306 1729 non
2333 1685 2417 1729 est
2442 1692 2588 1742 usus,
2624 1692 2718 1732 nec
2741 1677 2898 1733 laneo
2922 1678 3234 1735 indumento
3264 1682 3412 1737 indu-

1828 1771 1933 1828 tus,
1963 1765 2054 1819 sed
2082 1773 2291 1820 tantum
2314 1767 2558 1822 sindone.
2587 1766 2721 1823 Huic
2756 1769 2854 1824 soli
2882 1769 3075 1825 licebat
3106 1771 3330 1826 introire
3355 1772 3411 1828 in

1827 1864 2009 1911 sancta
2038 1865 2366 1923 sanctorum,
2392 1859 2503 1923 ubi,
2532 1875 2703 1929 genua
2752 1858 3015 1915 ﬂectendo
3036 1901 3049 1925 ,
3078 1861 3413 1919 incessanter

1826 1948 2036 2015 orabat,
2069 1950 2205 2005 adeo
2232 1957 2291 2003 ut
2319 1949 2385 2004 a‘d
2416 1951 2632 2003 modum
2672 1949 2863 2003 cameli
2896 1949 3062 2004 callos
3102 1950 3307 2007 faceret
3348 1953 3412 2010 in

1827 2040 2069 2111 genibus.
2125 2038 2226 2105 Qui
2254 2053 2354 2108 pro
2382 2037 2681 2092 incredibili
2726 2038 3056 2093 continentia
3085 2041 3209 2095 vita
3245 2049 3303 2096 et
3324 2040 3413 2109 ju-

1825 2130 1973 2185 stitia
1996 2144 2203 2183 summa
2239 2127 2536 2199 appellatus
2555 2136 2639 2181 est
2660 2126 2841 2183 Obh'as
2856 2169 2871 2193 ,
2898 2128 2950 2183 id
2968 2138 3067 2184 .est
3102 2130 3409 2187 munimen-

1824 2229 1939 2275 tum
1987 2219 2166 2290 populi
2203 2227 2258 2273 et
2304 2219 2533 2289 iustitia.
2580 2216 2693 2273 Nec
2720 2219 2891 2273 multo
2924 2229 3045 2289 post
3081 2223 3410 2293 oppugnatio

1827 2320 2115 2368 consecuta
2157 2320 2239 2366 est
2267 2310 2581 2387 vespasiani
2603 2350 2617 2376 ,
2648 2311 2723 2364 ita
2755 2318 2901 2365 utet
2926 2310 3233 2367 Judaorum
3282 2329 3410 2383 pru—

1828 2405 2013 2458 dentes
2046 2406 2192 2459 ‘hanc
2211 2417 2332 2459 esse
2350 2415 2570 2458 causam
2608 2401 2891 2457 crederent
2912 2403 3092 2457 statim
3108 2413 3411 2459 consecuta

1827 2493 2235 2564 oppugnationis
2284 2491 2810 2561 Hiemsolymorum,
2856 2493 3000 2561 quod
3051 2493 3103 2548 in
3150 2491 3407 2549 Jacobum

1829 2584 2111 2654 iniecerint
2134 2598 2329 2639 manus
2359 2584 2673 2644 sceleratas,
2695 2583 3053 2653 iustissimum
3078 2592 3146 2641 at
3167 2585 3406 2640 omnium

1826 2675 2161 2732 confessione
2183 2677 2482 2746 piissimum
2508 2678 2702 2740 virum,
2726 2676 2817 2745 qui
2838 2684 2965 2731 erat
2980 2676 3152 2731 frater
3171 2676 3405 2744 Domini,

1827 2770 1917 2837 qui
1939 2769 2138 2824 dicitur
2160 2767 2427 2823 Christus.
2458 2767 2713 2838 (Hunos)
2739 2767 2850 2835 Ego
2866 2782 3002 2824 stare
3018 2768 3194 2839 magis
3218 2768 3409 2839 opinor

1824 2859 1929 2913 hoc
1963 2858 2045 2914 eis
2077 2859 2536 2929 eontigisse,quia
2556 2860 2612 2912 iu
2644 2859 2934 2913 Dentium
2968 2859 3152 2915 303nm
3172 2860 3411 2915 commi—

1826 2960 2013 3006 serunt
2058 2958 2140 3015 ut,
2176 2952 2314 3019 quia.
2346 2951 2722 3006 'eiautaverunt
2762 2969 2779 3005 :
2820 2951 3062 3022 ﬁngitis
3096 2952 3411 3023 quam

1827 3058 1922 3096 nos
1959 3050 2009 3095 et
2028 3058 2186 3112 super
2221 3040 2360 3111 ﬁlios
2398 3052 2636 3107 nostros,
2663 3050 2771 3097 tam
2800 3043 2857 3097 in
2887 3058 2966 3109 se,
2996 3059 3160 3114 quam
3195 3043 3248 3098 ἧι
3280 3043 3408 3099 suis

1827 3133 2228 3189 successoribus
2260 3134 2515 3189 continua
2536 3133 2652 3190 fere
2690 3136 2968 3207 sanguinis
2986 3134 3257 3191 .eﬂusione
3304 3152 3406 3206 pu—

1824 3224 2093 3277 nirentur.
2119 3224 2325 3279 Interea
2354 3224 2544 3279 Festus
2578 3225 2808 3280 moritur
2852 3227 2989 3295 apud
3012 3226 3289 3291 Judaam;
3317 3227 3408 3281 cui

1828 3316 2093 3371 successit
2116 3315 2374 3379 Albinus,
2400 3316 2611 3371 Casare
2658 3315 3027 3385 adjudieante;
3052 3317 3248 3372 Albino
3286 3317 3412 3372 Flo-

1831 3418 1941 3469 rus,
1972 3403 2124 3471 cujus
2147 3405 2428 3459 avaritiam
2474 3415 2529 3460 et
2554 3405 2842 3470 luxuriam,
2872 3415 3175 3476 cateraque
3207 3406 3409 3479 ﬂagitia

1829 3509 1932 3547 non
1994 3493 2245 3550 ferentes
2280 3496 2424 3565 (nam
2461 3506 2514 3551 et
2541 3498 2887 3557 honorabiles
2937 3513 3179 3570 quosque
3228 3500 3410 3571 ﬂagris

1830 3587 2225 3652 verberaverat,
2251 3596 2304 3643 et
2322 3588 2605 3645 nonnullos
2633 3590 2685 3644 in
2718 3600 2905 3649 sancta
2934 3592 3151 3646 civitate
3172 3593 3410 3663 patibulo

1828 3679 2202 3749 suspenderat)
2251 3680 2534 3735 adversum
2577 3682 2852 3737 Romanos
2908 3682 3188 3738 rebellant.
3243 3684 3410 3763 cujus

1827 3769 1904 3823 rei
1936 3769 2242 3837 occasione,
2271 3771 2339 3825 ad
2364 3770 2704 3827 debellandos
2734 3768 2948 3829 Judaos
2985 3774 3240 3845 magister
3270 3774 3411 3835 milia

1829 3861 1917 3915 tia
1945 3862 2308 3935 Vespasianus
2348 3865 2752 3920 transmittitur.

2425 3970 2596 4010 CAPUT
2638 3971 2806 4009 ιχνιι.

2276 4042 2357 4099 De
2380 4046 2686 4101 crudelitate
2709 4045 2958 4102 Neronis.

1886 4157 2061 4223 Nero,
2089 4160 2493 4217 crudelissimus
2516 4162 2831 4232 imperator,
2859 4162 2951 4232 qui
2980 4162 3035 4219 in
3059 4171 3267 4219 tantum
3292 4176 3412 4222 soe-

1829 4255 1955 4313 leris
1993 4272 2306 4327 progressus
2350 4268 2434 4314 est
2468 4260 2610 4327 quod
2633 4268 2688 4315 et
2734 4260 2786 4314 in
2818 4268 3161 4325 matremﬂct
3198 4262 3260 4321 in
3284 4260 3409 4318 «fra-

1830 4355 1963 4411 tres,
2000 4357 2291 4412 etuaoros,
2319 4357 2373 4403 et
2398 4348 2576 4411 omnis
2613 4349 2896 4420 sanguinis
2920 4350 3200 4418 proximos
3232 4350 3407 4419 parci-

1829 4439 2184 4500 cidacxstitit
2206 4479 2220 4505 ,
2246 4449 2304 4501 et
2335 4440 2570 4496 incestus
2614 4438 2772 4505 fecit,
2796 4440 3134 4496 Christianos
3177 4440 3413 4497 maxime

1828 4533 2186 4603 persequitur.

2427 4616 2598 4657 CAPUT
2636 4616 2823 4655 XXVIII.

2106 4690 2289 4746 Petrus
2313 4700 2362 4745 et
2397 4690 2599 4747 Paulus
2629 4690 2785 4745 simul
2808 4700 3142 4746 coronantur.

1906 4807 2147 4879 (Euseb.,
2172 4806 2377 4878 €011.25
2397 4806 2567 4877 ejusd.
2595 4806 2710 4876 lib.)
2736 4806 2800 4861 Et
2828 4805 3065 4869 Petrum,
3092 4814 3147 4862 et
3163 4804 3410 4875 Paulum,

1835 4898 2196 4969 apostolorum
2229 4900 2411 4961 duces,
2438 4907 2493 4953 et
2518 4895 2807 4966 signiferos
2827 4896 3049 4962 Iudaea,
3072 4898 3268 4968 populo
3294 4899 3410 4967 Dei,

1836 4991 1889 5049 in
1920 4989 2031 5059 ipsa
2063 4990 2194 5042 urbe
2224 4988 2392 5042 Roma
2433 4987 2658 5042 alterum
2709 4987 2924 5056 quidem
2952 4988 3156 5060 gladio,
3184 4989 3412 5057 alterum

1836 5081 2012 5135 crucis
2039 5080 2278 5151 patibulo
2306 5082 2646 5136 condemnat.
2687 5081 2751 5135 Et
2787 5079 2979 5135 Petrus
3002 5082 3216 5151 quidem
3237 5085 3412 5154 capite

1836 5176 2082 5231 demerso
2109 5176 2458 5249 crucifigitur,
2491 5179 2630 5247 quod
2655 5179 2882 5250 rogavit,
2912 5194 2977 5234 ne
3008 5180 3232 5238 Domino
3259 5181 3411 5236 vide-

1837 5278 1988 5325 retur
2015 5269 2311 5339 adaquari.

1909 5363 2223 5432 Dionysius,
2257 5362 2659 5418 Corinthiorum
2697 5365 3002 5435 episcopus,
3053 5364 3142 5433 qui
3184 5378 3286 5416 non
3335 5360 3414 5416 di-

1839 5455 1960 5521 visi,
1986 5454 2067 5509 vel
2099 5454 2326 5509 diversis
2347 5438 2679 5526 temporibus
2702 5497 2717 5521 ,
2750 5466 2803 5510 ut
2834 5457 3059 5526 quidam
3090 5454 3292 5518 volunt,
3334 5452 3410 5506 si-

1838 5546 1945 5601 mul
1973 5546 2025 5601 in
2056 5544 2277 5618 prafata
2311 5547 2442 5602 urbe
2473 5547 2746 5612 docentes,
2779 5562 2886 5605 uno
2931 5546 3225 5616 eodemque
3280 5553 3414 5599 tem-

1835 5653 1967 5707 pore
1993 5639 2153 5693 ambo
2179 5638 2383 5709 pariter
2418 5640 2676 5711 martyrio
2701 5647 3050 5695 coronantur.
3099 5638 3153 5690 In
3182 5652 3412 5706 quorum

1838 5728 2225 5800 gloriosissimo
2263 5728 2387 5796 ﬁne,
2416 5739 2473 5787 et
2516 5746 2614 5786 nos
2652 5732 2809 5801 hujus
2856 5728 3079 5785 secundi
3128 5728 3413 5789 voluminis

1841 5823 1999 5880 linem
2027 5822 2306 5881 faciamus.
