4002 6348
604 403 709 461 851

1078 386 1430 449 llAYMONlS
1468 379 1948 443 HALBEBSTAT.
1988 377 2203 436 EPISC.
2246 373 2395 432 OPP.
2441 372 2619 429 PARS
2653 369 2740 430 Ill.
2770 400 2840 413 —
2880 366 3380 424 MISCELLANEA.

3813 368 3904 425 852

600 556 3891 621 ________________________________——

1815 709 2123 792 LIBER
2174 701 2650 786 TERTIUS.

2004 908 2463 930 ﬂ

1169 1072 1344 1114 CAPUT
1393 1061 1596 1112 ιίιιιιυιι
1605 1091 1618 1106 .

779 1156 857 1213 De
881 1153 1134 1210 divisione
1163 1149 1520 1222 apostolorum
1556 1162 1648 1218 per
1679 1141 1998 1216 prouincias.

673 1249 890 1324 (Euseb.
903 1290 919 1315 ,
936 1248 1027 1302 lib.
1051 1262 1134 1311 ιιι,
1149 1241 1307 1315 cap.'l
1322 1284 1338 1309 ,
1356 1240 1498 1296 Hist.
1523 1238 1731 1303 eccles.;
1748 1233 1971 1306 Niceph.
1996 1232 2088 1288 lib.
2107 1247 2189 1297 ιιι,

599 1364 717 1418 cap.
761 1342 842 1415 l.)
878 1341 1095 1397 Tertius
1130 1338 1222 1394 hic
1270 1336 1409 1391 liber
1446 1349 1477 1388 a
1509 1331 1775 1388 divisione
1826 1325 2195 1398 apostolorum

599 1417 768 1497 sumit
805 1434 1110 1493 exordium.
1157 1430 1290 1486 Cum
1330 1441 1460 1498 ergo
1480 1423 1651 1481 Judaei
1699 1421 1896 1477 debitis
1929 1417 2194 1486 cladibus

597 1538 938 1602 urgerentur,
970 1523 1195 1597 apostoli
1235 1520 1451 1577 Domini
1488 1533 1612 1574 cum
1659 1513 1873 1571 caeteris
1918 1507 2193 1582 discipulis

599 1623 668 1681 ad
694 1618 1095 1693 praedicandum
1127 1630 1227 1686 per
1253 1611 1567 1685 provincias
1591 1607 1918 1680 diriguntur.

1254 1743 1425 1784 CAPUT
1463 1741 1502 1779 ll
1513 1764 1526 1778 .

670 1827 872 1896 Quibus
890 1823 1019 1879 locis
1032 1820 1254 1893 dispersi
1277 1827 1399 1872 sunt
1423 1813 1644 1887 apostoli
1658 1819 1773 1885 post
1787 1810 2118 1866 divisionem.

594 1939 856 2011 Origenes
886 1935 942 1990 in
973 1930 1354 2011 explanatione
1397 1926 1624 1983 Genesis
1651 1922 1764 1996 (lib.
1796 1920 1880 1993 ιιι)
1908 1939 1920 1973 :
1955 1919 2193 2011 Thomas

601 2004 829 2088 sorlitur
856 2026 1122 2091 Parthos,
1156 2004 1442 2076 Mattheus
1493 2014 1860 2085 Ethiopiam,
1910 2009 2192 2066 Bartholo-

595 2137 764 2179 manus
788 2118 995 2175 Indiam
1036 2114 1348 2171 citeriorem
1372 2154 1387 2177 ,
1419 2109 1660 2166 Joannes
1707 2105 1913 2170 Asiam,
1948 2101 2192 2157 Andreas

595 2210 898 2284 Scythiam,
915 2207 1111 2263 Petrus
1133 2203 1391 2268 Pontum,
1407 2199 1694 2263 Galatiam,
1708 2195 2039 2266 Bithyniam,
2057 2191 2193 2263 Cap-

592 2302 892 2376 padociam,
921 2297 1121 2354 Paulus
1150 2297 1219 2352 ab
1266 2291 1661 2364 Hierosolymis
1690 2303 1864 2359 usque
1905 2287 1974 2343 ad
2015 2285 2194 2376 Illyri:-

2222 1042 2368 1105 Aex
2418 1038 2588 1111 ipsius
2629 1033 2782 1091 Pauli
2815 1049 2914 1091 ore
2947 1033 3240 1099 describit;
3279 1031 3424 1103 quod
3462 1031 3650 1088 etiam
3712 1031 3891 1092 Paulus

2298 1147 2456 1190 suum
2497 1129 2757 1213 nominat,
2784 1142 2906 1183 cum
2953 1127 3092 1182 dixit
3130 1144 3143 1180 :
3186 1124 3487 1181 Secundum
3545 1123 3888 1196 Evangelia

2296 1241 2474 1281 meum
2497 1222 2584 1294 (ΙΙ
2616 1221 2754 1276 Tim.
2783 1219 2867 1291 ιι).
2899 1218 3007 1275 Sed
3023 1219 3138 1292 jam
3166 1217 3233 1273 ad
3261 1217 3505 1274 historia:
3531 1216 3798 1272 ordinem
3821 1235 3886 1272 re-

2300 1325 2604 1372 vertamur.

2963 1417 3133 1458 CAPUT
3172 1417 3227 1454 ν.

2797 1494 2877 1550 De
2914 1503 3078 1550 morte
3109 1492 3358 1547 Neronis.

2363 1590 2532 1691 Igitur
2551 1623 2677 1688 post
2722 1614 2984 1672 tredecim
3013 1611 3228 1682 imperii
3265 1610 3348 1665 sui
3383 1620 3566 1665 annos
3609 1607 3756 1665 Nero
3779 1625 3871 1666 mo.

2295 1713 2454 1768 ritur.
2494 1708 2664 1764 Galba
2697 1713 2754 1762 et
2779 1704 2922 1762 Otho
2955 1709 3222 1772 usurpant
3247 1700 3657 1771 principatum.
3699 1699 3873 1767 Quibus

2292 1811 2418 1876 post
2444 1814 2652 1856 annum
2679 1807 2738 1854 et
2786 1807 2899 1852 tres
2942 1808 3162 1851 menses
3200 1791 3495 1858 defunctis,
3521 1791 3870 1862 Vespasianus

2295 1906 2426 1952 tunc
2462 1893 2605 1965 apud
2648 1891 2890 1947 Iudaeam
2939 1889 2996 1944 in
3025 1886 3274 1943 exercitu
3303 1886 3554 1941 existens
3583 1892 3867 1946 revocatur,

2292 1997 2348 2046 et
2383 1978 2617 2044 donatur
2645 1983 2910 2055 imperio,
2951 1979 3331 2037 commendata
3383 1977 3541 2043 Tito,
3595 1975 3710 2032 ﬁlio
3752 1991 3864 2041 suo,

2293 2096 2458 2138 causa
2482 2078 2630 2144 belli,
2653 2084 2710 2132 et
2732 2073 3138 2146 impugnatione
3178 2070 3611 2141 Hierosolyma;
3653 2068 3751 2125 sub
3782 2083 3864 2138 quo

2293 2171 2518 2246 praefata
2549 2169 2743 2226 civitas
2771 2169 2986 2239 capitur
2999 2173 3057 2220 et.
3081 2163 3416 2221 subvertitur

2943 2293 3113 2334 CAPUT
3147 2293 3222 2332 Vl.

594 2365 717 2453 cum
756 2391 1052 2464 Evangelio
1075 2389 1280 2446 Christi
1307 2394 1537 2443 cunctos
1559 2382 1808 2454 replevit,
1837 2379 1931 2435 alii
1956 2392 2088 2434 vero
2105 2374 2192 2433 vel
2218 2405 2266 2466 Β
2295 2377 2572 2450 Iosephus.
2606 2374 2637 2415 ι)
2660 2371 2938 2430 Subversio
2963 2367 3296 2426 Hierusalem
3319 2385 3352 2422 a
3389 2367 3509 2422 Tito
3533 2365 3852 2450 Vespasiano.

593 2503 691 2559 per
713 2489 850 2553 haec,
880 2485 964 2541 vel
993 2498 1092 2556 per
1114 2482 1220 2538 alia
1257 2481 1399 2547 loca,
1441 2477 1740 2536 secundum
1787 2473 1931 2544 quod
1958 2470 2192 2543 Spiritus

595 2587 816 2636 sanctus
869 2576 1081 2642 voluit,
1115 2574 1501 2636 dimittuntur,
1539 2569 1682 2625 sicut
1731 2565 1954 2638 propria
2004 2576 2191 2618 eorum

595 2678 746 2742 gesta
770 2671 994 2725 habent.
1024 2668 1102 2722 De
1147 2665 1344 2736 quibus
1386 2662 1616 2717 fortasse
1655 2658 1778 2714 ideo
1807 2655 1974 2712 tacuit
2007 2652 2193 2723 Orige-

594 2777 713 2827 nes,
735 2761 862 2832 quia
888 2761 1000 2814 vita
1021 2768 1076 2815 et
1104 2764 1258 2813 actus
1286 2768 1476 2810 eorum
1505 2750 1685 2806 minus
1713 2744 2013 2802 authentici
2042 2751 2188 2806 sunt,

596 2849 681 2904 vel
731 2850 800 2905 ab
829 2848 1106 2904 haereticis
1146 2853 1203 2902 et
1228 2843 1618 2915 impostoribus
1643 2837 1957 2907 conscripti.
2002 2835 2194 2890 Petrus

597 2941 782 3012 itaque
805 2938 1206 3011 praedicationis
1242 2951 1354 2992 suae
1383 2941 1736 2990 monumenta
1766 2928 2015 2999 reliquit,
2059 2926 2192 2982 duas

596 3032 817 3102 scripsit
867 3029 1155 3100 epistolas;
1207 3027 1458 3084 similiter
1500 3033 1557 3080 et
1597 3022 1853 3085 Jacobus,
1885 3019 2056 3075 frater
2084 3019 2192 3074 Do-

599 3125 761 3190 mini,
827 3139 1034 3191 unam;
1083 3121 1321 3180 Joannes
1370 3135 1500 3176 vero
1565 3127 1712 3183 tres;
1763 3115 1954 3181 ludas,
2000 3112 2094 3183 qui
2141 3119 2218 3167 et"

598 3213 934 3280 Thatthzeus,
960 3229 1147 3269 unam.
1171 3213 1372 3269 Paulus
1390 3209 1800 3282 quatuordecim
1825 3205 2034 3262 scribit.
2065 3217 2092 3246 α
2118 3203 2196 3259 De

597 3306 688 3365 illa
738 3318 1086 3379 tamen,qute
1131 3314 1216 3362 est
1253 3306 1322 3362 ad
1351 3304 1630 3369 Hebraeos,
1681 3301 2001 3372 quandoque
2053 3295 2195 3366 apud

597 3397 819 3456 Latinos
857 3398 1163 3454 dubitatum
1186 3404 1289 3453 est.

1237 3525 1409 3566 CAPUT
1461 3524 1544 3564 ιιι.

943 3604 1020 3659 De
1048 3601 1268 3676 epistola
1287 3601 1434 3674 pauli
1465 3600 1533 3654 ad
1563 3597 1834 3653 Hebraeos.

665 3717 854 3790 (Clem.
883 3716 1062 3782 Alea,
1100 3717 1154 3770 in
1184 3714 1281 3769 lib.
1312 3712 1572 3784 Reform.)
1599 3711 1754 3767 Licet
1772 3683 2062 3764 manifesta
2088 3689 2198 3763 sint

2367 2490 2609 2564 (Euseb.,
2628 2486 2719 2541 lib.
2735 2500 2818 2552 ιιι,
2842 2500 2956 2553 cap.
2979 2481 3058 2551 5.)
3075 2481 3320 2537 Ecclesia
3347 2493 3480 2536 vero
3502 2477 3744 2534 ﬁdelium
3766 2491 3854 2546 qua

2295 2585 2496 2644 ibidem
2537 2581 2716 2636 fuerat
2743 2584 3089 2647 congregata,
3117 2575 3302 2630 divino
3330 2581 3560 2643 accepto
3608 2585 3848 2642 reSponso,

2292 2673 2555 2748 praevenit
2583 2667 3020 2732 subversionem,
3048 2672 3104 2720 et
3141 2664 3396 2736 oppidum
3427 2661 3639 2718 Pellam
3675 2658 3850 2715 nomine

2294 2779 2446 2825 trans
2473 2763 2764 2821 Iordanem
2786 2761 3016 2830 emigrat
3040 2757 3315 2829 (Niceph.,
3339 2755 3430 2810 lib.
3457 2770 3545 2820 ιιι,
3571 2771 3621 2808 c.
3643 2752 3847 2824 5.)Tunc

2295 2856 2630 2916 incredibilis
2644 2851 3206 2910 ﬁtcaedesludaeorum
3224 2866 3238 2916 ;
3258 2857 3312 2904 et
3325 2848 3506 2919 primo
3519 2847 3730 2918 quidem
3747 2845 3848 2899 dirae

2294 2962 2348 3010 et
2377 2951 2634 3008 inaudita;
2653 2947 2814 3004 famis
2854 2945 3022 3003 exitio
3063 2944 3222 3016 plaga
3250 2941 3608 2998 intolerabilis
3631 2939 3848 2996 divinitus

2295 3045 2548 3109 mittitur,
2577 3041 2634 3096 in
2673 3048 2880 3096 tantum
2904 3046 2964 3092 ut
2995 3037 3136 3092 bella
3166 3046 3223 3091 et
3257 3034 3434 3092 caedes
3466 3034 3604 3088 inter
3627 3039 3847 3102 parentes

2295 3145 2351 3192 et
2388 3136 2587 3191 liberos
2612 3133 3083 3189 committerentur
3110 3172 3123 3196 ,
3151 3131 3278 3185 dum
3311 3143 3422 3184 non
3456 3127 3610 3183 solum
3632 3140 3659 3180 e
3684 3121 3841 3178 mani-

2296 3227 2418 3293 bus,
2449 3226 2543 3282 sed
2569 3240 2635 3280 ex
2660 3225 2790 3294 ipsis
2810 3222 3058 3278 faucibus
3077 3221 3310 3276 invicem
3352 3234 3541 3291 rapere
3565 3218 3730 3273 cibum
3757 3215 3839 3270 de-

2296 3317 2781 3390 certant(Joseph.,
2797 3316 2886 3371 lib.
2905 3331 2980 3381 tv,
2997 3333 3041 3369 ο.
3059 3315 3115 3380 9,
3130 3314 3194 3368 de
3212 3312 3328 3367 Bel.
3347 3311 3526 3383 Jud.).
3539 3310 3617 3364 Ad
3636 3309 3834 3364 ultimum

2296 3415 2516 3486 quidem
2545 3426 2646 3467 nec
2680 3409 2832 3474 loris,
2873 3408 2956 3464 vel
2986 3407 3238 3479 cingulis,
3279 3403 3373 3460 aut
3400 3405 3571 3459 etiam
3597 3403 3715 3473 ipsis
3750 3399 3833 3455 cal-

2297 3504 2594 3563 ceamentis
2627 3502 2921 3558 abstinent.
2978 3498 3268 3554 Portarum
3311 3510 3530 3567 quoque
3577 3496 3833 3551 indumenta

2299 3599 2669 3662 detrahentes,
2721 3591 3058 3649 conficienda
3115 3588 3366 3646 dentibus
3415 3588 3693 3660 ingerunt;
3733 3598 3830 3639 nou-

2300 3689 2441 3744 nulli
2483 3697 2539 3743 et
2567 3685 2676 3741 feni
2709 3683 2910 3740 veteris
2949 3683 3118 3738 edunt
3162 3679 3418 3736 festucas.
3469 3679 3642 3736 Porro
3678 3677 3834 3750 geritur

591 3767 1507 3879 p.:.ii;;;.;.’;5i{.;a’...,autem
1537 3767 1717 3858 tamen
1758 3802 1824 3858 de
1847 3799 2090 3872 Epistola
2119 3797 2187 3853 ad
2213 3790 2260 3854 C
2299 3781 2371 3838 ibi
2425 3777 2635 3834 facinus
2693 3773 3060 3879 exsecrabile.
3103 3787 3276 3879 neque
3324 3771 3504 3879 adligo
3549 3767 3834 3879 apudfw

593 3899 851 3956 Hebraeos
883 3898 1151 3954 dubitant.
1178 3896 1288 3952 Sed
1313 3895 1591 3952 sciendum
1619 3894 1762 3963 quod
1785 3910 1816 3948 a
1853 3891 2021 3948 Paulo
2049 3892 2186 3946 scri-

593 3997 686 4059 pta
711 3996 796 4043 est
819 3987 873 4041 in
897 3985 1124 4042 Hebraeo
1146 3999 1400 4040 sermone
1423 3993 1680 4053 tanquam
1699 3981 1962 4047 Hebraeis,
1985 3997 2018 4036 a
2045 3980 2190 4036 Luca

592 4091 725 4134 vero
763 4076 882 4146 eius
919 4075 1184 4146 discipulo
1231 4076 1587 4146 interpretata
1616 4073 1671 4128 in
1702 4071 1971 4129 Graecum.
2034 4071 2190 4129 Unde

602 4179 657 4224 et
688 4169 862 4241 stylus
889 4166 1010 4238 ejus
1033 4167 1206 4238 magis
1226 4166 1442 4221 videtur
1461 4165 1653 4220 similis
1679 4163 1860 4220 libello
1891 4163 1999 4229 illi,
2027 4178 2187 4235 quem

595 4261 739 4318 idem
776 4261 953 4317 Lucas
987 4261 1055 4316 de
1087 4259 1313 4315 Actibus
1360 4257 1724 4328 apostolorum
1777 4257 1984 4312 scribit.
2036 4256 2190 4323 Quod

596 4363 776 4408 autem
832 4351 1293 4423 subscriptionem
1341 4349 1558 4406 solitam
1603 4363 1712 4404 non
1747 4347 1910 4404 habet
1941 4348 2038 4415 ibi,
2085 4349 2188 4403 hoc

593 4447 825 4502 rationis
869 4455 953 4501 est
1002 4445 1148 4516 quod
1184 4451 1516 4515 praeceptum
1559 4449 1679 4499 erat
1726 4439 1967 4496 Hebraeis
2007 4455 2077 4496 ne
2121 4440 2188 4496 de

595 4540 750 4595 Pauli
806 4539 1026 4594 nomine
1067 4537 1212 4593 dicta
1243 4537 1611 4607 susciperent;
1642 4543 1699 4590 et
1725 4534 1931 4590 idcirco
1959 4534 2188 4605 pruden-

593 4642 676 4685 ter
705 4644 902 4685 nomen
939 4643 1096 4684 suum
1119 4627 1324 4693 omisit,
1357 4643 1424 4682 ne
1447 4628 1634 4682 statim
1657 4625 1710 4679 in
1734 4624 2004 4695 principio
2031 4622 2185 4677 Pauli

593 4722 813 4778 nomine
839 4724 1082 4794 inspecto
1127 4721 1290 4779 lectio
1315 4722 1434 4791 ejus
1462 4719 1840 4791 repudiaretur

1252 4850 1426 4891 CAPUT
1463 4849 1540 4889 IV.

1138 4926 1218 4982 De
1245 4935 1425 4981 sancto
1462 4923 1629 4980 Luca.

665 5017 919 5094 (Euseb.,
952 5037 999 5076 c.
1029 5021 1066 5077 5
1114 5020 1287 5094 ejusd.
1336 5019 1454 5092 lib.)
1490 5017 1686 5083 Lucas,
1743 5016 1983 5089 ejusdem
2028 5014 2182 5072 Pauli

593 5109 914 5182 discipulus,
941 5112 1312 5168 Antiochenus
1339 5124 1562 5183 genere,
1592 5117 1710 5163 arte
1742 5107 2013 5170 medicus,
2045 5106 2182 5164 duos

593 5201 753 5258 nobis
796 5200 965 5258 libros
1002 5204 1333 5269 conscribit,
1389 5203 1562 5256 Actus
1611 5199 2010 5270 apostolorum,
2045 5215 2182 5269 quos

593 5292 711 5364 ipse
734 5291 907 5348 oculis
932 5293 1170 5364 inspexit
1193 5301 1249 5350 et
1267 5289 1641 5363 Evangelium,
1671 5289 1836 5360 quod,
1866 5298 1928 5346 ut
1961 5291 2184 5357 dicitur,

664 5436 708 5497 ιγ
733 5423 812 5480 De
857 5424 954 5497 illa
976 5441 1096 5497 qua:
1140 5432 1230 5497 est_
1259 5423 1340 5497 ad
1379 5421 1655 5497 Hebraeos,
1701 5421 2015 5494 quandoque
2043 5424 2183 5497 apud

591 5495 809 5552 Latinos
858 5493 1174 5550 dubiiatum.
1207 5494 1570 5549 Dubitationis
1607 5507 1738 5549 vero
1771 5493 1939 5548 causa
1974 5493 2185 5550 velle-

591 5567 817 5622 vissima
869 5565 989 5621 fuit.
1023 5563 1176 5632 Quod
1207 5572 1384 5618 autem
1429 5563 1582 5619 Pauli
1610 5563 1835 5619 omnino
1881 5563 1973 5618 illa
2011 5573 2178 5630 esset,

591 5637 775 5709 multa
823 5637 1042 5709 quidem
1087 5645 1148 5709 et
1191 5635 1538 5709 gravissimae
1569 5635 1812 5690 rationes
1856 5643 2006 5701 sunt,
2037 5651 2175 5706 quas

593 5705 909 5779 aﬂerunt‘ii
952 5707 1046 5779 qui
1086 5708 1190 5764 hoc
1238 5705 1541 5778 argumenti
1570 5721 1751 5779 genus
1792 5705 2170 5779 susceperunt.

593 5775 836 5849 Cumque
867 5775 987 5848 jam
1006 5794 1114 5850 res
1155 5779 1209 5834 in
1237 5775 1491 5850 promptu
1536 5775 1628 5850 sit,
1656 5791 1782 5850 quae
1806 5775 2172 5848 disputatione

593 5864 702 5907 non
727 5847 902 5922 egeat,
932 5849 1056 5906 nolo
1076 5865 1190 5906 rem
1211 5847 1419 5906 certam
1451 5857 1507 5904 et
1529 5847 1642 5920 jam
1663 5847 2019 5918 exploratam,
2053 5864 2173 5919 quae

2299 3890 2416 3941 cos,
2457 3885 2633 3942 neque
2666 3868 2809 3940 apud
2842 3867 3105 3924 barbaros
3125 3865 3368 3922 auditum
3399 3863 3661 3937 (Egesip.,
3681 3863 3756 3917 lib.
3778 3873 3831 3921 ιι,

2296 3984 2412 4038 cap.
2439 3964 2496 4036 6)

2943 4070 3116 4110 CAPUT
3147 4069 3243 4109 Vll.

2554 4169 2632 4224 De
2665 4169 2841 4224 Maria
2867 4185 2984 4240 quae
3005 4167 3177 4238 ﬁlium
3196 4183 3349 4223 suum
3371 4167 3613 4223 comedit.

2363 4283 2622 4357 (Joseph.,
2639 4281 2731 4336 lib.
2746 4297 2843 4346 vu,
2859 4297 2906 4335 c.
2924 4281 2984 4346 8,
3001 4279 3066 4334 de
3088 4278 3203 4334 Bel.
3231 4279 3388 4350 Jud.)
3405 4277 3598 4333 Mulier
3619 4273 3834 4348 quteda,

2292 4375 2464 4433 Maria
2490 4373 2731 4440 nomine,
2753 4387 2953 4444 genere
2973 4380 3030 4427 et
3056 4369 3405 4426 facultatibus
3429 4369 3650 4434 nobilis,
3674 4361 3835 4436 quaead

2291 4469 2434 4526 diem
2454 4466 2652 4523 festum
2676 4480 2800 4520 cum
2833 4462 3046 4519 exteris
3071 4461 3140 4518 de
3169 4460 3564 4531 transjordanis
3591 4460 3729 4514 alveo
3747 4467 3837 4509 αιιιο

2289 4559 2552 4624 fluxerat,
2600 4572 2725 4612 cum
2763 4554 2924 4610 famis
2953 4555 3364 4626 ingravescente
3398 4551 3673 4623 periculo,
3701 4547 3836 4603 etho-

2291 4653 2392 4708 stis
2419 4649 2818 4721 deprtedatione
2844 4688 2860 4712 ,
2891 4646 3114 4702 omnino
3137 4647 3250 4718 jam
3276 4645 3420 4702 fame
3449 4644 3723 4707 deﬁceret,
3751 4653 3838 4711 pes-

2287 4740 2442 4796 simis
2462 4754 2559 4795 usa
2585 4736 3008 4803 consultoribus,
3034 4734 3316 4806 parvulum
3341 4733 3529 4800 filium,
3559 4735 3657 4804 qui
3680 4732 3726 4787 ci
3751 4735 3838 4784 erat

2287 4833 2388 4889 sub
2439 4830 2696 4887 uberibus
2715 4869 2732 4896 ,
2763 4827 3012 4900 jugulat,
3038 4826 3152 4900 igni
3181 4826 3516 4897 suppositum
3545 4832 3753 4881 torret:
3778 4819 3837 4874 di-

2286 4922 2514 4979 midium
2557 4919 2774 4992 quidem
2815 4917 3112 4984 consumit,
3151 4915 3435 4974 dimidium
3461 4929 3597 4972 vere
3617 4919 3835 4970 reservat.

2284 5010 2635 5070 Praedonibus
2669 5008 2888 5080 quidem
2918 5021 3068 5074 mox,
3094 5005 3262 5063 odore
3285 5006 3534 5062 carnium
3578 5010 3836 5074 comperto,

2288 5100 2568 5175 ingressis,
2606 5109 2814 5172 partem
2848 5096 3009 5155 offert
3051 5116 3065 5153 :
3103 5095 3254 5153 Meus
3275 5137 3292 5164 ,
3325 5097 3610 5167 inquiens,
3641 5096 3725 5152 hic
3747 5107 3838 5164 par-

2288 5206 2375 5252 tus
2403 5202 2514 5262 est;
2547 5192 2712 5249 nolite
2733 5189 2871 5247 ellici
2894 5199 2989 5247 aut
3012 5198 3188 5246 matre
3216 5188 3583 5261 religiosiores
3601 5229 3618 5253 ,
3655 5201 3740 5241 aut
3783 5182 3840 5235 le-

2288 5287 2434 5342 mina
2456 5283 2734 5342 molliores
2761 5299 2774 5337 :
2808 5281 2986 5350 edite,
3012 5296 3142 5338 nam
3176 5292 3234 5336 et
3270 5281 3420 5352 prior
3446 5279 3684 5338 comedi.
3727 5274 3839 5331 Illico

2289 5440 2386 5480 sua
2417 5437 2475 5478 se
2497 5422 2727 5484 veritate
2758 5417 3020 5485 defendit,
3059 5417 3116 5473 in
3151 5417 3546 5474 dubitationem
3585 5413 3837 5485 adducere.

2289 5495 2425 5550 Nam
2453 5509 2572 5566 qua:
2600 5482 2908 5566 verasunt,
2933 5482 3066 5544 nihil
3095 5497 3183 5545 est
3211 5504 3310 5544 cur
3341 5489 3409 5543 ad
3430 5497 3657 5543 externa
3676 5482 3838 5556 probl-

2291 5561 2496 5622 tionum
2527 5563 2778 5635 praesidia
2808 5561 3165 5635 deducantur.

2357 5618 2806 5704 mel‘lierosolyaue
2829 5630 3118 5704 subversio.
3147 5630 3484 5704 Nicephorus
3518 5629 3572 5684 in
3613 5618 3836 5704 Chronol-

2281 5717 2338 5764 et
2361 5707 2454 5762 lib.
2484 5722 2544 5761 ιιι
2566 5747 2581 5771 ,
2617 5694 2735 5776 cap.
2767 5703 2835 5770 3;
2867 5703 3134 5774 Josepbus
3179 5716 3235 5760 et
3270 5694 3638 5773 Hegesippus,
3675 5694 3842 5765 aliique

2284 5793 2422 5850 pene
2458 5776 2679 5834 inﬁniti.
