4002 6348
158 391 269 450 835

1111 389 1456 447 HISTORIA}
1495 386 1744 446 SACIUE
1781 385 2101 444 EPITOME.
2127 416 2197 429 -
2217 387 2345 443 LIB.
2378 388 2463 444 III.

3313 392 3421 449 854

159 505 413 562 universa
465 504 611 570 regio
634 512 743 558 tam
773 502 963 558 nefarii
997 503 1220 559 sceleris
1263 503 1451 560 nuntio
1479 502 1739 574 repletur.
1768 503 1822 566 Α
1845 514 1951 554 non
1987 497 2154 554 multo
2181 508 2305 572 post
2352 500 2672 572 martyrium
2708 500 2927 567 Jacobi,
2972 505 3419 563 convenientibus

159 595 279 652 Nec
329 593 659 665 multo-post
696 593 998 666 magniﬁca,
1046 603 1102 650 et
1137 593 1498 651 famosissima
1545 594 1737 650 civitas

160 683 660 756 Hierosolymorum
679 683 889 755 capitur
905 683 1152 755 (Niceph.
1164 723 1180 750 ,
1198 684 1291 739 lib.
1317 700 1401 751 ιιι,
1417 701 1532 755 cap.
1549 685 1580 738 7
1597 701 1611 750 ;
1627 682 1740 738 Eu-

157 777 269 831 seb.
304 775 395 829 lib.
420 791 505 842 ιιι,
539 792 656 846 cap.
684 775 749 840 6;
775 774 1012 846 Joseph.,
1042 774 1132 829 lib.
1153 790 1254 843 vn,
1287 792 1403 846 cap.
1427 775 1549 846 26);
1588 773 1740 843 cujus

156 877 367 937 quanta
412 865 579 922 fuerit
632 866 884 932 vastitas,
929 876 1128 936 quanta
1184 869 1240 924 in
1295 883 1359 924 ea
1405 869 1739 925 diversarum

157 959 420 1016 mortium
464 965 708 1029 strages,
743 958 834 1012 vix
863 957 1064 1029 scripto
1094 959 1568 1028 comprehenditur
1597 978 1609 1014 :
1647 959 1740 1016 ubi

157 1049 421 1124 undecies
446 1060 672 1107 centena
712 1050 879 1106 millia
908 1053 1050 1108 fame
1076 1061 1134 1107 et
1151 1051 1298 1108 ferro
1338 1061 1738 1123 peremptorum

158 1151 566 1214 computantur,
593 1143 833 1214 exceptis
868 1144 1171 1214 quibusque
1203 1144 1494 1216 juvenibus
1531 1145 1735 1210 electis,

156 1234 252 1304 qui
296 1243 518 1306 propter
565 1236 816 1292 decorem
847 1236 1092 1306 corporis
1139 1245 1193 1292 et
1241 1237 1622 1306 proceritatem
1673 1238 1742 1294 ad

156 1327 493 1398 triumphum
542 1337 906 1396 reservantur,
956 1330 1272 1401 caeterisque
1327 1331 1471 1397 aliis,
1529 1331 1621 1402 qui
1673 1333 1740 1387 ad

155 1430 325 1488 opera
381 1416 621 1490 Egypti,
672 1417 757 1474 vel
809 1418 878 1474 ad
929 1420 1162 1477 secanda
1213 1436 1507 1487 marmora,
1552 1420 1637 1476 vel
1674 1421 1742 1476 ad

152 1507 493 1562 extrahenda
505 1507 720 1562 metalla
735 1508 1094 1577 destinantur,
1107 1510 1190 1566 vel
1202 1526 1300 1580 per
1310 1511 1615 1582 provincias
1627 1510 1742 1565 vin-

155 1599 233 1654 cti
264 1599 321 1654 in
348 1600 661 1656 servitutem
687 1601 1092 1667 distrahuntur,
1117 1617 1347 1674 quorum
1379 1604 1441 1658 ﬁt
1482 1619 1740 1660 numerus

154 1707 330 1762 usque
355 1692 423 1748 ad
443 1693 735 1762 nonaginta
762 1694 926 1750 millia
957 1694 1219 1767 (Ioseph.,
1247 1695 1339 1750 lib.
1363 1712 1460 1762 v11,
1477 1712 1593 1767 cap.
1622 1696 1733 1767 27).

156 1781 268 1838 Sed
294 1797 363 1838 ne
388 1785 510 1853 quis
536 1783 607 1839 dc
627 1783 727 1840 hac
752 1794 1033 1856 captorum
1063 1785 1145 1842 vel
1169 1787 1472 1843 occisorum
1499 1787 1738 1857 ambigat

153 1873 524 1941 multitudine,
558 1876 769 1931 noverit
803 1884 930 1932 tunc
962 1878 1222 1947 temporis
1266 1879 1335 1934 ad
1361 1879 1501 1934 diem
1540 1878 1738 1935 festum
1767 1865 1814 1926 Β

155 1961 382 2020 Paschae
418 1965 808 2037 Hierosolymis
831 1969 1150 2026 convenisse
1184 1979 1269 2025 ter
1297 1971 1478 2046 decies
1510 1981 1738 2028 centena

154 2054 330 2110 millia
353 2054 694 2123 Iudaeorum,
726 2058 792 2112 ad
811 2056 1014 2126 justam
1052 2059 1148 2115 Dei
1190 2061 1604 2118 retributionem
1637 2063 1742 2119 hoc

155 2153 403 2217 tempore
443 2146 665 2202 ultionis
711 2146 914 2212 electo;
963 2157 1025 2202 ut
1046 2149 1139 2219 qui
1177 2149 1233 2204 in
1272 2149 1463 2206 diebus
1518 2151 1740 2208 Pascha:

155 2237 451 2292 Dominum
475 2238 798 2294 salvatorem
819 2248 995 2295 morte
1045 2241 1360 2310 turpissima
1391 2244 1738 2312 damnarunt,

155 2327 264 2396 ipsi
291 2343 506 2400 quoque
548 2330 873 2401 turpissimis
915 2333 1179 2389 mortibus
1203 2342 1258 2390 et
1300 2335 1545 2392 cladibus
1581 2337 1739 2393 inau-

155 2419 293 2476 ditis
325 2421 532 2476 eisdem
570 2422 758 2478 diehus
802 2423 1209 2481 damnarentur.
1251 2427 1511 2501 (unum)
1547 2429 1614 2484 Et
1649 2431 1741 2501 qui

159 2512 218 2568 in
261 2511 378 2581 ejus
424 2515 771 2572 damnatione
794 2515 915 2573 dies
958 2517 1127 2578 festos
1156 2521 1424 2576 duxerunt
1453 2521 1738 2593 solemnes,

153 2620 306 2660 nunc
348 2605 495 2676 ipsos
548 2609 661 2664 suis
702 2610 1139 2670 damnationibus
1182 2622 1404 2684 agerent
1431 2615 1737 2684 luctuosos;

153 2698 252 2768 qui
282 2698 446 2753 etiam
469 2709 617 2756 recte
643 2701 786 2756 fame
811 2716 1058 2772 pereunt,
1083 2713 1174 2771 ut,
1227 2707 1318 2776 qui
1360 2707 1588 2765 Domino
1623 2724 1742 2766 esu-

154 2791 319 2847 rienti
352 2791 577 2849 salutem
597 2809 805 2863 eorum,
827 2794 900 2852 fel
922 2796 978 2852 in
1013 2810 1195 2853 escam
1231 2799 1449 2869 dabant,
1477 2803 1741 2860 omnimo-

154 2884 227 2940 da
262 2883 528 2942 suavitate
555 2900 803 2943 escarum
838 2887 1205 2958 privarentur.

784 3034 956 3076 CAPUT
991 3035 1109 3076 VIII.

400 3106 479 3165 De
506 3118 735 3180 tempore
755 3111 1104 3166 subversionis
1132 3110 1486 3170 Hierusalem.

230 3219 321 3276 Fit
338 3229 517 3275 autem
542 3219 657 3275 haec
679 3217 1065 3292 Hierosolymae
1083 3223 1366 3279 subversio
1385 3225 1739 3298 quadraginta
1766 3229 1811 3290 C

158 3313 318 3368 annis
339 3327 370 3367 a
396 3310 647 3382 passione
677 3310 889 3388 Domini
915 3311 1080 3367 dilata
1101 3313 1325 3380 ultione,
1359 3330 1503 3372 anno
1523 3317 1738 3388 imperii

158 3404 479 3477 Vespasiani
513 3387 772 3471 secundo,
794 3413 856 3460 ut
883 3404 1100 3461 interim
1122 3407 1426 3476 potuissent
1452 3387 1623 3466 Judaei
1641 3449 1657 3476 ,
1691 3413 1738 3468 si

154 3499 378 3565 vellent,
402 3498 580 3556 locum
601 3498 931 3570 paenitentia:
949 3500 1240 3569 invenisse,
1264 3504 1578 3560 commoniti
1598 3521 1740 3578 saepe

157 3599 230 3654 ab
249 3595 505 3666 apostolis
530 3595 844 3667 praedictam
874 3595 1110 3652 civitatis
1147 3597 1338 3654 adesse
1359 3599 1696 3656 eversionem
1721 3616 1736 3665 ;

157 3698 216 3743 et
245 3703 274 3741 a
299 3685 521 3752 Iacobo,
555 3685 725 3742 fratre
745 3686 959 3742 Domini
989 3688 1187 3755 edocti,
1231 3689 1357 3745 dum
1383 3690 1612 3759 viveret,
1641 3707 1741 3762 per

158 3779 316 3851 signa
338 3787 393 3834 et
418 3778 663 3850 prodigia
693 3778 906 3834 caelitus
933 3788 1173 3847 ostensa,
1201 3790 1326 3837 ante
1357 3791 1567 3852 tempus
1596 3784 1741 3839 exci-

159 3872 236 3927 dii
249 3870 966 3943 commonebantur(Joseph.
977 3913 992 3938 ,
1007 3872 1179 3928 lib.vu
1189 3875 1421 3943 ,c.12,de
1431 3875 1736 3950 BcltJud.).

159 3959 376 4016 Etenim
406 3960 561 4018 stella
587 3960 942 4034 praefulgens,
973 3962 1149 4036 gladio
1173 3980 1271 4036 per
1299 3968 1482 4023 omnia
1526 3969 1739 4036 similis,

160 4050 448 4106 imminere
475 4051 706 4123 desuper
727 4052 955 4121 civitati,
984 4061 1040 4109 et
1063 4063 1300 4112 cometes
1339 4065 1600 4128 praeterea
1627 4059 1743 4115 exi-

159 4142 379 4201 tialibus
404 4142 635 4204 ﬁammis
673 4161 770 4219 per
794 4154 966 4204 totum
993 4148 1187 4206 ardere
1212 4151 1362 4208 visus
1399 4161 1484 4210 est
1519 4168 1739 4210 annum.

812 4277 984 4318 CAPUT
1020 4279 1097 4318 IX.

671 4348 880 4406 Novum
918 4361 1232 4423 portentum.

237 4459 415 4516 Vitula
431 4475 665 4534 quoque,
695 4463 980 4521 sacriﬁciis
1010 4467 1229 4524 admota
1258 4468 1315 4523 in
1342 4469 1429 4525 die
1452 4469 1592 4527 festo
1618 4486 1746 4545 azy-

1840 589 2096 660 apostolis
2124 591 2179 645 in
2208 606 2374 646 unum
2395 631 2411 657 ,
2453 600 2509 648 et
2531 593 2849 666 pr0pinquis
2875 593 3091 651 Domini
3118 599 3418 656 secundum

1838 695 2091 747 carnem,
2127 681 2314 737 Simon
2334 722 2350 748 ,
2378 680 2519 739 ﬁlius
2542 681 2763 756 Ioseph,
2795 687 3070 743 communi
3112 688 3339 745 consilio
3364 689 3420 746 in

1840 771 2152 843 episcopum
2174 773 2519 846 subrogatur.

2490 925 2664 970 CAPUT
2703 930 2778 970 XI.

2166 1025 2312 1081 Titus
2338 1027 2567 1082 succedit
2610 1027 2928 1100 Vespasiano
2955 1035 3112 1102 patri.

1908 1156 2118 1213 Interea
2152 1156 2514 1229 Vespasianus
2565 1161 2810 1216 moritur.
2865 1161 3050 1230 Titus,
3097 1165 3238 1222 ﬁlius
3284 1167 3420 1236 ejus,

1840 1251 2080 1307 succedit
2126 1251 2371 1323 imperio,
2418 1253 2672 1325 princeps
2696 1254 2966 1322 militaris,
2999 1257 3138 1328 pius,
3186 1262 3422 1332 sapiens,

1839 1341 2164 1410 bellicosus;
2210 1345 2300 1415 qui
2328 1346 2381 1400 in
2428 1354 2637 1401 tantum
2666 1345 2932 1404 facundus
2959 1348 3081 1418 fuit,
3129 1362 3190 1407 ut
3232 1369 3425 1410 causas

1839 1432 2030 1490 Latine
2055 1443 2270 1505 ageret,
2300 1446 2550 1506 poemata
2591 1445 2646 1493 et
2672 1439 2961 1508 tragmdias
2985 1440 3176 1500 Graece
3203 1460 3423 1517 compo-

1840 1537 2008 1584 neret.
2043 1529 2256 1601 (BEDA.)
2286 1530 2518 1585 Tantum
2557 1540 2735 1588 autem
2762 1531 3051 1590 bellicosus
3100 1535 3229 1603 fuit,
3268 1548 3328 1593 ut
3370 1539 3425 1594 in

1839 1621 2234 1691 expugnatione
2284 1620 2672 1694 Hierosolyma:
2713 1625 2982 1694 praecipue
3026 1626 3168 1682 inter
3191 1628 3426 1699 optimos

1838 1711 2106 1765 exstiterit
2130 1710 2432 1780 prmliator;
2466 1721 2674 1768 tantum
2701 1723 2882 1770 autem
2912 1715 3139 1787 imperio
3163 1717 3340 1775 bonus
3361 1734 3428 1776 ac

1839 1800 2077 1857 clemens
2100 1800 2222 1868 fuit,
2261 1812 2321 1858 ut
2357 1803 2563 1858 nullum
2607 1805 2826 1860 omnino
2852 1806 3098 1877 puniret,
3130 1810 3224 1865 sed
3264 1811 3429 1866 etiam

1841 1899 2065 1947 cunctos
2094 1892 2380 1948 adversum
2402 1894 2830 1964 se-conjurantes
2859 1897 3174 1964 dimitteret,
3205 1911 3261 1960 et
3287 1902 3340 1956 in
3363 1918 3428 1959 ea

1840 1981 2206 2038 familiaritate
2235 1998 2398 2052 quam
2428 1983 2578 2052 prius
2603 1984 2908 2040 habuerant
2936 1989 3216 2045 retineret.
3267 1993 3426 2049 Dice-

1839 2075 1934 2131 bat
1965 2090 2112 2131 emm
2145 2075 2459 2132 indecorum
2481 2091 2601 2132 esse
2625 2077 2858 2148 aliquem
2881 2081 3258 2138 contristatum
3283 2099 3430 2142 rece-

1841 2164 1970 2220 dere
2000 2181 2032 2220 a
2057 2165 2196 2221 facie
2218 2167 2590 2238 imperatoris;
2614 2169 2770 2240 cujus
2799 2170 2939 2234 inter
2964 2175 3146 2229 omnia
3177 2175 3277 2231 fuit
3297 2177 3430 2233 illud

1841 2253 2056 2310 celebre
2093 2255 2330 2323 dictum,
2362 2257 2507 2313 diem
2535 2273 2593 2314 se
2619 2259 2941 2329 perdidisse,
2983 2279 3091 2334 qua
3119 2266 3255 2321 nihil
3301 2269 3429 2324 boni

1842 2345 2067 2401 fecerat.
2098 2347 2179 2402 Ita
2209 2349 2450 2404 omnium
2482 2351 2743 2409 virtutum
2767 2363 2968 2426 genere
2998 2359 3266 2416 mirabilis
3295 2361 3430 2428 fuit,

1841 2437 1982 2492 adeo
2031 2445 2091 2491 ut
2118 2454 2269 2493 amor
2308 2440 2596 2498 et'delicia:
2635 2445 2853 2500 humani
2885 2450 3089 2518 generis
3135 2451 3427 2508 diceretur.

1845 2527 1946 2584 llic
1973 2545 2080 2586 non
2109 2531 2298 2587 nocuit
2318 2531 2667 2593 Christianis.
2716 2536 2820 2593 Per
2844 2539 2985 2596 idem
3016 2551 3228 2614 tempus
3263 2545 3432 2602 Linus

1841 2621 1997 2685 obiit,
2051 2620 2328 2680 Romanus
2378 2626 2647 2695 pontifex,
2693 2632 2986 2690 transactis
3029 2633 3085 2690 in
3127 2638 3431 2696 sacerdotio

1843 2709 2125 2769 duodecim
2145 2715 2302 2772 annis
2329 2731 2345 2782 ;
2377 2715 2562 2776 Cletus
2590 2722 2848 2779 succedit.

2475 2868 2648 2911 CAPUT
2687 2871 2785 2911 XII.

2464 2962 2812 3024 Domitianus.

1912 3089 2066 3147 Titus
2087 3092 2320 3148 moritur
2348 3101 2470 3163 post
2492 3095 2628 3153 duos
2652 3113 2824 3156 annos
2847 3101 3059 3173 imperii
3082 3108 3186 3175 sui,
3211 3119 3265 3166 et
3289 3111 3424 3170 duos

1847 3195 2082 3238 menses.
2111 3183 2453 3242 Domitianus
2481 3203 2629 3256 vero,
2661 3189 2834 3247 frater
2859 3194 2975 3263 ejus
3003 3199 3202 3268 minor,
3233 3207 3428 3262 statui-

1843 3277 1932 3325 tur
1943 3270 2194 3340 imperio,
2210 3271 2362 3342 cujus
2373 3285 2569 3344 quarto
2582 3293 2725 3335 anno
2751 3283 2891 3352 apud
2905 3285 3285 3346 Alexandriam
3298 3295 3434 3350 obiit

1840 3360 2162 3430 Ammanus,
2175 3372 2299 3434 post
2319 3364 2511 3437 viginti
2528 3377 2705 3426 ettres
2725 3372 3068 3447 episcopatus
3087 3394 3278 3438 annos.
3296 3383 3430 3440 Abi-

1842 3451 1946 3508 Iius
1965 3454 2224 3510 succedit.
2257 3454 2438 3514 Cletus
2463 3473 2615 3528 vero,
2642 3460 2920 3522 Romanus
2944 3470 3206 3539 pontifex,
3239 3484 3294 3530 et
3316 3476 3433 3547 ipse

1842 3545 2126 3603 duodecim
2151 3548 2308 3605 annis
2320 3550 2492 3619 sedet,
2517 3562 2574 3608 et
2595 3556 2864 3614 transiens
2892 3559 3156 3618 Clementi
3177 3545 3432 3638 papafum

1845 3635 2082 3708 reliquit.
2103 3639 2273 3696 Aiunt
2293 3649 2473 3698 autem
2495 3645 2588 3715 qui
2612 3646 2678 3700 de
2699 3648 2955 3706 cathedra
2977 3635 3236 3712 Romana:
3248 3635 3435 3715 Eccle-

1845 3731 1939 3788 siae
1957 3736 2285 3804 perscrutati
2308 3747 2456 3804 sunt,
2471 3741 2616 3810 quod
2632 3753 2656 3782 ο
2673 3741 2842 3800 Linus
2864 3755 2919 3802 et
2940 3747 3125 3806 Cletus
3151 3767 3258 3808 non
3281 3755 3434 3811 sede-

1845 3832 1972 3879 runt
1987 3833 2048 3879 ut
2061 3826 2366 3897 pontiﬁces,
2382 3829 2478 3885 sed
2503 3834 2770 3889 utsummi
2783 3836 3055 3906 pontiﬁcis
3070 3840 3436 3913 coadjutores,

1845 3917 2041 3987 quibus
2065 3919 2258 3976 beatus
2283 3919 2479 3978 Petrus
2499 3923 2722 3980 tradidit
2742 3927 3233 3988 ecclesiasticarum
3252 3949 3436 3990 rerum

1847 4008 2258 4080 dispositionem
2288 4031 2300 4067 :
2333 4013 2450 4085 ipse
2479 4030 2610 4072 vero
2651 4026 2861 4076 tantum
2891 4023 3127 4082 orationi
3153 4035 3208 4083 et
3243 4028 3440 4102 praedi-

1846 4101 2045 4157 cationi
2071 4103 2318 4160 vacabat.
2353 4104 2506 4164 Unde
2535 4115 2682 4164 tanta
2707 4115 3031 4172 auctoritate
3053 4115 3276 4190 donati,
3311 4135 3431 4180 me-

1847 4202 2076 4250 ruerunt
2099 4194 2156 4251 in
2181 4197 2427 4270 catalogo
2459 4200 2780 4270 pontiﬁcum
2805 4209 3014 4278 reponi.

2474 4345 2647 4390 CAPUT
2686 4349 2807 4390 ιιιιι.

2324 4439 2628 4499 Persecutio
2649 4444 2962 4504 Domitiani.

162 4568 397 4660 morum,
425 4554 566 4660 inter
595 4572 801 4660 manus
825 4557 1202 4660 ministrorum
1225 4563 1386 4618 enixa
1409 4564 1739 4638 estagnum.
1765 4593 1822 4654 Β
1919 4576 2297 4650 (Νὶοερήηιὶὸ.
2317 4595 2464 4647 m,c.
2483 4581 2572 4651 IO,
2591 4582 3332 4660 Hist.eccles.;Eutrop.,lib.
3358 4608 3437 4658 ix,

161 4644 328 4701 Porta
355 4661 486 4702 vero
513 4647 568 4702 in
592 4649 870 4706 interioris
894 4652 1025 4707 aedis
1048 4669 1195 4721 area,
1223 4670 1344 4712 cum
1379 4659 1514 4714 tanti
1544 4662 1745 4730 ponde-

165 4736 265 4802 ris,
282 4745 343 4793 ut
354 4738 443 4792 vix
460 4754 490 4794 a
505 4739 698 4812 viginti
716 4741 850 4798 viris
871 4742 1232 4813 clauderetur,
1251 4757 1415 4816 esset,
1433 4751 1676 4808 vectibus
1689 4760 1744 4809 et

164 4828 305 4884 seris
344 4830 568 4896 munita,
616 4841 772 4890 nocte
816 4834 959 4890 ultro
997 4837 1266 4906 patefacta
1301 4849 1402 4896 est.
1433 4842 1546 4898 Visi
1577 4844 1742 4899 etiam

162 4936 358 4977 currus
379 4932 434 4978 et
463 4934 793 4982 armatorum
820 4929 1075 4986 cohortes
1100 4932 1154 4986 in
1177 4947 1358 4990 aerem
1381 4934 1535 5004 ferri,
1563 4947 1618 4994 et
1637 4939 1744 4996 alia

165 5012 334 5067 multa
365 5028 486 5083 quae
506 5031 616 5072 non
637 5016 840 5074 faciunt
860 5021 927 5075 ad
955 5020 1112 5090 hujus
1135 5025 1315 5094 operis
1339 5028 1740 5099 compendium,

164 5103 404 5160 maxime
429 5120 554 5162 cum
576 5123 666 5165 res
694 5108 1032 5170 Christianas
1058 5117 1311 5187 prosequi
1337 5117 1651 5177 debeamus.

833 5239 1004 5281 CAPUT
1043 5243 1096 5282 Χ.

168 5306 492 5382 Hegesippus
509 5311 574 5368 de
590 5311 1332 5441 Simoneuﬂiezosolymorum
1369 5336 1609 5392 episcopo
1634 5335 1749 5394 post

859 5403 955 5441 aco
990 5405 1099 5441 um.

859 5403 1099 5444 aconum.

239 5491 515 5566 (Niceph.,
530 5496 587 5552 in
607 5494 882 5570 Chronol.)
904 5497 1072 5571 Igitur
1097 5502 1354 5561 subversa
1365 5457 1742 5577 .Hierusalem,

241 5658 267 5728 ξ
309 5645 555 5728 ιὶιιιιξηει
577 5649 752 5728 Cletits
793 5667 897 5728 non
929 5653 1171 5709 sederunt
1203 5667 1260 5711 ut
1290 5659 1582 5728 pontiﬁces.
1608 5661 1742 5719 Cum

169 5715 364 5800 Petrus
391 5719 596 5800 scilicet
623 5720 678 5775 in
706 5721 807 5778 hac
833 5723 960 5800 vita
981 5733 1147 5800 esset,
1180 5729 1273 5800 sed
1290 5715 1591 5800 'post'illius
1619 5715 1742 5789 ubi:

171 5795 286 5875 tum
318 5803 457 5875 unus
493 5798 547 5844 et
579 5792 721 5875 item.
735 5802 866 5875 post
912 5795 1050 5875 alter
1084 5799 1150 5852 ad
1179 5792 1613 5875 sedisRomanac
1647 5821 1744 5875 gu-

172 5856 458 5916 bernacula
506 5863 663 5931 sedit,
708 5856 890 5936 itaque
927 5865 1095 5925 Linus
1141 5856 1744 5943 secundusret—Cle‘lus

1849 4672 1906 4727 in
1933 4673 2054 4745 lin.)
2083 4673 2294 4730 Interea
2323 4676 2681 4746 Domitianus,
2717 4683 2894 4751 portio
2920 4682 3182 4753 Neronis,
3215 4687 3440 4761 ejusque

1851 4765 2146 4836 impietatis
2179 4783 2481 4839 successor,
2519 4772 3047 4842 Christianosvalde
3074 4782 3436 4852 persequitur,

1852 4856 2115 4926 quosdam
2169 4860 2442 4929 trucidat,
2498 4863 2763 4934 quosdam
2817 4869 3084 4926 bonorum
3139 4873 3440 4944 direptione

1853 4947 2027 5017 punit,
2055 4949 2314 5018 quosdam
2349 4953 2515 5009 tradit
2557 4955 2614 5009 in
2659 4957 2909 5013 exsilium
2942 4975 2956 5014 :
2985 4960 3128 5018 inter
3148 4979 3284 5035 quos
3308 4965 3438 5022 Fla-

1853 5038 1995 5093 viam
2030 5038 2352 5097 Domitillam
2372 5084 2387 5109 ,
2435 5046 2706 5116 egregiam
2735 5049 2999 5120 virginem
3026 5051 3260 5122 Christi,
3283 5055 3439 5126 cujus

1852 5142 2004 5206 gesta
2032 5133 2324 5203 habentur,
2352 5138 2407 5192 in
2441 5139 2671 5195 insulam
2694 5141 2942 5200 Pontiam
2965 5145 3239 5217 deportari
3260 5147 3433 5218 jubet,

1852 5234 1905 5282 et
1935 5227 2152 5282 beatum
2176 5226 2438 5284 Joannem
2460 5232 2847 5304 evangelistam
2873 5236 3079 5310 relegat
3103 5239 3313 5303 exsilio,
3344 5240 3436 5296 ubi

1851 5325 1907 5373 et
1947 5317 2323 5391 Apocalypsim
2366 5322 2602 5393 scripsit,
2646 5324 2844 5383 missus
2889 5329 3040 5398 prius
3085 5329 3142 5385 in
3179 5329 3440 5386 ferventis

1851 5407 1956 5466 olei
1997 5409 2230 5480 dolium,
2270 5413 2365 5469 sed
2412 5414 2630 5473 illaesus.
2675 5416 2776 5474 IIic
2814 5419 3073 5477 familiam
3113 5420 3282 5476 David
3313 5434 3438 5492 per-

1853 5501 1996 5574 quiri
2012 5502 2186 5576 jubet,
2212 5512 2268 5561 et
2290 5507 2622 5580 propinquos
2639 5507 2844 5568 Christi
2873 5512 3168 5569 secundum
3189 5527 3436 5581 carnem,

1856 5665 2051 5754 tertius
2075 5665 2129 5722 in
2158 5666 2504 5754 pontiﬁcibus
2524 5668 2785 5729 Romanis
2825 5680 3169 5736 numeratur;
3207 5665 3438 5754 noloque

1855 5737 1923 5825 de
1962 5736 2237 5825 Clemente
2294 5741 2586 5810 quidquam
2626 5757 3071 5825 commemorare,
3113 5736 3438 5825 nam__mu_lti

1855 5807 2005 5863 illum
2033 5807 2328 5884 secundum
2371 5807 2681 5884 numerant,
2728 5815 2816 5869 alii
2851 5807 3105 5884 quartum
3141 5813 3385 5872 scribunt
3415 5825 3432 5869 ι

1855 5895 1974 5950 qua:
1996 5880 2176 5949 opinio
2204 5881 2530 5950 probabilior
2557 5885 2828 5956 plerisque
2853 5880 3078 5942 videtur.
