4002 6348
558 297 665 361 835

561 506 750 578 regali.
785 505 988 574 Quibus
1013 507 1332 575 oblatis,,.et
1371 511 1445 567 de
1479 526 1646 583 regno
1673 511 1872 568 Christi
1916 526 2141 582 respon:

562 599 830 655 dentibus.
883 600 1017 667 Quia
1049 615 1157 657 non
1186 611 1272 658 est
1296 604 1362 660 de
1384 604 1488 660 hoc
1516 605 1740 671 mundo,
1764 604 1963 662 liberos
1989 604 2147 661 abire

552 687 727 763 jubet,
752 691 846 748 sed
874 693 1172 749 contemnit

1193 820 1369 862 CAPUT
1406 821 1515 861 ιιν.

810 893 1141 950 Domitianus
1169 906 1349 967 regnat
1384 896 1679 968 quindecim
1709 913 1894 951 annos.

629 1006 813 1076 itaque
846 1006 1183 1062 Domitianus
1206 1008 1413 1075 potitur
1443 1007 1669 1076 imperio
1695 1007 2004 1077 quindecnm
2044 1022 2142 1060 an-

558 1097 664 1152 nis.
715 1096 924 1163 Postea,
973 1114 1041 1154 ex
1088 1097 1590 1162 senatusconsulto,
1631 1113 1823 1153 omnes
1861 1097 1959 1167 qui
1992 1096 2146 1164 jussu

558 1186 675 1259 eius
711 1191 1031 1247 exsulabant
1074 1200 1428 1256 revocantur;
1472 1205 1594 1246 cum
1635 1190 1833 1261 quibus
1865 1197 1923 1245 et
1955 1190 2153 1246 beat.

557 1278 793 1338 Joannes
819 1282 999 1337 rediit.

1210 1388 1377 1429 CAPUT
1416 1389 1504 1428 XV.

925 1462 1098 1519 Nerva
1126 1464 1216 1519 nia:
1241 1481 1334 1535 per
1360 1481 1556 1519 annum
1588 1473 1794 1535 regnat.

637 1576 882 1650 (Euseb.,
913 1577 1004 1631 lib.
1037 1594 1136 1645 ιιι,
1165 1594 1281 1647 cup.
1320 1578 1421 1643 21,
1444 1577 1545 1643 22,
1578 1577 1677 1643 23,
1717 1577 1914 1633 Hister.
1946 1577 2150 1651 eccles.)

565 1668 742 1726 Nerva
765 1684 979 1740 quoque
1006 1684 1149 1724 anno
1173 1668 1292 1739 plus
1314 1671 1558 1723 minusve
1583 1667 1855 1735 defuncto,
1888 1667 2152 1738 Trajanus

1048 274 1400 361 HAYMONIS
1437 304 1915 363 nauensmr.
1955 302 2161 362 arise

2268 304 2360 361 PP.
2400 303 2581 361 PARS
2617 300 2705 361 Ill.
2742 330 2823 347 --
2851 298 3354 359 HISCELLANEA.

559 426 623 471 ut
650 415 958 480 interﬁciat,
977 433 1043 472 ne
1062 417 1185 486 quis
1206 419 1834 489 superessetJudzeorum
1855 436 1922 476 ex
1937 422 2142 487 semine
2167 421 2221 482 Α

2856 433 3028 473 CAPUT
3063 432 3199 472 ιγη.

2696 530 2770 585 De
2796 528 3055 585 Ebionitis
3083 530 3364 585 hareticis.

2313 640 2553 711 (Euseb.,
2582 659 2628 696 c.
2657 641 2728 696 27
2756 643 2927 713 ejusd.
2960 642 3076 711 lib.)
3112 642 3281 713 Hujus
3327 657 3548 714 quoque
3584 643 3865 714 discipuli

2240 729 2534 798 Ebionitae,
2592 732 2717 788 licet
2765 733 2986 789 alterius
3032 743 3223 799 sectze,
3273 735 3471 790 multos
3515 735 3857 804 decipiunt,

2244 820 2482 877 dicentes
2511 822 2785 878 Christum
2831 840 3027 894 purum
3066 826 3337 880 hominem
3376 840 3531 891 esse,
3590 836 3662 880 et
3713 841 3859 880 com-

2244 916 2391 969 muni
2420 916 2700 972 nativitale
2724 931 2790 971 ex
2818 919 2936 974 viro
2966 926 3021 973 et
3041 917 3237 973 femina
3263 929 3650 989 procreatum,
3685 936 3851 976 caere-

2244 1006 2455 1060 monias
2479 1007 2655 1062 adhuc
2683 1007 2816 1081 legis
2844 1009 3228 1065 custodientes.
3281 1010 3553 1067 Ebioniue
3582 1028 3857 1082 pauperes

2246 1097 2693 1171 interpretantur,
2721 1111 2779 1157 et
2806 1117 2931 1158 vere
2960 1118 3433 1175 sensu‘pauperes.

2856 1233 3026 1273 CAPUT
3066 1234 3217 1274 XVHL

2652 1307 2730 1361 De
2757 1308 3012 1362 hwreticis
3042 1307 3415 1365 Cerinthiams.

2320 1417 2527 1490 (Idem,
2556 1436 2603 1473 c.
2638 1420 2751 1493 28.)
2792 1422 2899 1477 Sed
2926 1431 2983 1477 et
3027 1422 3319 1479 Corinthus
3367 1426 3680 1481 haereticus
3719 1440 3847 1480 non

2252 1506 2545 1563 introducit
2575 1509 2825 1579 dogmata
2848 1551 2862 1574 ,
2915 1511 3123 1567 scilicet
3152 1522 3431 1568 terrenum
3468 1514 3591 1570 fore
3623 1531 3841 1586 regnum

2252 1596 2453 1652 Christi
2484 1598 2535 1651 in
2564 1597 2935 1666 Hierusalem,
2980 1609 3034 1655 et
3072 1602 3290 1656 interim
3322 1603 3577 1659 homines
3622 1605 3843 1659 vitiiset

2255 1688 2706 1757 concupiscentiis
2728 1704 2848 1745 esse
2873 1690 3252 1761 subjiciendos,
3274 1700 3331 1746 et
3354 1692 3685 1762 nuptiarum
3708 1692 3841 1747 festi-

563 1761 769 1818 obtinet
794 1761 1098 1832 imperium,
1128 1760 1280 1828 cujus
1304 1762 1481 1830 primo
1500 1763 1831 1832 principatus
1856 1778 1998 1818 anno
2026 1763 2155 1819 Abi-

2268 1780 2452 1836 vitales
2480 1779 2781 1848 adfuturas,
2807 1782 2875 1837 ad
2900 1760 2995 1838 eos
3018 1781 3177 1838 facile
3201 1760 3557 1857 decipiendos
3598 1784 3703 1856 qui
3727 1793 3841 1839 sunt

564 1852 672 1908 lius
716 1852 1111 1908 Alexandrinus
1142 1860 1264 1923 post
1308 1853 1562 1909 tredecim
1601 1854 1940 1924 episcopatus
1980 1869 2153 1910 annos

565 1947 706 2003 diem
755 1944 1203 2021 obiit,.Cerdone
1236 1948 1565 2002 succedente
1606 1948 1768 2002 tertio
1799 1949 1850 2002 in
1897 1950 2153 2005 sacerdo-

565 2037 723 2092 tium.
777 2037 1026 2093 Clemens
1069 2047 1198 2094 tunc
1243 2038 1503 2109 temporis
1542 2046 1664 2108 post
1714 2038 1937 2094 Petrum
1979 2041 2157 2096 adhuc
2230 2074 2237 2081 ο

564 2124 753 2182 Roma
796 2127 1171 2196 pontiﬁcatum
1198 2128 1445 2193 tenebat;
1494 2128 1587 2183 sed
1633 2130 1774 2198 apud
1815 2129 2155 2185 Antiochiam

564 2225 689 2287 post
722 2217 940 2272 Petrum
980 2217 1217 2273 Evodius
1254 2216 1452 2284 fuerat,
1486 2228 1542 2273 et
1584 2219 1852 2273 secundus
1897 2219 2153 2289 Ignatius.

565 2308 961 2382 Hierosolymis
985 2319 1108 2382 post
1133 2310 1397 2367 Jacobnm
1416 2352 1430 2377 ,
1459 2310 1681 2366 fratrem
1710 2312 1955 2379 Domini,
1983 2315 2158 2369 adhuc

576 2409 808 2472 praeerat
832 2400 1073 2469 Simeon,
1094 2402 1307 2457 Domini
1336 2402 1716 2458 consobrinus.
1745 2402 1912 2474 (lren.
1943 2403 2060 2471 lib.,
2083 2420 2156 2471 ιι,

568 2492 703 2549 Adv.
724 2494 941 2565 lateres.)
963 2494 1172 2550 interea
1199 2494 1376 2551 adhuc
1406 2507 1682 2568 superstes
1712 2497 1902 2553 beatus
1924 2494 2159 2554 Joannes

565 2585 894 2656 evangelista
950 2596 1148 2655 praeest
1193 2588 1448 2644 Ecclesiis
1496 2588 1637 2643 Asia
1664 2629 1679 2653 ,
1731 2589 1976 2644 residens
2017 2586 2161 2659 apud

568 2675 877 2747 Ephesum,
913 2684 968 2732 et
1012 2688 1296 2748 permanet
1344 2680 1532 2734 vivens
1584 2693 1754 2749 usque
1802 2680 1867 2733 ad
1916 2687 2156 2749 tempora

570 2767 815 2838 Trajani,
845 2769 1119 2824 :ndilicans
1150 2771 1221 2824 ibi
1250 2770 1520 2826 Ecclesias
1562 2786 1699 2840 quas
1734 2770 1934 2826 Paulus
1980 2772 2156 2840 primo

571 2859 645 2914 ibi
672 2859 1012 2914 fundaverat.
1040 2859 1141 2914 Hic
1164 2860 1382 2928 Papiam
1421 2869 1475 2913 et
1503 2859 1857 2930 Polycarpum
1885 2861 2159 2917 auditores

571 2957 624 3005 et
646 2948 1040 3018 condiscipulos
1070 2950 1231 3004 habet
1258 2969 1271 3002 :
1314 2950 1405 3020 qui
1437 2953 1598 3006 etiam
1620 2992 1634 3018 ,
1678 2953 1847 3008 libros
1878 2952 2079 3010 faciens
2103 2964 2159 3009 et

569 3037 860 3110 epistolas,
912 3038 1147 3093 instituit
1184 3040 1523 3111 erudivitque
1551 3042 1813 3112 plurimos
1847 3061 1861 3097 :
1899 3044 1990 3114 qui
2019 3045 2156 3100 bene

2255 1875 2422 1931 dediti
2447 1875 2679 1931 libidini.

2881 2005 3055 2047 CAPUT
3093 2008 3204 2047 XIX.

2677 2080 2755 2135 De
2783 2082 2970 2139 twreu'
2995 2081 3408 2138 Nicolaitarum.

2327 2191 2499 2266 (Idem
2516 2233 2531 2260 ,
2560 2210 2606 2246 c.
2630 2193 2719 2258 29,
2746 2194 2917 2263 ejusd.
2944 2194 3061 2265 lib.)
3099 2194 3345 2251 Surrexit
3368 2207 3648 2268 praeterea
3671 2207 3727 2254 et
3745 2198 3831 2253 alia

2258 2284 2498 2348 haeresis,
2528 2300 2648 2355 quae
2677 2285 2975 2357 appellatur
3010 2285 3429 2355 Nicolaitarum,
3459 2307 3593 2360 quae
3628 2308 3661 2344 a
3690 2290 3825 2347 Nico-

2259 2376 2366 2443 lao,
2396 2390 2504 2431 uno
2531 2379 2599 2434 de
2639 2387 2843 2450 septem
2877 2381 3191 2439 diaconibus
3220 2397 3342 2438 cum
3378 2381 3670 2455 Stephano
3700 2384 3827 2441 onﬁ-

2258 2469 2422 2536 natis,
2453 2469 2785 2553 sejactavit.”

2890 2603 3064 2645 CAPUT
3106 2606 3197 2644 XX.

2533 2675 2609 2739 De
2639 2676 2917 2733 Nicolaitis
2942 2679 3220 2747 hwreticis,
3247 2692 3292 2735 et
3323 2681 3578 2738 Nicolao.

2332 2786 2589 2859 (Clemens
2630 2787 2806 2855 Alcen,
2839 2790 2926 2846 lib.
2971 2807 3043 2858 ιι,
3077 2792 3299 2864 Strom.)
3342 2794 3445 2850 Hic
3483 2794 3822 2859 autenm

2260 2877 2400 2944 laus,
2431 2879 2713 2949 pulchram
2750 2881 2956 2937 habens
2985 2898 3205 2938 uxorem
3228 2924 3242 2947 ,
3272 2900 3398 2959 cum
3429 2895 3549 2955 post
3575 2886 3820 2940 ascensio-

2259 2986 2384 3026 nem
2414 2972 2628 3026 Domini
2659 2973 2726 3027 ab
2755 2974 3015 3042 apostolis
3052 2974 3428 3043 increparetur
3455 2977 3523 3031 de
3547 2976 3816 3046 zelotypia,

2261 3061 2456 3132 injuria
2490 3063 2772 3118 lacessitus
2795 3065 3051 3133 produxit
3079 3065 3225 3120 illam
3250 3068 3302 3120 in
3332 3067 3558 3122 medium
3586 3088 3598 3119 :
3633 3067 3675 3121 si
3699 3066 3811 3135 quis

570 3130 625 3185 in
647 3129 852 3230 ultimis
1027 3131 1359 3230 temporibus
1383 3133 1573 3188 scribit
1596 3133 1972 3230 Evangelium,
2004 3150 2157 3230 eom-
2185 3135 2231 3199 C
2264 3129 2387 3213 θέω
2422 3157 2622 3213 me
2640 3129 2819 3224 Vw;
2845 3159 3015 3215 ubere
3034 3160 3314 3229 pomis“;
3336 3175 3407 3215 ex
3436 3129 3814 3230 (luminae

570 3221 760 3293 pulsus
789 3223 856 3277 ab
884 3221 1026 3277 Asiae
1054 3222 1358 3293 episcopis,
1393 3233 1617 3295 propter
1648 3227 1932 3281 haereticos
1973 3228 2065 3296 qui
2093 3241 2163 3282 eo

569 3312 852 3367 exsulante
876 3311 1191 3383 irruperant
1210 3312 1265 3367 in
1289 3313 1580 3379 Ecclesias,
1613 3331 1741 3372 cum
1762 3317 1929 3375 variis
1961 3326 2016 3372 et
2036 3332 2165 3388 per-

574 3405 750 3462 versis
776 3406 1137 3476 dogmatibus.
1176 3406 1292 3462 Hac
1312 3423 1445 3479 ergo
1466 3409 1754 3464 occasione
1791 3410 1861 3465 de
1881 3411 2164 3465 nativitate
2206 3416 2215 3423 '

574 3497 777 3555 Christi
807 3500 1121 3565 conscribit,
1150 3514 1322 3571 pauca
1349 3501 1414 3556 de
1442 3501 1829 3572 temporalibus
1858 3503 1981 3574 eius
1999 3504 2165 3574 gestis

571 3591 905 3658 edisserens,
933 3601 1139 3648 tantum
1162 3608 1195 3647 a
1224 3594 1435 3648 caeteris
1468 3596 1816 3666 evangelistis
1837 3610 2165 3666 persequens

571 3684 799 3739 omissa.
848 3682 982 3738 Nam
1012 3684 1105 3739 alii
1140 3685 1355 3754 quidem
1401 3694 1513 3741 tres
1556 3687 1700 3742 facta
1735 3687 1949 3742 Domini
1979 3704 2154 3758 perse-

573 3786 815 3845 quuntur
839 3794 869 3831 a
894 3792 1116 3832 carcere
1141 3775 1367 3833 Joannis
1392 3777 1672 3847 Baptistae,
1708 3780 1796 3835 hic
1824 3795 1955 3835 vero
1988 3781 2161 3835 maxi-

576 3881 665 3922 me
687 3881 757 3922 ea
773 3882 893 3936 qua!
919 3883 1095 3936 primo
1117 3869 1378 3923 Dominus
1401 3883 1499 3938 per
1525 3871 1928 3938 pmdicationis
1954 3880 2165 3942 tempus

576 3961 748 4031 gessit
787 3969 915 4014 ante
954 3959 1181 4019 Joannis
1207 3961 1709 4016 incarcerationem.
1754 3963 1918 4017 Multa
1946 3978 2077 4019 vero
2099 3963 2167 4019 de

580 4072 868 4130 Trinitatls
907 4083 962 4129 et
1003 4074 1223 4130 unitatis
1273 4078 1529 4146 mysterio
1579 4076 1999 4147 profundissime
2030 4079 2164 4134 insi-

578 4176 732 4234 nuat,
755 4179 811 4224 ut
835 4170 1396 4236 diximus,adversnm
1421 4172 1723 4239 haereticos,
1762 4189 1988 4243 quorum
2016 4189 2168 4230 erro-

580 4274 669 4317 res
701 4270 827 4317 tunc
862 4258 1278 4332 pullulaverant.

1227 4398 1399 4440 CAPUT
1436 4397 1548 4437 XVL

883 4475 958 4530 De
987 4474 1279 4530 Menandro
1310 4490 1461 4546 mago
1495 4485 1540 4528 et
1572 4474 1839 4528 luerettco.

654 4588 993 4662 (Epiplr.,lib.
1013 4598 1226 4653 lv,tom.
1255 4583 1317 4649 ll,
1339 4604 1385 4639 ο.
1408 4586 1507 4653 22ς
1536 4586 1726 4640 Euseb.
1754 4586 1866 4651 lib.,
1893 4602 1976 4651 ιιι,
1998 4602 2043 4638 c.
2063 4584 2165 4652 ‘26;

584 4681 832 4752 Niceph.,
864 4681 1056 4745 lilmn,
1084 4698 1129 4734 c.
1164 4678 1262 4743 12,
1297 4676 1436 4731 Hist.
1459 4678 1610 4747 eccl.)
1652 4678 1765 4731 Sui)
1794 4678 1980 4732 eodem
2015 4692 2167 4730 nam-

582 4786 686 4843 que
710 4781 948 4842 tempore
976 4770 1267 4826 Menander
1286 4769 1526 4838 quidam,
1559 4767 1795 4825 Simonis
1817 4769 1954 4840 magi
1982 4767 2170 4823 Sama-

584 4865 745 4919 ritani
775 4863 1100 4933 discipulus,
1151 4870 1204 4929 et
1233 4863 1345 4932 ipse
1381 4860 1680 4916 Samarites
1707 4872 1761 4914 et
1791 4876 1999 4932 magus,
2031 4860 2172 4915 blas-

585 4957 783 5027 pheme
811 4969 996 5012 errore
1023 4954 1256 5010 maculat
1282 4951 1654 5018 Antiochiam,
1684 4953 1916 5008 irridens
1946 4954 2169 5008 immor-

583 5048 851 5103 talitatem
899 5048 1131 5111 animae,
1194 5055 1249 5101 et
1298 5048 1752 5103 resurrectionem
1801 5055 2168 5115 mortuorum;

586 5140 933 5209 semetipsum
961 5138 1281 5194 salvatorem
1313 5138 1589 5193 hominum
1614 5153 1733 5191 esse
1757 5153 2037 5203 asserens;
2075 5153 2174 5193 nec

587 5232 748 5289 aliter
800 5245 958 5301 posse
1006 5243 1446 5299 unumquemque
1475 5228 1695 5296 angelos
1724 5227 1904 5282 steculi
1930 5227 2172 5295 vincere,

586 5323 688 5380 nisi
717 5322 866 5393 prius
891 5338 920 5375 a
951 5337 1009 5377 se
1039 5320 1259 5389 magicae
1296 5318 1429 5372 artis
1470 5319 1767 5387 susciperet
1804 5318 2174 5389 disciplinam;

586 5425 640 5472 et
670 5416 813 5487 quod
848 5430 946 5486 per
984 5413 1253 5484 baptisma
1282 5426 1311 5464 a
1342 5428 1400 5466 se
1437 5411 1619 5466 datum
1662 5412 1890 5483 quisque
1914 5413 1993 5468 sic
2021 5412 2174 5467 ﬁeret

586 5505 932 5570 immortalis,
974 5512 1027 5559 et
1067 5511 1303 5558 :eternus
1347 5499 1588 5570 effectus,
1641 5502 1694 5557 in
1722 5503 1827 5559 hac
1873 5503 1982 5557 vita
2019 5504 2174 5558 ﬁeret

586 5607 896 5671 perpetuus.

2264 3250 2354 3306 isti
2383 3265 2721 3320 consequens
2742 3266 2865 3307 esse
2888 3260 3248 3323 putaverunt,
3292 3262 3355 3307 ut
3372 3293 3385 3316 ,
3422 3253 3705 3308 secundum
3730 3251 3812 3305 hoc

2264 3340 2467 3397 factum
2488 3341 2572 3399 vel
2595 3342 2796 3399 dictum
2819 3342 3047 3409 Nicelai,
3071 3360 3236 3399 carne
3261 3359 3379 3409 sua,
3409 3345 3471 3398 in
3490 3358 3599 3413 qua
3617 3341 3810 3397 delecta.

2264 3442 2441 3498 retur,
2484 3435 2799 3491 abuteretur
2831 3436 3223 3506 unusquisque.
3274 3435 3425 3492 Unde
3460 3444 3520 3489 et
3557 3448 3715 3497 nunc.
3738 3428 3811 3499 illi

2264 3535 2472 3582 sectam
2492 3528 2723 3597 propriae
2743 3527 2980 3584 libidinis
3007 3537 3312 3595 assumunt,
3340 3530 3445 3584 sub
3468 3527 3619 3584 illius
3635 3522 3813 3582 nomine

2263 3619 2597 3689 promiscuos
2624 3628 2682 3674 et
2704 3618 2921 3677 illicitos
2951 3628 3208 3691 expetunt
3232 3620 3581 3676 concauus.

2894 3766 3068 3807 CAPUT
3107 3768 3219 3807 XXL

2442 3838 2628 3894 Adhuc
2648 3840 2714 3896 de
2744 3839 2968 3896 Nicolao
2996 3860 3014 3908 ;
3039 3843 3274 3897 Clemens
3301 3844 3673 3898 commendans

2908 3913 3209 3968 Nicolaum.

2339 4022 2466 4077 Mihi
2502 4033 2680 4079 autem
2710 4034 3043 4095 compertum
3070 4038 3153 4083 est
3177 4027 3456 4083 Nicolaum
3478 4029 3679 4083 nullam
3698 4041 3815 4098 pror-

2272 4130 2366 4170 sus
2393 4114 2713 4185 cognovisse
2740 4131 2961 4169 uxorem
2993 4128 3190 4186 praeter
3216 4132 3337 4172 eam
3368 4134 3530 4188 quam
3580 4118 3816 4172 matrimo-

2270 4207 2360 4260 nio
2407 4206 2508 4261 sibi
2559 4207 2917 4277 conjunxerat
2959 4224 2972 4260 :
3016 4209 3169 4278 cujus
3212 4218 3359 4263 certe
3406 4209 3602 4275 liberi,
3648 4206 3818 4262 femine

2270 4300 2510 4369 quidem,
2547 4315 2717 4369 usque
2742 4301 2808 4355 ad
2838 4301 3082 4355 ultimam
3114 4312 3451 4357 senectutem
3481 4314 3640 4358 caste
3662 4300 3819 4371 perduc

2271 4400 2489 4458 rarunt;
2520 4390 2665 4446 ﬁlius
2687 4402 2869 4448 autem
2899 4394 3013 4462 ipse
3045 4395 3388 4449 sanctitatem
3417 4394 3712 4464 incorrupti
3734 4404 3819 4445 cor-

2196 4491 2246 4551 Ῑ)
2272 4486 2421 4554 poris
2461 4486 2771 4540 eustodivit.
2824 4484 2977 4542 Unde
3012 4496 3227 4543 constat
3259 4487 3405 4556 quod
3436 4505 3507 4543 ex
3544 4494 3820 4555 contempt!

2278 4578 2515 4632 libidinis
2550 4578 2634 4632 vel
2663 4579 2780 4632 vitii
2812 4580 2984 4649 magis
3012 4580 3327 4648 produxerit
3355 4596 3590 4635 uxorem
3630 4588 3683 4635 et
3717 4578 3820 4631 lii-e-
3876 4616 3885 4625 .

2278 4685 2395 4724 ram
2426 4670 2578 4724 abire
2604 4671 2931 4739 permiserit,
2957 4686 3118 4739 quam
3141 4672 3264 4726 aliis
3287 4673 3700 4743 quibuscumque
3723 4669 3824 4723 abl-

2279 4763 2495 4817 tendam
2509 4764 2841 4832 exposuerit.
2866 4763 2995 4828 Sed,
3016 4772 3076 4817 ut
3100 4764 3476 4833 ad'incmptum
3500 4773 3822 4822 revertamur.

2278 4855 2554 4911 sciendum
2582 4856 2867 4925 praedictas
2900 4857 3130 4911 bmreses
3168 4858 3280 4912 cito
3326 4862 3643 4927 corisopitas
3673 4855 3824 4911 fuisse.

2277 4948 2513 5001 maxime
2549 4963 2646 5016 per
2680 4947 2883 5017 scripta
2904 4956 2958 5002 et
2978 4948 3420 5017 praedicationem
3443 4949 3593 5003 benti
3620 4945 3824 5002 Joannis.

2277 5038 2415 5105 Qui,
2459 5047 2580 5109 post
2620 5039 2780 5110 longa
2827 5055 3033 5110 magna:
3061 5040 3408 5095 continentia:
3449 5049 3506 5094 et
3550 5035 3826 5096 sobrietatis

2277 5141 2555 5202 tempora,
2608 5143 2729 5203 post
2778 5134 3043 5203 insignem
3073 5133 3350 5204 Evangelii
3389 5133 3824 5202 praedicationem,

2278 5234 2400 5296 post
2442 5226 2785 5281 incredibiles
2833 5228 3110 5296 signorum
3146 5227 3395 5293 virtutes,
3444 5224 3665 5281 tandem
3701 5218 3824 5276 ω’οᾶ

2281 5317 2383 5374 sibi
2424 5315 2580 5385 jubet
2626 5318 2977 5389 sepulcrum;
3022 5318 3115 5386 qui
3143 5317 3307 5373 etiam
3356 5327 3568 5388 martyr
3593 5325 3648 5371 et
3677 5315 3829 5369 doctor

2280 5410 2421 5481 apud
2451 5409 2720 5481 Ephesum
2764 5411 2994 5475 dormit,
3026 5409 3292 5481 completa
3316 5409 3456 5465 bona
3482 5420 3539 5464 et
3570 5398 3827 5463 venerabili

2282 5512 2562 5561 senectute
2591 5502 2881 5571 nonaginta
2915 5516 3181 5556 annorum
3209 5510 3263 5556 et
3283 5510 3441 5566 octo;
3479 5500 3537 5555 in
3567 5498 3715 5570 cujus
3737 5492 3827 5548 ιω-

2280 5597 2447 5653 debili
2467 5596 2577 5653 ﬁne
2598 5605 2657 5651 et
2684 5610 2783 5652 nos
2808 5594 3027 5650 tertium
3050 5593 3301 5650 volumen
3329 5592 3606 5649 ﬁniamus.

1913 5736 2565 5766 -ψ-β
