  <div class='ocr_page' id='page_1' title='image "/cluster/home/n/w/nwhite01/storage/ocr_20150623/118/hvd.32044015466907/425.png"; bbox 0 0 4002 6348; ppageno 0'>
   <div class='ocr_carea' id='block_1_1' title="bbox 581 397 687 454">
    <p class='ocr_par' dir='ltr' id='par_1_1' title="bbox 581 397 687 454">
     <span class='ocr_line' id='line_1_1' title="bbox 581 397 687 454; baseline 0 -1"><span class='ocrx_word' id='word_1_1' title='bbox 581 397 687 454; x_wconf 77' lang='grc'><strong>859</strong></span> 
     </span>
    </p>
   </div>
   <div class='ocr_carea' id='block_1_2' title="bbox 1045 391 3341 458">
    <p class='ocr_par' dir='ltr' id='par_1_2' title="bbox 1045 391 3341 458">
     <span class='ocr_line' id='line_1_2' title="bbox 1045 391 3341 458; baseline 0.004 -9"><span class='ocrx_word' id='word_1_2' title='bbox 1045 392 1400 449; x_wconf 81' lang='lat' dir='ltr'><strong>HAYMONIS</strong></span> <span class='ocrx_word' id='word_1_3' title='bbox 1436 391 1913 448; x_wconf 75' lang='lat' dir='ltr'><strong>HALBERSTAT.</strong></span> <span class='ocrx_word' id='word_1_4' title='bbox 1956 393 2169 449; x_wconf 84' lang='lat' dir='ltr'><strong>EPISC.</strong></span> <span class='ocrx_word' id='word_1_5' title='bbox 2222 393 2375 450; x_wconf 89' lang='lat' dir='ltr'><strong>OPP.</strong></span> <span class='ocrx_word' id='word_1_6' title='bbox 2415 394 2594 453; x_wconf 80' lang='lat' dir='ltr'><strong>PARS</strong></span> <span class='ocrx_word' id='word_1_7' title='bbox 2627 395 2714 452; x_wconf 85' lang='lat' dir='ltr'><strong>Ill.</strong></span> <span class='ocrx_word' id='word_1_8' title='bbox 2752 429 2823 439; x_wconf 96' lang='lat'><strong>—</strong></span> <span class='ocrx_word' id='word_1_9' title='bbox 2858 397 3341 458; x_wconf 79' lang='lat' dir='ltr'><strong>MISCELLANEA</strong></span> 
     </span>
    </p>
   </div>
   <div class='ocr_carea' id='block_1_3' title="bbox 3769 411 3885 465">
    <p class='ocr_par' dir='ltr' id='par_1_3' title="bbox 3769 411 3885 465">
     <span class='ocr_line' id='line_1_3' title="bbox 3769 411 3885 465; baseline 0.017 -1"><span class='ocrx_word' id='word_1_10' title='bbox 3769 411 3885 465; x_wconf 67' lang='grc'><strong>840</strong></span> 
     </span>
    </p>
   </div>
   <div class='ocr_carea' id='block_1_4' title="bbox 583 503 3879 591">
    <p class='ocr_par' dir='ltr' id='par_1_4' title="bbox 583 503 3879 591">
     <span class='ocr_line' id='line_1_4' title="bbox 583 503 3879 591; baseline 0.005 -27"><span class='ocrx_word' id='word_1_11' title='bbox 583 515 770 564; x_wconf 84' lang='lat' dir='ltr'><strong>sccnte</strong></span> <span class='ocrx_word' id='word_1_12' title='bbox 795 507 1052 570; x_wconf 77' lang='lat' dir='ltr'><strong>Ecclesia,</strong></span> <span class='ocrx_word' id='word_1_13' title='bbox 1078 504 1248 561; x_wconf 78' lang='lat' dir='ltr'><strong>Judaei</strong></span> <span class='ocrx_word' id='word_1_14' title='bbox 1278 503 1599 560; x_wconf 90' lang='lat' dir='ltr'><strong>seditionem</strong></span> <span class='ocrx_word' id='word_1_15' title='bbox 1619 514 1897 561; x_wconf 73' lang='lat' dir='ltr'><strong>moventes</strong></span> <span class='ocrx_word' id='word_1_16' title='bbox 1920 505 2155 560; x_wconf 86' lang='lat' dir='ltr'><strong>Alexan-</strong></span> <span class='ocrx_word' id='word_1_17' title='bbox 2182 512 2233 573; x_wconf 77' lang='grc' dir='ltr'><strong>Α</strong></span> <span class='ocrx_word' id='word_1_18' title='bbox 2258 505 2358 562; x_wconf 86' lang='lat' dir='ltr'><strong>Hic</strong></span> <span class='ocrx_word' id='word_1_19' title='bbox 2377 505 2639 564; x_wconf 87' lang='lat' dir='ltr'><strong>Basilides</strong></span> <span class='ocrx_word' id='word_1_20' title='bbox 2671 521 2951 581; x_wconf 91' lang='lat' dir='ltr'><strong>comparat</strong></span> <span class='ocrx_word' id='word_1_21' title='bbox 2978 513 3082 570; x_wconf 85' lang='lat' dir='ltr'><strong>sibi</strong></span> <span class='ocrx_word' id='word_1_22' title='bbox 3117 514 3433 586; x_wconf 89' lang='lat' dir='ltr'><strong>discipulos,</strong></span> <span class='ocrx_word' id='word_1_23' title='bbox 3457 535 3598 591; x_wconf 84' lang='lat' dir='ltr'><strong>quos</strong></span> <span class='ocrx_word' id='word_1_24' title='bbox 3625 523 3782 578; x_wconf 82' lang='lat' dir='ltr'><strong>facit</strong></span> <span class='ocrx_word' id='word_1_25' title='bbox 3810 527 3879 580; x_wconf 82' lang='lat' dir='ltr'><strong>ad</strong></span> 
     </span>
    </p>
   </div>
   <div class='ocr_carea' id='block_1_5' title="bbox 584 594 2157 668">
    <p class='ocr_par' dir='ltr' id='par_1_5' title="bbox 584 594 2157 668">
     <span class='ocr_line' id='line_1_5' title="bbox 584 594 2157 668; baseline 0 -16"><span class='ocrx_word' id='word_1_26' title='bbox 584 598 716 652; x_wconf 65' lang='lat' dir='ltr'><strong>driae</strong></span> <span class='ocrx_word' id='word_1_27' title='bbox 757 607 812 653; x_wconf 92' lang='lat' dir='ltr'><strong>et</strong></span> <span class='ocrx_word' id='word_1_28' title='bbox 873 611 970 666; x_wconf 89' lang='lat' dir='ltr'><strong>per</strong></span> <span class='ocrx_word' id='word_1_29' title='bbox 1019 594 1312 667; x_wconf 64' lang='lat' dir='ltr'><strong>Egyptum</strong></span> <span class='ocrx_word' id='word_1_30' title='bbox 1381 605 1435 651; x_wconf 90' lang='lat' dir='ltr'><strong>et</strong></span> <span class='ocrx_word' id='word_1_31' title='bbox 1499 612 1598 668; x_wconf 89' lang='lat' dir='ltr'><strong>per</strong></span> <span class='ocrx_word' id='word_1_32' title='bbox 1645 597 1887 652; x_wconf 89' lang='lat' dir='ltr'><strong>diversas</strong></span> <span class='ocrx_word' id='word_1_33' title='bbox 1941 603 2157 663; x_wconf 88' lang='lat' dir='ltr'><strong>terras,</strong></span> 
     </span>
    </p>
   </div>
   <div class='ocr_carea' id='block_1_6' title="bbox 583 687 2087 758">
    <p class='ocr_par' dir='ltr' id='par_1_6' title="bbox 583 687 2087 758">
     <span class='ocr_line' id='line_1_6' title="bbox 583 687 2087 758; baseline 0.002 -18"><span class='ocrx_word' id='word_1_34' title='bbox 583 687 743 758; x_wconf 88' lang='lat' dir='ltr'><strong>digna</strong></span> <span class='ocrx_word' id='word_1_35' title='bbox 774 695 829 743; x_wconf 89' lang='lat' dir='ltr'><strong>et</strong></span> <span class='ocrx_word' id='word_1_36' title='bbox 855 688 1139 744; x_wconf 90' lang='lat' dir='ltr'><strong>innumera</strong></span> <span class='ocrx_word' id='word_1_37' title='bbox 1169 689 1316 745; x_wconf 71' lang='lat' dir='ltr'><strong>caade</strong></span> <span class='ocrx_word' id='word_1_38' title='bbox 1356 697 1672 745; x_wconf 87' lang='lat' dir='ltr'><strong>sternuntur</strong></span> <span class='ocrx_word' id='word_1_39' title='bbox 1700 691 1801 747; x_wconf 88' lang='lat' dir='ltr'><strong>sub</strong></span> <span class='ocrx_word' id='word_1_40' title='bbox 1832 687 2087 758; x_wconf 87' lang='lat' dir='ltr'><strong>&#39;l‘rajano.</strong></span> 
     </span>
    </p>
   </div>
   <div class='ocr_carea' id='block_1_7' title="bbox 1227 818 1496 858">
    <p class='ocr_par' dir='ltr' id='par_1_7' title="bbox 1227 818 1496 858">
     <span class='ocr_line' id='line_1_7' title="bbox 1227 818 1496 858; baseline -0.004 -1"><span class='ocrx_word' id='word_1_41' title='bbox 1227 818 1398 858; x_wconf 81' lang='lat' dir='ltr'><strong>CAPUT</strong></span> <span class='ocrx_word' id='word_1_42' title='bbox 1440 819 1496 857; x_wconf 81' lang='grc' dir='ltr'><strong>Χ.</strong></span> 
     </span>
    </p>
   </div>
   <div class='ocr_carea' id='block_1_8' title="bbox 583 889 2157 966">
    <p class='ocr_par' dir='ltr' id='par_1_8' title="bbox 583 889 2157 966">
     <span class='ocr_line' id='line_1_8' title="bbox 583 889 2157 966; baseline 0.001 -20"><span class='ocrx_word' id='word_1_43' title='bbox 583 889 846 963; x_wconf 84' lang='lat' dir='ltr'><strong>Trajanus</strong></span> <span class='ocrx_word' id='word_1_44' title='bbox 883 894 1064 966; x_wconf 83' lang='lat' dir='ltr'><strong>viginti</strong></span> <span class='ocrx_word' id='word_1_45' title='bbox 1098 895 1273 962; x_wconf 82' lang='lat' dir='ltr'><strong>annis,</strong></span> <span class='ocrx_word' id='word_1_46' title='bbox 1301 912 1394 950; x_wconf 77' lang='lat' dir='ltr'><strong>sex</strong></span> <span class='ocrx_word' id='word_1_47' title='bbox 1422 895 1682 950; x_wconf 80' lang='lat' dir='ltr'><strong>mensibus</strong></span> <span class='ocrx_word' id='word_1_48' title='bbox 1718 897 1911 962; x_wconf 86' lang='lat' dir='ltr'><strong>minus,</strong></span> <span class='ocrx_word' id='word_1_49' title='bbox 1958 904 2157 966; x_wconf 80' lang='lat' dir='ltr'><strong>regnat.</strong></span> 
     </span>
    </p>
   </div>
   <div class='ocr_carea' id='block_1_9' title="bbox 649 1004 2160 1080">
    <p class='ocr_par' dir='ltr' id='par_1_9' title="bbox 649 1004 2160 1080">
     <span class='ocr_line' id='line_1_9' title="bbox 649 1004 2160 1080; baseline 0.002 -21"><span class='ocrx_word' id='word_1_50' title='bbox 649 1004 840 1078; x_wconf 85' lang='lat' dir='ltr'><strong>(Idem,</strong></span> <span class='ocrx_word' id='word_1_51' title='bbox 891 1024 937 1061; x_wconf 88' lang='lat' dir='ltr'><strong>c.</strong></span> <span class='ocrx_word' id='word_1_52' title='bbox 981 1007 1016 1064; x_wconf 77' lang='grc'><strong>5</strong></span> <span class='ocrx_word' id='word_1_53' title='bbox 1062 1007 1233 1079; x_wconf 82' lang='lat' dir='ltr'><strong>ejusd.</strong></span> <span class='ocrx_word' id='word_1_54' title='bbox 1285 1007 1404 1080; x_wconf 89' lang='lat' dir='ltr'><strong>lib.)</strong></span> <span class='ocrx_word' id='word_1_55' title='bbox 1451 1007 1568 1076; x_wconf 86' lang='lat' dir='ltr'><strong>Quo</strong></span> <span class='ocrx_word' id='word_1_56' title='bbox 1603 1009 1792 1078; x_wconf 92' lang='lat' dir='ltr'><strong>viginti</strong></span> <span class='ocrx_word' id='word_1_57' title='bbox 1837 1008 2024 1075; x_wconf 92' lang='lat' dir='ltr'><strong>annis,</strong></span> <span class='ocrx_word' id='word_1_58' title='bbox 2064 1022 2160 1064; x_wconf 84' lang='lat' dir='ltr'><strong>sex</strong></span> 
     </span>
    </p>
   </div>
   <div class='ocr_carea' id='block_1_10' title="bbox 579 1098 2160 1173">
    <p class='ocr_par' dir='ltr' id='par_1_10' title="bbox 579 1098 2160 1173">
     <span class='ocr_line' id='line_1_10' title="bbox 579 1098 2160 1173; baseline 0.003 -20"><span class='ocrx_word' id='word_1_59' title='bbox 579 1098 856 1156; x_wconf 87' lang='lat' dir='ltr'><strong>mensibus</strong></span> <span class='ocrx_word' id='word_1_60' title='bbox 882 1100 1083 1168; x_wconf 90' lang='lat' dir='ltr'><strong>minus,</strong></span> <span class='ocrx_word' id='word_1_61' title='bbox 1131 1101 1440 1172; x_wconf 82' lang='lat' dir='ltr'><strong>principatu</strong></span> <span class='ocrx_word' id='word_1_62' title='bbox 1468 1101 1773 1173; x_wconf 89' lang='lat' dir='ltr'><strong>perfuncto,</strong></span> <span class='ocrx_word' id='word_1_63' title='bbox 1804 1103 1932 1158; x_wconf 85' lang='lat' dir='ltr'><strong>huic</strong></span> <span class='ocrx_word' id='word_1_64' title='bbox 1969 1101 2160 1158; x_wconf 87' lang='lat' dir='ltr'><strong>Adria-</strong></span> 
     </span>
    </p>
   </div>
   <div class='ocr_carea' id='block_1_11' title="bbox 578 1189 1278 1264">
    <p class='ocr_par' dir='ltr' id='par_1_11' title="bbox 578 1189 1278 1264">
     <span class='ocr_line' id='line_1_11' title="bbox 578 1189 1278 1264; baseline 0.006 -20"><span class='ocrx_word' id='word_1_65' title='bbox 578 1205 681 1247; x_wconf 85' lang='lat' dir='ltr'><strong>nus</strong></span> <span class='ocrx_word' id='word_1_66' title='bbox 701 1189 758 1248; x_wconf 88' lang='lat' dir='ltr'><strong>in</strong></span> <span class='ocrx_word' id='word_1_67' title='bbox 777 1201 992 1264; x_wconf 83' lang='lat' dir='ltr'><strong>sceptra</strong></span> <span class='ocrx_word' id='word_1_68' title='bbox 1019 1195 1278 1250; x_wconf 83' lang='lat' dir='ltr'><strong>succedit.</strong></span> 
     </span>
    </p>
   </div>
   <div class='ocr_carea' id='block_1_12' title="bbox 1216 1326 1500 1366">
    <p class='ocr_par' dir='ltr' id='par_1_12' title="bbox 1216 1326 1500 1366">
     <span class='ocr_line' id='line_1_12' title="bbox 1216 1326 1500 1366; baseline -0.004 0"><span class='ocrx_word' id='word_1_69' title='bbox 1216 1326 1386 1366; x_wconf 83' lang='lat' dir='ltr'><strong>CAPUT</strong></span> <span class='ocrx_word' id='word_1_70' title='bbox 1445 1328 1500 1365; x_wconf 76' lang='lat' dir='ltr'><strong>XI</strong></span> 
     </span>
    </p>
   </div>
   <div class='ocr_carea' id='block_1_13' title="bbox 1088 1401 1630 1474">
    <p class='ocr_par' dir='ltr' id='par_1_13' title="bbox 1088 1401 1630 1474">
     <span class='ocr_line' id='line_1_13' title="bbox 1088 1401 1630 1474; baseline 0 -18"><span class='ocrx_word' id='word_1_71' title='bbox 1088 1401 1326 1474; x_wconf 84' lang='lat' dir='ltr'><strong>Regnum</strong></span> <span class='ocrx_word' id='word_1_72' title='bbox 1382 1402 1630 1458; x_wconf 79' lang='lat' dir='ltr'><strong>Adriani.</strong></span> 
     </span>
    </p>
   </div>
   <div class='ocr_carea' id='block_1_14' title="bbox 651 1491 2160 1566">
    <p class='ocr_par' dir='ltr' id='par_1_14' title="bbox 651 1491 2160 1566">
     <span class='ocr_line' id='line_1_14' title="bbox 651 1491 2160 1566; baseline 0.003 -20"><span class='ocrx_word' id='word_1_73' title='bbox 651 1491 926 1565; x_wconf 87' lang='lat' dir='ltr'><strong>(lbidem.)</strong></span> <span class='ocrx_word' id='word_1_74' title='bbox 959 1492 1111 1550; x_wconf 92' lang='lat' dir='ltr'><strong>Tunc</strong></span> <span class='ocrx_word' id='word_1_75' title='bbox 1160 1493 1486 1562; x_wconf 86' lang='lat' dir='ltr'><strong>Quadratus,</strong></span> <span class='ocrx_word' id='word_1_76' title='bbox 1540 1495 1834 1566; x_wconf 87' lang='lat' dir='ltr'><strong>discipulus</strong></span> <span class='ocrx_word' id='word_1_77' title='bbox 1891 1494 2160 1566; x_wconf 87' lang='lat' dir='ltr'><strong>apostolo-</strong></span> 
     </span>
    </p>
   </div>
   <div class='ocr_carea' id='block_1_15' title="bbox 575 1587 2158 1660">
    <p class='ocr_par' dir='ltr' id='par_1_15' title="bbox 575 1587 2158 1660">
     <span class='ocr_line' id='line_1_15' title="bbox 575 1587 2158 1660; baseline 0.001 -20"><span class='ocrx_word' id='word_1_78' title='bbox 575 1601 718 1652; x_wconf 88' lang='lat' dir='ltr'><strong>rum,</strong></span> <span class='ocrx_word' id='word_1_79' title='bbox 765 1587 832 1641; x_wconf 90' lang='lat' dir='ltr'><strong>de</strong></span> <span class='ocrx_word' id='word_1_80' title='bbox 862 1602 969 1656; x_wconf 94' lang='lat' dir='ltr'><strong>quo</strong></span> <span class='ocrx_word' id='word_1_81' title='bbox 1013 1604 1174 1660; x_wconf 86' lang='lat' dir='ltr'><strong>supra</strong></span> <span class='ocrx_word' id='word_1_82' title='bbox 1207 1591 1574 1655; x_wconf 89' lang='lat' dir='ltr'><strong>meminimus,</strong></span> <span class='ocrx_word' id='word_1_83' title='bbox 1613 1599 1672 1644; x_wconf 87' lang='lat' dir='ltr'><strong>et</strong></span> <span class='ocrx_word' id='word_1_84' title='bbox 1695 1588 1967 1644; x_wconf 90' lang='lat' dir='ltr'><strong>antistites</strong></span> <span class='ocrx_word' id='word_1_85' title='bbox 1995 1587 2158 1642; x_wconf 79' lang='lat' dir='ltr'><strong>Athe—</strong></span> 
     </span>
    </p>
   </div>
   <div class='ocr_carea' id='block_1_16' title="bbox 574 1677 2158 1753">
    <p class='ocr_par' dir='ltr' id='par_1_16' title="bbox 574 1677 2158 1753">
     <span class='ocr_line' id='line_1_16' title="bbox 574 1677 2158 1753; baseline 0.002 -22"><span class='ocrx_word' id='word_1_86' title='bbox 574 1677 791 1734; x_wconf 89' lang='lat' dir='ltr'><strong>nienses</strong></span> <span class='ocrx_word' id='word_1_87' title='bbox 841 1681 1086 1736; x_wconf 87' lang='lat' dir='ltr'><strong>scribunt</strong></span> <span class='ocrx_word' id='word_1_88' title='bbox 1128 1681 1294 1738; x_wconf 91' lang='lat' dir='ltr'><strong>libros</strong></span> <span class='ocrx_word' id='word_1_89' title='bbox 1331 1683 1397 1737; x_wconf 92' lang='lat' dir='ltr'><strong>de</strong></span> <span class='ocrx_word' id='word_1_90' title='bbox 1425 1682 1735 1738; x_wconf 89' lang='lat' dir='ltr'><strong>Christiana</strong></span> <span class='ocrx_word' id='word_1_91' title='bbox 1783 1681 2046 1753; x_wconf 84' lang='lat' dir='ltr'><strong>religione</strong></span> <span class='ocrx_word' id='word_1_92' title='bbox 2089 1681 2158 1734; x_wconf 85' lang='lat' dir='ltr'><strong>ad</strong></span> 
     </span>
    </p>
   </div>
   <div class='ocr_carea' id='block_1_17' title="bbox 571 1765 2154 1844">
    <p class='ocr_par' dir='ltr' id='par_1_17' title="bbox 571 1765 2154 1844">
     <span class='ocr_line' id='line_1_17' title="bbox 571 1765 2154 1844; baseline 0.003 -24"><span class='ocrx_word' id='word_1_93' title='bbox 571 1765 900 1835; x_wconf 88' lang='lat' dir='ltr'><strong>Adrianum;</strong></span> <span class='ocrx_word' id='word_1_94' title='bbox 932 1771 1025 1841; x_wconf 90' lang='lat' dir='ltr'><strong>qui</strong></span> <span class='ocrx_word' id='word_1_95' title='bbox 1051 1771 1174 1826; x_wconf 86' lang='lat' dir='ltr'><strong>libri</strong></span> <span class='ocrx_word' id='word_1_96' title='bbox 1204 1772 1474 1828; x_wconf 84' lang='lat' dir='ltr'><strong>habentur</strong></span> <span class='ocrx_word' id='word_1_97' title='bbox 1518 1773 1783 1844; x_wconf 83' lang='lat' dir='ltr'><strong>insignes,</strong></span> <span class='ocrx_word' id='word_1_98' title='bbox 1809 1783 1869 1827; x_wconf 91' lang='lat' dir='ltr'><strong>ut</strong></span> <span class='ocrx_word' id='word_1_99' title='bbox 1899 1771 2154 1841; x_wconf 89' lang='lat' dir='ltr'><strong>apostoli-</strong></span> 
     </span>
    </p>
   </div>
   <div class='ocr_carea' id='block_1_18' title="bbox 571 1860 1983 1936">
    <p class='ocr_par' dir='ltr' id='par_1_18' title="bbox 571 1860 1983 1936">
     <span class='ocr_line' id='line_1_18' title="bbox 571 1860 1983 1936; baseline 0.001 -21"><span class='ocrx_word' id='word_1_100' title='bbox 571 1874 651 1915; x_wconf 67' lang='lat' dir='ltr'><strong>ca:</strong></span> <span class='ocrx_word' id='word_1_101' title='bbox 682 1860 942 1918; x_wconf 66' lang='lat' dir='ltr'><strong>doctrinae</strong></span> <span class='ocrx_word' id='word_1_102' title='bbox 967 1871 1024 1918; x_wconf 89' lang='lat' dir='ltr'><strong>et</strong></span> <span class='ocrx_word' id='word_1_103' title='bbox 1052 1878 1373 1934; x_wconf 89' lang='lat' dir='ltr'><strong>magnorum</strong></span> <span class='ocrx_word' id='word_1_104' title='bbox 1403 1864 1740 1936; x_wconf 82' lang='lat' dir='ltr'><strong>ingeniorum</strong></span> <span class='ocrx_word' id='word_1_105' title='bbox 1763 1863 1983 1919; x_wconf 89' lang='lat' dir='ltr'><strong>indicia.</strong></span> 
     </span>
    </p>
   </div>
   <div class='ocr_carea' id='block_1_19' title="bbox 1203 1991 1514 2031">
    <p class='ocr_par' dir='ltr' id='par_1_19' title="bbox 1203 1991 1514 2031">
     <span class='ocr_line' id='line_1_19' title="bbox 1203 1991 1514 2031; baseline 0 -1"><span class='ocrx_word' id='word_1_106' title='bbox 1203 1991 1375 2031; x_wconf 87' lang='lat' dir='ltr'><strong>CAPUT</strong></span> <span class='ocrx_word' id='word_1_107' title='bbox 1416 1991 1514 2030; x_wconf 79' lang='lat' dir='ltr'><strong>XII.</strong></span> 
     </span>
    </p>
   </div>
   <div class='ocr_carea' id='block_1_20' title="bbox 852 2067 1872 2140">
    <p class='ocr_par' dir='ltr' id='par_1_20' title="bbox 852 2067 1872 2140">
     <span class='ocr_line' id='line_1_20' title="bbox 852 2067 1872 2140; baseline 0.003 -20"><span class='ocrx_word' id='word_1_108' title='bbox 852 2067 1152 2123; x_wconf 71' lang='lat' dir='ltr'><strong>Alexander</strong></span> <span class='ocrx_word' id='word_1_109' title='bbox 1176 2085 1313 2140; x_wconf 82' lang='lat' dir='ltr'><strong>papa</strong></span> <span class='ocrx_word' id='word_1_110' title='bbox 1346 2068 1478 2123; x_wconf 87' lang='lat' dir='ltr'><strong>sedit</strong></span> <span class='ocrx_word' id='word_1_111' title='bbox 1501 2069 1675 2123; x_wconf 87' lang='lat' dir='ltr'><strong>decem</strong></span> <span class='ocrx_word' id='word_1_112' title='bbox 1700 2071 1872 2124; x_wconf 81' lang='lat' dir='ltr'><strong>annis.</strong></span> 
     </span>
    </p>
   </div>
   <div class='ocr_carea' id='block_1_21' title="bbox 637 2155 2158 2232">
    <p class='ocr_par' dir='ltr' id='par_1_21' title="bbox 637 2155 2158 2232">
     <span class='ocr_line' id='line_1_21' title="bbox 637 2155 2158 2232; baseline 0.001 -20"><span class='ocrx_word' id='word_1_113' title='bbox 637 2155 790 2213; x_wconf 87' lang='lat' dir='ltr'><strong>&#39;l‘unc</strong></span> <span class='ocrx_word' id='word_1_114' title='bbox 827 2157 1136 2214; x_wconf 82' lang='lat' dir='ltr'><strong>Alexander</strong></span> <span class='ocrx_word' id='word_1_115' title='bbox 1165 2174 1303 2230; x_wconf 91' lang='lat' dir='ltr'><strong>papa</strong></span> <span class='ocrx_word' id='word_1_116' title='bbox 1329 2160 1494 2215; x_wconf 90' lang='lat' dir='ltr'><strong>tertio</strong></span> <span class='ocrx_word' id='word_1_117' title='bbox 1524 2159 1748 2215; x_wconf 91' lang='lat' dir='ltr'><strong>Adriani</strong></span> <span class='ocrx_word' id='word_1_118' title='bbox 1789 2176 1930 2216; x_wconf 89' lang='lat' dir='ltr'><strong>anno</strong></span> <span class='ocrx_word' id='word_1_119' title='bbox 1951 2169 2158 2232; x_wconf 89' lang='lat' dir='ltr'><strong>marty-</strong></span> 
     </span>
    </p>
   </div>
   <div class='ocr_carea' id='block_1_22' title="bbox 570 2249 2158 2320">
    <p class='ocr_par' dir='ltr' id='par_1_22' title="bbox 570 2249 2158 2320">
     <span class='ocr_line' id='line_1_22' title="bbox 570 2249 2158 2320; baseline 0.003 -18"><span class='ocrx_word' id='word_1_120' title='bbox 570 2249 653 2304; x_wconf 85' lang='lat' dir='ltr'><strong>rio</strong></span> <span class='ocrx_word' id='word_1_121' title='bbox 683 2258 998 2316; x_wconf 87' lang='lat' dir='ltr'><strong>coronatur,</strong></span> <span class='ocrx_word' id='word_1_122' title='bbox 1025 2259 1080 2306; x_wconf 87' lang='lat' dir='ltr'><strong>et</strong></span> <span class='ocrx_word' id='word_1_123' title='bbox 1103 2251 1334 2320; x_wconf 80' lang='lat' dir='ltr'><strong>septimo</strong></span> <span class='ocrx_word' id='word_1_124' title='bbox 1373 2251 1442 2305; x_wconf 88' lang='lat' dir='ltr'><strong>ab</strong></span> <span class='ocrx_word' id='word_1_125' title='bbox 1470 2253 1604 2308; x_wconf 88' lang='lat' dir='ltr'><strong>urbe</strong></span> <span class='ocrx_word' id='word_1_126' title='bbox 1628 2251 1902 2318; x_wconf 89' lang='lat' dir='ltr'><strong>milliario,</strong></span> <span class='ocrx_word' id='word_1_127' title='bbox 1949 2252 2038 2308; x_wconf 91' lang='lat' dir='ltr'><strong>ubi</strong></span> <span class='ocrx_word' id='word_1_128' title='bbox 2066 2253 2158 2306; x_wconf 88' lang='lat' dir='ltr'><strong>de-</strong></span> 
     </span>
    </p>
   </div>
   <div class='ocr_carea' id='block_1_23' title="bbox 565 2339 2157 2415">
    <p class='ocr_par' dir='ltr' id='par_1_23' title="bbox 565 2339 2157 2415">
     <span class='ocr_line' id='line_1_23' title="bbox 565 2339 2157 2415; baseline 0.003 -21"><span class='ocrx_word' id='word_1_129' title='bbox 565 2339 792 2394; x_wconf 89' lang='lat' dir='ltr'><strong>collatus</strong></span> <span class='ocrx_word' id='word_1_130' title='bbox 828 2347 933 2407; x_wconf 90' lang='lat' dir='ltr'><strong>est,</strong></span> <span class='ocrx_word' id='word_1_131' title='bbox 957 2340 1235 2412; x_wconf 86' lang='lat' dir='ltr'><strong>sepelitur,</strong></span> <span class='ocrx_word' id='word_1_132' title='bbox 1265 2341 1405 2399; x_wconf 86' lang='lat' dir='ltr'><strong>sicut</strong></span> <span class='ocrx_word' id='word_1_133' title='bbox 1431 2343 1548 2415; x_wconf 84' lang='lat' dir='ltr'><strong>ejus</strong></span> <span class='ocrx_word' id='word_1_134' title='bbox 1572 2352 1724 2415; x_wconf 89' lang='lat' dir='ltr'><strong>gesta</strong></span> <span class='ocrx_word' id='word_1_135' title='bbox 1760 2351 1987 2399; x_wconf 89' lang='lat' dir='ltr'><strong>narrant</strong></span> <span class='ocrx_word' id='word_1_136' title='bbox 2022 2342 2157 2415; x_wconf 85' lang='lat' dir='ltr'><strong>(Eu-</strong></span> 
     </span>
    </p>
   </div>
   <div class='ocr_carea' id='block_1_24' title="bbox 564 2432 1080 2507">
    <p class='ocr_par' dir='ltr' id='par_1_24' title="bbox 564 2432 1080 2507">
     <span class='ocr_line' id='line_1_24' title="bbox 564 2432 1080 2507; baseline 0.008 -22"><span class='ocrx_word' id='word_1_137' title='bbox 564 2432 672 2486; x_wconf 84' lang='lat' dir='ltr'><strong>seb.</strong></span> <span class='ocrx_word' id='word_1_138' title='bbox 704 2432 797 2488; x_wconf 88' lang='lat' dir='ltr'><strong>lib.</strong></span> <span class='ocrx_word' id='word_1_139' title='bbox 822 2449 897 2502; x_wconf 85' lang='lat' dir='ltr'><strong>tv,</strong></span> <span class='ocrx_word' id='word_1_140' title='bbox 929 2451 976 2489; x_wconf 89' lang='lat' dir='ltr'><strong>c.</strong></span> <span class='ocrx_word' id='word_1_141' title='bbox 1001 2433 1080 2507; x_wconf 76' lang='grc'><strong>4).</strong></span> 
     </span>
    </p>
   </div>
   <div class='ocr_carea' id='block_1_25' title="bbox 1200 2542 1530 2584">
    <p class='ocr_par' dir='ltr' id='par_1_25' title="bbox 1200 2542 1530 2584">
     <span class='ocr_line' id='line_1_25' title="bbox 1200 2542 1530 2584; baseline 0.003 -3"><span class='ocrx_word' id='word_1_142' title='bbox 1200 2542 1370 2583; x_wconf 80' lang='lat' dir='ltr'><strong>CAPUT</strong></span> <span class='ocrx_word' id='word_1_143' title='bbox 1411 2543 1530 2584; x_wconf 75' lang='lat' dir='ltr'><strong>Illi.</strong></span> 
     </span>
    </p>
   </div>
   <div class='ocr_carea' id='block_1_26' title="bbox 636 2618 2153 2690">
    <p class='ocr_par' dir='ltr' id='par_1_26' title="bbox 636 2618 2153 2690">
     <span class='ocr_line' id='line_1_26' title="bbox 636 2618 2153 2690; baseline 0.002 -16"><span class='ocrx_word' id='word_1_144' title='bbox 636 2618 898 2690; x_wconf 75' lang='grc' dir='ltr'><strong>(ΗΑγιιο.)</strong></span> <span class='ocrx_word' id='word_1_145' title='bbox 929 2619 1235 2678; x_wconf 83' lang='lat' dir='ltr'><strong>Invenimus</strong></span> <span class='ocrx_word' id='word_1_146' title='bbox 1265 2630 1449 2678; x_wconf 91' lang='lat' dir='ltr'><strong>autem</strong></span> <span class='ocrx_word' id='word_1_147' title='bbox 1479 2622 1535 2676; x_wconf 95' lang='lat' dir='ltr'><strong>in</strong></span> <span class='ocrx_word' id='word_1_148' title='bbox 1564 2622 1950 2680; x_wconf 89' lang='lat' dir='ltr'><strong>retractatione</strong></span> <span class='ocrx_word' id='word_1_149' title='bbox 1978 2623 2153 2680; x_wconf 83' lang='lat' dir='ltr'><strong>Chro-</strong></span> 
     </span>
    </p>
   </div>
   <div class='ocr_carea' id='block_1_27' title="bbox 495 2709 2148 2785">
    <p class='ocr_par' dir='ltr' id='par_1_27' title="bbox 495 2709 2148 2785">
     <span class='ocr_line' id='line_1_27' title="bbox 495 2709 2148 2785; baseline 0.003 -22"><span class='ocrx_word' id='word_1_150' title='bbox 495 2737 508 2750; x_wconf 66' lang='grc' dir='ltr'><strong>ι</strong></span> <span class='ocrx_word' id='word_1_151' title='bbox 565 2709 809 2766; x_wconf 86' lang='lat' dir='ltr'><strong>nieorum</strong></span> <span class='ocrx_word' id='word_1_152' title='bbox 837 2710 1079 2776; x_wconf 85' lang='lat' dir='ltr'><strong>Eusebii,</strong></span> <span class='ocrx_word' id='word_1_153' title='bbox 1115 2727 1278 2782; x_wconf 89' lang='lat' dir='ltr'><strong>quam</strong></span> <span class='ocrx_word' id='word_1_154' title='bbox 1308 2711 1451 2767; x_wconf 85' lang='lat' dir='ltr'><strong>Beda</strong></span> <span class='ocrx_word' id='word_1_155' title='bbox 1486 2711 1768 2768; x_wconf 88' lang='lat' dir='ltr'><strong>breviandi</strong></span> <span class='ocrx_word' id='word_1_156' title='bbox 1795 2715 1969 2785; x_wconf 87' lang='lat' dir='ltr'><strong>gratia</strong></span> <span class='ocrx_word' id='word_1_157' title='bbox 2000 2715 2148 2769; x_wconf 91' lang='lat' dir='ltr'><strong>ordi-</strong></span> 
     </span>
    </p>
   </div>
   <div class='ocr_carea' id='block_1_28' title="bbox 563 2802 2152 2875">
    <p class='ocr_par' dir='ltr' id='par_1_28' title="bbox 563 2802 2152 2875">
     <span class='ocr_line' id='line_1_28' title="bbox 563 2802 2152 2875; baseline 0.003 -20"><span class='ocrx_word' id='word_1_158' title='bbox 563 2809 658 2856; x_wconf 86' lang='lat' dir='ltr'><strong>nat</strong></span> <span class='ocrx_word' id='word_1_159' title='bbox 711 2802 1006 2872; x_wconf 87' lang='lat' dir='ltr'><strong>prudenter</strong></span> <span class='ocrx_word' id='word_1_160' title='bbox 1058 2812 1114 2858; x_wconf 90' lang='lat' dir='ltr'><strong>et</strong></span> <span class='ocrx_word' id='word_1_161' title='bbox 1156 2804 1453 2870; x_wconf 89' lang='lat' dir='ltr'><strong>succincte,</strong></span> <span class='ocrx_word' id='word_1_162' title='bbox 1486 2805 1630 2873; x_wconf 89' lang='lat' dir='ltr'><strong>quod</strong></span> <span class='ocrx_word' id='word_1_163' title='bbox 1675 2806 1934 2875; x_wconf 83' lang='lat' dir='ltr'><strong>praefatus</strong></span> <span class='ocrx_word' id='word_1_164' title='bbox 1975 2806 2152 2875; x_wconf 91' lang='lat' dir='ltr'><strong>ponti-</strong></span> 
     </span>
    </p>
   </div>
   <div class='ocr_carea' id='block_1_29' title="bbox 565 2892 2148 2965">
    <p class='ocr_par' dir='ltr' id='par_1_29' title="bbox 565 2892 2148 2965">
     <span class='ocr_line' id='line_1_29' title="bbox 565 2892 2148 2965; baseline 0.003 -18"><span class='ocrx_word' id='word_1_165' title='bbox 565 2892 653 2947; x_wconf 88' lang='lat' dir='ltr'><strong>fex</strong></span> <span class='ocrx_word' id='word_1_166' title='bbox 680 2909 787 2948; x_wconf 94' lang='lat' dir='ltr'><strong>non</strong></span> <span class='ocrx_word' id='word_1_167' title='bbox 821 2895 920 2950; x_wconf 89' lang='lat' dir='ltr'><strong>sub</strong></span> <span class='ocrx_word' id='word_1_168' title='bbox 948 2894 1189 2949; x_wconf 82' lang='lat' dir='ltr'><strong>Adriano</strong></span> <span class='ocrx_word' id='word_1_169' title='bbox 1229 2909 1419 2962; x_wconf 90' lang='lat' dir='ltr'><strong>passus</strong></span> <span class='ocrx_word' id='word_1_170' title='bbox 1447 2904 1554 2960; x_wconf 90' lang='lat' dir='ltr'><strong>est,</strong></span> <span class='ocrx_word' id='word_1_171' title='bbox 1603 2897 1699 2952; x_wconf 91' lang='lat' dir='ltr'><strong>sed</strong></span> <span class='ocrx_word' id='word_1_172' title='bbox 1747 2898 1846 2952; x_wconf 91' lang='lat' dir='ltr'><strong>sub</strong></span> <span class='ocrx_word' id='word_1_173' title='bbox 1883 2895 2148 2965; x_wconf 90' lang='lat' dir='ltr'><strong>Trajano;</strong></span> 
     </span>
    </p>
   </div>
   <div class='ocr_carea' id='block_1_30' title="bbox 564 2984 2148 3057">
    <p class='ocr_par' dir='ltr' id='par_1_30' title="bbox 564 2984 2148 3057">
     <span class='ocr_line' id='line_1_30' title="bbox 564 2984 2148 3057; baseline 0.001 -19"><span class='ocrx_word' id='word_1_174' title='bbox 564 2985 709 3053; x_wconf 90' lang='lat' dir='ltr'><strong>quod</strong></span> <span class='ocrx_word' id='word_1_175' title='bbox 738 2999 807 3040; x_wconf 87' lang='lat' dir='ltr'><strong>ex</strong></span> <span class='ocrx_word' id='word_1_176' title='bbox 833 2985 939 3041; x_wconf 90' lang='lat' dir='ltr'><strong>hoc</strong></span> <span class='ocrx_word' id='word_1_177' title='bbox 979 2984 1142 3040; x_wconf 83' lang='lat' dir='ltr'><strong>facile</strong></span> <span class='ocrx_word' id='word_1_178' title='bbox 1171 2993 1351 3057; x_wconf 88' lang='lat' dir='ltr'><strong>potest</strong></span> <span class='ocrx_word' id='word_1_179' title='bbox 1396 2986 1639 3056; x_wconf 87' lang='lat' dir='ltr'><strong>probari,</strong></span> <span class='ocrx_word' id='word_1_180' title='bbox 1678 2986 1821 3056; x_wconf 90' lang='lat' dir='ltr'><strong>quod</strong></span> <span class='ocrx_word' id='word_1_181' title='bbox 1860 2986 2148 3054; x_wconf 86' lang='lat' dir='ltr'><strong>Adrianus,</strong></span> 
     </span>
    </p>
   </div>
   <div class='ocr_carea' id='block_1_31' title="bbox 564 3077 2152 3148">
    <p class='ocr_par' dir='ltr' id='par_1_31' title="bbox 564 3077 2152 3148">
     <span class='ocr_line' id='line_1_31' title="bbox 564 3077 2152 3148; baseline 0 -16"><span class='ocrx_word' id='word_1_182' title='bbox 564 3093 664 3148; x_wconf 84' lang='lat' dir='ltr'><strong>per</strong></span> <span class='ocrx_word' id='word_1_183' title='bbox 685 3077 1021 3145; x_wconf 86' lang='lat' dir='ltr'><strong>Quadratum</strong></span> <span class='ocrx_word' id='word_1_184' title='bbox 1063 3077 1217 3133; x_wconf 90' lang='lat' dir='ltr'><strong>libris</strong></span> <span class='ocrx_word' id='word_1_185' title='bbox 1243 3077 1310 3132; x_wconf 88' lang='lat' dir='ltr'><strong>de</strong></span> <span class='ocrx_word' id='word_1_186' title='bbox 1339 3085 1522 3133; x_wconf 82' lang='lat' dir='ltr'><strong>nostra</strong></span> <span class='ocrx_word' id='word_1_187' title='bbox 1555 3077 1814 3148; x_wconf 83' lang='lat' dir='ltr'><strong>religione</strong></span> <span class='ocrx_word' id='word_1_188' title='bbox 1840 3077 2152 3147; x_wconf 86' lang='lat' dir='ltr'><strong>compositis</strong></span> 
     </span>
    </p>
   </div>
   <div class='ocr_carea' id='block_1_32' title="bbox 565 3171 2150 3243">
    <p class='ocr_par' dir='ltr' id='par_1_32' title="bbox 565 3171 2150 3243">
     <span class='ocr_line' id='line_1_32' title="bbox 565 3171 2150 3243; baseline 0.001 -19"><span class='ocrx_word' id='word_1_189' title='bbox 565 3171 884 3238; x_wconf 90' lang='lat' dir='ltr'><strong>instructus,</strong></span> <span class='ocrx_word' id='word_1_190' title='bbox 922 3171 1181 3243; x_wconf 79' lang='lat' dir='ltr'><strong>praecepit</strong></span> <span class='ocrx_word' id='word_1_191' title='bbox 1218 3185 1316 3242; x_wconf 89' lang='lat' dir='ltr'><strong>per</strong></span> <span class='ocrx_word' id='word_1_192' title='bbox 1353 3171 1640 3241; x_wconf 85' lang='lat' dir='ltr'><strong>epistolam</strong></span> <span class='ocrx_word' id='word_1_193' title='bbox 1669 3171 2005 3228; x_wconf 86' lang='lat' dir='ltr'><strong>Christianos</strong></span> <span class='ocrx_word' id='word_1_194' title='bbox 2034 3171 2150 3227; x_wconf 89' lang='lat' dir='ltr'><strong>sine</strong></span> 
     </span>
    </p>
   </div>
   <div class='ocr_carea' id='block_1_33' title="bbox 561 3263 1550 3336">
    <p class='ocr_par' dir='ltr' id='par_1_33' title="bbox 561 3263 1550 3336">
     <span class='ocr_line' id='line_1_33' title="bbox 561 3263 1550 3336; baseline -0.002 -15"><span class='ocrx_word' id='word_1_195' title='bbox 561 3264 864 3336; x_wconf 89' lang='lat' dir='ltr'><strong>ohjectione</strong></span> <span class='ocrx_word' id='word_1_196' title='bbox 893 3264 1182 3321; x_wconf 88' lang='lat' dir='ltr'><strong>criminum</strong></span> <span class='ocrx_word' id='word_1_197' title='bbox 1207 3279 1317 3320; x_wconf 90' lang='lat' dir='ltr'><strong>non</strong></span> <span class='ocrx_word' id='word_1_198' title='bbox 1347 3263 1550 3336; x_wconf 89' lang='lat' dir='ltr'><strong>puniri.</strong></span> 
     </span>
    </p>
   </div>
   <div class='ocr_carea' id='block_1_34' title="bbox 1184 3395 1508 3435">
    <p class='ocr_par' dir='ltr' id='par_1_34' title="bbox 1184 3395 1508 3435">
     <span class='ocr_line' id='line_1_34' title="bbox 1184 3395 1508 3435; baseline -0.009 -1"><span class='ocrx_word' id='word_1_199' title='bbox 1184 3395 1358 3435; x_wconf 79' lang='lat' dir='ltr'><strong>CAPUT</strong></span> <span class='ocrx_word' id='word_1_200' title='bbox 1395 3395 1508 3434; x_wconf 75' lang='grc' dir='ltr'><strong>ιιν.</strong></span> 
     </span>
    </p>
   </div>
   <div class='ocr_carea' id='block_1_35' title="bbox 897 3467 1808 3526">
    <p class='ocr_par' dir='ltr' id='par_1_35' title="bbox 897 3467 1808 3526">
     <span class='ocr_line' id='line_1_35' title="bbox 897 3467 1808 3526; baseline 0.002 -2"><span class='ocrx_word' id='word_1_201' title='bbox 897 3467 1154 3525; x_wconf 80' lang='lat' dir='ltr'><strong>Ultimum</strong></span> <span class='ocrx_word' id='word_1_202' title='bbox 1183 3471 1449 3525; x_wconf 75' lang='lat' dir='ltr'><strong>excidium</strong></span> <span class='ocrx_word' id='word_1_203' title='bbox 1470 3469 1808 3526; x_wconf 70' lang='lat' dir='ltr'><strong>Iudaeorum.</strong></span> 
     </span>
    </p>
   </div>
   <div class='ocr_carea' id='block_1_36' title="bbox 631 3560 2149 3636">
    <p class='ocr_par' dir='ltr' id='par_1_36' title="bbox 631 3560 2149 3636">
     <span class='ocr_line' id='line_1_36' title="bbox 631 3560 2149 3636; baseline 0.001 -18"><span class='ocrx_word' id='word_1_204' title='bbox 631 3561 844 3636; x_wconf 85' lang='lat' dir='ltr'><strong>(Beda.)</strong></span> <span class='ocrx_word' id='word_1_205' title='bbox 875 3561 976 3617; x_wconf 79' lang='lat' dir='ltr'><strong>llic</strong></span> <span class='ocrx_word' id='word_1_206' title='bbox 1007 3562 1240 3633; x_wconf 89' lang='lat' dir='ltr'><strong>denique</strong></span> <span class='ocrx_word' id='word_1_207' title='bbox 1265 3561 1536 3618; x_wconf 81' lang='lat' dir='ltr'><strong>Adrianus</strong></span> <span class='ocrx_word' id='word_1_208' title='bbox 1555 3560 1771 3618; x_wconf 68' lang='lat' dir='ltr'><strong>Judzeos</strong></span> <span class='ocrx_word' id='word_1_209' title='bbox 1794 3563 2032 3618; x_wconf 91' lang='lat' dir='ltr'><strong>secundo</strong></span> <span class='ocrx_word' id='word_1_210' title='bbox 2063 3579 2149 3620; x_wconf 88' lang='lat' dir='ltr'><strong>re-</strong></span> 
     </span>
    </p>
   </div>
   <div class='ocr_carea' id='block_1_37' title="bbox 561 3651 2144 3720">
    <p class='ocr_par' dir='ltr' id='par_1_37' title="bbox 561 3651 2144 3720">
     <span class='ocr_line' id='line_1_37' title="bbox 561 3651 2144 3720; baseline -0.002 -7"><span class='ocrx_word' id='word_1_211' title='bbox 561 3651 730 3713; x_wconf 82' lang='lat' dir='ltr'><strong>belles</strong></span> <span class='ocrx_word' id='word_1_212' title='bbox 757 3653 946 3708; x_wconf 90' lang='lat' dir='ltr'><strong>ultima</strong></span> <span class='ocrx_word' id='word_1_213' title='bbox 985 3654 1132 3709; x_wconf 73' lang='lat' dir='ltr'><strong>caede</strong></span> <span class='ocrx_word' id='word_1_214' title='bbox 1161 3654 1362 3720; x_wconf 93' lang='lat' dir='ltr'><strong>domat,</strong></span> <span class='ocrx_word' id='word_1_215' title='bbox 1393 3653 1558 3708; x_wconf 91' lang='lat' dir='ltr'><strong>etiam</strong></span> <span class='ocrx_word' id='word_1_216' title='bbox 1600 3654 1682 3709; x_wconf 85' lang='lat' dir='ltr'><strong>eis</strong></span> <span class='ocrx_word' id='word_1_217' title='bbox 1718 3653 1897 3709; x_wconf 89' lang='lat' dir='ltr'><strong>ablata</strong></span> <span class='ocrx_word' id='word_1_218' title='bbox 1928 3655 2144 3710; x_wconf 88' lang='lat' dir='ltr'><strong>licentia</strong></span> 
     </span>
    </p>
   </div>
   <div class='ocr_carea' id='block_1_38' title="bbox 561 3744 2145 3817">
    <p class='ocr_par' dir='ltr' id='par_1_38' title="bbox 561 3744 2145 3817">
     <span class='ocr_line' id='line_1_38' title="bbox 561 3744 2145 3817; baseline 0.001 -17"><span class='ocrx_word' id='word_1_219' title='bbox 561 3745 871 3800; x_wconf 89' lang='lat' dir='ltr'><strong>introeundi</strong></span> <span class='ocrx_word' id='word_1_220' title='bbox 923 3744 1376 3817; x_wconf 84' lang='lat' dir='ltr'><strong>Hierosolymam,</strong></span> <span class='ocrx_word' id='word_1_221' title='bbox 1409 3761 1572 3815; x_wconf 92' lang='lat' dir='ltr'><strong>quam</strong></span> <span class='ocrx_word' id='word_1_222' title='bbox 1630 3746 1744 3815; x_wconf 92' lang='lat' dir='ltr'><strong>ipse</strong></span> <span class='ocrx_word' id='word_1_223' title='bbox 1787 3746 1842 3800; x_wconf 90' lang='lat' dir='ltr'><strong>in</strong></span> <span class='ocrx_word' id='word_1_224' title='bbox 1886 3747 2145 3817; x_wconf 80' lang='lat' dir='ltr'><strong>Optimam</strong></span> 
     </span>
    </p>
   </div>
   <div class='ocr_carea' id='block_1_39' title="bbox 562 3834 2146 3906">
    <p class='ocr_par' dir='ltr' id='par_1_39' title="bbox 562 3834 2146 3906">
     <span class='ocr_line' id='line_1_39' title="bbox 562 3834 2146 3906; baseline 0.001 -17"><span class='ocrx_word' id='word_1_225' title='bbox 562 3850 842 3890; x_wconf 90' lang='lat' dir='ltr'><strong>murorum</strong></span> <span class='ocrx_word' id='word_1_226' title='bbox 889 3844 1108 3906; x_wconf 87' lang='lat' dir='ltr'><strong>ceperat</strong></span> <span class='ocrx_word' id='word_1_227' title='bbox 1155 3838 1600 3902; x_wconf 80' lang='lat' dir='ltr'><strong>exstructionem,</strong></span> <span class='ocrx_word' id='word_1_228' title='bbox 1625 3846 1679 3891; x_wconf 92' lang='lat' dir='ltr'><strong>et</strong></span> <span class='ocrx_word' id='word_1_229' title='bbox 1718 3834 1918 3891; x_wconf 65' lang='lat' dir='ltr'><strong>Ailiam</strong></span> <span class='ocrx_word' id='word_1_230' title='bbox 1960 3836 2146 3891; x_wconf 88' lang='lat' dir='ltr'><strong>vocari</strong></span> 
     </span>
    </p>
   </div>
   <div class='ocr_carea' id='block_1_40' title="bbox 563 3927 2141 3994">
    <p class='ocr_par' dir='ltr' id='par_1_40' title="bbox 563 3927 2141 3994">
     <span class='ocr_line' id='line_1_40' title="bbox 563 3927 2141 3994; baseline 0.001 -12"><span class='ocrx_word' id='word_1_231' title='bbox 563 3927 630 3982; x_wconf 87' lang='lat' dir='ltr'><strong>de</strong></span> <span class='ocrx_word' id='word_1_232' title='bbox 675 3944 774 3983; x_wconf 93' lang='lat' dir='ltr'><strong>suo</strong></span> <span class='ocrx_word' id='word_1_233' title='bbox 816 3927 1036 3982; x_wconf 89' lang='lat' dir='ltr'><strong>nomine</strong></span> <span class='ocrx_word' id='word_1_234' title='bbox 1066 3928 1318 3983; x_wconf 85' lang='lat' dir='ltr'><strong>instituit.</strong></span> <span class='ocrx_word' id='word_1_235' title='bbox 1351 3928 1451 3983; x_wconf 86' lang='lat' dir='ltr'><strong>llic</strong></span> <span class='ocrx_word' id='word_1_236' title='bbox 1475 3929 1740 3990; x_wconf 85' lang='lat' dir='ltr'><strong>Antinoo,</strong></span> <span class='ocrx_word' id='word_1_237' title='bbox 1777 3928 1982 3983; x_wconf 88' lang='lat' dir='ltr'><strong>amasio</strong></span> <span class='ocrx_word' id='word_1_238' title='bbox 2022 3943 2141 3994; x_wconf 94' lang='lat' dir='ltr'><strong>suo,</strong></span> 
     </span>
    </p>
   </div>
   <div class='ocr_carea' id='block_1_41' title="bbox 561 4018 2142 4089">
    <p class='ocr_par' dir='ltr' id='par_1_41' title="bbox 561 4018 2142 4089">
     <span class='ocr_line' id='line_1_41' title="bbox 561 4018 2142 4089; baseline 0.003 -19"><span class='ocrx_word' id='word_1_239' title='bbox 561 4032 771 4072; x_wconf 87' lang='lat' dir='ltr'><strong>annuos</strong></span> <span class='ocrx_word' id='word_1_240' title='bbox 789 4032 990 4089; x_wconf 84' lang='lat' dir='ltr'><strong>agones</strong></span> <span class='ocrx_word' id='word_1_241' title='bbox 1011 4018 1243 4073; x_wconf 86' lang='lat' dir='ltr'><strong>instituit</strong></span> <span class='ocrx_word' id='word_1_242' title='bbox 1268 4019 1555 4084; x_wconf 89' lang='lat' dir='ltr'><strong>celebrari,</strong></span> <span class='ocrx_word' id='word_1_243' title='bbox 1589 4027 1644 4073; x_wconf 89' lang='lat' dir='ltr'><strong>et</strong></span> <span class='ocrx_word' id='word_1_244' title='bbox 1671 4019 1840 4088; x_wconf 63' lang='lat' dir='ltr'><strong>coepit</strong></span> <span class='ocrx_word' id='word_1_245' title='bbox 1870 4018 2142 4089; x_wconf 89' lang='lat' dir='ltr'><strong>appellare</strong></span> 
     </span>
    </p>
   </div>
   <div class='ocr_carea' id='block_1_42' title="bbox 564 4100 2166 4180">
    <p class='ocr_par' dir='ltr' id='par_1_42' title="bbox 564 4100 2166 4180">
     <span class='ocr_line' id='line_1_42' title="bbox 564 4100 2166 4180; baseline 0.003 -18"><span class='ocrx_word' id='word_1_246' title='bbox 564 4108 869 4174; x_wconf 89' lang='lat' dir='ltr'><strong>Antinoios,</strong></span> <span class='ocrx_word' id='word_1_247' title='bbox 913 4117 968 4165; x_wconf 92' lang='lat' dir='ltr'><strong>et</strong></span> <span class='ocrx_word' id='word_1_248' title='bbox 998 4109 1274 4165; x_wconf 88' lang='lat' dir='ltr'><strong>civitatem</strong></span> <span class='ocrx_word' id='word_1_249' title='bbox 1303 4111 1544 4167; x_wconf 89' lang='lat' dir='ltr'><strong>condidit</strong></span> <span class='ocrx_word' id='word_1_250' title='bbox 1577 4110 1694 4180; x_wconf 90' lang='lat' dir='ltr'><strong>ejus</strong></span> <span class='ocrx_word' id='word_1_251' title='bbox 1724 4112 1962 4168; x_wconf 91' lang='lat' dir='ltr'><strong>nominis</strong></span> <span class='ocrx_word' id='word_1_252' title='bbox 1989 4100 2166 4168; x_wconf 28' lang='lat' dir='ltr'><strong>Anti--</strong></span> 
     </span>
    </p>
   </div>
   <div class='ocr_carea' id='block_1_43' title="bbox 559 4202 2142 4277">
    <p class='ocr_par' dir='ltr' id='par_1_43' title="bbox 559 4202 2142 4277">
     <span class='ocr_line' id='line_1_43' title="bbox 559 4202 2142 4277; baseline 0.004 -21"><span class='ocrx_word' id='word_1_253' title='bbox 559 4215 725 4267; x_wconf 87' lang='lat' dir='ltr'><strong>noon,</strong></span> <span class='ocrx_word' id='word_1_254' title='bbox 757 4208 812 4256; x_wconf 90' lang='lat' dir='ltr'><strong>et</strong></span> <span class='ocrx_word' id='word_1_255' title='bbox 857 4202 1117 4273; x_wconf 88' lang='lat' dir='ltr'><strong>templum</strong></span> <span class='ocrx_word' id='word_1_256' title='bbox 1146 4204 1197 4260; x_wconf 92' lang='lat' dir='ltr'><strong>ei</strong></span> <span class='ocrx_word' id='word_1_257' title='bbox 1226 4205 1446 4272; x_wconf 79' lang='lat' dir='ltr'><strong>dicavit,</strong></span> <span class='ocrx_word' id='word_1_258' title='bbox 1475 4207 1786 4262; x_wconf 79' lang='lat' dir='ltr'><strong>sacerdotes</strong></span> <span class='ocrx_word' id='word_1_259' title='bbox 1817 4215 1872 4262; x_wconf 92' lang='lat' dir='ltr'><strong>et</strong></span> <span class='ocrx_word' id='word_1_260' title='bbox 1917 4206 2142 4277; x_wconf 89' lang='lat' dir='ltr'><strong>prophe-</strong></span> 
     </span>
    </p>
   </div>
   <div class='ocr_carea' id='block_1_44' title="bbox 560 4295 2144 4371">
    <p class='ocr_par' dir='ltr' id='par_1_44' title="bbox 560 4295 2144 4371">
     <span class='ocr_line' id='line_1_44' title="bbox 560 4295 2144 4371; baseline 0.004 -23"><span class='ocrx_word' id='word_1_261' title='bbox 560 4303 643 4350; x_wconf 86' lang='lat' dir='ltr'><strong>tas</strong></span> <span class='ocrx_word' id='word_1_262' title='bbox 695 4295 949 4351; x_wconf 89' lang='lat' dir='ltr'><strong>instituit.</strong></span> <span class='ocrx_word' id='word_1_263' title='bbox 1011 4297 1242 4364; x_wconf 88' lang='lat' dir='ltr'><strong>lnterea,</strong></span> <span class='ocrx_word' id='word_1_264' title='bbox 1270 4299 1578 4355; x_wconf 87' lang='lat' dir='ltr'><strong>Alexandro</strong></span> <span class='ocrx_word' id='word_1_265' title='bbox 1618 4299 1773 4354; x_wconf 87' lang='lat' dir='ltr'><strong>ﬁnito</strong></span> <span class='ocrx_word' id='word_1_266' title='bbox 1805 4314 1906 4371; x_wconf 92' lang='lat' dir='ltr'><strong>per</strong></span> <span class='ocrx_word' id='word_1_267' title='bbox 1937 4308 2144 4371; x_wconf 87' lang='lat' dir='ltr'><strong>marty-</strong></span> 
     </span>
    </p>
   </div>
   <div class='ocr_carea' id='block_1_45' title="bbox 558 4385 2141 4463">
    <p class='ocr_par' dir='ltr' id='par_1_45' title="bbox 558 4385 2141 4463">
     <span class='ocr_line' id='line_1_45' title="bbox 558 4385 2141 4463; baseline 0.005 -23"><span class='ocrx_word' id='word_1_268' title='bbox 558 4385 720 4463; x_wconf 85' lang='lat' dir='ltr'><strong>rium,</strong></span> <span class='ocrx_word' id='word_1_269' title='bbox 768 4387 959 4444; x_wconf 81' lang='lat' dir='ltr'><strong>Xistus</strong></span> <span class='ocrx_word' id='word_1_270' title='bbox 997 4389 1322 4461; x_wconf 79' lang='lat' dir='ltr'><strong>subrogatur</strong></span> <span class='ocrx_word' id='word_1_271' title='bbox 1367 4389 1582 4457; x_wconf 67' lang='lat' dir='ltr'><strong>Romae;</strong></span> <span class='ocrx_word' id='word_1_272' title='bbox 1631 4390 1972 4448; x_wconf 61' lang='lat' dir='ltr'><strong>Alexandriae</strong></span> <span class='ocrx_word' id='word_1_273' title='bbox 2011 4406 2141 4448; x_wconf 86' lang='lat' dir='ltr'><strong>vero</strong></span> 
     </span>
    </p>
   </div>
   <div class='ocr_carea' id='block_1_46' title="bbox 557 4475 1815 4553">
    <p class='ocr_par' dir='ltr' id='par_1_46' title="bbox 557 4475 1815 4553">
     <span class='ocr_line' id='line_1_46' title="bbox 557 4475 1815 4553; baseline 0.002 -19"><span class='ocrx_word' id='word_1_274' title='bbox 557 4475 741 4534; x_wconf 89' lang='lat' dir='ltr'><strong>Primo</strong></span> <span class='ocrx_word' id='word_1_275' title='bbox 759 4479 1034 4544; x_wconf 89' lang='lat' dir='ltr'><strong>defuncto,</strong></span> <span class='ocrx_word' id='word_1_276' title='bbox 1060 4480 1244 4537; x_wconf 88' lang='lat' dir='ltr'><strong>Justus</strong></span> <span class='ocrx_word' id='word_1_277' title='bbox 1269 4482 1556 4553; x_wconf 88' lang='lat' dir='ltr'><strong>episcopus</strong></span> <span class='ocrx_word' id='word_1_278' title='bbox 1581 4481 1815 4553; x_wconf 85' lang='lat' dir='ltr'><strong>eligitur.</strong></span> 
     </span>
    </p>
   </div>
   <div class='ocr_carea' id='block_1_47' title="bbox 1190 4611 1492 4651">
    <p class='ocr_par' dir='ltr' id='par_1_47' title="bbox 1190 4611 1492 4651">
     <span class='ocr_line' id='line_1_47' title="bbox 1190 4611 1492 4651; baseline -0.003 -1"><span class='ocrx_word' id='word_1_279' title='bbox 1190 4611 1364 4651; x_wconf 80' lang='lat' dir='ltr'><strong>CAPUT</strong></span> <span class='ocrx_word' id='word_1_280' title='bbox 1402 4612 1492 4650; x_wconf 76' lang='lat' dir='ltr'><strong>XV.</strong></span> 
     </span>
    </p>
   </div>
   <div class='ocr_carea' id='block_1_48' title="bbox 846 4685 1858 4758">
    <p class='ocr_par' dir='ltr' id='par_1_48' title="bbox 846 4685 1858 4758">
     <span class='ocr_line' id='line_1_48' title="bbox 846 4685 1858 4758; baseline 0 -18"><span class='ocrx_word' id='word_1_281' title='bbox 846 4685 1092 4758; x_wconf 78' lang='lat' dir='ltr'><strong>Episcopi</strong></span> <span class='ocrx_word' id='word_1_282' title='bbox 1135 4685 1516 4758; x_wconf 76' lang='lat' dir='ltr'><strong>Hierosolyma:</strong></span> <span class='ocrx_word' id='word_1_283' title='bbox 1545 4703 1609 4743; x_wconf 79' lang='lat' dir='ltr'><strong>ea:</strong></span> <span class='ocrx_word' id='word_1_284' title='bbox 1629 4686 1858 4743; x_wconf 81' lang='lat' dir='ltr'><strong>Judwis.</strong></span> 
     </span>
    </p>
   </div>
   <div class='ocr_carea' id='block_1_49' title="bbox 629 4799 2139 4873">
    <p class='ocr_par' dir='ltr' id='par_1_49' title="bbox 629 4799 2139 4873">
     <span class='ocr_line' id='line_1_49' title="bbox 629 4799 2139 4873; baseline 0 -19"><span class='ocrx_word' id='word_1_285' title='bbox 629 4801 646 4870; x_wconf 95' lang='lat'><strong>(</strong></span> <span class='ocrx_word' id='word_1_286' title='bbox 677 4801 848 4866; x_wconf 87' lang='lat' dir='ltr'><strong>Idem,</strong></span> <span class='ocrx_word' id='word_1_287' title='bbox 880 4818 926 4854; x_wconf 87' lang='lat' dir='ltr'><strong>c.</strong></span> <span class='ocrx_word' id='word_1_288' title='bbox 951 4802 984 4856; x_wconf 88' lang='lat'><strong>5</strong></span> <span class='ocrx_word' id='word_1_289' title='bbox 1005 4801 1178 4871; x_wconf 82' lang='lat' dir='ltr'><strong>ejusd.</strong></span> <span class='ocrx_word' id='word_1_290' title='bbox 1208 4801 1328 4870; x_wconf 85' lang='lat' dir='ltr'><strong>lib.)</strong></span> <span class='ocrx_word' id='word_1_291' title='bbox 1353 4799 1736 4873; x_wconf 73' lang='lat' dir='ltr'><strong>Hierosolyma:</strong></span> <span class='ocrx_word' id='word_1_292' title='bbox 1776 4815 1903 4857; x_wconf 92' lang='lat' dir='ltr'><strong>vero</strong></span> <span class='ocrx_word' id='word_1_293' title='bbox 1930 4799 2139 4872; x_wconf 88' lang='lat' dir='ltr'><strong>primus</strong></span> 
     </span>
    </p>
   </div>
   <div class='ocr_carea' id='block_1_50' title="bbox 559 4894 2140 4967">
    <p class='ocr_par' dir='ltr' id='par_1_50' title="bbox 559 4894 2140 4967">
     <span class='ocr_line' id='line_1_50' title="bbox 559 4894 2140 4967; baseline 0 -19"><span class='ocrx_word' id='word_1_294' title='bbox 559 4910 626 4949; x_wconf 84' lang='lat' dir='ltr'><strong>ex</strong></span> <span class='ocrx_word' id='word_1_295' title='bbox 646 4896 893 4964; x_wconf 81' lang='lat' dir='ltr'><strong>gentibus</strong></span> <span class='ocrx_word' id='word_1_296' title='bbox 914 4905 1134 4951; x_wconf 84' lang='lat' dir='ltr'><strong>creatur</strong></span> <span class='ocrx_word' id='word_1_297' title='bbox 1155 4895 1366 4950; x_wconf 80' lang='lat' dir='ltr'><strong>Marcus</strong></span> <span class='ocrx_word' id='word_1_298' title='bbox 1387 4897 1693 4967; x_wconf 89' lang='lat' dir='ltr'><strong>episcopus,</strong></span> <span class='ocrx_word' id='word_1_299' title='bbox 1712 4896 2049 4952; x_wconf 86' lang='lat' dir='ltr'><strong>cessantibus</strong></span> <span class='ocrx_word' id='word_1_300' title='bbox 2072 4894 2140 4948; x_wconf 71' lang='lat' dir='ltr'><strong>iis</strong></span> 
     </span>
    </p>
   </div>
   <div class='ocr_carea' id='block_1_51' title="bbox 560 4980 2144 5055">
    <p class='ocr_par' dir='ltr' id='par_1_51' title="bbox 560 4980 2144 5055">
     <span class='ocr_line' id='line_1_51' title="bbox 560 4980 2144 5055; baseline 0.003 -21"><span class='ocrx_word' id='word_1_301' title='bbox 560 4982 652 5050; x_wconf 87' lang='lat' dir='ltr'><strong>qui</strong></span> <span class='ocrx_word' id='word_1_302' title='bbox 674 4980 886 5037; x_wconf 82' lang='lat' dir='ltr'><strong>fuerant</strong></span> <span class='ocrx_word' id='word_1_303' title='bbox 908 4999 970 5038; x_wconf 81' lang='lat' dir='ltr'><strong>ex</strong></span> <span class='ocrx_word' id='word_1_304' title='bbox 993 4984 1211 5048; x_wconf 79' lang='lat' dir='ltr'><strong>Judaeis,</strong></span> <span class='ocrx_word' id='word_1_305' title='bbox 1228 4986 1319 5055; x_wconf 91' lang='lat' dir='ltr'><strong>qui</strong></span> <span class='ocrx_word' id='word_1_306' title='bbox 1345 4994 1470 5041; x_wconf 89' lang='lat' dir='ltr'><strong>sunt</strong></span> <span class='ocrx_word' id='word_1_307' title='bbox 1486 5002 1711 5042; x_wconf 89' lang='lat' dir='ltr'><strong>numero</strong></span> <span class='ocrx_word' id='word_1_308' title='bbox 1733 4986 2064 5055; x_wconf 84' lang='lat' dir='ltr'><strong>quindecim,</strong></span> <span class='ocrx_word' id='word_1_309' title='bbox 2091 4985 2144 5039; x_wconf 87' lang='lat' dir='ltr'><strong>id</strong></span> 
     </span>
    </p>
   </div>
   <div class='ocr_carea' id='block_1_52' title="bbox 559 5071 2133 5146">
    <p class='ocr_par' dir='ltr' id='par_1_52' title="bbox 559 5071 2133 5146">
     <span class='ocr_line' id='line_1_52' title="bbox 559 5071 2133 5146; baseline 0.006 -20"><span class='ocrx_word' id='word_1_310' title='bbox 559 5080 665 5136; x_wconf 88' lang='lat' dir='ltr'><strong>est,</strong></span> <span class='ocrx_word' id='word_1_311' title='bbox 691 5071 925 5130; x_wconf 87' lang='lat' dir='ltr'><strong>Jacobus</strong></span> <span class='ocrx_word' id='word_1_312' title='bbox 944 5074 1111 5132; x_wconf 88' lang='lat' dir='ltr'><strong>frater</strong></span> <span class='ocrx_word' id='word_1_313' title='bbox 1133 5077 1368 5146; x_wconf 89' lang='lat' dir='ltr'><strong>Domini,</strong></span> <span class='ocrx_word' id='word_1_314' title='bbox 1400 5078 1604 5143; x_wconf 92' lang='lat' dir='ltr'><strong>Simon,</strong></span> <span class='ocrx_word' id='word_1_315' title='bbox 1626 5079 1829 5145; x_wconf 85' lang='lat' dir='ltr'><strong>Justus,</strong></span> <span class='ocrx_word' id='word_1_316' title='bbox 1853 5080 2133 5142; x_wconf 73' lang='lat' dir='ltr'><strong>Zachteus,</strong></span> 
     </span>
    </p>
   </div>
   <div class='ocr_carea' id='block_1_53' title="bbox 560 5162 2128 5248">
    <p class='ocr_par' dir='ltr' id='par_1_53' title="bbox 560 5162 2128 5248">
     <span class='ocr_line' id='line_1_53' title="bbox 560 5162 2128 5248; baseline 0.01 -31"><span class='ocrx_word' id='word_1_317' title='bbox 560 5162 796 5231; x_wconf 88' lang='lat' dir='ltr'><strong>Tobias,</strong></span> <span class='ocrx_word' id='word_1_318' title='bbox 841 5166 1149 5235; x_wconf 82' lang='lat' dir='ltr'><strong>Beniamin,</strong></span> <span class='ocrx_word' id='word_1_319' title='bbox 1202 5169 1458 5238; x_wconf 89' lang='lat' dir='ltr'><strong>Joannes,</strong></span> <span class='ocrx_word' id='word_1_320' title='bbox 1502 5173 1791 5243; x_wconf 85' lang='lat' dir='ltr'><strong>Matthias,</strong></span> <span class='ocrx_word' id='word_1_321' title='bbox 1837 5174 2128 5248; x_wconf 88' lang='lat' dir='ltr'><strong>Philippus,</strong></span> 
     </span>
    </p>
   </div>
   <div class='ocr_carea' id='block_1_54' title="bbox 561 5254 1789 5336">
    <p class='ocr_par' dir='ltr' id='par_1_54' title="bbox 561 5254 1789 5336">
     <span class='ocr_line' id='line_1_54' title="bbox 561 5254 1789 5336; baseline 0.01 -26"><span class='ocrx_word' id='word_1_322' title='bbox 561 5255 690 5311; x_wconf 90' lang='lat' dir='ltr'><strong>item</strong></span> <span class='ocrx_word' id='word_1_323' title='bbox 711 5254 916 5323; x_wconf 88' lang='lat' dir='ltr'><strong>Justus,</strong></span> <span class='ocrx_word' id='word_1_324' title='bbox 945 5257 1097 5327; x_wconf 84' lang='lat' dir='ltr'><strong>Levi,</strong></span> <span class='ocrx_word' id='word_1_325' title='bbox 1118 5260 1321 5327; x_wconf 86' lang='lat' dir='ltr'><strong>Etl&#39;ren,</strong></span> <span class='ocrx_word' id='word_1_326' title='bbox 1349 5263 1568 5336; x_wconf 89' lang='lat' dir='ltr'><strong>Joseph,</strong></span> <span class='ocrx_word' id='word_1_327' title='bbox 1605 5264 1789 5324; x_wconf 89' lang='lat' dir='ltr'><strong>Judas.</strong></span> 
     </span>
    </p>
   </div>
   <div class='ocr_carea' id='block_1_55' title="bbox 1181 5389 1500 5432">
    <p class='ocr_par' dir='ltr' id='par_1_55' title="bbox 1181 5389 1500 5432">
     <span class='ocr_line' id='line_1_55' title="bbox 1181 5389 1500 5432; baseline 0.019 -6"><span class='ocrx_word' id='word_1_328' title='bbox 1181 5389 1352 5431; x_wconf 82' lang='lat' dir='ltr'><strong>CAPUT</strong></span> <span class='ocrx_word' id='word_1_329' title='bbox 1390 5393 1500 5432; x_wconf 76' lang='lat' dir='ltr'><strong>XVI.</strong></span> 
     </span>
    </p>
   </div>
   <div class='ocr_carea' id='block_1_56' title="bbox 776 5461 1918 5528">
    <p class='ocr_par' dir='ltr' id='par_1_56' title="bbox 776 5461 1918 5528">
     <span class='ocr_line' id='line_1_56' title="bbox 776 5461 1918 5528; baseline 0.007 -8"><span class='ocrx_word' id='word_1_330' title='bbox 776 5461 849 5520; x_wconf 88' lang='lat' dir='ltr'><strong>De</strong></span> <span class='ocrx_word' id='word_1_331' title='bbox 873 5462 1108 5518; x_wconf 87' lang='lat' dir='ltr'><strong>Basilide</strong></span> <span class='ocrx_word' id='word_1_332' title='bbox 1135 5474 1183 5519; x_wconf 88' lang='lat' dir='ltr'><strong>et</strong></span> <span class='ocrx_word' id='word_1_333' title='bbox 1209 5465 1499 5523; x_wconf 81' lang='lat' dir='ltr'><strong>Saturnino</strong></span> <span class='ocrx_word' id='word_1_334' title='bbox 1530 5470 1918 5528; x_wconf 80' lang='lat' dir='ltr'><strong>Iueresiarchis.</strong></span> 
     </span>
    </p>
   </div>
   <div class='ocr_carea' id='block_1_57' title="bbox 629 5573 2137 5656">
    <p class='ocr_par' dir='ltr' id='par_1_57' title="bbox 629 5573 2137 5656">
     <span class='ocr_line' id='line_1_57' title="bbox 629 5573 2137 5656; baseline 0.008 -27"><span class='ocrx_word' id='word_1_335' title='bbox 629 5573 733 5630; x_wconf 88' lang='lat' dir='ltr'><strong>Per</strong></span> <span class='ocrx_word' id='word_1_336' title='bbox 760 5575 901 5632; x_wconf 91' lang='lat' dir='ltr'><strong>idem</strong></span> <span class='ocrx_word' id='word_1_337' title='bbox 931 5585 1164 5649; x_wconf 89' lang='lat' dir='ltr'><strong>tempus,</strong></span> <span class='ocrx_word' id='word_1_338' title='bbox 1196 5579 1412 5634; x_wconf 89' lang='lat' dir='ltr'><strong>humani</strong></span> <span class='ocrx_word' id='word_1_339' title='bbox 1443 5583 1656 5652; x_wconf 84' lang='lat' dir='ltr'><strong>generis</strong></span> <span class='ocrx_word' id='word_1_340' title='bbox 1684 5585 1856 5641; x_wconf 88' lang='lat' dir='ltr'><strong>hostis</strong></span> <span class='ocrx_word' id='word_1_341' title='bbox 1883 5585 2137 5656; x_wconf 88' lang='lat' dir='ltr'><strong>antiquus</strong></span> 
     </span>
    </p>
   </div>
   <div class='ocr_carea' id='block_1_58' title="bbox 557 5668 2135 5744">
    <p class='ocr_par' dir='ltr' id='par_1_58' title="bbox 557 5668 2135 5744">
     <span class='ocr_line' id='line_1_58' title="bbox 557 5668 2135 5744; baseline 0.008 -24"><span class='ocrx_word' id='word_1_342' title='bbox 557 5668 710 5738; x_wconf 89' lang='lat' dir='ltr'><strong>quasi</strong></span> <span class='ocrx_word' id='word_1_343' title='bbox 740 5668 866 5725; x_wconf 90' lang='lat' dir='ltr'><strong>bino</strong></span> <span class='ocrx_word' id='word_1_344' title='bbox 892 5685 988 5726; x_wconf 92' lang='lat' dir='ltr'><strong>ore</strong></span> <span class='ocrx_word' id='word_1_345' title='bbox 1015 5671 1216 5739; x_wconf 88' lang='lat' dir='ltr'><strong>sibilat,</strong></span> <span class='ocrx_word' id='word_1_346' title='bbox 1248 5685 1345 5742; x_wconf 89' lang='lat' dir='ltr'><strong>per</strong></span> <span class='ocrx_word' id='word_1_347' title='bbox 1371 5671 1658 5730; x_wconf 89' lang='lat' dir='ltr'><strong>Basilidem</strong></span> <span class='ocrx_word' id='word_1_348' title='bbox 1691 5677 2135 5744; x_wconf 81' lang='lat' dir='ltr'><strong>haeresiarcham,</strong></span> 
     </span>
    </p>
   </div>
   <div class='ocr_carea' id='block_1_59' title="bbox 556 5757 2134 5837">
    <p class='ocr_par' dir='ltr' id='par_1_59' title="bbox 556 5757 2134 5837">
     <span class='ocr_line' id='line_1_59' title="bbox 556 5757 2134 5837; baseline 0.008 -26"><span class='ocrx_word' id='word_1_349' title='bbox 556 5764 736 5811; x_wconf 89' lang='lat' dir='ltr'><strong>ortum</strong></span> <span class='ocrx_word' id='word_1_350' title='bbox 776 5757 1142 5830; x_wconf 64' lang='lat' dir='ltr'><strong>Alexandriae,</strong></span> <span class='ocrx_word' id='word_1_351' title='bbox 1181 5773 1235 5818; x_wconf 92' lang='lat' dir='ltr'><strong>ct</strong></span> <span class='ocrx_word' id='word_1_352' title='bbox 1261 5763 1610 5819; x_wconf 85' lang='lat' dir='ltr'><strong>Saturninum</strong></span> <span class='ocrx_word' id='word_1_353' title='bbox 1658 5767 1895 5837; x_wconf 88' lang='lat' dir='ltr'><strong>genitum</strong></span> <span class='ocrx_word' id='word_1_354' title='bbox 1944 5769 2134 5824; x_wconf 91' lang='lat' dir='ltr'><strong>Antio-</strong></span> 
     </span>
    </p>
   </div>
   <div class='ocr_carea' id='block_1_60' title="bbox 557 5845 2134 5930">
    <p class='ocr_par' dir='ltr' id='par_1_60' title="bbox 557 5845 2134 5930">
     <span class='ocr_line' id='line_1_60' title="bbox 557 5845 2134 5930; baseline 0.008 -28"><span class='ocrx_word' id='word_1_355' title='bbox 557 5845 719 5915; x_wconf 79' lang='lat' dir='ltr'><strong>Chiae,</strong></span> <span class='ocrx_word' id='word_1_356' title='bbox 759 5854 1089 5908; x_wconf 89' lang='lat' dir='ltr'><strong>conturbans</strong></span> <span class='ocrx_word' id='word_1_357' title='bbox 1134 5853 1421 5912; x_wconf 74' lang='lat' dir='ltr'><strong>Ecclesiae.</strong></span> <span class='ocrx_word' id='word_1_358' title='bbox 1455 5854 1645 5926; x_wconf 88' lang='lat' dir='ltr'><strong>(Idem,</strong></span> <span class='ocrx_word' id='word_1_359' title='bbox 1679 5875 1725 5912; x_wconf 79' lang='grc' dir='ltr'><strong>ο.</strong></span> <span class='ocrx_word' id='word_1_360' title='bbox 1755 5858 1790 5912; x_wconf 84' lang='grc'><strong>6</strong></span> <span class='ocrx_word' id='word_1_361' title='bbox 1817 5858 1988 5929; x_wconf 83' lang='lat' dir='ltr'><strong>ejusa.</strong></span> <span class='ocrx_word' id='word_1_362' title='bbox 2016 5861 2134 5930; x_wconf 89' lang='lat' dir='ltr'><strong>lib.)</strong></span> 
     </span>
    </p>
   </div>
   <div class='ocr_carea' id='block_1_61' title="bbox 2166 4638 2217 4698">
    <p class='ocr_par' dir='ltr' id='par_1_61' title="bbox 2166 4638 2217 4698">
     <span class='ocr_line' id='line_1_61' title="bbox 2166 4638 2217 4698; baseline 0 0"><span class='ocrx_word' id='word_1_363' title='bbox 2166 4638 2217 4698; x_wconf 92' lang='lat' dir='ltr'><strong>D</strong></span> 
     </span>
    </p>
   </div>
   <div class='ocr_carea' id='block_1_62' title="bbox 2263 600 3880 678">
    <p class='ocr_par' dir='ltr' id='par_1_62' title="bbox 2263 600 3880 678">
     <span class='ocr_line' id='line_1_62' title="bbox 2263 600 3880 678; baseline 0.014 -26"><span class='ocrx_word' id='word_1_364' title='bbox 2263 613 2467 654; x_wconf 91' lang='lat' dir='ltr'><strong>morem</strong></span> <span class='ocrx_word' id='word_1_365' title='bbox 2505 600 2923 674; x_wconf 77' lang='lat' dir='ltr'><strong>Pythagoricum</strong></span> <span class='ocrx_word' id='word_1_366' title='bbox 2956 607 3326 678; x_wconf 87' lang='lat' dir='ltr'><strong>quinquennio</strong></span> <span class='ocrx_word' id='word_1_367' title='bbox 3345 611 3520 668; x_wconf 89' lang='lat' dir='ltr'><strong>silere.</strong></span> <span class='ocrx_word' id='word_1_368' title='bbox 3549 613 3668 671; x_wconf 84' lang='lat' dir='ltr'><strong>Hos</strong></span> <span class='ocrx_word' id='word_1_369' title='bbox 3705 616 3880 674; x_wconf 83' lang='lat' dir='ltr'><strong>docet</strong></span> 
     </span>
    </p>
   </div>
   <div class='ocr_carea' id='block_1_63' title="bbox 2263 686 3876 776">
    <p class='ocr_par' dir='ltr' id='par_1_63' title="bbox 2263 686 3876 776">
     <span class='ocr_line' id='line_1_63' title="bbox 2263 686 3876 776; baseline 0.015 -35"><span class='ocrx_word' id='word_1_370' title='bbox 2263 686 2539 744; x_wconf 88' lang='lat' dir='ltr'><strong>immolata</strong></span> <span class='ocrx_word' id='word_1_371' title='bbox 2567 691 2772 762; x_wconf 92' lang='lat' dir='ltr'><strong>absque</strong></span> <span class='ocrx_word' id='word_1_372' title='bbox 2803 696 3148 752; x_wconf 68' lang='lat' dir='ltr'><strong>conscientia:</strong></span> <span class='ocrx_word' id='word_1_373' title='bbox 3178 710 3428 770; x_wconf 89' lang='lat' dir='ltr'><strong>respectu</strong></span> <span class='ocrx_word' id='word_1_374' title='bbox 3451 704 3788 776; x_wconf 76' lang='lat' dir='ltr'><strong>degustare,</strong></span> <span class='ocrx_word' id='word_1_375' title='bbox 3819 720 3876 766; x_wconf 89' lang='lat' dir='ltr'><strong>et</strong></span> 
     </span>
    </p>
   </div>
   <div class='ocr_carea' id='block_1_64' title="bbox 2263 779 3873 867">
    <p class='ocr_par' dir='ltr' id='par_1_64' title="bbox 2263 779 3873 867">
     <span class='ocr_line' id='line_1_64' title="bbox 2263 779 3873 867; baseline 0.014 -33"><span class='ocrx_word' id='word_1_376' title='bbox 2263 779 2379 834; x_wconf 94' lang='lat' dir='ltr'><strong>sine</strong></span> <span class='ocrx_word' id='word_1_377' title='bbox 2403 781 2656 852; x_wconf 88' lang='lat' dir='ltr'><strong>scrupulo</strong></span> <span class='ocrx_word' id='word_1_378' title='bbox 2680 791 2736 838; x_wconf 91' lang='lat' dir='ltr'><strong>et</strong></span> <span class='ocrx_word' id='word_1_379' title='bbox 2771 784 3142 844; x_wconf 70' lang='lat' dir='ltr'><strong>indifferenter</strong></span> <span class='ocrx_word' id='word_1_380' title='bbox 3161 791 3358 849; x_wconf 89' lang='lat' dir='ltr'><strong>debere</strong></span> <span class='ocrx_word' id='word_1_381' title='bbox 3379 793 3432 850; x_wconf 88' lang='lat' dir='ltr'><strong>in</strong></span> <span class='ocrx_word' id='word_1_382' title='bbox 3456 800 3873 867; x_wconf 83' lang='lat' dir='ltr'><strong>persecutioni-</strong></span> 
     </span>
    </p>
   </div>
   <div class='ocr_carea' id='block_1_65' title="bbox 2261 866 2797 950">
    <p class='ocr_par' dir='ltr' id='par_1_65' title="bbox 2261 866 2797 950">
     <span class='ocr_line' id='line_1_65' title="bbox 2261 866 2797 950; baseline 0.009 -21"><span class='ocrx_word' id='word_1_383' title='bbox 2261 873 2364 930; x_wconf 90' lang='lat' dir='ltr'><strong>bus</strong></span> <span class='ocrx_word' id='word_1_384' title='bbox 2388 874 2550 932; x_wconf 90' lang='lat' dir='ltr'><strong>ﬁdem</strong></span> <span class='ocrx_word' id='word_1_385' title='bbox 2579 866 2797 950; x_wconf 79' lang='lat' dir='ltr'><strong>negare.</strong></span> 
     </span>
    </p>
   </div>
   <div class='ocr_carea' id='block_1_66' title="bbox 2878 991 3228 1056">
    <p class='ocr_par' dir='ltr' id='par_1_66' title="bbox 2878 991 3228 1056">
     <span class='ocr_line' id='line_1_66' title="bbox 2878 991 3228 1056; baseline 0.017 -6"><span class='ocrx_word' id='word_1_386' title='bbox 2878 1011 3052 1053; x_wconf 83' lang='lat' dir='ltr'><strong>CAPUT</strong></span> <span class='ocrx_word' id='word_1_387' title='bbox 3091 991 3228 1056; x_wconf 82' lang='lat' dir='ltr'><strong>xvu.</strong></span> 
     </span>
    </p>
   </div>
   <div class='ocr_carea' id='block_1_67' title="bbox 2498 1081 3616 1167">
    <p class='ocr_par' dir='ltr' id='par_1_67' title="bbox 2498 1081 3616 1167">
     <span class='ocr_line' id='line_1_67' title="bbox 2498 1081 3616 1167; baseline 0.015 -30"><span class='ocrx_word' id='word_1_388' title='bbox 2498 1081 2837 1154; x_wconf 83' lang='lat' dir='ltr'><strong>Blasphemia</strong></span> <span class='ocrx_word' id='word_1_389' title='bbox 2873 1086 3153 1145; x_wconf 85' lang='lat' dir='ltr'><strong>Saturnini</strong></span> <span class='ocrx_word' id='word_1_390' title='bbox 3172 1103 3221 1146; x_wconf 91' lang='lat' dir='ltr'><strong>et</strong></span> <span class='ocrx_word' id='word_1_391' title='bbox 3250 1093 3616 1167; x_wconf 83' lang='lat' dir='ltr'><strong>Carpocratis.</strong></span> 
     </span>
    </p>
   </div>
   <div class='ocr_carea' id='block_1_68' title="bbox 2333 1191 3866 1286">
    <p class='ocr_par' dir='ltr' id='par_1_68' title="bbox 2333 1191 3866 1286">
     <span class='ocr_line' id='line_1_68' title="bbox 2333 1191 3866 1286; baseline 0.018 -41"><span class='ocrx_word' id='word_1_392' title='bbox 2333 1191 2660 1251; x_wconf 89' lang='lat' dir='ltr'><strong>Saturninus</strong></span> <span class='ocrx_word' id='word_1_393' title='bbox 2702 1206 2883 1254; x_wconf 89' lang='lat' dir='ltr'><strong>autem</strong></span> <span class='ocrx_word' id='word_1_394' title='bbox 2928 1201 3117 1256; x_wconf 89' lang='lat' dir='ltr'><strong>eadem</strong></span> <span class='ocrx_word' id='word_1_395' title='bbox 3150 1220 3270 1274; x_wconf 68' lang='lat' dir='ltr'><strong>qua:</strong></span> <span class='ocrx_word' id='word_1_396' title='bbox 3328 1206 3633 1266; x_wconf 88' lang='lat' dir='ltr'><strong>Menander</strong></span> <span class='ocrx_word' id='word_1_397' title='bbox 3667 1229 3866 1286; x_wconf 79' lang='lat' dir='ltr'><strong>supra-</strong></span> 
     </span>
    </p>
   </div>
   <div class='ocr_carea' id='block_1_69' title="bbox 2263 1285 3863 1374">
    <p class='ocr_par' dir='ltr' id='par_1_69' title="bbox 2263 1285 3863 1374">
     <span class='ocr_line' id='line_1_69' title="bbox 2263 1285 3863 1374; baseline 0.019 -38"><span class='ocrx_word' id='word_1_398' title='bbox 2263 1285 2438 1341; x_wconf 86' lang='lat' dir='ltr'><strong>:lictus</strong></span> <span class='ocrx_word' id='word_1_399' title='bbox 2463 1299 2882 1348; x_wconf 91' lang='lat' dir='ltr'><strong>commentatur.</strong></span> <span class='ocrx_word' id='word_1_400' title='bbox 2915 1291 3272 1366; x_wconf 88' lang='lat' dir='ltr'><strong>Carpocrales</strong></span> <span class='ocrx_word' id='word_1_401' title='bbox 3301 1310 3485 1358; x_wconf 92' lang='lat' dir='ltr'><strong>autem</strong></span> <span class='ocrx_word' id='word_1_402' title='bbox 3510 1285 3757 1374; x_wconf 82' lang='lat' dir='ltr'><strong>quidam</strong></span> <span class='ocrx_word' id='word_1_403' title='bbox 3778 1309 3863 1366; x_wconf 85' lang='lat' dir='ltr'><strong>Si—</strong></span> 
     </span>
    </p>
   </div>
   <div class='ocr_carea' id='block_1_70' title="bbox 2261 1378 3855 1470">
    <p class='ocr_par' dir='ltr' id='par_1_70' title="bbox 2261 1378 3855 1470">
     <span class='ocr_line' id='line_1_70' title="bbox 2261 1378 3855 1470; baseline 0.018 -40"><span class='ocrx_word' id='word_1_404' title='bbox 2261 1378 2438 1470; x_wconf 89' lang='lat' dir='ltr'><strong>monis</strong></span> <span class='ocrx_word' id='word_1_405' title='bbox 2463 1378 2622 1451; x_wconf 85' lang='lat' dir='ltr'><strong>Magi,</strong></span> <span class='ocrx_word' id='word_1_406' title='bbox 2652 1398 2757 1439; x_wconf 89' lang='lat' dir='ltr'><strong>non</strong></span> <span class='ocrx_word' id='word_1_407' title='bbox 2788 1395 2848 1438; x_wconf 94' lang='lat' dir='ltr'><strong>ut</strong></span> <span class='ocrx_word' id='word_1_408' title='bbox 2871 1385 3145 1456; x_wconf 78' lang='lat' dir='ltr'><strong>ille&#39;clam,</strong></span> <span class='ocrx_word' id='word_1_409' title='bbox 3177 1393 3272 1447; x_wconf 93' lang='lat' dir='ltr'><strong>sed</strong></span> <span class='ocrx_word' id='word_1_410' title='bbox 3301 1395 3478 1464; x_wconf 91' lang='lat' dir='ltr'><strong>palam</strong></span> <span class='ocrx_word' id='word_1_411' title='bbox 3511 1413 3579 1453; x_wconf 90' lang='lat' dir='ltr'><strong>ac</strong></span> <span class='ocrx_word' id='word_1_412' title='bbox 3611 1402 3855 1470; x_wconf 81' lang='lat' dir='ltr'><strong>publice,</strong></span> 
     </span>
    </p>
   </div>
   <div class='ocr_carea' id='block_1_71' title="bbox 2259 1469 3855 1562">
    <p class='ocr_par' dir='ltr' id='par_1_71' title="bbox 2259 1469 3855 1562">
     <span class='ocr_line' id='line_1_71' title="bbox 2259 1469 3855 1562; baseline 0.018 -41"><span class='ocrx_word' id='word_1_413' title='bbox 2259 1469 2534 1562; x_wconf 63' lang='lat' dir='ltr'><strong>praestigia</strong></span> <span class='ocrx_word' id='word_1_414' title='bbox 2568 1473 2853 1544; x_wconf 89' lang='lat' dir='ltr'><strong>depromit.</strong></span> <span class='ocrx_word' id='word_1_415' title='bbox 2885 1477 2990 1534; x_wconf 91' lang='lat' dir='ltr'><strong>Per</strong></span> <span class='ocrx_word' id='word_1_416' title='bbox 3017 1481 3116 1536; x_wconf 91' lang='lat' dir='ltr'><strong>hos</strong></span> <span class='ocrx_word' id='word_1_417' title='bbox 3141 1483 3495 1554; x_wconf 91' lang='lat' dir='ltr'><strong>imponuntur</strong></span> <span class='ocrx_word' id='word_1_418' title='bbox 3533 1469 3855 1562; x_wconf 83' lang='lat' dir='ltr'><strong>opprobria,</strong></span> 
     </span>
    </p>
   </div>
   <div class='ocr_carea' id='block_1_72' title="bbox 2261 1571 3859 1648">
    <p class='ocr_par' dir='ltr' id='par_1_72' title="bbox 2261 1571 3859 1648">
     <span class='ocr_line' id='line_1_72' title="bbox 2261 1571 3859 1648; baseline 0.018 -35"><span class='ocrx_word' id='word_1_419' title='bbox 2261 1571 2499 1618; x_wconf 76' lang='lat' dir='ltr'><strong>incestus</strong></span> <span class='ocrx_word' id='word_1_420' title='bbox 2544 1575 2600 1619; x_wconf 90' lang='lat' dir='ltr'><strong>et</strong></span> <span class='ocrx_word' id='word_1_421' title='bbox 2635 1574 2818 1637; x_wconf 89' lang='lat' dir='ltr'><strong>stupra</strong></span> <span class='ocrx_word' id='word_1_422' title='bbox 2842 1573 3151 1638; x_wconf 90' lang='lat' dir='ltr'><strong>promiscue</strong></span> <span class='ocrx_word' id='word_1_423' title='bbox 3175 1575 3359 1633; x_wconf 87' lang='lat' dir='ltr'><strong>habita</strong></span> <span class='ocrx_word' id='word_1_424' title='bbox 3385 1580 3532 1635; x_wconf 88' lang='lat' dir='ltr'><strong>inter</strong></span> <span class='ocrx_word' id='word_1_425' title='bbox 3553 1583 3790 1648; x_wconf 82' lang='lat' dir='ltr'><strong>fratres,</strong></span> <span class='ocrx_word' id='word_1_426' title='bbox 3811 1597 3859 1641; x_wconf 83' lang='lat' dir='ltr'><strong>et</strong></span> 
     </span>
    </p>
   </div>
   <div class='ocr_carea' id='block_1_73' title="bbox 2259 1664 3856 1747">
    <p class='ocr_par' dir='ltr' id='par_1_73' title="bbox 2259 1664 3856 1747">
     <span class='ocr_line' id='line_1_73' title="bbox 2259 1664 3856 1747; baseline 0.014 -38"><span class='ocrx_word' id='word_1_427' title='bbox 2259 1670 2500 1723; x_wconf 89' lang='lat' dir='ltr'><strong>sorores,</strong></span> <span class='ocrx_word' id='word_1_428' title='bbox 2539 1668 2594 1714; x_wconf 91' lang='lat' dir='ltr'><strong>et</strong></span> <span class='ocrx_word' id='word_1_429' title='bbox 2616 1669 2850 1728; x_wconf 88' lang='lat' dir='ltr'><strong>matres;</strong></span> <span class='ocrx_word' id='word_1_430' title='bbox 2893 1664 2986 1719; x_wconf 91' lang='lat' dir='ltr'><strong>sed</strong></span> <span class='ocrx_word' id='word_1_431' title='bbox 3022 1665 3119 1722; x_wconf 91' lang='lat' dir='ltr'><strong>hos</strong></span> <span class='ocrx_word' id='word_1_432' title='bbox 3145 1666 3322 1735; x_wconf 81' lang='lat' dir='ltr'><strong>facile,</strong></span> <span class='ocrx_word' id='word_1_433' title='bbox 3352 1688 3450 1743; x_wconf 89' lang='lat' dir='ltr'><strong>per</strong></span> <span class='ocrx_word' id='word_1_434' title='bbox 3481 1673 3712 1730; x_wconf 88' lang='lat' dir='ltr'><strong>Domini</strong></span> <span class='ocrx_word' id='word_1_435' title='bbox 3743 1693 3856 1747; x_wconf 77' lang='lat' dir='ltr'><strong>gn-</strong></span> 
     </span>
    </p>
   </div>
   <div class='ocr_carea' id='block_1_74' title="bbox 2261 1747 3852 1825">
    <p class='ocr_par' dir='ltr' id='par_1_74' title="bbox 2261 1747 3852 1825">
     <span class='ocr_line' id='line_1_74' title="bbox 2261 1747 3852 1825; baseline 0.015 -25"><span class='ocrx_word' id='word_1_436' title='bbox 2261 1747 2415 1814; x_wconf 90' lang='lat' dir='ltr'><strong>tiam,</strong></span> <span class='ocrx_word' id='word_1_437' title='bbox 2445 1756 2571 1804; x_wconf 93' lang='lat' dir='ltr'><strong>tunc</strong></span> <span class='ocrx_word' id='word_1_438' title='bbox 2599 1749 2651 1804; x_wconf 92' lang='lat' dir='ltr'><strong>in</strong></span> <span class='ocrx_word' id='word_1_439' title='bbox 2683 1755 2884 1809; x_wconf 88' lang='lat' dir='ltr'><strong>nostris</strong></span> <span class='ocrx_word' id='word_1_440' title='bbox 2910 1757 3204 1825; x_wconf 88' lang='lat' dir='ltr'><strong>probabilis</strong></span> <span class='ocrx_word' id='word_1_441' title='bbox 3228 1761 3338 1816; x_wconf 91' lang='lat' dir='ltr'><strong>vita</strong></span> <span class='ocrx_word' id='word_1_442' title='bbox 3373 1771 3428 1818; x_wconf 90' lang='lat' dir='ltr'><strong>et</strong></span> <span class='ocrx_word' id='word_1_443' title='bbox 3459 1767 3711 1822; x_wconf 88' lang='lat' dir='ltr'><strong>eruditio</strong></span> <span class='ocrx_word' id='word_1_444' title='bbox 3737 1785 3852 1823; x_wconf 84' lang='lat' dir='ltr'><strong>cou-</strong></span> 
     </span>
    </p>
   </div>
   <div class='ocr_carea' id='block_1_75' title="bbox 2184 1838 3848 1942">
    <p class='ocr_par' dir='ltr' id='par_1_75' title="bbox 2184 1838 3848 1942">
     <span class='ocr_line' id='line_1_75' title="bbox 2184 1838 3848 1942; baseline 0.014 -52"><span class='ocrx_word' id='word_1_445' title='bbox 2184 1883 2231 1942; x_wconf 76' lang='lat' dir='ltr'><strong>B</strong></span> <span class='ocrx_word' id='word_1_446' title='bbox 2258 1838 2427 1893; x_wconf 90' lang='lat' dir='ltr'><strong>vincit</strong></span> <span class='ocrx_word' id='word_1_447' title='bbox 2454 1847 2508 1893; x_wconf 90' lang='lat' dir='ltr'><strong>et</strong></span> <span class='ocrx_word' id='word_1_448' title='bbox 2533 1854 2818 1912; x_wconf 87' lang='lat' dir='ltr'><strong>exsuperat</strong></span> <span class='ocrx_word' id='word_1_449' title='bbox 2839 1863 2850 1898; x_wconf 92' lang='lat'>:</span> <span class='ocrx_word' id='word_1_450' title='bbox 2869 1862 3005 1916; x_wconf 93' lang='lat' dir='ltr'><strong>quos</strong></span> <span class='ocrx_word' id='word_1_451' title='bbox 3038 1851 3273 1907; x_wconf 83' lang='lat' dir='ltr'><strong>maxime</strong></span> <span class='ocrx_word' id='word_1_452' title='bbox 3297 1852 3667 1926; x_wconf 83' lang='lat' dir='ltr'><strong>Hegesippus,</strong></span> <span class='ocrx_word' id='word_1_453' title='bbox 3697 1859 3848 1914; x_wconf 80' lang='lat' dir='ltr'><strong>disci-</strong></span> 
     </span>
    </p>
   </div>
   <div class='ocr_carea' id='block_1_76' title="bbox 2261 1933 3850 2018">
    <p class='ocr_par' dir='ltr' id='par_1_76' title="bbox 2261 1933 3850 2018">
     <span class='ocr_line' id='line_1_76' title="bbox 2261 1933 3850 2018; baseline 0.013 -33"><span class='ocrx_word' id='word_1_454' title='bbox 2261 1933 2418 2001; x_wconf 92' lang='lat' dir='ltr'><strong>pulus</strong></span> <span class='ocrx_word' id='word_1_455' title='bbox 2472 1935 2838 2006; x_wconf 85' lang='lat' dir='ltr'><strong>apostolorum</strong></span> <span class='ocrx_word' id='word_1_456' title='bbox 2895 1939 3094 1998; x_wconf 84' lang='lat' dir='ltr'><strong>Ch’risti</strong></span> <span class='ocrx_word' id='word_1_457' title='bbox 3139 1954 3666 2016; x_wconf 89' lang='lat' dir='ltr'><strong>contemporaneus,</strong></span> <span class='ocrx_word' id='word_1_458' title='bbox 3709 1951 3850 2018; x_wconf 68' lang='lat' dir='ltr'><strong>Clljll:</strong></span> 
     </span>
    </p>
   </div>
   <div class='ocr_carea' id='block_1_77' title="bbox 2259 2022 3848 2115">
    <p class='ocr_par' dir='ltr' id='par_1_77' title="bbox 2259 2022 3848 2115">
     <span class='ocr_line' id='line_1_77' title="bbox 2259 2022 3848 2115; baseline 0.014 -38"><span class='ocrx_word' id='word_1_459' title='bbox 2259 2022 2497 2097; x_wconf 85' lang='lat' dir='ltr'><strong>insignes</strong></span> <span class='ocrx_word' id='word_1_460' title='bbox 2519 2027 2642 2082; x_wconf 91' lang='lat' dir='ltr'><strong>libri</strong></span> <span class='ocrx_word' id='word_1_461' title='bbox 2689 2029 2979 2100; x_wconf 89' lang='lat' dir='ltr'><strong>habentur,</strong></span> <span class='ocrx_word' id='word_1_462' title='bbox 3029 2035 3490 2107; x_wconf 88' lang='lat' dir='ltr'><strong>disputationibus</strong></span> <span class='ocrx_word' id='word_1_463' title='bbox 3540 2051 3600 2096; x_wconf 88' lang='lat' dir='ltr'><strong>et</strong></span> <span class='ocrx_word' id='word_1_464' title='bbox 3642 2047 3848 2115; x_wconf 76' lang='lat' dir='ltr'><strong>scriptis</strong></span> 
     </span>
    </p>
   </div>
   <div class='ocr_carea' id='block_1_78' title="bbox 2258 2117 3838 2204">
    <p class='ocr_par' dir='ltr' id='par_1_78' title="bbox 2258 2117 3838 2204">
     <span class='ocr_line' id='line_1_78' title="bbox 2258 2117 3838 2204; baseline 0.013 -33"><span class='ocrx_word' id='word_1_465' title='bbox 2258 2117 2523 2186; x_wconf 88' lang='lat' dir='ltr'><strong>confutat,</strong></span> <span class='ocrx_word' id='word_1_466' title='bbox 2557 2121 2692 2177; x_wconf 93' lang='lat' dir='ltr'><strong>adeo</strong></span> <span class='ocrx_word' id='word_1_467' title='bbox 2718 2131 2797 2188; x_wconf 89' lang='lat' dir='ltr'><strong>ut,</strong></span> <span class='ocrx_word' id='word_1_468' title='bbox 2833 2125 2941 2180; x_wconf 90' lang='lat' dir='ltr'><strong>cito</strong></span> <span class='ocrx_word' id='word_1_469' title='bbox 2971 2131 3419 2187; x_wconf 87' lang='lat' dir='ltr'><strong>evanescentibus</strong></span> <span class='ocrx_word' id='word_1_470' title='bbox 3456 2135 3838 2204; x_wconf 67' lang='lat' dir='ltr'><strong>praedictorum</strong></span> 
     </span>
    </p>
   </div>
   <div class='ocr_carea' id='block_1_79' title="bbox 2259 2209 3846 2284">
    <p class='ocr_par' dir='ltr' id='par_1_79' title="bbox 2259 2209 3846 2284">
     <span class='ocr_line' id='line_1_79' title="bbox 2259 2209 3846 2284; baseline 0.011 -21"><span class='ocrx_word' id='word_1_471' title='bbox 2259 2209 2636 2266; x_wconf 83' lang='lat' dir='ltr'><strong>haereticorum</strong></span> <span class='ocrx_word' id='word_1_472' title='bbox 2682 2212 2975 2284; x_wconf 87' lang='lat' dir='ltr'><strong>ﬁgmentis,</strong></span> <span class='ocrx_word' id='word_1_473' title='bbox 3027 2217 3155 2272; x_wconf 84' lang='lat' dir='ltr'><strong>felix</strong></span> <span class='ocrx_word' id='word_1_474' title='bbox 3203 2219 3472 2277; x_wconf 85' lang='lat' dir='ltr'><strong>elliciatur</strong></span> <span class='ocrx_word' id='word_1_475' title='bbox 3519 2223 3676 2279; x_wconf 90' lang='lat' dir='ltr'><strong>fama</strong></span> <span class='ocrx_word' id='word_1_476' title='bbox 3708 2226 3846 2281; x_wconf 82' lang='lat' dir='ltr'><strong>Chri—</strong></span> 
     </span>
    </p>
   </div>
   <div class='ocr_carea' id='block_1_80' title="bbox 2257 2301 3838 2385">
    <p class='ocr_par' dir='ltr' id='par_1_80' title="bbox 2257 2301 3838 2385">
     <span class='ocr_line' id='line_1_80' title="bbox 2257 2301 3838 2385; baseline 0.012 -31"><span class='ocrx_word' id='word_1_477' title='bbox 2257 2301 2590 2370; x_wconf 86' lang='lat' dir='ltr'><strong>stianorum;</strong></span> <span class='ocrx_word' id='word_1_478' title='bbox 2636 2304 2708 2358; x_wconf 91' lang='lat' dir='ltr'><strong>ita</strong></span> <span class='ocrx_word' id='word_1_479' title='bbox 2737 2313 2796 2359; x_wconf 89' lang='lat' dir='ltr'><strong>ut</strong></span> <span class='ocrx_word' id='word_1_480' title='bbox 2825 2322 2985 2361; x_wconf 88' lang='lat' dir='ltr'><strong>onme</strong></span> <span class='ocrx_word' id='word_1_481' title='bbox 3007 2323 3175 2379; x_wconf 87' lang='lat' dir='ltr'><strong>genus</strong></span> <span class='ocrx_word' id='word_1_482' title='bbox 3208 2312 3513 2378; x_wconf 85' lang='lat' dir='ltr'><strong>hominum,</strong></span> <span class='ocrx_word' id='word_1_483' title='bbox 3543 2317 3742 2385; x_wconf 86' lang='lat' dir='ltr'><strong>patriis</strong></span> <span class='ocrx_word' id='word_1_484' title='bbox 3777 2318 3838 2373; x_wconf 79' lang='lat' dir='ltr'><strong>te-</strong></span> 
     </span>
    </p>
   </div>
   <div class='ocr_carea' id='block_1_81' title="bbox 2257 2396 3837 2470">
    <p class='ocr_par' dir='ltr' id='par_1_81' title="bbox 2257 2396 3837 2470">
     <span class='ocr_line' id='line_1_81' title="bbox 2257 2396 3837 2470; baseline 0.011 -20"><span class='ocrx_word' id='word_1_485' title='bbox 2257 2396 2413 2468; x_wconf 90' lang='lat' dir='ltr'><strong>gibus</strong></span> <span class='ocrx_word' id='word_1_486' title='bbox 2429 2405 2486 2452; x_wconf 91' lang='lat' dir='ltr'><strong>et</strong></span> <span class='ocrx_word' id='word_1_487' title='bbox 2508 2399 2983 2469; x_wconf 90' lang='lat' dir='ltr'><strong>superstitionibus</strong></span> <span class='ocrx_word' id='word_1_488' title='bbox 2995 2402 3355 2470; x_wconf 88' lang='lat' dir='ltr'><strong>derelictis,et</strong></span> <span class='ocrx_word' id='word_1_489' title='bbox 3377 2423 3407 2460; x_wconf 91' lang='lat' dir='ltr'><strong>a</strong></span> <span class='ocrx_word' id='word_1_490' title='bbox 3431 2407 3543 2462; x_wconf 90' lang='lat' dir='ltr'><strong>diis</strong></span> <span class='ocrx_word' id='word_1_491' title='bbox 3571 2413 3645 2465; x_wconf 89' lang='lat' dir='ltr'><strong>ad</strong></span> <span class='ocrx_word' id='word_1_492' title='bbox 3674 2411 3837 2466; x_wconf 87' lang='lat' dir='ltr'><strong>Domi-</strong></span> 
     </span>
    </p>
   </div>
   <div class='ocr_carea' id='block_1_82' title="bbox 2256 2486 3840 2571">
    <p class='ocr_par' dir='ltr' id='par_1_82' title="bbox 2256 2486 3840 2571">
     <span class='ocr_line' id='line_1_82' title="bbox 2256 2486 3840 2571; baseline 0.01 -30"><span class='ocrx_word' id='word_1_493' title='bbox 2256 2503 2386 2542; x_wconf 91' lang='lat' dir='ltr'><strong>num</strong></span> <span class='ocrx_word' id='word_1_494' title='bbox 2411 2486 2595 2543; x_wconf 89' lang='lat' dir='ltr'><strong>Jesum</strong></span> <span class='ocrx_word' id='word_1_495' title='bbox 2627 2501 2996 2558; x_wconf 90' lang='lat' dir='ltr'><strong>concurreret,</strong></span> <span class='ocrx_word' id='word_1_496' title='bbox 3029 2500 3085 2548; x_wconf 90' lang='lat' dir='ltr'><strong>et</strong></span> <span class='ocrx_word' id='word_1_497' title='bbox 3112 2493 3320 2551; x_wconf 89' lang='lat' dir='ltr'><strong>discere</strong></span> <span class='ocrx_word' id='word_1_498' title='bbox 3350 2498 3419 2552; x_wconf 88' lang='lat' dir='ltr'><strong>ab</strong></span> <span class='ocrx_word' id='word_1_499' title='bbox 3442 2514 3537 2566; x_wconf 87' lang='lat' dir='ltr'><strong>eo,</strong></span> <span class='ocrx_word' id='word_1_500' title='bbox 3585 2503 3682 2571; x_wconf 92' lang='lat' dir='ltr'><strong>qui</strong></span> <span class='ocrx_word' id='word_1_501' title='bbox 3713 2503 3840 2556; x_wconf 80' lang='lat' dir='ltr'><strong>mitis</strong></span> 
     </span>
    </p>
   </div>
   <div class='ocr_carea' id='block_1_83' title="bbox 2255 2581 3215 2650">
    <p class='ocr_par' dir='ltr' id='par_1_83' title="bbox 2255 2581 3215 2650">
     <span class='ocr_line' id='line_1_83' title="bbox 2255 2581 3215 2650; baseline 0.007 -15"><span class='ocrx_word' id='word_1_502' title='bbox 2255 2588 2338 2636; x_wconf 91' lang='lat' dir='ltr'><strong>est</strong></span> <span class='ocrx_word' id='word_1_503' title='bbox 2364 2589 2420 2636; x_wconf 92' lang='lat' dir='ltr'><strong>et</strong></span> <span class='ocrx_word' id='word_1_504' title='bbox 2447 2581 2665 2636; x_wconf 88' lang='lat' dir='ltr'><strong>humilis</strong></span> <span class='ocrx_word' id='word_1_505' title='bbox 2697 2583 2883 2650; x_wconf 87' lang='lat' dir='ltr'><strong>corde,</strong></span> <span class='ocrx_word' id='word_1_506' title='bbox 2912 2585 3215 2643; x_wconf 90' lang='lat' dir='ltr'><strong>festinaret.</strong></span> 
     </span>
    </p>
   </div>
   <div class='ocr_carea' id='block_1_84' title="bbox 2858 2719 3231 2760">
    <p class='ocr_par' dir='ltr' id='par_1_84' title="bbox 2858 2719 3231 2760">
     <span class='ocr_line' id='line_1_84' title="bbox 2858 2719 3231 2760; baseline 0 -2"><span class='ocrx_word' id='word_1_507' title='bbox 2858 2719 3032 2759; x_wconf 80' lang='lat' dir='ltr'><strong>CAPUT</strong></span> <span class='ocrx_word' id='word_1_508' title='bbox 3076 2720 3231 2760; x_wconf 73' lang='lat' dir='ltr'><strong>XVIII.</strong></span> 
     </span>
    </p>
   </div>
   <div class='ocr_carea' id='block_1_85' title="bbox 2253 2788 3835 2872">
    <p class='ocr_par' dir='ltr' id='par_1_85' title="bbox 2253 2788 3835 2872">
     <span class='ocr_line' id='line_1_85' title="bbox 2253 2788 3835 2872; baseline 0.011 -32"><span class='ocrx_word' id='word_1_509' title='bbox 2253 2788 2519 2870; x_wconf 76' lang='lat' dir='ltr'><strong>Adrianus</strong></span> <span class='ocrx_word' id='word_1_510' title='bbox 2568 2803 2748 2872; x_wconf 71' lang='lat' dir='ltr'><strong>regnat</strong></span> <span class='ocrx_word' id='word_1_511' title='bbox 2788 2794 2942 2872; x_wconf 57' lang='lat' dir='ltr'><strong>annis</strong></span> <span class='ocrx_word' id='word_1_512' title='bbox 2973 2796 3298 2872; x_wconf 73' lang='lat' dir='ltr'><strong>uigintiuno.</strong></span> <span class='ocrx_word' id='word_1_513' title='bbox 3331 2798 3689 2872; x_wconf 75' lang='lat' dir='ltr'><strong>Telesphorus</strong></span> <span class='ocrx_word' id='word_1_514' title='bbox 3717 2810 3835 2860; x_wconf 81' lang='lat' dir='ltr'><strong>sedit</strong></span> 
     </span>
    </p>
   </div>
   <div class='ocr_carea' id='block_1_86' title="bbox 2325 2861 3834 2935">
    <p class='ocr_par' dir='ltr' id='par_1_86' title="bbox 2325 2861 3834 2935">
     <span class='ocr_line' id='line_1_86' title="bbox 2325 2861 3834 2935; baseline 0.013 -23"><span class='ocrx_word' id='word_1_515' title='bbox 2325 2861 2476 2935; x_wconf 78' lang='lat' dir='ltr'><strong>annis</strong></span> <span class='ocrx_word' id='word_1_516' title='bbox 2505 2861 2766 2935; x_wconf 79' lang='lat' dir='ltr'><strong>undecim.</strong></span> <span class='ocrx_word' id='word_1_517' title='bbox 2792 2861 3044 2935; x_wconf 3' lang='lat' dir='ltr'><strong>(Hyginus</strong></span> <span class='ocrx_word' id='word_1_518' title='bbox 3076 2869 3208 2921; x_wconf 81' lang='lat' dir='ltr'><strong>sedit</strong></span> <span class='ocrx_word' id='word_1_519' title='bbox 3231 2861 3677 2930; x_wconf 57' lang='lat' dir='ltr'><strong>auatuor&#39;annis.</strong></span> <span class='ocrx_word' id='word_1_520' title='bbox 3717 2876 3834 2931; x_wconf 74' lang='lat' dir='ltr'><strong>Pius</strong></span> 
     </span>
    </p>
   </div>
   <div class='ocr_carea' id='block_1_87' title="bbox 2323 2931 2949 2988">
    <p class='ocr_par' dir='ltr' id='par_1_87' title="bbox 2323 2931 2949 2988">
     <span class='ocr_line' id='line_1_87' title="bbox 2323 2931 2949 2988; baseline 0.01 -6"><span class='ocrx_word' id='word_1_521' title='bbox 2323 2931 2453 2984; x_wconf 82' lang='lat' dir='ltr'><strong>sedit</strong></span> <span class='ocrx_word' id='word_1_522' title='bbox 2476 2933 2629 2986; x_wconf 87' lang='lat' dir='ltr'><strong>annis</strong></span> <span class='ocrx_word' id='word_1_523' title='bbox 2657 2931 2949 2988; x_wconf 78' lang='lat' dir='ltr'><strong>duodecim.</strong></span> 
     </span>
    </p>
   </div>
   <div class='ocr_carea' id='block_1_88' title="bbox 2324 3043 3826 3127">
    <p class='ocr_par' dir='ltr' id='par_1_88' title="bbox 2324 3043 3826 3127">
     <span class='ocr_line' id='line_1_88' title="bbox 2324 3043 3826 3127; baseline 0.015 -31"><span class='ocrx_word' id='word_1_524' title='bbox 2324 3043 2519 3114; x_wconf 87' lang='lat' dir='ltr'><strong>(Idem,</strong></span> <span class='ocrx_word' id='word_1_525' title='bbox 2543 3063 2592 3099; x_wconf 78' lang='grc' dir='ltr'><strong>ε.</strong></span> <span class='ocrx_word' id='word_1_526' title='bbox 2618 3045 2685 3101; x_wconf 85' lang='grc'><strong>10</strong></span> <span class='ocrx_word' id='word_1_527' title='bbox 2704 3048 2876 3117; x_wconf 85' lang='lat' dir='ltr'><strong>ejusd.</strong></span> <span class='ocrx_word' id='word_1_528' title='bbox 2908 3049 3024 3121; x_wconf 87' lang='lat' dir='ltr'><strong>lib.)</strong></span> <span class='ocrx_word' id='word_1_529' title='bbox 3045 3051 3257 3110; x_wconf 86' lang='lat' dir='ltr'><strong>Interea</strong></span> <span class='ocrx_word' id='word_1_530' title='bbox 3282 3059 3517 3115; x_wconf 89' lang='lat' dir='ltr'><strong>moritur</strong></span> <span class='ocrx_word' id='word_1_531' title='bbox 3540 3062 3826 3127; x_wconf 81' lang='lat' dir='ltr'><strong>Adrianus,</strong></span> 
     </span>
    </p>
   </div>
   <div class='ocr_carea' id='block_1_89' title="bbox 2252 3135 3820 3222">
    <p class='ocr_par' dir='ltr' id='par_1_89' title="bbox 2252 3135 3820 3222">
     <span class='ocr_line' id='line_1_89' title="bbox 2252 3135 3820 3222; baseline 0.013 -34"><span class='ocrx_word' id='word_1_532' title='bbox 2252 3142 2305 3189; x_wconf 92' lang='lat' dir='ltr'><strong>et</strong></span> <span class='ocrx_word' id='word_1_533' title='bbox 2336 3135 2569 3206; x_wconf 86' lang='lat' dir='ltr'><strong>imperat</strong></span> <span class='ocrx_word' id='word_1_534' title='bbox 2597 3137 2923 3205; x_wconf 86' lang='lat' dir='ltr'><strong>Antoninus,</strong></span> <span class='ocrx_word' id='word_1_535' title='bbox 2954 3153 3313 3214; x_wconf 89' lang='lat' dir='ltr'><strong>cognomento</strong></span> <span class='ocrx_word' id='word_1_536' title='bbox 3343 3146 3488 3204; x_wconf 85' lang='lat' dir='ltr'><strong>Pius.</strong></span> <span class='ocrx_word' id='word_1_537' title='bbox 3540 3150 3820 3222; x_wconf 71' lang='lat' dir='ltr'><strong>Telespho-</strong></span> 
     </span>
    </p>
   </div>
   <div class='ocr_carea' id='block_1_90' title="bbox 2179 3231 3827 3316">
    <p class='ocr_par' dir='ltr' id='par_1_90' title="bbox 2179 3231 3827 3316">
     <span class='ocr_line' id='line_1_90' title="bbox 2179 3231 3827 3316; baseline 0.012 -36"><span class='ocrx_word' id='word_1_538' title='bbox 2179 3254 2221 3316; x_wconf 66' lang='grc' dir='ltr'><strong>ρ</strong></span> <span class='ocrx_word' id='word_1_539' title='bbox 2255 3243 2346 3282; x_wconf 91' lang='lat' dir='ltr'><strong>rus</strong></span> <span class='ocrx_word' id='word_1_540' title='bbox 2400 3231 2664 3302; x_wconf 87' lang='lat' dir='ltr'><strong>martyrio</strong></span> <span class='ocrx_word' id='word_1_541' title='bbox 2719 3233 2987 3291; x_wconf 90' lang='lat' dir='ltr'><strong>resolutus</strong></span> <span class='ocrx_word' id='word_1_542' title='bbox 3036 3236 3271 3294; x_wconf 91' lang='lat' dir='ltr'><strong>decedit.</strong></span> <span class='ocrx_word' id='word_1_543' title='bbox 3307 3240 3551 3314; x_wconf 82' lang='lat' dir='ltr'><strong>Hyginus</strong></span> <span class='ocrx_word' id='word_1_544' title='bbox 3595 3247 3827 3301; x_wconf 77' lang='lat' dir='ltr'><strong>succedit</strong></span> 
     </span>
    </p>
   </div>
   <div class='ocr_carea' id='block_1_91' title="bbox 2256 3320 3822 3408">
    <p class='ocr_par' dir='ltr' id='par_1_91' title="bbox 2256 3320 3822 3408">
     <span class='ocr_line' id='line_1_91' title="bbox 2256 3320 3822 3408; baseline 0.013 -35"><span class='ocrx_word' id='word_1_545' title='bbox 2256 3320 2601 3389; x_wconf 88' lang='lat' dir='ltr'><strong>apostolatui,</strong></span> <span class='ocrx_word' id='word_1_546' title='bbox 2646 3323 2746 3378; x_wconf 88' lang='lat' dir='ltr'><strong>sub</strong></span> <span class='ocrx_word' id='word_1_547' title='bbox 2779 3340 2887 3395; x_wconf 92' lang='lat' dir='ltr'><strong>quo</strong></span> <span class='ocrx_word' id='word_1_548' title='bbox 2934 3327 3249 3387; x_wconf 82' lang='lat' dir='ltr'><strong>Valentinus</strong></span> <span class='ocrx_word' id='word_1_549' title='bbox 3297 3332 3494 3401; x_wconf 82' lang='lat' dir='ltr'><strong>Cerdo,</strong></span> <span class='ocrx_word' id='word_1_550' title='bbox 3525 3348 3586 3391; x_wconf 88' lang='lat' dir='ltr'><strong>et</strong></span> <span class='ocrx_word' id='word_1_551' title='bbox 3629 3341 3822 3408; x_wconf 82' lang='lat' dir='ltr'><strong>quidam</strong></span> 
     </span>
    </p>
   </div>
   <div class='ocr_carea' id='block_1_92' title="bbox 2257 3409 3823 3506">
    <p class='ocr_par' dir='ltr' id='par_1_92' title="bbox 2257 3409 3823 3506">
     <span class='ocr_line' id='line_1_92' title="bbox 2257 3409 3823 3506; baseline 0.016 -42"><span class='ocrx_word' id='word_1_552' title='bbox 2257 3409 2496 3468; x_wconf 85' lang='lat' dir='ltr'><strong>Marcion</strong></span> <span class='ocrx_word' id='word_1_553' title='bbox 2551 3415 2805 3484; x_wconf 90' lang='lat' dir='ltr'><strong>ﬁgmenta</strong></span> <span class='ocrx_word' id='word_1_554' title='bbox 2861 3419 3111 3476; x_wconf 72' lang='lat' dir='ltr'><strong>haeretica</strong></span> <span class='ocrx_word' id='word_1_555' title='bbox 3171 3425 3569 3497; x_wconf 84' lang='lat' dir='ltr'><strong>dogmatizant.</strong></span> <span class='ocrx_word' id='word_1_556' title='bbox 3637 3432 3823 3506; x_wconf 75' lang='lat' dir='ltr'><strong>Hygino</strong></span> 
     </span>
    </p>
   </div>
   <div class='ocr_carea' id='block_1_93' title="bbox 2253 3504 3820 3590">
    <p class='ocr_par' dir='ltr' id='par_1_93' title="bbox 2253 3504 3820 3590">
     <span class='ocr_line' id='line_1_93' title="bbox 2253 3504 3820 3590; baseline 0.017 -34"><span class='ocrx_word' id='word_1_557' title='bbox 2253 3511 2434 3558; x_wconf 91' lang='lat' dir='ltr'><strong>autem</strong></span> <span class='ocrx_word' id='word_1_558' title='bbox 2466 3504 2779 3575; x_wconf 90' lang='lat' dir='ltr'><strong>decedente,</strong></span> <span class='ocrx_word' id='word_1_559' title='bbox 2807 3509 3053 3568; x_wconf 81' lang='lat' dir='ltr'><strong>Romano</strong></span> <span class='ocrx_word' id='word_1_560' title='bbox 3077 3513 3206 3571; x_wconf 90' lang='lat' dir='ltr'><strong>Pius</strong></span> <span class='ocrx_word' id='word_1_561' title='bbox 3231 3517 3470 3590; x_wconf 75' lang='lat' dir='ltr'><strong>fungitur</strong></span> <span class='ocrx_word' id='word_1_562' title='bbox 3506 3504 3820 3582; x_wconf 75' lang='lat' dir='ltr'><strong>sacerdotio.</strong></span> 
     </span>
    </p>
   </div>
   <div class='ocr_carea' id='block_1_94' title="bbox 2253 3592 3824 3675">
    <p class='ocr_par' dir='ltr' id='par_1_94' title="bbox 2253 3592 3824 3675">
     <span class='ocr_line' id='line_1_94' title="bbox 2253 3592 3824 3675; baseline 0.018 -27"><span class='ocrx_word' id='word_1_563' title='bbox 2253 3592 2469 3650; x_wconf 83' lang='lat' dir='ltr'><strong>Marcus</strong></span> <span class='ocrx_word' id='word_1_564' title='bbox 2523 3598 2870 3655; x_wconf 89' lang='lat' dir='ltr'><strong>substituitur</strong></span> <span class='ocrx_word' id='word_1_565' title='bbox 2910 3603 3274 3674; x_wconf 65' lang='lat' dir='ltr'><strong>Alexandriae,</strong></span> <span class='ocrx_word' id='word_1_566' title='bbox 3312 3610 3623 3671; x_wconf 89' lang='lat' dir='ltr'><strong>Eumenide</strong></span> <span class='ocrx_word' id='word_1_567' title='bbox 3663 3619 3824 3675; x_wconf 80' lang='lat' dir='ltr'><strong>deiun-</strong></span> 
     </span>
    </p>
   </div>
   <div class='ocr_carea' id='block_1_95' title="bbox 2251 3686 3823 3776">
    <p class='ocr_par' dir='ltr' id='par_1_95' title="bbox 2251 3686 3823 3776">
     <span class='ocr_line' id='line_1_95' title="bbox 2251 3686 3823 3776; baseline 0.018 -36"><span class='ocrx_word' id='word_1_568' title='bbox 2251 3694 2358 3741; x_wconf 92' lang='lat' dir='ltr'><strong>clo.</strong></span> <span class='ocrx_word' id='word_1_569' title='bbox 2393 3686 2500 3744; x_wconf 91' lang='lat' dir='ltr'><strong>Sed</strong></span> <span class='ocrx_word' id='word_1_570' title='bbox 2528 3698 2584 3746; x_wconf 91' lang='lat' dir='ltr'><strong>et</strong></span> <span class='ocrx_word' id='word_1_571' title='bbox 2615 3690 2791 3748; x_wconf 80' lang='lat' dir='ltr'><strong>Marco</strong></span> <span class='ocrx_word' id='word_1_572' title='bbox 2814 3706 2937 3764; x_wconf 91' lang='lat' dir='ltr'><strong>post</strong></span> <span class='ocrx_word' id='word_1_573' title='bbox 2963 3697 3154 3752; x_wconf 89' lang='lat' dir='ltr'><strong>decem</strong></span> <span class='ocrx_word' id='word_1_574' title='bbox 3183 3716 3355 3758; x_wconf 85' lang='lat' dir='ltr'><strong>annos</strong></span> <span class='ocrx_word' id='word_1_575' title='bbox 3387 3717 3618 3765; x_wconf 90' lang='lat' dir='ltr'><strong>mortuo</strong></span> <span class='ocrx_word' id='word_1_576' title='bbox 3644 3751 3660 3776; x_wconf 90' lang='lat'><strong>,</strong></span> <span class='ocrx_word' id='word_1_577' title='bbox 3693 3711 3823 3767; x_wconf 77' lang='lat' dir='ltr'><strong>Cela-</strong></span> 
     </span>
    </p>
   </div>
   <div class='ocr_carea' id='block_1_96' title="bbox 2251 3777 3820 3861">
    <p class='ocr_par' dir='ltr' id='par_1_96' title="bbox 2251 3777 3820 3861">
     <span class='ocr_line' id='line_1_96' title="bbox 2251 3777 3820 3861; baseline 0.018 -29"><span class='ocrx_word' id='word_1_578' title='bbox 2251 3777 2375 3834; x_wconf 89' lang='lat' dir='ltr'><strong>dion</strong></span> <span class='ocrx_word' id='word_1_579' title='bbox 2428 3779 2545 3850; x_wconf 86' lang='lat' dir='ltr'><strong>ejus</strong></span> <span class='ocrx_word' id='word_1_580' title='bbox 2593 3784 2861 3854; x_wconf 89' lang='lat' dir='ltr'><strong>gubernat</strong></span> <span class='ocrx_word' id='word_1_581' title='bbox 2910 3787 3231 3846; x_wconf 89' lang='lat' dir='ltr'><strong>Ecclesiam.</strong></span> <span class='ocrx_word' id='word_1_582' title='bbox 3265 3793 3393 3852; x_wconf 91' lang='lat' dir='ltr'><strong>Pius</strong></span> <span class='ocrx_word' id='word_1_583' title='bbox 3439 3814 3582 3856; x_wconf 86' lang='lat' dir='ltr'><strong>vero</strong></span> <span class='ocrx_word' id='word_1_584' title='bbox 3609 3803 3666 3857; x_wconf 89' lang='lat' dir='ltr'><strong>in</strong></span> <span class='ocrx_word' id='word_1_585' title='bbox 3708 3807 3820 3861; x_wconf 85' lang='lat' dir='ltr'><strong>urbe</strong></span> 
     </span>
    </p>
   </div>
   <div class='ocr_carea' id='block_1_97' title="bbox 2249 3871 3816 3965">
    <p class='ocr_par' dir='ltr' id='par_1_97' title="bbox 2249 3871 3816 3965">
     <span class='ocr_line' id='line_1_97' title="bbox 2249 3871 3816 3965; baseline 0.016 -38"><span class='ocrx_word' id='word_1_586' title='bbox 2249 3871 2440 3940; x_wconf 80' lang='lat' dir='ltr'><strong>Roma,</strong></span> <span class='ocrx_word' id='word_1_587' title='bbox 2471 3876 2683 3946; x_wconf 83' lang='lat' dir='ltr'><strong>expleto</strong></span> <span class='ocrx_word' id='word_1_588' title='bbox 2725 3881 3059 3949; x_wconf 70' lang='lat' dir='ltr'><strong>sacerdotio,</strong></span> <span class='ocrx_word' id='word_1_589' title='bbox 3086 3886 3314 3944; x_wconf 89' lang='lat' dir='ltr'><strong>Aniceto</strong></span> <span class='ocrx_word' id='word_1_590' title='bbox 3353 3891 3544 3947; x_wconf 90' lang='lat' dir='ltr'><strong>sedem</strong></span> <span class='ocrx_word' id='word_1_591' title='bbox 3597 3896 3816 3965; x_wconf 85' lang='lat' dir='ltr'><strong>reliquit,</strong></span> 
     </span>
    </p>
   </div>
   <div class='ocr_carea' id='block_1_98' title="bbox 2247 3965 3819 4057">
    <p class='ocr_par' dir='ltr' id='par_1_98' title="bbox 2247 3965 3819 4057">
     <span class='ocr_line' id='line_1_98' title="bbox 2247 3965 3819 4057; baseline 0.017 -39"><span class='ocrx_word' id='word_1_592' title='bbox 2247 3965 2349 4020; x_wconf 92' lang='lat' dir='ltr'><strong>sub</strong></span> <span class='ocrx_word' id='word_1_593' title='bbox 2379 3981 2487 4035; x_wconf 92' lang='lat' dir='ltr'><strong>quo</strong></span> <span class='ocrx_word' id='word_1_594' title='bbox 2525 3966 2858 4040; x_wconf 82' lang='lat' dir='ltr'><strong>Hegesippus</strong></span> <span class='ocrx_word' id='word_1_595' title='bbox 2908 3973 3132 4030; x_wconf 74' lang='lat' dir='ltr'><strong>llomam</strong></span> <span class='ocrx_word' id='word_1_596' title='bbox 3185 3980 3352 4046; x_wconf 89' lang='lat' dir='ltr'><strong>venit,</strong></span> <span class='ocrx_word' id='word_1_597' title='bbox 3391 3983 3604 4039; x_wconf 86' lang='lat' dir='ltr'><strong>ibidem</strong></span> <span class='ocrx_word' id='word_1_598' title='bbox 3625 4003 3819 4057; x_wconf 80' lang='lat' dir='ltr'><strong>perma-</strong></span> 
     </span>
    </p>
   </div>
   <div class='ocr_carea' id='block_1_99' title="bbox 2247 4062 3824 4152">
    <p class='ocr_par' dir='ltr' id='par_1_99' title="bbox 2247 4062 3824 4152">
     <span class='ocr_line' id='line_1_99' title="bbox 2247 4062 3824 4152; baseline 0.016 -41"><span class='ocrx_word' id='word_1_599' title='bbox 2247 4073 2382 4113; x_wconf 91' lang='lat' dir='ltr'><strong>nens</strong></span> <span class='ocrx_word' id='word_1_600' title='bbox 2410 4074 2581 4129; x_wconf 88' lang='lat' dir='ltr'><strong>usque</strong></span> <span class='ocrx_word' id='word_1_601' title='bbox 2610 4062 2673 4115; x_wconf 89' lang='lat' dir='ltr'><strong>ad</strong></span> <span class='ocrx_word' id='word_1_602' title='bbox 2700 4063 3069 4135; x_wconf 90' lang='lat' dir='ltr'><strong>episcopatum</strong></span> <span class='ocrx_word' id='word_1_603' title='bbox 3121 4069 3438 4141; x_wconf 85' lang='lat' dir='ltr'><strong>Eleutherii,</strong></span> <span class='ocrx_word' id='word_1_604' title='bbox 3470 4079 3569 4146; x_wconf 91' lang='lat' dir='ltr'><strong>qui</strong></span> <span class='ocrx_word' id='word_1_605' title='bbox 3595 4079 3700 4134; x_wconf 89' lang='lat' dir='ltr'><strong>fuit</strong></span> <span class='ocrx_word' id='word_1_606' title='bbox 3721 4093 3824 4152; x_wconf 86' lang='lat' dir='ltr'><strong>post</strong></span> 
     </span>
    </p>
   </div>
   <div class='ocr_carea' id='block_1_100' title="bbox 2245 4148 3823 4235">
    <p class='ocr_par' dir='ltr' id='par_1_100' title="bbox 2245 4148 3823 4235">
     <span class='ocr_line' id='line_1_100' title="bbox 2245 4148 3823 4235; baseline 0.015 -33"><span class='ocrx_word' id='word_1_607' title='bbox 2245 4148 2552 4205; x_wconf 86' lang='lat' dir='ltr'><strong>Anicetum.</strong></span> <span class='ocrx_word' id='word_1_608' title='bbox 2583 4152 2732 4210; x_wconf 89' lang='lat' dir='ltr'><strong>Tunc</strong></span> <span class='ocrx_word' id='word_1_609' title='bbox 2759 4165 2813 4210; x_wconf 92' lang='lat' dir='ltr'><strong>et</strong></span> <span class='ocrx_word' id='word_1_610' title='bbox 2852 4156 3096 4216; x_wconf 88' lang='lat' dir='ltr'><strong>Justinus</strong></span> <span class='ocrx_word' id='word_1_611' title='bbox 3128 4163 3504 4235; x_wconf 88' lang='lat' dir='ltr'><strong>philosophus,</strong></span> <span class='ocrx_word' id='word_1_612' title='bbox 3537 4148 3745 4227; x_wconf 75' lang='lat' dir='ltr'><strong>Christi</strong></span> <span class='ocrx_word' id='word_1_613' title='bbox 3776 4183 3823 4227; x_wconf 89' lang='lat' dir='ltr'><strong>et</strong></span> 
     </span>
    </p>
   </div>
   <div class='ocr_carea' id='block_1_101' title="bbox 2246 4239 3818 4334">
    <p class='ocr_par' dir='ltr' id='par_1_101' title="bbox 2246 4239 3818 4334">
     <span class='ocr_line' id='line_1_101' title="bbox 2246 4239 3818 4334; baseline 0.015 -40"><span class='ocrx_word' id='word_1_614' title='bbox 2246 4239 2368 4296; x_wconf 88' lang='lat' dir='ltr'><strong>ﬁdei</strong></span> <span class='ocrx_word' id='word_1_615' title='bbox 2393 4251 2590 4300; x_wconf 87' lang='lat' dir='ltr'><strong>nostrae</strong></span> <span class='ocrx_word' id='word_1_616' title='bbox 2635 4254 2823 4302; x_wconf 89' lang='lat' dir='ltr'><strong>contra</strong></span> <span class='ocrx_word' id='word_1_617' title='bbox 2850 4249 3178 4308; x_wconf 87' lang='lat' dir='ltr'><strong>Marcionem</strong></span> <span class='ocrx_word' id='word_1_618' title='bbox 3222 4264 3332 4311; x_wconf 88' lang='lat' dir='ltr'><strong>tam</strong></span> <span class='ocrx_word' id='word_1_619' title='bbox 3357 4258 3479 4312; x_wconf 81' lang='lat' dir='ltr'><strong>viva</strong></span> <span class='ocrx_word' id='word_1_620' title='bbox 3501 4275 3647 4317; x_wconf 82' lang='lat' dir='ltr'><strong>voce</strong></span> <span class='ocrx_word' id='word_1_621' title='bbox 3675 4280 3818 4334; x_wconf 79' lang='lat' dir='ltr'><strong>quam</strong></span> 
     </span>
    </p>
   </div>
   <div class='ocr_carea' id='block_1_102' title="bbox 2243 4329 3822 4411">
    <p class='ocr_par' dir='ltr' id='par_1_102' title="bbox 2243 4329 3822 4411">
     <span class='ocr_line' id='line_1_102' title="bbox 2243 4329 3822 4411; baseline 0.016 -27"><span class='ocrx_word' id='word_1_622' title='bbox 2243 4329 2399 4388; x_wconf 91' lang='lat' dir='ltr'><strong>libris</strong></span> <span class='ocrx_word' id='word_1_623' title='bbox 2427 4333 2699 4403; x_wconf 84' lang='lat' dir='ltr'><strong>defensor,</strong></span> <span class='ocrx_word' id='word_1_624' title='bbox 2714 4339 2904 4395; x_wconf 87' lang='lat' dir='ltr'><strong>scribit</strong></span> <span class='ocrx_word' id='word_1_625' title='bbox 2925 4342 2992 4396; x_wconf 89' lang='lat' dir='ltr'><strong>ad</strong></span> <span class='ocrx_word' id='word_1_626' title='bbox 3009 4343 3340 4402; x_wconf 90' lang='lat' dir='ltr'><strong>Antoninum</strong></span> <span class='ocrx_word' id='word_1_627' title='bbox 3369 4349 3574 4406; x_wconf 89' lang='lat' dir='ltr'><strong>librum</strong></span> <span class='ocrx_word' id='word_1_628' title='bbox 3605 4355 3677 4410; x_wconf 91' lang='lat' dir='ltr'><strong>de</strong></span> <span class='ocrx_word' id='word_1_629' title='bbox 3691 4329 3822 4411; x_wconf 72' lang='lat' dir='ltr'><strong>Chri-</strong></span> 
     </span>
    </p>
   </div>
   <div class='ocr_carea' id='block_1_103' title="bbox 2244 4425 3706 4510">
    <p class='ocr_par' dir='ltr' id='par_1_103' title="bbox 2244 4425 3706 4510">
     <span class='ocr_line' id='line_1_103' title="bbox 2244 4425 3706 4510; baseline 0.013 -29"><span class='ocrx_word' id='word_1_630' title='bbox 2244 4425 2422 4481; x_wconf 89' lang='lat' dir='ltr'><strong>stiana</strong></span> <span class='ocrx_word' id='word_1_631' title='bbox 2453 4425 2756 4500; x_wconf 78' lang='lat' dir='ltr'><strong>Religione,</strong></span> <span class='ocrx_word' id='word_1_632' title='bbox 2777 4441 2831 4486; x_wconf 92' lang='lat' dir='ltr'><strong>et</strong></span> <span class='ocrx_word' id='word_1_633' title='bbox 2868 4435 3074 4491; x_wconf 87' lang='lat' dir='ltr'><strong>obtinet</strong></span> <span class='ocrx_word' id='word_1_634' title='bbox 3101 4439 3328 4507; x_wconf 88' lang='lat' dir='ltr'><strong>gratiam</strong></span> <span class='ocrx_word' id='word_1_635' title='bbox 3348 4456 3447 4510; x_wconf 91' lang='lat' dir='ltr'><strong>pro</strong></span> <span class='ocrx_word' id='word_1_636' title='bbox 3471 4447 3706 4502; x_wconf 89' lang='lat' dir='ltr'><strong>nostris.</strong></span> 
     </span>
    </p>
   </div>
   <div class='ocr_carea' id='block_1_104' title="bbox 2869 4561 3193 4606">
    <p class='ocr_par' dir='ltr' id='par_1_104' title="bbox 2869 4561 3193 4606">
     <span class='ocr_line' id='line_1_104' title="bbox 2869 4561 3193 4606; baseline 0.019 -6"><span class='ocrx_word' id='word_1_637' title='bbox 2869 4561 3041 4605; x_wconf 74' lang='lat' dir='ltr'><strong>CAPUT</strong></span> <span class='ocrx_word' id='word_1_638' title='bbox 3080 4566 3193 4606; x_wconf 70' lang='lat' dir='ltr'><strong>XIX.</strong></span> 
     </span>
    </p>
   </div>
   <div class='ocr_carea' id='block_1_105' title="bbox 2562 4623 3507 4719">
    <p class='ocr_par' dir='ltr' id='par_1_105' title="bbox 2562 4623 3507 4719">
     <span class='ocr_line' id='line_1_105' title="bbox 2562 4623 3507 4719; baseline 0.017 -32"><span class='ocrx_word' id='word_1_639' title='bbox 2562 4633 2640 4689; x_wconf 88' lang='lat' dir='ltr'><strong>De</strong></span> <span class='ocrx_word' id='word_1_640' title='bbox 2681 4623 3017 4710; x_wconf 17' lang='lat' dir='ltr'><strong>Polycarpo,‘</strong></span> <span class='ocrx_word' id='word_1_641' title='bbox 3039 4643 3232 4714; x_wconf 85' lang='lat' dir='ltr'><strong>insigni</strong></span> <span class='ocrx_word' id='word_1_642' title='bbox 3255 4658 3507 4719; x_wconf 81' lang='lat' dir='ltr'><strong>martyre.</strong></span> 
     </span>
    </p>
   </div>
   <div class='ocr_carea' id='block_1_106' title="bbox 2316 4745 3823 4825">
    <p class='ocr_par' dir='ltr' id='par_1_106' title="bbox 2316 4745 3823 4825">
     <span class='ocr_line' id='line_1_106' title="bbox 2316 4745 3823 4825; baseline 0.015 -25"><span class='ocrx_word' id='word_1_643' title='bbox 2316 4745 2394 4801; x_wconf 90' lang='lat' dir='ltr'><strong>Eo</strong></span> <span class='ocrx_word' id='word_1_644' title='bbox 2418 4755 2660 4817; x_wconf 90' lang='lat' dir='ltr'><strong>tempore</strong></span> <span class='ocrx_word' id='word_1_645' title='bbox 2688 4749 3039 4825; x_wconf 90' lang='lat' dir='ltr'><strong>Polycarpus,</strong></span> <span class='ocrx_word' id='word_1_646' title='bbox 3079 4759 3358 4817; x_wconf 88' lang='lat' dir='ltr'><strong>ordinatus</strong></span> <span class='ocrx_word' id='word_1_647' title='bbox 3385 4772 3440 4817; x_wconf 91' lang='lat' dir='ltr'><strong>et</strong></span> <span class='ocrx_word' id='word_1_648' title='bbox 3479 4768 3734 4824; x_wconf 89' lang='lat' dir='ltr'><strong>eruditus</strong></span> <span class='ocrx_word' id='word_1_649' title='bbox 3765 4771 3823 4822; x_wconf 81' lang='lat' dir='ltr'><strong>ab</strong></span> 
     </span>
    </p>
   </div>
   <div class='ocr_carea' id='block_1_107' title="bbox 2248 4839 3820 4925">
    <p class='ocr_par' dir='ltr' id='par_1_107' title="bbox 2248 4839 3820 4925">
     <span class='ocr_line' id='line_1_107' title="bbox 2248 4839 3820 4925; baseline 0.017 -35"><span class='ocrx_word' id='word_1_650' title='bbox 2248 4839 2525 4908; x_wconf 89' lang='lat' dir='ltr'><strong>apostolis,</strong></span> <span class='ocrx_word' id='word_1_651' title='bbox 2564 4840 2967 4913; x_wconf 82' lang='lat' dir='ltr'><strong>Smyrmeorum</strong></span> <span class='ocrx_word' id='word_1_652' title='bbox 2988 4849 3291 4921; x_wconf 89' lang='lat' dir='ltr'><strong>episc0pus,</strong></span> <span class='ocrx_word' id='word_1_653' title='bbox 3319 4853 3565 4925; x_wconf 66' lang='lat' dir='ltr'><strong>longaeva</strong></span> <span class='ocrx_word' id='word_1_654' title='bbox 3588 4869 3651 4914; x_wconf 89' lang='lat' dir='ltr'><strong>et</strong></span> <span class='ocrx_word' id='word_1_655' title='bbox 3676 4862 3820 4916; x_wconf 89' lang='lat' dir='ltr'><strong>inno-</strong></span> 
     </span>
    </p>
   </div>
   <div class='ocr_carea' id='block_1_108' title="bbox 2246 4933 3826 5025">
    <p class='ocr_par' dir='ltr' id='par_1_108' title="bbox 2246 4933 3826 5025">
     <span class='ocr_line' id='line_1_108' title="bbox 2246 4933 3826 5025; baseline 0.015 -39"><span class='ocrx_word' id='word_1_656' title='bbox 2246 4934 2385 4988; x_wconf 90' lang='lat' dir='ltr'><strong>centi</strong></span> <span class='ocrx_word' id='word_1_657' title='bbox 2411 4933 2517 4987; x_wconf 85' lang='lat' dir='ltr'><strong>vita</strong></span> <span class='ocrx_word' id='word_1_658' title='bbox 2545 4936 2891 5003; x_wconf 86' lang='lat' dir='ltr'><strong>venerabilis,</strong></span> <span class='ocrx_word' id='word_1_659' title='bbox 2933 4943 3109 5012; x_wconf 87' lang='lat' dir='ltr'><strong>pergit</strong></span> <span class='ocrx_word' id='word_1_660' title='bbox 3153 4945 3405 5013; x_wconf 84' lang='lat' dir='ltr'><strong>Romam,</strong></span> <span class='ocrx_word' id='word_1_661' title='bbox 3433 4957 3492 5003; x_wconf 90' lang='lat' dir='ltr'><strong>et</strong></span> <span class='ocrx_word' id='word_1_662' title='bbox 3539 4966 3826 5025; x_wconf 84' lang='lat' dir='ltr'><strong>corruptus</strong></span> 
     </span>
    </p>
   </div>
   <div class='ocr_carea' id='block_1_109' title="bbox 2243 5021 3824 5099">
    <p class='ocr_par' dir='ltr' id='par_1_109' title="bbox 2243 5021 3824 5099">
     <span class='ocr_line' id='line_1_109' title="bbox 2243 5021 3824 5099; baseline 0.016 -25"><span class='ocrx_word' id='word_1_663' title='bbox 2243 5036 2342 5090; x_wconf 92' lang='lat' dir='ltr'><strong>per</strong></span> <span class='ocrx_word' id='word_1_664' title='bbox 2395 5021 2829 5081; x_wconf 82' lang='lat' dir='ltr'><strong>Valentinianum</strong></span> <span class='ocrx_word' id='word_1_665' title='bbox 2876 5037 2931 5083; x_wconf 92' lang='lat' dir='ltr'><strong>et</strong></span> <span class='ocrx_word' id='word_1_666' title='bbox 2981 5030 3278 5089; x_wconf 83' lang='lat' dir='ltr'><strong>Cerdonem</strong></span> <span class='ocrx_word' id='word_1_667' title='bbox 3309 5037 3375 5091; x_wconf 92' lang='lat' dir='ltr'><strong>ab</strong></span> <span class='ocrx_word' id='word_1_668' title='bbox 3411 5039 3682 5098; x_wconf 61' lang='lat' dir='ltr'><strong>haeretica</strong></span> <span class='ocrx_word' id='word_1_669' title='bbox 3716 5021 3824 5099; x_wconf 81' lang='lat' dir='ltr'><strong>labe</strong></span> 
     </span>
    </p>
   </div>
   <div class='ocr_carea' id='block_1_110' title="bbox 2246 5113 3825 5206">
    <p class='ocr_par' dir='ltr' id='par_1_110' title="bbox 2246 5113 3825 5206">
     <span class='ocr_line' id='line_1_110' title="bbox 2246 5113 3825 5206; baseline 0.015 -39"><span class='ocrx_word' id='word_1_670' title='bbox 2246 5113 2495 5183; x_wconf 86' lang='lat' dir='ltr'><strong>castigat.</strong></span> <span class='ocrx_word' id='word_1_671' title='bbox 2537 5113 2810 5186; x_wconf 83' lang='lat' dir='ltr'><strong>(Niceplt.,</strong></span> <span class='ocrx_word' id='word_1_672' title='bbox 2835 5117 2924 5171; x_wconf 88' lang='lat' dir='ltr'><strong>lib.</strong></span> <span class='ocrx_word' id='word_1_673' title='bbox 2951 5135 3029 5185; x_wconf 83' lang='grc' dir='ltr'><strong><em>ιιι,</em></strong></span> <span class='ocrx_word' id='word_1_674' title='bbox 3057 5139 3170 5193; x_wconf 83' lang='lat' dir='ltr'><strong>cap.</strong></span> <span class='ocrx_word' id='word_1_675' title='bbox 3208 5125 3293 5191; x_wconf 75' lang='grc'><strong>14,</strong></span> <span class='ocrx_word' id='word_1_676' title='bbox 3324 5125 3467 5181; x_wconf 80' lang='lat' dir='ltr'><strong>Hist.</strong></span> <span class='ocrx_word' id='word_1_677' title='bbox 3490 5129 3679 5206; x_wconf 85' lang='lat' dir='ltr'><strong>Eccl.)</strong></span> <span class='ocrx_word' id='word_1_678' title='bbox 3709 5136 3825 5190; x_wconf 84' lang='lat' dir='ltr'><strong>Tra-</strong></span> 
     </span>
    </p>
   </div>
   <div class='ocr_carea' id='block_1_111' title="bbox 2242 5205 3823 5295">
    <p class='ocr_par' dir='ltr' id='par_1_111' title="bbox 2242 5205 3823 5295">
     <span class='ocr_line' id='line_1_111' title="bbox 2242 5205 3823 5295; baseline 0.014 -34"><span class='ocrx_word' id='word_1_679' title='bbox 2242 5205 2391 5261; x_wconf 89' lang='lat' dir='ltr'><strong>ditur</strong></span> <span class='ocrx_word' id='word_1_680' title='bbox 2419 5207 2562 5261; x_wconf 91' lang='lat' dir='ltr'><strong>hunc</strong></span> <span class='ocrx_word' id='word_1_681' title='bbox 2599 5209 2870 5278; x_wconf 89' lang='lat' dir='ltr'><strong>eleganter</strong></span> <span class='ocrx_word' id='word_1_682' title='bbox 2917 5227 3167 5269; x_wconf 88' lang='lat' dir='ltr'><strong>narrasse</strong></span> <span class='ocrx_word' id='word_1_683' title='bbox 3216 5216 3283 5272; x_wconf 89' lang='lat' dir='ltr'><strong>de</strong></span> <span class='ocrx_word' id='word_1_684' title='bbox 3309 5219 3518 5277; x_wconf 85' lang='lat' dir='ltr'><strong>Joanne</strong></span> <span class='ocrx_word' id='word_1_685' title='bbox 3547 5205 3823 5295; x_wconf 84' lang='lat' dir='ltr'><strong>apostolo,</strong></span> 
     </span>
    </p>
   </div>
   <div class='ocr_carea' id='block_1_112' title="bbox 2242 5298 3824 5379">
    <p class='ocr_par' dir='ltr' id='par_1_112' title="bbox 2242 5298 3824 5379">
     <span class='ocr_line' id='line_1_112' title="bbox 2242 5298 3824 5379; baseline 0.013 -29"><span class='ocrx_word' id='word_1_686' title='bbox 2242 5298 2408 5367; x_wconf 93' lang='lat' dir='ltr'><strong>quod,</strong></span> <span class='ocrx_word' id='word_1_687' title='bbox 2441 5312 2564 5352; x_wconf 91' lang='lat' dir='ltr'><strong>cum</strong></span> <span class='ocrx_word' id='word_1_688' title='bbox 2593 5300 2734 5370; x_wconf 89' lang='lat' dir='ltr'><strong>apud</strong></span> <span class='ocrx_word' id='word_1_689' title='bbox 2761 5301 3055 5372; x_wconf 88' lang='lat' dir='ltr'><strong>Ephesum,</strong></span> <span class='ocrx_word' id='word_1_690' title='bbox 3082 5304 3299 5363; x_wconf 88' lang='lat' dir='ltr'><strong>lavandi</strong></span> <span class='ocrx_word' id='word_1_691' title='bbox 3339 5311 3536 5379; x_wconf 76' lang='lat' dir='ltr'><strong>gratia,</strong></span> <span class='ocrx_word' id='word_1_692' title='bbox 3571 5314 3824 5372; x_wconf 82' lang='lat' dir='ltr'><strong>balneum</strong></span> 
     </span>
    </p>
   </div>
   <div class='ocr_carea' id='block_1_113' title="bbox 2244 5392 3827 5472">
    <p class='ocr_par' dir='ltr' id='par_1_113' title="bbox 2244 5392 3827 5472">
     <span class='ocr_line' id='line_1_113' title="bbox 2244 5392 3827 5472; baseline 0.009 -25"><span class='ocrx_word' id='word_1_693' title='bbox 2244 5399 2388 5447; x_wconf 87' lang='lat' dir='ltr'><strong>esset</strong></span> <span class='ocrx_word' id='word_1_694' title='bbox 2435 5392 2732 5463; x_wconf 87' lang='lat' dir='ltr'><strong>ingressus,</strong></span> <span class='ocrx_word' id='word_1_695' title='bbox 2785 5401 2842 5449; x_wconf 90' lang='lat' dir='ltr'><strong>et</strong></span> <span class='ocrx_word' id='word_1_696' title='bbox 2874 5396 3096 5453; x_wconf 86' lang='lat' dir='ltr'><strong>vidisset</strong></span> <span class='ocrx_word' id='word_1_697' title='bbox 3150 5400 3223 5456; x_wconf 91' lang='lat' dir='ltr'><strong>ibi</strong></span> <span class='ocrx_word' id='word_1_698' title='bbox 3265 5401 3612 5472; x_wconf 88' lang='lat' dir='ltr'><strong>Cerintbum,</strong></span> <span class='ocrx_word' id='word_1_699' title='bbox 3666 5412 3827 5465; x_wconf 78' lang='lat' dir='ltr'><strong>exivit</strong></span> 
     </span>
    </p>
   </div>
   <div class='ocr_carea' id='block_1_114' title="bbox 2248 5483 3827 5563">
    <p class='ocr_par' dir='ltr' id='par_1_114' title="bbox 2248 5483 3827 5563">
     <span class='ocr_line' id='line_1_114' title="bbox 2248 5483 3827 5563; baseline 0.008 -23"><span class='ocrx_word' id='word_1_700' title='bbox 2248 5483 2503 5540; x_wconf 89' lang='lat' dir='ltr'><strong>continuo</strong></span> <span class='ocrx_word' id='word_1_701' title='bbox 2545 5500 2650 5541; x_wconf 89' lang='lat' dir='ltr'><strong>non</strong></span> <span class='ocrx_word' id='word_1_702' title='bbox 2682 5484 2842 5552; x_wconf 84' lang='lat' dir='ltr'><strong>lotus,</strong></span> <span class='ocrx_word' id='word_1_703' title='bbox 2871 5487 3056 5544; x_wconf 90' lang='lat' dir='ltr'><strong>dicens</strong></span> <span class='ocrx_word' id='word_1_704' title='bbox 3088 5507 3099 5543; x_wconf 91' lang='lat'>:</span> <span class='ocrx_word' id='word_1_705' title='bbox 3134 5489 3426 5562; x_wconf 88' lang='lat' dir='ltr'><strong>Fugiamus</strong></span> <span class='ocrx_word' id='word_1_706' title='bbox 3471 5497 3627 5563; x_wconf 88' lang='lat' dir='ltr'><strong>hinc,</strong></span> <span class='ocrx_word' id='word_1_707' title='bbox 3674 5516 3745 5555; x_wconf 89' lang='lat' dir='ltr'><strong>ne</strong></span> <span class='ocrx_word' id='word_1_708' title='bbox 3779 5512 3827 5554; x_wconf 84' lang='lat' dir='ltr'><strong>et</strong></span> 
     </span>
    </p>
   </div>
   <div class='ocr_carea' id='block_1_115' title="bbox 2241 5577 3825 5657">
    <p class='ocr_par' dir='ltr' id='par_1_115' title="bbox 2241 5577 3825 5657">
     <span class='ocr_line' id='line_1_115' title="bbox 2241 5577 3825 5657; baseline 0.01 -25"><span class='ocrx_word' id='word_1_709' title='bbox 2241 5577 2448 5634; x_wconf 85' lang='lat' dir='ltr'><strong>balneae</strong></span> <span class='ocrx_word' id='word_1_710' title='bbox 2474 5579 2603 5650; x_wconf 64' lang='lat' dir='ltr'><strong>ipsae</strong></span> <span class='ocrx_word' id='word_1_711' title='bbox 2633 5589 2907 5648; x_wconf 90' lang='lat' dir='ltr'><strong>corruant,</strong></span> <span class='ocrx_word' id='word_1_712' title='bbox 2949 5583 3002 5638; x_wconf 90' lang='lat' dir='ltr'><strong>in</strong></span> <span class='ocrx_word' id='word_1_713' title='bbox 3030 5585 3226 5654; x_wconf 90' lang='lat' dir='ltr'><strong>quibus</strong></span> <span class='ocrx_word' id='word_1_714' title='bbox 3270 5586 3480 5643; x_wconf 87' lang='lat' dir='ltr'><strong>lavatur</strong></span> <span class='ocrx_word' id='word_1_715' title='bbox 3511 5590 3825 5657; x_wconf 86' lang='lat' dir='ltr'><strong>Cerintbus,</strong></span> 
     </span>
    </p>
   </div>
   <div class='ocr_carea' id='block_1_116' title="bbox 2241 5672 3824 5754">
    <p class='ocr_par' dir='ltr' id='par_1_116' title="bbox 2241 5672 3824 5754">
     <span class='ocr_line' id='line_1_116' title="bbox 2241 5672 3824 5754; baseline 0.007 -29"><span class='ocrx_word' id='word_1_716' title='bbox 2241 5672 2493 5728; x_wconf 88' lang='lat' dir='ltr'><strong>veritatis</strong></span> <span class='ocrx_word' id='word_1_717' title='bbox 2518 5673 2788 5730; x_wconf 89' lang='lat' dir='ltr'><strong>inimicus.</strong></span> <span class='ocrx_word' id='word_1_718' title='bbox 2823 5675 3053 5732; x_wconf 85' lang='lat' dir='ltr'><strong>Exstant</strong></span> <span class='ocrx_word' id='word_1_719' title='bbox 3099 5678 3256 5749; x_wconf 88' lang='lat' dir='ltr'><strong>hujus</strong></span> <span class='ocrx_word' id='word_1_720' title='bbox 3283 5681 3540 5751; x_wconf 82' lang='lat' dir='ltr'><strong>praeclara</strong></span> <span class='ocrx_word' id='word_1_721' title='bbox 3575 5684 3824 5754; x_wconf 70' lang='lat' dir='ltr'><strong>quaedam</strong></span> 
     </span>
    </p>
   </div>
   <div class='ocr_carea' id='block_1_117' title="bbox 2239 5765 3826 5845">
    <p class='ocr_par' dir='ltr' id='par_1_117' title="bbox 2239 5765 3826 5845">
     <span class='ocr_line' id='line_1_117' title="bbox 2239 5765 3826 5845; baseline 0.007 -27"><span class='ocrx_word' id='word_1_722' title='bbox 2239 5765 2521 5834; x_wconf 88' lang='lat' dir='ltr'><strong>opuscula,</strong></span> <span class='ocrx_word' id='word_1_723' title='bbox 2551 5775 2606 5820; x_wconf 89' lang='lat' dir='ltr'><strong>et</strong></span> <span class='ocrx_word' id='word_1_724' title='bbox 2633 5767 2859 5837; x_wconf 88' lang='lat' dir='ltr'><strong>epistola</strong></span> <span class='ocrx_word' id='word_1_725' title='bbox 2881 5769 3043 5840; x_wconf 89' lang='lat' dir='ltr'><strong>hujus</strong></span> <span class='ocrx_word' id='word_1_726' title='bbox 3068 5775 3134 5826; x_wconf 89' lang='lat' dir='ltr'><strong>ad</strong></span> <span class='ocrx_word' id='word_1_727' title='bbox 3173 5771 3545 5842; x_wconf 82' lang='lat' dir='ltr'><strong>Philippenses</strong></span> <span class='ocrx_word' id='word_1_728' title='bbox 3573 5776 3826 5845; x_wconf 67' lang='lat' dir='ltr'><strong>praevali-</strong></span> 
     </span>
    </p>
   </div>
   <div class='ocr_carea' id='block_1_118' title="bbox 2240 5856 3825 5938">
    <p class='ocr_par' dir='ltr' id='par_1_118' title="bbox 2240 5856 3825 5938">
     <span class='ocr_line' id='line_1_118' title="bbox 2240 5856 3825 5938; baseline 0.007 -27"><span class='ocrx_word' id='word_1_729' title='bbox 2240 5856 2329 5921; x_wconf 90' lang='lat' dir='ltr'><strong>da,</strong></span> <span class='ocrx_word' id='word_1_730' title='bbox 2357 5857 2642 5914; x_wconf 90' lang='lat' dir='ltr'><strong>continens</strong></span> <span class='ocrx_word' id='word_1_731' title='bbox 2665 5859 2788 5915; x_wconf 84' lang='lat' dir='ltr'><strong>ﬁdei</strong></span> <span class='ocrx_word' id='word_1_732' title='bbox 2813 5863 3014 5917; x_wconf 86' lang='lat' dir='ltr'><strong>monita</strong></span> <span class='ocrx_word' id='word_1_733' title='bbox 3044 5873 3098 5919; x_wconf 88' lang='lat' dir='ltr'><strong>et</strong></span> <span class='ocrx_word' id='word_1_734' title='bbox 3128 5864 3333 5921; x_wconf 89' lang='lat' dir='ltr'><strong>salutis.</strong></span> <span class='ocrx_word' id='word_1_735' title='bbox 3367 5866 3462 5921; x_wconf 90' lang='lat' dir='ltr'><strong>llic</strong></span> <span class='ocrx_word' id='word_1_736' title='bbox 3490 5878 3680 5924; x_wconf 79' lang='lat' dir='ltr'><strong>autem</strong></span> <span class='ocrx_word' id='word_1_737' title='bbox 3705 5875 3825 5938; x_wconf 81' lang='lat' dir='ltr'><strong>post</strong></span> 
     </span>
    </p>
   </div>
  </div>
