4002 6348
177 315 279 371 841

177 514 457 571 Antonino
503 515 615 572 lilio
640 515 777 585 ejus,
819 533 943 573 cum
970 515 1137 594 Lucio
1166 514 1335 576 fratre
1381 515 1545 571 vitam
1588 512 1759 567 ﬁnivit

178 608 469 680 martyrio.

824 714 996 763 carus
1028 714 1122 753 xx.

431 787 689 844 Antonius
718 787 848 844 Pius
878 789 1011 844 sedit
1033 789 1185 843 anuis
1210 786 1507 843 duodecim.

254 900 518 974 (Ηλῑιιο.)
554 902 754 973 Dignus
778 911 866 957 est
904 912 1082 957 autem
1110 901 1200 957 hic
1224 910 1482 972 perpetua
1512 898 1765 955 Ecclesia:

172 992 704 1051 commemoratione
726 978 938 1059 donari,
960 992 1313 1049 celeberrima
1338 992 1586 1062 passione
1611 1006 1762 1047 reso-

174 1085 349 1146 lutus.
382 1098 542 1153 quem
590 1083 716 1138 huic
751 1091 939 1140 nostro
985 1083 1327 1153 compendio,
1378 1081 1504 1138 licet
1534 1082 1764 1137 curtatis

171 1175 543 1239 sermonibus,
572 1174 642 1230 ob
671 1174 886 1247 insigne
914 1174 1033 1246 ejus
1063 1176 1336 1241 meritum,
1365 1175 1434 1231 ob
1473 1175 1642 1255 ipsius
1669 1190 1763 1247 pa-

173 1265 403 1321 trocinii
447 1263 781 1337 sullragium,
813 1267 1123 1323 curavimus
1163 1267 1434 1321 annotari.
1469 1267 1569 1322 Hic
1611 1282 1761 1338 ergo,

171 1363 311 1410 ante
334 1355 569 1411 triduum
592 1372 754 1426 quam
776 1357 1346 1427 comprehenderetur,
1370 1358 1517 1412 videt
1545 1366 1766 1413 noctur-

175 1462 250 1500 na
283 1447 490 1501 visione
528 1447 721 1517 capitis
765 1449 848 1503 sui
879 1448 1114 1504 cervical
1136 1449 1264 1518 igne
1301 1448 1565 1514 consumi,
1598 1449 1766 1519 evigi-

174 1537 411 1606 lansque
441 1536 702 1593 fratribus
729 1539 809 1593 sic
839 1538 1226 1610 interpretatus
1254 1540 1540 1606 visionem,
1562 1556 1620 1596 se
1664 1555 1764 1611 pro

173 1623 403 1681 Christo
436 1642 555 1682 esse
590 1642 863 1683 arsurum.
894 1628 1007 1685 Nec
1029 1631 1200 1685 multo
1224 1640 1348 1701 post
1374 1631 1619 1687 insiliunt
1646 1632 1764 1702 ejus

172 1718 690 1787 comprehensores;
717 1722 785 1776 ad
810 1737 946 1794 quos
972 1723 1184 1791 placido
1213 1723 1362 1778 vultu
1386 1725 1764 1796 progrediens,

172 1811 375 1881 apponi
405 1827 649 1866 mensam
683 1812 949 1880 hostibus,
975 1815 1128 1885 quasi
1160 1815 1484 1885 hospitibus,
1503 1816 1677 1886 jubet,
1710 1826 1766 1873 et

172 1900 331 1972 large
373 1902 557 1971 epulas
618 1903 932 1969 ministrari,
983 1904 1269 1976 impetrata
1298 1921 1395 1976 per
1441 1907 1592 1962 hora:
1639 1922 1765 1978 spa-

170 1991 316 2046 tium
340 1994 604 2050 oratione.
629 1990 1011 2073 Deindeasino
1036 1999 1232 2052 sedens
1266 1997 1483 2052 ducitur
1509 2000 1575 2054 ad
1599 1991 1768 2054 tribu-

122 2138 133 2145 ,
170 2082 300 2149 nal;
322 2100 554 2154 cumque
575 2086 853 2155 ingressus
875 2086 1087 2152 fuisset,
1107 2088 1257 2142 audit
1278 2104 1465 2143 vocem
1494 2089 1562 2143 de
1585 2091 1722 2145 catlo
1748 2106 1793 2143 :~

172 2175 361 2231 Fortis
399 2186 537 2241 esto,
567 2178 883 2249 Polycarpe.
916 2178 1291 2235 Commonitus
1313 2196 1441 2251 ergo
1476 2195 1505 2234 a
1531 2196 1766 2250 procon-

174 2267 300 2324 sulc
324 2267 508 2323 multis
537 2269 900 2335 sermonibus,
928 2279 1006 2335 ut,
1048 2271 1254 2327 habens
1279 2272 1454 2327 mtatis
1476 2287 1587 2328 sua:
1610 2288 1766 2328 reve-

176 2359 439 2425 rentiam,
463 2360 612 2430 juret
662 2376 761 2431 per
800 2361 1076 2418 fortunam
1120 2362 1373 2451 Caesaris,
1409 2374 1464 2421 et
1518 2366 1665 2421 dicat
1713 2366 1767 2421 in

175 2449 456 2507 Christum
486 2453 753 2520 convicia,
782 2454 1016 2526 eleganti
1060 2471 1213 2521 voce,
1260 2449 1314 2512 et
1338 2472 1467 2513 vere
1497 2458 1655 2529 digna
1688 2458 1769 2512 di-

174 2540 391 2611 scipulo
420 2541 645 2598 Joannis
681 2546 961 2615 respondit
987 2564 1000 2600 :
1030 2544 1335 2618 Octoginta,
1372 2548 1564 2619 inquit,
1592 2557 1648 2602 et
1672 2562 1767 2603 sex

174 2630 340 2685 annis
381 2632 560 2687 servio
609 2634 682 2698 ei,
726 2642 782 2689 et
821 2651 1097 2706 nunquam
1127 2652 1214 2692 me
1249 2638 1423 2703 laesit;
1457 2654 1565 2709 quo
1608 2641 1768 2696 modo

172 2734 400 2789 possum
440 2722 765 2780 maledicere
812 2733 868 2781 et
913 2726 1291 2797 blasphemare
1340 2744 1521 2800 regem
1562 2745 1764 2796 meum,

172 2810 273 2881 qui
310 2811 456 2867 dedit
488 2813 623 2868 mihi
656 2814 931 2870 salutem?
952 2815 1071 2871 Non
1102 2817 1261 2872 facio.
1287 2817 1769 2897 Comminanteju-

173 2902 301 2958 dice
342 2903 649 2961 bestiarum
678 2906 1076 2974 immissiones,’
1096 2917 1410 2964 constanter
1436 2910 1512 2965 ait
1548 2925 1564 2964 :
1592 2910 1764 2965 Adhi-

172 2992 447 3050 heantur.‘
475 2980 857 3052 Comminante
902 3014 1117 3070 quoque
1162 3000 1314 3073 ignes
1364 3018 1379 3056 :
1427 3000 1653 3067 Secure,
1683 3003 1767 3057 in-

173 3086 319 3155 quit,
353 3086 570 3143 adhibe.
617 3087 795 3155 Tunc,‘
823 3091 1038 3161 populis
1078 3091 1326 3163 Smyrna:
1363 3092 1621 3160 civitatis,
1652 3105 1762 3150 tam

176 3176 489 3235 Iudaeorum
514 3196 679 3251 quam
708 3156 1007 3254 gentilium,
1049 3156 1516 3242 conclamantibus
1551 3205 1565 3241 :
1598 3156 1764 3243 Vivus
1791 3156 1837 3219 Ο

184 3271 399 3337 ardeat,
434 3272 739 3328 destinatur
760 3273 828 3329 ad
857 3273 1057 3344 ignem,
1087 3290 1195 3344 quo
1223 3284 1519 3339 exstructo,
1552 3276 1769 3347 deposi-

102 3425 111 3432 ,
177 3362 255 3418 tis
281 3364 463 3419 senior
494 3365 840 3429 indumentis,
872 3382 937 3423 ac
969 3383 1107 3423 zona
1145 3368 1404 3435 resoluta,
1433 3369 1769 3425 calceamen-

180 3460 240 3509 ta
276 3471 508 3526 quoque
560 3458 786 3528 pedibus
816 3467 993 3516 tentat
1034 3461 1286 3527 educere,
1319 3479 1441 3533 qua:
1491 3480 1768 3534 nunquam

179 3545 287 3602 nisi
315 3563 347 3601 a
371 3548 657 3620 religiosis,
694 3565 724 3604 a
751 3551 945 3620 quibus
969 3564 994 3592 α
1019 3553 1371 3623 semetipsum
1394 3556 1774 3624 praevenienti-

180 3636 302 3703 bus,
355 3639 550 3694 resolvi
576 3652 971 3698 consueverant
1008 3644 1111 3715 (sic
1142 3660 1377 3716 namque
1420 3647 1488 3702 ab
1517 3649 1771 3705 omnibus

179 3730 572 3786 venerabiliter
617 3732 942 3806 colebatur).
978 3735 1207 3803 Exinde,
1239 3738 1482 3794 remissis
1520 3741 1772 3798 manibus

179 3829 308 3893 post
337 3832 567 3894 tergum,
594 3826 828 3881 traditur
857 3826 987 3898 igni.
1019 3827 1127 3884 Sed
1159 3844 1305 3899 cum,
1338 3830 1482 3888 facto
1510 3834 1771 3890 divinitus

182 3913 470 3979 miraculo,
500 3929 606 3969 non
634 3924 819 3985 posset
853 3918 976 3989 igne
1007 3913 1278 3986 conﬂdmi,
1310 3923 1524 3977 tandem
1551 3939 1583 3977 a
1612 3923 1772 3979 licto-

185 4004 341 4060 ribus
382 4020 641 4062 mucrone
684 4006 1041 4065 transfoditur
1075 4030 1088 4066 :
1118 4012 1334 4069 oblatus
1374 4023 1458 4070 est
1483 4014 1625 4080 Deo,
1662 4024 1771 4072 tam

184 4098 407 4156 victima
431 4115 596 4170 quam
628 4100 1001 4158 holocaustum
1031 4103 1088 4158 in
1116 4106 1338 4162 odorem
1360 4108 1661 4165 suavitatis.

814 4229 985 4271 CAPUT
1025 4232 1140 4271 XXI.

506 4304 585 4360 De
607 4303 841 4373 Iustino,
869 4288 1080 4363 doctore
1099 4318 1147 4364 et
1166 4320 1427 4382 martyre.

268 4414 477 4487 (Euseb.
508 4416 600 4471 lib.
633 4433 716 4486 ιιι,
752 4435 800 4474 c.
848 4418 901 4484 3,
937 4419 1006 4475 {2
1035 4430 1084 4475 et
1128 4420 1227 4488 16;
1264 4420 1355 4478 lib.
1380 4438 1455 4490 tv,
1490 4423 1631 4479 Hist.
1666 4425 1773 4480 Ec-

1123 309 1469 369 HISTORIE
1506 306 1753 365 SACIUE
1791 304 2109 364 EPITOME.
2151 338 2220 349 —-
2258 308 2385 365 LIB.
2418 310 2504 366 IV.

175 426 515 482 Antoninum
560 426 737 489 Pium,
775 427 1074 499 imperante
1128 425 1199 481 Μ.
1251 425 1469 481 Aurelio
1514 424 1678 487 Vero,
1707 430 1761 477 et
1790 424 1840 484 Α

3339 314 3445 372 812

2484 442 2654 483 CAPUT
2692 442 2827 481 XXII.

1960 557 2205 615 Anicetus
2241 574 2378 629 papa
2408 557 2679 615 Romanus
2704 562 2838 617 sedit
2877 564 3033 623 uuida
3064 550 3331 624 .mdeeim.

1936 669 2154 741 (Euseb.
2183 669 2274 724 lib.
2299 686 2512 742 1v,,cap.
2540 673 2625 739 19,
2658 671 2797 729 Hist.
2829 673 3059 748 Eccles.)
3088 676 3297 734 Interea
3312 679 3447 735 Ani-

1866 768 1989 817 ceto
2043 762 2263 817 obeunti
2311 761 2471 817 Soter
2516 765 2774 830 succedit,
2830 774 2885 821 et
2920 765 3176 824 Celadion
3206 770 3443 827 Alexan-
3510 780 3513 783 '

1866 853 2041 909 drino.
2065 853 2393 926 Agrippinus
2406 862 2535 911 tunc
2562 856 2846 928 episcopus
2869 873 3029 931 supra
3046 876 3443 921 commemora-

1868 952 1975 1010 tus,
2030 954 2087 1000 et
2127 944 2436 1018 Dionysius,
2472 945 2875 1004 Corinthiorum
2922 953 3229 1024 episcopus,
3253 969 3307 1012 et
3337 958 3447 1014 Ire-

1790 1066 1807 1073 ~
1866 1053 2017 1093 naeus
2045 1038 2285 1110 insignes
2309 1039 2578 1096 habentur
2627 1040 2820 1113 (Idem,
2851 1060 2896 1098 ε.
2925 1045 3018 1113 21,
3049 1047 3139 1115 2'5,
3165 1049 3234 1103 2-1
3276 1052 3443 1123 ejusd.

1865 1127 2003 1201 lib.).
2039 1129 2104 1184 Hi
2160 1130 2405 1187 scribunt
2452 1131 2620 1188 libros
2665 1142 2719 1189 et
2744 1136 3016 1206 epistolas,
3046 1141 3300 1198 erudiunt
3347 1144 3449 1199 Ec-

1866 1216 2105 1276 elesiam‘
2139 1231 2196 1278 et
2251 1222 2597 1279 confirmant.
2668 1225 2909 1292 Quorum
2971 1229 3170 1300 ingenii
3233 1243 3452 1291 exstant

1866 1313 2043 1369 adhuc
2094 1324 2462 1370 monumenta.
2507 1315 2703 1372 Exstat
2755 1316 2912 1386 hujus
2964 1320 3170 1389 praefati
3227 1325 3449 1397 Dionysi

1866 1403 2095 1474 epistola
2143 1404 2212 1459 ad
2237 1404 2600 1463 Athenienses
2624 1408 2923 1478 perlucida,
2952 1411 3187 1469 invitans
3210 1417 3279 1471 ad
3307 1433 3451 1472 mar-

1867 1494 2091 1565 tyrium,
2118 1495 2396 1567 prolapsos
2422 1513 2688 1570 arguens;
2738 1502 2790 1555 in
2818 1516 2921 1572 qua
2953 1512 3007 1559 et
3030 1503 3156 1559 illud
3179 1508 3447 1581 designat,

1867 1586 2135 1653 quomodo
2160 1586 2451 1659 Dionysius
2481 1589 2836 1663 Areopagites
2870 1609 2900 1648 a
2931 1593 3100 1651 Paulo
3132 1598 3448 1668 instructus,

1868 1672 2313 1747 primusAthenis
2326 1680 2609 1752 episcopus
2622 1680 2783 1737 fuerit
2797 1685 3079 1742 ordinatus
3093 1686 3171 1759 (Ν
3174 1690 3338 1756 icepli.
3356 1691 3447 1746 lib.

1792 1791 1841 1852 Β
1871 1777 1940 1831 tv,
1963 1785 2011 1821 c.
2035 1768 2090 1835 8,
2106 1768 2159 1835 9,
2177 1770 2263 1835 10,
2281 1769 2426 1825 Hist.
2456 1771 2677 1844 Κεῖαι).
2704 1773 2811 1829 Sed
2832 1784 2887 1830 et
2915 1776 3267 1848 Theophilus,
3288 1796 3449 1852 quem

1874 1874 2036 1932 supra
2063 1861 2317 1930 diximus,
2358 1862 2659 1921 Antiochiae
2696 1871 3118 1926 commentarios
3157 1874 3362 1938 scribit,
3396 1883 3453 1930 et

1872 1950 2157 2006 haereticos
2177 1952 2269 2020 qui
2290 1960 2417 2026 tunc
2438 1965 2805 2022 surrexerant,
2834 1959 3289 2029 disputationibus
3315 1979 3453 2033 prae-
3510 1986 3517 1991 υ

1872 2039 2035 2093 claris
2084 2041 2351 2107 confutat,
2381 2051 2436 2098 et
2465 2046 2734 2116 praecipue
2778 2047 3132 2118 Marcionem,
3177 2068 3300 2108 cum
3346 2071 3452 2125 quo

1871 2130 2107 2186 Irenzeus
2128 2141 2183 2189 et
2208 2132 2482 2190 Modestus
2513 2138 2801 2206 magniﬁce
2830 2139 3096 2199 laborant.
3129 2143 3235 2200 Sed
3264 2156 3319 2201 et
3351 2147 3454 2202 Me-

1871 2223 1969 2278 Iito
2000 2221 2342 2281 Sardicensis
2372 2228 2618 2296 antistes,
2641 2238 2697 2284 et
2723 2216 3054 2304 Apollinaris
3093 2236 3455 2310 HierOpolita-

1872 2332 1999 2383 nus,
2045 2317 2389 2375 celeberrimi
2435 2320 2725 2389 habentur,
2769 2334 2823 2381 et
2875 2329 3121 2385 scribunt
3159 2331 3327 2388 libros
3357 2350 3455 2404 pro

1872 2416 2061 2463 nostra
2095 2409 2490 2467 intercessione
2526 2412 2800 2471 Antonino
2846 2417 3159 2488 imperatori
3206 2436 3452 2479 romano.

1871 2499 2101 2556 Exstant
2119 2512 2299 2558 autem
2323 2503 2594 2561 Melitonis
2614 2507 2783 2562 multa
2808 2517 2863 2564 et
2888 2512 3150 2580 praeclara
3173 2516 3453 2584 opuscula,

1871 2590 1926 2645 in
1957 2593 2152 2661 quibus
2177 2594 2435 2652 Ecclesia:
2479 2597 2605 2654 ﬁdei
2634 2600 2871 2672 regulam
2922 2604 3058 2659 mira
3085 2607 3326 2681 depingit
3369 2606 3461 2666 ra;

1872 2682 2039 2738 tione.
2073 2683 2190 2749 llic,
2218 2686 2272 2741 in
2307 2687 2488 2744 libello
2518 2705 2679 2760 quem
2703 2691 2772 2747 de
2799 2694 3108 2764 explatione
3136 2696 3451 2769 Scriptura-

1872 2791 1992 2829 rum
2038 2778 2247 2844 scribit,
2296 2781 2453 2849 quasi
2506 2780 2562 2836 in
2618 2784 2954 2853 praefatione,
3005 2800 3291 2847 enumerat
3334 2809 3457 2864 qua:

1872 2864 1979 2918 sint
2025 2865 2236 2921 Veteris
2289 2866 2625 2925 Testamenti
2666 2873 2963 2943 volumina,
2997 2893 3117 2947 quae
3144 2879 3199 2934 in
3248 2896 3458 2940 canone

1872 2955 2105 3012 debeant
2132 2958 2431 3015 observari.

2476 3114 2647 3156 CAPUT
2695 3117 2851 3158 XXIII.

2174 3233 2414 3289 Irena'us
2442 3236 2507 3291 de
2540 3240 2729 3293 hmresi
2752 3239 3172 3307 Encratitarum.

1946 3345 2162 3417 (Euseb.
2195 3348 2286 3402 lib.
2320 3364 2394 3414 IV,
2443 3367 2489 3404 c.
2531 3349 2622 3412 28.
2674 3352 2766 3407 29.
2800 3352 2947 3409 Ireu.
2997 3355 3088 3410 lib.
3120 3374 3158 3424 1,
3196 3375 3312 3431 cap.
3366 3361 3458 3428 30,

1875 3434 2019 3491 Hist.
2051 3436 2295 3505 Eccles.;
2326 3438 2519 3510 Epiph.
2545 3440 2636 3494 lib.
2687 3457 2770 3509 ιιι,
2806 3442 2934 3498 Tob.
2961 3460 3000 3511 ι,
3030 3445 3276 3520 Encrat.)
3310 3449 3462 3509 Tunc

1875 3528 2051 3598 surgit
2094 3528 2315 3583 harresis
2346 3530 2772 3597 Encratitarum,
2811 3549 2843 3589 a
2894 3534 3193 3593 Saturnino
3220 3549 3276 3594 et
3321 3540 3462 3597 Mar-

1874 3617 2033 3672 cione
2076 3617 2444 3685 descendens,
2497 3620 2870 3681 damnantium
2921 3626 3070 3683 cibos
3120 3631 3459 3700 animalium,

1876 3722 2013 3777 quos
2057 3706 2200 3763 Deus
2247 3726 2369 3764 cum
2413 3713 2713 3782 gratiarum
2747 3716 2962 3772 actione
2985 3720 3236 3777 Immanis
3272 3723 3460 3780 usibus

1874 3797 2252 3871 percipiendos
2282 3799 2538 3868 instituit,
2566 3804 2783 3875 nuptias
2808 3822 3024 3878 quoque
3051 3819 3106 3864 et
3144 3809 3461 3869 fornicatio-

1877 3905 2000 3945 nem
2023 3900 2078 3946 et
2103 3893 2506 3962 corruptionem
2527 3897 2645 3965 pari
2672 3896 2789 3969 lege
2807 3897 3187 3967 iudicantium.
3215 3903 3455 3970 Quorum

1877 3989 2155 4035 auctorem
2176 3976 2464 4051 quemdam
2489 3982 2655 4040 fuisse
2676 3987 2827 4042 aiunt
2850 3986 3163 4057 Vatianum,
3177 3993 3267 4062 qui
3284 3994 3461 4064 primo

1876 4069 2091 4124 auditor
2117 4070 2220 4124 fuit
2246 4069 2468 4138 Justini,
2492 4081 2548 4128 et
2574 4074 2629 4129 in
2656 4075 2766 4130 vita
2792 4077 2910 4149 ejus
2936 4078 3070 4133 nihil
3098 4080 3205 4137 tale
3239 4084 3461 4154 quidem

1875 4162 2134 4232 prodidit,
2182 4164 2275 4219 sed
2321 4173 2607 4235 postquam
2638 4166 2727 4223 ille
2748 4171 3014 4240 martyrio
3051 4173 3326 4229 resolutus
3351 4186 3459 4243 est,

1874 4253 2107 4309 abscidit
2125 4269 2186 4310 se
2210 4255 2278 4310 ab
2300 4254 2578 4321 Ecclesiis,
2600 4258 2838 4314 doctoris
2860 4262 3170 4331 arrogantia
3187 4264 3457 4332 tumidus;

1876 4352 1931 4398 et
1955 4353 2014 4398 ut
2051 4346 2227 4416 major
2254 4348 2466 4404 caeteris
2492 4350 2879 4416 aestimaretur,
2923 4352 3201 4421 proprium
3231 4356 3458 4413 docendi

1876 4432 2112 4491 instituit
2141 4436 2360 4508 stylum.
2380 4437 2627 4508 (Niceph.
2660 4439 2751 4493 lib.
2777 4456 2852 4505 tv,
2879 4457 2927 4495 ε.
2946 4442 3004 4494 ll
3022 4481 3036 4507 ,
3060 4441 3203 4497 Hist.
3230 4443 3461 4519 Eccles.)

184 4506 337 4579 cm.)
391 4506 496 4562 Per
543 4508 686 4564 idem
753 4517 966 4579 tempus
1022 4512 1363 4582 supradictus
1419 4498 1852 4585 philosophus!)
1884 4526 2079 4583 Verum
2107 4498 2506 4594 bic'Vatianus,
2540 4498 2883 4587 collationem
2932 4533 3139 4590 faciens
3167 4498 3460 4605 quamdam

182 4596 391 4654 Christi
431 4596 675 4654 Justinus
707 4601 1006 4655 secundum
1041 4602 1156 4673 jam
1198 4603 1416 4670 librum,
1447 4622 1546 4677 pro
1571 4616 1771 4663 nostrze

188 4689 466 4762 religionis
490 4688 805 4747 defensioue
852 4694 1243 4765 conscriptum,
1297 4694 1770 4768 olfertjudicibus.

186 4782 707 4839 Remunerationem
739 4784 933 4856 linguae
965 4785 1140 4844 fidelis
1167 4798 1223 4844 et
1250 4792 1475 4846 eruditae
1522 4795 1773 4867 martyrii

188 4875 396 4945 recepit
434 4889 655 4941 munus,
684 4886 976 4934 accusante
1003 4896 1125 4935 eum
1153 4884 1386 4951 quodam
1430 4886 1772 4958 philosopho,

187 4967 482 5024 Crescente
513 4968 757 5036 nomine,
795 4971 981 5029 doloso
1019 4974 1313 5044 proditore,
1344 4987 1399 5033 et
1443 4981 1694 5037 tendente
1725 4983 1776 5038 ei

188 5059 438 5125 insidias,
468 5074 660 5129 proeo
704 5063 938 5119 maxime
984 5068 1129 5135 quod
1177 5083 1319 5138 smpe
1366 5085 1489 5125 eum
1520 5072 1776 5141 praefatus

188 5146 433 5204 Justinus
477 5150 590 5205 suis
644 5150 1098 5223 disputationibus
1154 5159 1375 5229 publice
1418 5160 1772 5218 confudisset.

190 5235 311 5302 Hic,
351 5248 642 5309 antequam
683 5246 965 5313 proprium
1021 5246 1273 5305 funderet
1313 5266 1567 5321 agonem,
1606 5254 1772 5310 etiam

188 5344 379 5386 eorum
398 5330 491 5399 qui
511 5340 641 5387 ante
667 5347 791 5388 eum
813 5345 1085 5408 martyres
1103 5341 1452 5408 exstiterant,
1473 5345 1773 5401 certamina

191 5422 473 5478 describit.
504 5423 737 5480 Exstant
766 5434 823 5481 et
843 5427 949 5483 alia
975 5429 1093 5499 ejus
1117 5435 1377 5502 opuscula
1409 5438 1689 5505 praeclara,
1720 5448 1777 5496 et

190 5529 403 5584 magna:
429 5515 752 5573 eruditionis
778 5517 998 5587 indicia,
1031 5537 1152 5593 quae
1199 5541 1524 5586 enumerare
1555 5530 1772 5603 longum

192 5612 294 5660 εει.

175 5774 181 5779 -
267 5754 291 5781 υ
328 5741 623 5801 Delendum
648 5747 864 5803 videtur
892 5766 924 5802 a
950 5750 1156 5821 quibus.

636 5840 908 5905 Ριτιιοι.
956 5842 1236 5909 CXVIII.

1878 4620 2301 4692 evangeliorum,
2353 4623 2539 4677 nescio
2585 4625 2855 4694 quomodo
2881 4629 3156 4697 componit
3183 4645 3349 4684 unum
3395 4646 3464 4688 ex

1878 4718 2135 4779 quatuor,
2183 4712 2327 4781 quod
2357 4713 2692 4770 diatessaron
2733 4717 3018 4771 nominant
3068 4735 3237 4775 :uant
3292 4722 3461 4779 etiam

1879 4818 2026 4858 nunc
2055 4804 2286 4859 habetur
2319 4819 2351 4859 a
2382 4804 2585 4863 multis.
2610 4806 2806 4886 (Exstat
2830 4824 2971 4865 unus
3003 4809 3162 4879 hujus
3187 4828 3255 4869 ex
3277 4814 3465 4873 multis

1879 4896 2112 4962 libellus,
2145 4913 2305 4967 quem
2337 4899 2595 4957 adversus
2626 4909 2816 4972 gentes
2842 4902 3054 4968 scribit,
3080 4905 3171 4975 qui
3201 4920 3268 4960 ex
3287 4909 3465 4963 omni-

1878 4985 1982 5042 bus
2008 4988 2225 5058 scriptis
2239 4989 2356 5058 ejus
2374 4991 2679 5061 praecipuus
2707 5000 2761 5045 et
2786 4991 2942 5047 valde
2963 4993 3112 5049 utilis
3137 4998 3463 5067 comproba—

1882 5068 1992 5137 tur.
2026 5081 2130 5135 Per
2174 5080 2316 5136 idem
2348 5089 2561 5152 tempus
2586 5082 2851 5154 pullulant
2889 5085 3188 5142 innumera:
3227 5088 3465 5146 haereses

1880 5179 1934 5227 et
1980 5173 2250 5243 praecipue
2295 5174 2436 5244 apud
2471 5173 2910 5246 Mesopotamiam
2940 5214 2957 5243 ,
3002 5179 3200 5248 quibus
3243 5180 3464 5236 fortiter

1882 5264 2107 5332 obstat,
2182 5265 2558 5322 disertissimis
2630 5267 3087 5339 disputationibus
3155 5272 3269 5328 suis
3324 5272 3461 5328 Bar-

1882 5356 2112 5412 desanes
2152 5357 2389 5428 quidam,
2419 5368 2610 5431 potens
2638 5361 2693 5416 in
2733 5362 2897 5421 verbo
2920 5372 2976 5418 et
3001 5364 3272 5430 doctrina,
3298 5376 3353 5419 et
3372 5378 3465 5419 ve-

1882 5444 2108 5502 hemens
2136 5446 2451 5505 dialecticus
2482 5467 2494 5503 :
2520 5458 2576 5505 et
2598 5450 2763 5506 libros
2787 5452 2977 5509 scribit
2999 5454 3235 5509 maxime
3269 5454 3462 5508 adver-

1881 5553 1976 5595 sus
2004 5538 2351 5606 Marcionem,
2384 5556 2520 5611 quos
2543 5544 2758 5614 pr0pria
2790 5544 2993 5616 lingua,
3027 5546 3129 5601 hoc
3173 5552 3255 5600 est
3300 5543 3462 5616 Syra,

1885 5630 2235 5702 compositos,
2253 5631 2500 5703 discipuli
2520 5634 2640 5705 ejus
2667 5635 2722 5690 in
2750 5634 2996 5692 Graecum
3022 5643 3231 5691 vertere
3253 5648 3465 5693 sermo.

3109 5860 3187 5921 27
