4002 6348
591 345 700 405 845

1091 344 1446 405 HAYMONIS
1480 344 1961 404 HALBERSTAT.
2003 346 2216 404 EPISC.
2257 345 2407 405 OPP.
2448 345 2630 404 PARS
2666 345 2753 402 Ill.
2793 376 2864 389 —
2903 344 3403 403 MISCELLANEA.

3813 348 3909 405 8“

593 475 743 517 nem.
772 458 934 516 Soter
964 459 1104 514 sedit
1132 459 1292 514 annis
1322 466 1565 531 septem;
1597 475 1705 530 quo
1743 468 1987 530 tempore
2013 460 2177 515 etiam
2206 470 2260 532 Α
2284 460 2415 515 ralis
2464 476 2595 516 usus
2637 459 2926 530 expetebat
2957 460 3104 534 large
3158 460 3499 532 impartiens,
3536 462 3795 518 vivendi
3849 464 3903 519 ti-

594 567 835 607 romana:
884 550 1142 607 Ecclesiae
1188 550 1348 606 Soter
1384 554 1672 624 episcopus
1698 554 1818 623 pius
1854 561 1911 607 et
1936 553 2176 609 clemens

596 644 745 702 circa
785 642 1004 709 fratres,
1032 650 1088 699 et
1135 652 1376 711 sanctus,
1413 638 1781 716 indigentibus
1814 660 1934 716 quae
1977 660 2175 718 corpo-

2284 569 2409 607 nem
2452 552 2598 608 facit.
2638 553 2707 610 Et
2753 569 2853 610 nos
2913 553 3003 610 hic
3056 555 3240 625 quarti
3278 556 3574 613 voluminis
3607 555 3804 614 finem
3832 556 3903 617 fa-

2288 658 2518 700 etamus.

1800 1030 2101 1108 LIBER
2159 1025 2657 1124 QUINTUS.

1156 1388 1327 1429 CAPUT
1372 1386 1594 1428 Ριυιωί.

656 1489 811 1556 (Eur.
847 1488 940 1543 lib.
971 1502 1025 1553 v,
1062 1489 1117 1541 in
1140 1485 1331 1557 princ.)
1372 1484 1549 1555 Igitur.
1568 1482 1746 1539 Soteri
1775 1480 2015 1552 episcop.
2038 1480 2173 1535 duo-

580 1582 823 1637 decimus
845 1578 913 1634 ab
935 1577 1214 1649 apostolis,
1245 1574 1490 1631 succedit
1515 1572 1881 1638 Eleutherius,
1910 1570 2172 1642 vigesimo

579 1674 820 1731 secundo
840 1688 983 1727 anno
1004 1669 1213 1740 imperii
1237 1668 1307 1723 M.
1334 1666 1590 1723 Antonini
1617 1664 1761 1720 Veri.
1788 1665 1905 1732 Quo
1926 1674 2170 1735 tempore

2284 1369 2563 1439 respondit
2582 1385 2593 1422 :
2611 1367 2712 1437 Qui
2737 1368 2921 1438 plures
2945 1376 3091 1434 sunt,
3107 1368 3418 1427 nominibus
3436 1371 3878 1443 distinguuntur;

2281 1460 2376 1531 qui
2404 1477 2544 1517 unus
2573 1471 2677 1527 est,
2710 1478 2817 1517 non
2861 1461 3083 1534 indiget.

2928 1588 3102 1628 CAPUT
3140 1587 3224 1629 ιιι.

2629 1662 2764 1719 Item
2800 1681 2865 1718 ea:
2912 1664 3133 1735 epistola
3163 1661 3528 1737 Lugdunensi.

576 1777 678 1836 per
705 1768 901 1818 multas
926 1762 1131 1817 romani
1154 1759 1305 1815 orbis
1330 1759 1657 1830 provincias,
1683 1772 1750 1812 ex
1779 1756 2170 1812 acclamatione
2198 1785 2247 1848 Β
2351 1774 2524 1832 Tama
2553 1784 2733 1833 autem
2764 1777 3048 1832 beatorum
3089 1786 3392 1850 martyrum
3423 1779 3754 1835 humanius
3777 1791 3872 1837 em

575 1855 724 1927 vulgi
749 1864 804 1910 et
829 1853 1090 1910 seditione
1118 1852 1404 1907 adversum
1436 1857 1673 1914 nostros,
1709 1848 2010 1904 durissima:
2042 1862 2169 1917 per-
2202 1902 2205 1907 ,

574 1947 881 2003 secutiones
902 1945 1265 2009 concitantur,
1293 1943 1368 1998 ita
1394 1950 1455 1998 ut
1484 1948 1782 2012 martyrum
1806 1939 1973 1995 multa
1998 1939 2166 1994 millia

572 2054 672 2111 per
704 2038 911 2110 singula
937 2038 1055 2094 loca
1078 2036 1231 2092 fiant.

1237 2189 1410 2231 CAPUT
1445 2188 1504 2227 ll.

844 2287 920 2342 De
950 2284 1190 2358 Epistola
1210 2284 1585 2369 Lugdunensis
1617 2281 1890 2338 Ecclesite.

646 2421 838 2497 (Idem.
881 2438 963 2476 cu.
987 2420 1023 2474 5
1051 2419 1223 2490 ejusd.
1255 2418 1345 2473 lib.
1375 2415 1524 2472 Nice.
1554 2419 1606 2483 1,
1634 2418 1826 2484 16,1’7,
1852 2416 1938 2473 18.
1961 2416 2055 2470 lib.
2089 2430 2159 2479 Iv,

574 2516 717 2572 Hist.
763 2511 989 2583 Eccles.)
1029 2512 1181 2567 Tunc
1215 2510 1357 2566 servi
1384 2510 1585 2566 Christi
1614 2508 1923 2564 habitantes
1952 2507 2166 2578 Lugdu—

573 2626 724 2675 num,
757 2606 1043 2671 Viennam,
1075 2605 1441 2661 nobilissimas
1471 2602 1659 2659 Galliae
1689 2603 1871 2667 urbes,
1903 2602 2164 2673 gravissi-

574 2704 679 2759 mis
717 2699 1154 2756 tribulationibus
1181 2697 1521 2769 afﬂiguntur;
1570 2698 1800 2767 quibus,
1832 2707 1893 2751 ut
1923 2696 2166 2751 breviter

572 2802 629 2851 et
658 2794 855 2864 raptim
900 2808 996 2862 per
1025 2792 1207 2845 omnia
1248 2790 1684 2860 persecutionum
1716 2804 1915 2860 genera
1947 2788 2167 2843 conclu-

575 2885 788 2948 damus,
827 2884 954 2939 totis
1001 2884 1209 2937 viribus
1263 2897 1587 2952 congressus
1638 2891 1725 2936 est
1773 2882 2044 2936 inimicus.
2100 2880 2168 2935 Et

572 2975 752 3045 primo
790 2974 1028 3044 quidem,
1075 2972 1356 3027 domorum
1398 2972 1477 3026 eis
1508 2971 1826 3041 prohibetur
1867 2971 2162 3036 habitatio;

496 3056 510 3070 ’
568 3075 689 3120 tum
741 3064 933 3119 deinde
962 3078 1092 3119 usus
1122 3062 1462 3128 balnearum,
1511 3070 1635 3133 post
1670 3064 1838 3117 etiam
1874 3078 2166 3133 processus

2273 1876 2330 1924 et
2358 1866 2671 1933 humilitas,
2700 1878 2760 1924 ut
2790 1867 3107 1939 frequenter
3136 1878 3406 1942 martyres
3437 1869 3603 1937 facti,
3656 1882 3778 1942 post
3797 1876 3869 1929 be

2276 1959 2433 2025 stias,
2469 1969 2592 2029 post
2643 1959 2795 2031 ignes
2832 1969 2889 2015 et
2935 1960 3194 2026 laminas,
3220 1961 3545 2017 nullatenus
3572 1971 3867 2033 paterentur

2271 2067 2332 2108 se
2359 2067 2389 2107 a
2418 2051 2682 2125 martyrio
2722 2051 3006 2123 appellari,
3048 2051 3136 2108 vel
3181 2053 3237 2107 in
3283 2068 3550 2108 sermone
3577 2053 3669 2108 vel
3697 2055 3749 2109 in
3772 2056 3863 2124 epi-

2275 2142 2415 2199 stola
2458 2142 2723 2207 fratrum;
2749 2154 2803 2198 et
2829 2144 2874 2198 si
2904 2144 3028 2215 quis
3066 2143 3184 2200 haec
3211 2142 3454 2211 fecisset,
3479 2145 3685 2202 durius
3717 2146 3862 2202 incre—
3964 2196 3965 2219 η

2271 2237 2497 2306 pabant,
2533 2235 2777 2291 dicentes
2826 2236 2972 2306 quod
3019 2236 3137 2291 haec
3176 2237 3469 2309 appellatio
3516 2238 3626 2294 soli
3674 2237 3860 2293 Christo

2273 2327 2560 2392 debeatur,
2585 2326 2669 2381 vel
2696 2335 2844 2382 certe
2871 2326 2958 2382 his
2987 2327 3078 2398 qui
3103 2335 3229 2398 post
3253 2326 3452 2383 bonam
3481 2327 3857 2385 confessionem

2269 2417 2551 2474 discedere
2571 2418 2636 2475 de
2658 2419 2761 2475 hac
2779 2420 2887 2475 vita
2913 2428 2970 2477 et
2989 2435 3216 2492 pergere
3236 2422 3307 2476 ad
3325 2420 3503 2477 Deum
3533 2429 3853 2478 meruerunt:

2269 2521 2372 2562 nos
2396 2516 2577 2564 autem
2604 2509 2927 2574 humiles,et
2947 2511 3130 2582 egeni,
3152 2512 3390 2571 aiebant.
3415 2522 3680 2585 optamus
3701 2513 3853 2584 utipsa

2269 2600 2462 2657 saltem
2487 2602 2541 2657 in
2563 2603 2720 2658 nobis
2748 2603 3021 2659 confessio
3042 2613 3160 2659 tuta
3184 2615 3534 2675 permaneat.
3559 2605 3730 2662 Tanta
3749 2620 3851 2675 ergo

2269 2702 2388 2750 erat
2416 2694 2471 2749 in
2503 2696 2582 2751 eis
2610 2697 2910 2761 humilitas,
2951 2706 3032 2763 ut,
3070 2713 3201 2767 cum
3224 2698 3388 2755 rebus
3429 2700 3572 2771 ipsis
3616 2709 3850 2774 martyres

2269 2796 2473 2851 essent,
2522 2785 2760 2842 nominis
2812 2795 2992 2842 tamen
3032 2784 3357 2857 iactantiam
3404 2786 3688 2861 fugerent,
3733 2792 3848 2847 inter

2273 2874 2473 2931 fratres
2502 2876 2758 2942 humiles’,
2788 2878 2929 2932 inter
2953 2886 3334 2948 persecutores
3354 2879 3507 2936 elati.
3532 2881 3847 2937 Acwsabant

2268 2971 2566 3037 neminem,
2586 2971 2875 3028 solvebant
2898 2982 3141 3039 cunctos,
3180 2973 3470 3045 litigabant
3487 2991 3616 3048 erga
3642 2978 3843 3042 nullum,

2271 3062 2502 3117 orabant
2542 3077 2641 3132 pro
2678 3064 3122 3133 persecutoribus
3164 3063 3304 3130 suis,
3344 3073 3559 3134 utentes
3588 3069 3754 3123 verbis
3784 3068 3838 3123 S.

575 3156 644 3210 ad
672 3155 979 3227 publicum;
1030 3155 1095 3210 ad
1126 3154 1374 3210 ultimum
1406 3170 1535 3210 vero
1566 3162 1676 3210 tam
1722 3154 1970 3225 publicus
1998 3173 2163 3228 quam
2193 3176 2239 3239 ο
2272 3152 2533 3223 Stephani
2563 3155 2839 3227 martyris,
2862 3155 3129 3210 dicentis:
3156 3154 3411 3223 Domine,
3439 3173 3499 3212 ne
3521 3165 3711 3212 statuas
3739 3157 3835 3213 illis

570 3247 815 3318 privatus
841 3247 1008 3303 locus.
1035 3246 1126 3303 Sic
1146 3246 1377 3317 denique
1402 3244 1595 3316 injuria
1618 3246 1798 3304 affecti
1821 3248 2163 3317 clauduntur,

580 3343 955 3409 verberantur,
1010 3342 1338 3414 lapidantur,
1388 3350 1445 3397 et
1491 3343 1892 3407 excruciantur,
1943 3345 2079 3399 adeo
2107 3354 2167 3399 ut

574 3434 817 3505 singulas
865 3434 1137 3490 cruciatus
1179 3434 1389 3504 species
1444 3449 1604 3489 nemo
1647 3434 1819 3504 possit
1870 3450 2164 3506 exponere.

577 3523 685 3580 Sed
712 3525 985 3580 sustinent
1019 3525 1396 3594 aequanimiter
1423 3526 1618 3591 sancti,
1644 3526 1721 3581 uti
1751 3527 1975 3583 stabiles
2008 3526 2167 3583 Chri-

573 3617 642 3672 sti
674 3616 957 3681 columnaa,
986 3631 1084 3672 nec
1121 3615 1294 3671 solum
1323 3616 1434 3687 jam
1467 3616 1652 3673 ferunt
1674 3618 1927 3688 impetus,
1958 3620 2049 3675 sed
2081 3620 2163 3674 ul-

576 3715 660 3760 tro
686 3706 849 3761 etiam
878 3713 1154 3776 expetunt.
1187 3704 1418 3772 Quidam
1449 3714 1631 3763 autem
1659 3707 2010 3775 infirmiores,
2037 3710 2168 3766 sub-

572 3799 765 3855 eundis
818 3799 1056 3863 invalidi,
1118 3799 1354 3868 peccatis
1398 3799 1511 3854 suis
1555 3798 1739 3855 forsan
1796 3800 2164 3871 exigentibus,

573 3890 849 3955 labuntur,
880 3889 1051 3945 ferme
1078 3889 1300 3955 decem;
1328 3889 1419 3960 qui
1450 3889 1603 3961 lapsu
1632 3906 1732 3947 suo
1754 3890 1960 3947 luctum
1981 3891 2168 3963 ingen-

574 3989 683 4035 tem
715 3980 1027 4049 relinquunt
1048 3979 1326 4045 Ecclesiae,
1348 3996 1471 4052 quae
1497 3982 1564 4036 de
1587 3981 1832 4051 lapsibus
1854 3991 2167 4039 nostrorum

573 4073 748 4145 magis
775 4087 939 4141 quam
971 4072 1039 4128 de
1068 4071 1353 4127 tormentis
1398 4071 1666 4127 tristatur.
1704 4073 1858 4129 Tunc
1905 4075 2166 4131 adversus

576 4171 814 4229 nostros,
837 4161 1051 4219 diabolo
1078 4160 1389 4233 instigante,
1413 4177 1552 4218 nova
1579 4171 1635 4219 et
1660 4163 1914 4234 capitalia
1942 4166 2165 4221 menda-

575 4256 660 4313 cia
700 4256 852 4327 plebs
882 4252 1172 4310 inﬁdelium
1201 4263 1622 4319 commentatur,
1655 4264 1730 4322 et,
1756 4257 2166 4327 comprehensis

576 4346 897 4420 quibusdam
933 4348 1107 4405 servis
1135 4349 1362 4419 paganis
1387 4346 1842 4415 Christianorum,
1874 4357 2166 4421 extorquet

571 4445 642 4500 ab
672 4444 773 4510 eis,
806 4449 1200 4499 tormentorum
1244 4449 1412 4505 metu,
1444 4441 1587 4511 quod
1615 4450 1670 4498 et
1697 4440 1992 4498 Christiani
2024 4443 2164 4499 filios

571 4552 701 4594 suos
741 4498 1050 4600 comedam,
1079 4541 1134 4589 et
1161 4532 1428 4589 matribus
1455 4498 1512 4589 et
1540 4534 1820 4591 sororibus
1843 4534 2158 4592 abutantur.
2188 4498 2243 4616 ἲς

566 4620 707 4683 Hinc
746 4626 885 4697 apud
923 4639 1115 4680 omnes
1142 4622 1436 4679 Christiani
1459 4625 1819 4680 exsecrationi
1866 4625 2160 4693 habentur,

563 4719 869 4790 praesertim
921 4716 1061 4787 apud
1105 4730 1201 4771 eos
1247 4715 1339 4785 qui
1393 4715 1715 4772 clementius
1763 4715 2025 4773 adversus
2068 4733 2165 4774 eos

566 4812 822 4881 agebant.
874 4808 1021 4862 lnter
1046 4821 1187 4877 quos
1225 4813 1447 4862 sanctus
1486 4806 1708 4877 quidam
1755 4807 2037 4873 diaconus,
2068 4824 2164 4863 no-

565 4901 712 4954 mine
760 4897 1187 4963 Viennensis,'et
1230 4896 1512 4963 Blandina,
1570 4898 1768 4954 nobilis
1841 4898 2062 4965 femina,
2109 4909 2166 4955 et

565 4988 856 5053 Photinus,
904 4986 1228 5044 venerabilis
1276 4986 1654 5057 Lugdunensis
1699 4989 2006 5061 episcopus,
2037 5005 2161 5046 cum

558 5081 677 5153 jam
704 5080 1067 5151 nonagenaria
1091 5088 1237 5136 esset
1267 5088 1449 5148 aetate,
1478 5088 1535 5136 et
1570 5095 1684 5151 prae
1714 5081 1974 5151 languore
1996 5091 2054 5139 et
2076 5097 2164 5139 se-

567 5176 682 5238 nio,
712 5173 885 5244 magis
914 5170 1222 5230 deferretur
1252 5174 1319 5230 ad
1342 5174 1630 5229 tribunalia
1656 5189 1820 5245 quam
1846 5176 2159 5243 duceretur,

565 5266 850 5324 solvuntur
876 5268 1158 5339 martyrio,
1190 5267 1333 5324 sicut
1361 5276 1513 5340 gesta
1544 5283 1733 5325 eorum
1766 5270 1988 5326 habent.
2017 5270 2163 5328 Pati-

566 5369 657 5414 tur
681 5369 737 5416 et
768 5374 892 5414 cum
911 5359 993 5415 eis
1017 5359 1233 5417 Attalus
1259 5360 1503 5431 quidam,
1527 5362 1684 5431 cuius
1717 5363 1861 5419 inter
1890 5372 2161 5422 tormenta

2273 3247 2378 3302 hoc
2404 3255 2706 3317 peccatum.
2744 3247 2807 3302 Et
2837 3261 2934 3319 per
2958 3247 3180 3304 nimiam
3220 3249 3547 3306 cbaritatetn
3572 3266 3727 3321 quam
3753 3250 3840 3307 ba-

2271 3337 2475 3393 bebant
2499 3338 2552 3393 in
2579 3337 2796 3394 Christo
2835 3338 2986 3407 Jesu,
3015 3350 3071 3396 et
3116 3340 3184 3397 iis
3208 3341 3302 3412 qui
3332 3341 3469 3413 lapsi
3505 3341 3710 3397 fuerant
3730 3340 3835 3397 totis

2272 3429 2686 3499 miserationum
2741 3431 3043 3491 visceribus
3096 3433 3463 3502 inhaerebant,
3514 3436 3835 3506 omnipotenti

2273 3520 2385 3577 Deo
2433 3521 2774 3581 elfundentes
2820 3540 2920 3595 pro
2963 3525 3044 3582 eis
3082 3524 3302 3583 flumina
3336 3527 3834 3601 lacrymarum;nec

2271 3616 2376 3672 sibi
2401 3625 2612 3689 gratum
2641 3618 2745 3675 iter
2768 3619 3021 3676 dicebant
3044 3620 3207 3676 eundi
3236 3621 3301 3677 ad
3330 3620 3655 3685 Dominum,
3679 3621 3719 3674 si
3734 3634 3834 3691 pars

2271 3709 2642 3766 membrorum
2671 3725 2893 3767 suorum
2921 3713 2987 3767 de
3018 3711 3281 3768 Ecclesiis
3309 3721 3468 3783 rapta
3496 3728 3529 3767 a
3560 3710 3833 3766 diabolodi—

2271 3797 2561 3868 riperetur.
2580 3798 2704 3855 Haec
2725 3815 2880 3871 ergo,
2894 3816 3014 3872 qua:
3035 3817 3104 3857 ex
3128 3809 3403 3856 tantorum
3429 3802 3748 3857 auctoritate
3767 3797 3830 3850 vi-

2273 3905 2460 3947 rorum
2490 3893 2848 3960 descendunt,
2893 3893 3035 3949 icta
3067 3902 3196 3947 sunt
3221 3902 3444 3964 propter
3474 3909 3580 3949 eos
3608 3903 3660 3948 et
3682 3898 3833 3946 contra

2268 3996 2367 4045 eos
2397 3984 2490 4054 qui
2519 3984 2709 4039 tumidi
2750 3992 2805 4040 et
2845 3983 2973 4040 elati
3013 3985 3300 4040 adversum
3339 3982 3548 4040 fratres
3595 3985 3829 4048 feruntur;

2270 4073 2374 4128 etsi
2429 4074 2521 4145 qui
2576 4073 2717 4130 forte
2774 4074 3148 4143 titubaverint,
3196 4074 3403 4132 viscera
3458 4074 3833 4132 miseratione:

2271 4164 2472 4222 Christi
2498 4174 2692 4237 putant
2719 4166 2787 4222 ab
2815 4165 2895 4223 eis
2918 4167 3135 4241 penitus
3158 4167 3523 4223 excludenda.

2923 4293 3096 4336 CAPUT
3135 4296 3209 4335 ιν.

2717 4369 2797 4425 De
2817 4369 3045 4438 Iremro,
3063 4372 3173 4427 viro
3202 4371 3417 4426 illustri.

2342 4480 2559 4555 (Euseb.
2586 4480 2678 4536 tib.
2707 4498 2766 4551 v,
2792 4466 2841 4538 ε.
2870 4482 2987 4557 20.)
3027 4483 3196 4556 Igitur
3223 4484 3479 4551 Pbotino,
3522 4478 3841 4557 Lugdunum

2269 4574 2544 4646 episcopo,
2568 4589 2690 4630 cum
2712 4575 2925 4633 caeteris
2951 4576 3283 4649 martyribus
3303 4584 3598 4641 coronato,
3620 4576 3839 4632 lienus.

2270 4662 2554 4735 Polycarpi
2584 4665 2801 4721 auditor
2829 4666 2885 4721 in
2913 4667 3165 4738 pueritia,
3195 4667 3507 4737 sacerdotio
3534 4667 3659 4736 ejus
3682 4678 3840 4722 succe-

2269 4753 2368 4809 dit.
2390 4753 2489 4811 Hic
2519 4756 2718 4814 multos
2745 4758 2939 4814 scribit
2967 4758 3157 4825 libros,
3181 4767 3238 4814 et
3259 4757 3530 4831 praeclara
3560 4757 3755 4830 ingenii
3773 4754 3839 4810 sui

2270 4854 2618 4901 monumenta
2658 4847 2897 4918 reliquit.
2947 4847 3094 4902 lnter
3141 4847 3312 4904 multa
3338 4855 3397 4925 et
3432 4848 3727 4904 innumera
3760 4858 3838 4900 sna

2266 4934 2524 5004 opuscula
2566 4938 2840 5007 quoddam
2865 4937 2933 4994 de
2977 4939 3319 5009 septuaginta
3343 4938 3739 5011 interpretibus
3757 4934 3842 4990 elc-

2267 5041 2403 5098 gans
2429 5027 2752 5085 miraculum
2786 5039 2997 5086 narrat.

2941 5161 3115 5203 CAPUT
3142 5161 3195 5202 ν.

2626 5258 2706 5314 De
2748 5260 3081 5331 septuaginta
3109 5257 3504 5331 interpretibus.

2336 5370 2533 5443 (Idem,
2562 5389 2609 5426 c.
2634 5370 2689 5437 8,
2717 5371 2888 5442 ejusd.
2918 5372 3034 5446 lib.)
3052 5356 3393 5440 Ptolemaeus,
3419 5372 3630 5444 inquit,
3652 5369 3777 5442 Lagi
3795 5366 3847 5421 ti-

564 5451 761 5508 nobilis
787 5466 891 5507 vox
925 5451 1019 5505 illa
1045 5449 1167 5516 fuit,
1212 5467 1336 5507 cum
1382 5461 1701 5509 assarentur
1728 5469 1922 5512 carnes
1944 5455 2079 5527 ejus,
2109 5466 2164 5514 et
2264 5462 2391 5532 lius,
2414 5464 2601 5521 volens
2613 5464 2954 5521 bibliotheca:
2975 5481 3109 5532 suae,
3131 5481 3294 5538 quam
3313 5464 3455 5538 apud
3475 5460 3847 5522 Alexandriam

565 5543 725 5601 nidor
751 5546 960 5602 adustae
1004 5545 1188 5602 carnis
1230 5546 1641 5616 persentiretur.
1685 5547 1801 5606 Hoc
1828 5563 1931 5616 est,
1966 5552 2157 5623 inquit,

565 5633 816 5707 homines
860 5636 1167 5704 comedere,
1210 5637 1358 5707 quod
1388 5652 1485 5693 vos
1532 5637 1743 5707 facitis;
1777 5656 1902 5698 nam
1934 5659 2033 5701 nos
2058 5645 2159 5701 bo-

2264 5573 2334 5615 ex
2356 5560 2599 5616 omnium
2628 5558 2942 5615 Griecorum
2970 5559 3331 5617 voluminibus
3351 5560 3735 5623 construebat,
3756 5567 3849 5610 ωηο

2258 5649 2435 5721 jorem
2466 5650 2693 5723 gloriam
2720 5667 2984 5721 quaerere,
3018 5656 3153 5723 petit
3179 5653 3343 5708 etiam
3374 5653 3444 5709 ab
3472 5643 3851 5720 Hierosolymis

566 5726 739 5783 mines
774 5704 894 5785 lnon
937 5729 1296 5795 comedimus,
1346 5746 1520 5801 neque
1563 5732 1707 5789 aliud
1738 5735 1866 5804 quid
1892 5737 2018 5791 mali
2050 5739 2162 5810 agi-
2258 5704 2325 5797 ut
2370 5704 2559 5796 eorum
2607 5704 2864 5797 Hebrmas
2894 5704 3214 5814 scripturas,
3244 5743 3299 5798 in
3341 5741 3596 5799 Graecam
3628 5742 3851 5810 linguam

566 5830 707 5874 mus.
735 5819 1101 5894 Interrogatus
1121 5823 1265 5896 quod
1286 5838 1481 5879 nomen
1505 5824 1668 5881 habet
1695 5825 1858 5895 Deus,
1884 5828 2161 5901 eleganter
2262 5834 2671 5909 interpretatas,
2698 5833 2991 5907 acciperet.
3019 5834 3091 5890 At
3115 5833 3216 5902 illi,
3238 5834 3437 5909 quippe
3458 5829 3695 5903 simjecu
3714 5832 3853 5884 erant
