4002 6348
83 349 209 409 845

1060 330 1404 396 HISTORIE
1433 328 1683 391 SACBE
1718 324 2038 387 EPle
2058 354 2133 371 --
2160 324 2291 383 LIB.
2325 323 2387 382 Ὗ.

3243 308 3348 368 846

83 454 750 522 Macedonibus,‘electos,
772 459 827 509 et
846 452 899 507 in
922 449 1217 520 Scripturis
1234 447 1438 503 sanctis
1457 420 1676 500 inutra—
1701 444 1755 504 Α
1776 439 2057 496 xandriam
2078 436 2315 506 suscepit
2334 429 2713 491 sacerdotium.
2735 427 2888 482 'I‘unc
2908 424 3194 482 Pantaenus
3214 425 3348 483 stol—

83 572 208 628 que
228 552 406 624 lingua
429 548 787 620 peritissimos
806 546 951 599 viros
976 541 1314 613 septuaginta
1335 537 1679 611 presbyteros

1779 547 1894 596 cus,
1934 530 2129 586 ibidem
2154 518 2528 584 ecclesiasticae
2564 522 2761 579 scholae
2796 530 2995 586 rector,
3024 521 3078 574 in
3108 506 3350 590 disputa-4

83 612 372 701 Iiiisertmt
399 612 465 695 ad
493 638 857 694 Ptolemaeum.
886 635 943 689 In
967 612 1074 703 quo
1102 612 1280 686 tamen
1310 627 1560 683 voluntas
1582 622 1678 678 Dei
1777 622 1924 677 tione
1939 619 2202 691 dogmatis
2225 616 2391 673 nostri
2417 614 2803 671 disertissimus
2825 613 3083 678 habetur;
3111 612 3203 682 qui
3230 612 3351 672 ﬁdei

83 745 156 792 et
190 731 477 791 consilium
504 729 807 802 gerebatur.
837 725 991 781 Tunc
1023 722 1111 778 ille
1131 720 1462 791 singulorum
1492 716 1685 772 volens

83 827 354 896 accipere
378 822 720 885 documenta,
746 826 802 875 et
825 832 1019 874 verens
1045 830 1117 870 ne
1139 813 1278 869 forte
1295 827 1392 882 per
1420 811 1683 878 interpre-

83 918 367 971 tationem
410 911 745 969 occultarent
789 908 1047 963 insertam
1084 902 1280 959 divinis
1322 897 1684 958 voluminibus

83 1011 413 1073 veritatem,
462 1003 700 1076 singulos
726 1019 757 1058 a
790 1016 849 1059 se
877 1001 1106 1057 invicem
1141 1002 1377 1067 separat,
1403 1002 1457 1049 et
1494 991 1681 1048 eadem

83 1115 351 1159 seorsum
366 1099 570 1170 positos
592 1091 934 1165 interpretari
949 1089 1122 1160 jubet,
1140 1087 1492 1155 eumdemque
1513 1082 1686 1137 inter-

83 1190 357 1267 pretandi
385 1189 629 1246 ordinem
663 1187 717 1241 in
737 1183 960 1257 singulis
989 1179 1352 1237 voluminibus
1370 1177 1681 1232 observare.

83 1285 256 1355 Quos
284 1283 338 1339 in
382 1296 550 1337 unum
595 1293 814 1335 cursum
861 1289 1044 1332 coram
1075 1286 1133 1328 se
1161 1283 1439 1333 revocare,
1469 1276 1524 1321 et
1553 1278 1684 1320 con-

83 1378 252 1436 ferre
281 1376 348 1433 ad
389 1374 619 1431 invicem
659 1386 779 1443 qua:
819 1367 1013 1441 singuli
1060 1360 1399 1434 interpretati
1443 1358 1682 1421 fuerunt,

83 1467 276 1537 iubet.
308 1466 375 1521 Et
410 1479 554 1520 nunc
585 1477 715 1518 vere
755 1461 896 1517 Deus
924 1455 1274 1529 gloriﬁcatur,
1311 1458 1367 1507 et
1408 1447 1687 1518 Scriptura

84 1568 298 1617 sancta
321 1558 467 1631 quod
496 1569 620 1611 vere
641 1552 822 1608 divina
861 1550 933 1606 sit
956 1546 1286 1619 agnoscitur.
1314 1540 1514 1598 Omnes
1541 1537 1689 1594 enim

83 1651 172 1708 de
194 1651 386 1708 eadem
413 1647 602 1704 iisdem
629 1643 835 1708 verbis,
871 1640 1170 1708 iisdemque
1190 1632 1496 1690 nominibus
1522 1630 1690 1684 inter—

1780 713 1959 769 calore
1996 724 2307 774 succensus,
2346 722 2516 777 usque
2553 706 2621 761 ad
2650 704 2853 760 Indiam
2880 703 3190 759 citeriorem
3217 718 3356 774 prae-

1781 806 1928 863 dicat
1952 806 2173 862 verbum
2200 803 2333 870 Dei;
2361 803 2414 857 in
2439 800 2590 872 cujus
2616 801 2809 857 divina:
2828 800 3146 856 eruditionis
3171 801 3352 856 schola

1780 900 2032 959 Clemens
2077 898 2472 957 Alexandrinus
2499 895 2734 950 maxime
2764 893 3010 950 eﬁloruit.
3043 893 3195 949 Tunc
3221 892 3359 950 Nar-
3402 952 3405 955 λ

1783 994 1959 1050 cissus
1984 991 2278 1063 praesidens
2304 988 2563 1046 Ecclesiae
2610 985 3101 1056 Hierosolymorum
3127 985 3371 1043 celebris.

1783 1085 2031 1149 habetur,
2074 1083 2366 1154 praeclarus
2403 1080 2505 1135 ﬁde
2546 1087 2601 1135 et
2628 1092 2791 1147 opere
2817 1078 3113 1149 signorum.
3144 1076 3221 1132 De
3251 1093 3359 1149 quo

1785 1177 1973 1240 fertur,
2022 1177 2164 1231 inter
2194 1176 2442 1231 universa
2485 1172 2602 1241 ejus
2643 1171 2924 1237 miracula,
2962 1172 3104 1243 quod
3132 1172 3270 1227 miro
3301 1181 3358 1228 et

1786 1267 2030 1324 inaudito
2063 1282 2262 1338 genere
2299 1264 2515 1320 virtutis
2542 1278 2737 1333 aquam
2774 1262 2828 1316 in
2863 1261 3038 1318 oleum
3070 1264 3359 1328 convertit,

1786 1358 2002 1430 quando
2028 1358 2167 1414 forte
2188 1358 2241 1413 in
2263 1356 2485 1412 solemni
2511 1355 2597 1409 die
2620 1354 2922 1425 vigiliarum
2939 1353 3157 1409 Pascha:
3181 1356 3360 1411 oleum

1788 1450 1997 1506 deesset
2035 1447 2410 1504 luminarihus.
2459 1445 2652 1518 (Idem,
2702 1462 2749 1499 c.
2788 1444 2854 1499 16
2903 1444 3077 1516 ejusd.
3110 1445 3226 1515 lib.)
3261 1446 3366 1502 Per

1789 1541 1956 1599 idem'
1977 1550 2190 1611 tempus
2232 1539 2403 1594 hostis
2444 1537 2658 1610 generis
2688 1536 2930 1599 humani,
2964 1535 3097 1591 nihil
3127 1552 3363 1608 unquam

1787 1633 1884 1690 otii
1925 1646 2139 1705 gerens,
2165 1630 2408 1686 diversas
2452 1637 2508 1682 et
2545 1627 2725 1681 varias
2754 1626 2990 1681 haareses
3035 1640 3133 1697 per
3158 1626 3365 1697 singula

83 1743 305 1819 pretati
330 1749 476 1806 sunt,
508 1738 575 1796 ab
605 1737 759 1792 initio
785 1746 955 1804 usque
979 1729 1048 1785 ad
1081 1728 1266 1792 ﬁnem,
1296 1725 1370 1780 ita
1399 1729 1459 1777 ut
1500 1727 1557 1777 et
1583 1717 1687 1789 ipsi

1813 1740 2017 1797 [uaeque
2044 1722 2161 1779 loca
2187 1722 2442 1786 suscitat;
2475 1720 2526 1774 in
2555 1719 2749 1789 quibus
2774 1719 3071 1774 maximum
3093 1718 3175 1775 sui
3204 1732 3369 1790 gene-

89 1797 504 1910 auihaderant,
559 1829 788 1903 gentiles
841 1797 1197 1898 agnoscerent
1224 1814 1508 1910 quod‘Dei
1555 1820 1692 1867 nutu
1719 1797 1768 1859 Β
1795 1816 1872 1871 ris
1915 1822 2224 1885 serpentem
2274 1811 2415 1882 apud
2456 1808 2639 1864 Asiam
2668 1808 3066 1880 Phrygiamque
3093 1809 3362 1879 producit,

96 1908 239 1986 tunc
264 1926 559 1998 Scripturae
598 1923 966 1992 interpretata:
995 1921 1141 1971 sunt.
1169 1910 1280 1967 Nec
1322 1908 1541 1971 mirum,
1570 1918 1694 1961 cum

93 2020 374 2077 Hesdram
387 1994 735 2072 sacerdotem
766 2006 1109 2080 inspiraverit
1145 2002 1287 2057 Deus
1311 1998 1377 2053 ad
1400 1994 1696 2065 reparatio-

95 2128 233 2167 nem
266 2109 615 2166 Hebraeorum
646 2101 1000 2162 voluminum,
1042 2095 1143 2150 sub
1180 2088 1490 2160 captivitate
1516 2084 1698 2145 Nabu-

96 2202 454 2260 chodonosor
476 2195 621 2266 regis
655 2200 1056 2261 corruptorum.

761 2318 934 2360 CAPUT
972 2315 1046 2354 VI.

183 2441 214 2471 ι
250 2424 509 2501 (ﬂavum)
553 2422 669 2479 Hoc
693 2418 882 2476 Irenazi
927 2412 1291 2473 testimonium
1338 2408 1405 2463 ad
1452 2420 1700 2462 reveren-

106 2494 269 2579 tiam.
295 2494 599 2574 divinarum
646 2512 1049 2583 Scripturarum
1084 2502 1383 2576 posuimus,
1432 2497 1556 2553 licet
1583 2494 1702 2566 qui-

102 2612 342 2669 busdam
367 2604 754 2664 ecclesiasticis
783 2601 913 2659 viris
931 2599 1177 2655 videatur
1194 2590 1581 2665 apocryphum,
1604 2599 1702 2657 pro

108 2719 183 2760 eo
235 2701 470 2756 maxime
524 2696 668 2767 quod
716 2693 1006 2762 Iosephus,
1055 2685 1285 2757 scriptor
1330 2681 1698 2742 Hebraeorum,

106 2794 249 2851 nihil
304 2792 412 2847 tale
459 2788 705 2853 atﬁrmat,
755 2786 848 2841 sed
899 2784 952 2839 in
1000 2797 1104 2837 una
1138 2778 1437 2845 eademque
1481 2770 1703 2827 basilica

110 2884 309 2942 scribit
328 2898 421 2939 eos
440 2880 646 2953 pariter
665 2876 986 2940 contulisse;
1006 2870 1147 2942 quod
1169 2875 1226 2924 et
1254 2868 1315 2940 Β.
1342 2864 1704 2935 Hieronymus

114 2978 171 3033 in
223 2951 537 3048 praefatione
580 2967 931 3027 Pentateuchi
961 2968 1313 3020 contestatur.
1364 2954 1472 3013 Sed
1491 2954 1606 3026 jam
1635 2951 1706 3007 ad

112 3067 450 3125 narrationis
471 3063 719 3122 ordinem
746 3065 1105 3116 revertamur.

750 3210 922 3252 CAPUT
966 3207 1062 3247 VII.

115 3297 201 3352 De
231 3292 486 3351 miraculo
514 3291 653 3358 facto
696 3304 728 3342 a
768 3274 1081 3341 Christianis
1104 3281 1160 3335 in
1188 3278 1418 3335 exercitu
1455 3272 1710 3330 Christia-

811 3370 1018 3411 norum.

199 3478 374 3551 (Nice.
402 3476 491 3529 lib.
520 3490 594 3539 1v,
620 3489 736 3543 cap.
769 3469 871 3536 I2;
896 3465 1206 3537 Eutropius.
1232 3461 1391 3518 Oros.
1412 3458 1504 3514 lib.
1529 3475 1577 3514 c.
1601 3470 1705 3523 xv;

118 3549 469 3640 Jul.Capitol.
488 3567 540 3620 in
559 3565 608 3619 Μ
616 3558 894 3633 acrophil.)
906 3557 1070 3631 Igitur
1080 3552 1338 3611 Antonini
1355 3549 1707 3622 temporibus,

121 3663 323 3735 quibus
352 3671 429 3717 tot
456 3657 593 3715 mala
638 3655 786 3710 illata
815 3668 934 3708 esse
979 3649 1308 3712 referuntur,
1338 3643 1409 3700 Μ.
1437 3641 1708 3708 Aurelius,

123 3732 296 3815 frater
315 3757 451 3828 ejus,
479 3751 615 3808 bella
646 3748 809 3806 infert
835 3744 1101 3802 Sarmatis
1135 3757 1199 3798 ac
1216 3737 1530 3800 Germanis;
1560 3732 1712 3803 cujus

124 3824 397 3907 exercitus
423 3846 549 3900 dum
579 3842 667 3899 siti
697 3837 1055 3915 periclitatur,
1083 3832 1305 3905 quidam
1333 3828 1533 3885 milites
1562 3824 1714 3881 Chri-

126 3941 289 4001 stiani
315 3939 407 4011 qui
440 3937 688 4001 aderant,
716 3928 1058 4004 supplicant:
1103 3938 1332 3997 quorum
1365 3917 1714 3992 supplicatio-

128 4035 292 4092 nibus
317 4009 370 4087 et
400 4027 579 4100 pluvia
610 4026 759 4097 large
794 4023 862 4078 de
889 4019 1030 4077 casio
1057 4017 1277 4091 perfusa
1306 4013 1483 4072 reﬁcit
1503 4009 1716 4073 exerci-

131 4136 273 4192 tum,
300 4133 354 4180 et
397 4122 620 4177 fulmina
669 4117 861 4175 crebro
905 4112 1248 4172 coruscantia
1291 4108 1477 4182 fugant
1506 4106 1716 4163 eminus

129 4219 340 4274 hostes.
370 4213 601 4269 Narrant
621 4218 677 4267 et
703 4210 807 4267 hoc
829 4206 1107 4280 gentilium
1136 4201 1402 4265 historiae;
1429 4197 1544 4263 sed,
1573 4195 1718 4267 quod

131 4310 241 4366 hoc
259 4324 290 4364 a
312 4306 512 4363 nostris
533 4305 874 4375 impetratum
895 4306 1000 4366 est,
1021 4293 1338 4353 subticendo
1356 4287 1715 4347 dissimulant.

767 4449 941 4492 CAPUT
965 4447 1085 4487 VIII.

366 4534 662 4591 Antoninus
698 4528 927 4601 regnavit
956 4521 1306 4580 navemdecim
1332 4519 1500 4574 annis.

214 4653 428 4729 (Euseb.
450 4650 541 4705 lib.
561 4663 616 4713 v,
638 4662 754 4731 cap;
779 4640 892 4713 10.)
913 4639 1124 4694 Interea
1142 4635 1372 4690 moritur
1393 4629 1716 4695 Antoninus;

141 4718 469 4819 commodus
482 4718 989 4803 succeditimperio.
1004 4727 1157 4783 Tunc
1174 4722 1419 4784 Julianus
1437 4721 1578 4793 apud
1596 4718 1724 4775 Ale-

219 4889 246 4919 ι
283 4871 399 4930 Hoc
425 4868 619 4927 Iremri
647 4862 1020 4921 testimonium.
1050 4859 1129 4914 De
1178 4854 1516 4930 septuaginta
1544 4851 1723 4907 Inter-

148 4928 390 5020 pretibus
410 4940 661 5020 historia,
683 4950 748 4991 ac
776 4931 1083 5020 testimonia
1106 4928 1278 5011 multa
1303 4934 1426 4983 sunt
1453 4940 1574 4994 qua:
1597 4937 1727 5004 par—

415 4988 1003 5069 Irenaacconveniunt,
1031 4998 1227 5071 partim
1263 5012 1391 5074 vero
1417 4988 1523 5050 non
1547 4988 1724 5074 omni-

151 5062 249 5146 HE)".
416 5062 677 5139 insidias
688 5062 846 5149 plane
886 5062 1008 5129 cum
1031 5062 1111 5126 'eo
1139 5067 1453 5149 assentitur,
1482 5062 1730 5149 cellulas-

153 5134 843 5232 quevillorumtdistiitctas
874 5150 1096 5232 narrat,
1114 5134 1732 5232 seque—ogulisflvig'i‘sse

153 5204 546 5287 ‘5'er
570 5204 865 5281 aristaeus,
892 5215 984 5286 qui
1035 5204 1105 5268 ab
1142 5204 1430 5287 Ptolemaeo
1463 5205 1536 5287 ad
1575 5204 1731 5287 Elea-

156 5278 350 5359 Erit}?
360 5278 714 5353 Hebraeorum
735 5278 1045 5360 pontiﬁcem
1073 5299 1139 5340 eo
1160 5280 1388 5360 nomine
1404 5278 1603 5360 missus
1627 5282 1732 5339 est,

158 5346 755 5438 B'i'éfbiiiﬁiihéiomqi
784 5356 1094 5438 complexus
1122 5361 1227 5417 est,
1239 5349 1390 5438 nihil
1421 5346 1539 5432 .tale
1586 5360 1735 5402 com-

159 5420 478 5505 iiiéiﬁb’riif,‘
498 5448 673 5505 neque
701 5420 999 5505 _Joseph'us,
1033 5420 1737 5505 nequenPhilojtetnnquo-

158 5488 663 5569 iiii"3£éioéiia‘te’
696 5488 941 5556 Justinus
978 5488 1169 5569 utitur.
1212 5493 1289 5569 De
1332 5488 1546 5569 cellulis
1573 5489 1737 5558 igitur

161 5560 477 5641 ABE-Ini};
488 5560 858 5635 controversa,
899 5569 953 5623 in
977 5567 1188 5641 Latinis
1212 5564 1379 5641 etiam
1408 5560 1738 5641 Hieronymo

162 5630 748 5724 Siliginis;
780 5630 1047 5724 totam_de
1068 5636 1326 5724 £15m.ij
1370 5630 1740 5724 narrationem

167 5702 570 5792 recte—Explicat
598 5702 931 5788 Epiphanius
961 5710 1015 5764 in
1068 5702 1250 5762 libello
1288 5718 1450 5774 quem
1476 5702 1544 5756 de
1584 5714 1739 5756 men-

166 5796 308 5857 suris
328 5791 561 5867 scripsit.

1794 1906 2124 1971 Montanum,
2151 1902 2244 1973 qui
2273 1915 2332 1956 se
2356 1900 2693 1955 Paracletum
2731 1898 2996 1962 nominat,
3028 1906 3084 1953 et
3114 1897 3369 1955 mulieres

1794 1997 2054 2069 quasdam
2101 2008 2302 2053 secum.
2358 1990 2703 2045 Maximillam
2752 1988 2961 2045 scilicet
3000 1996 3057 2044 et
3104 1989 3369 2056 Priscam,

1794 2085 2169 2159 prophetissas
2189 2098 2309 2138 esse
2335 2081 2480 2137 velut
2505 2097 2568 2136 ex
2596 2096 2692 2136 sua
2720 2080 3073 2150 inspiratione
3093 2079 3375 2152 contingit;

1797 2179 1897 2234 Hic
1943 2177 2108 2247 impie
2139 2176 2294 2231 docet
2335 2175 2549 2245 nuptias
2598 2171 2749 2237 solvi,
2783 2181 2838 2228 et
2857 2172 3183 2243 jejuniorum
3227 2173 3373 2245 leges

1796 2269 2004 2340 primus
2053 2266 2297 2336 imponit.
2347 2263 2448 2320 Hic
2472 2264 2737 2335 Pepusam
2767 2272 2822 2318 et
2846 2263 3152 2336 Thymium,
3183 2266 3376 2337 oppida

1799 2358 2075 2430 Phrygiae,
2100 2355 2432 2412 Hierusalem
2461 2354 2711 2426 appellat,
2744 2362 2905 2424 atque
2944 2356 2998 2409 in
3047 2355 3165 2410 hare
3187 2346 3378 2411 omnes

1801 2448 2209 2521 congregandos
2238 2446 2496 2503 decernit.
2547 2444 2647 2501 Hic
2693 2455 2979 2501 exactores
3012 2444 3253 2515 pecuniae
3278 2454 3382 2502 sta.

1802 2538 1930 2600 t'uit.
1955 2546 2029 2603 et,
2056 2538 2157 2594 sub
2182 2538 2399 2593 nomine
2422 2536 2774 2603 oblationum,
2802 2551 3024 2593 munera
3059 2536 3384 2594 artiﬁciosus
3436 2561 3452 2576 ο

1802 2631 2019 2701 accipit.
2073 2629 2173 2685 Hic
2200 2630 2394 2709 salaria
2447 2637 2668 2700 praestat
2714 2629 3129 2699 praedicantibus
3156 2631 3382 2684 verbum

1804 2738 1981 2789 suum,
2017 2730 2096 2789 ut,
2127 2738 2226 2793 per
2242 2718 2346 2778 ho'c
2373 2722 2559 2788 vincti,
2588 2721 2801 2776 enixius
2821 2720 2939 2791 ejus
2967 2723 3222 2778 doctrina:
3242 2738 3383 2793 prae.

1803 2814 1966 2871 beant
2011 2829 2252 2885 operam.
2304 2813 2410 2867 Sed
2458 2813 2691 2867 traditur
2738 2813 2878 2882 quod
2926 2813 3142 2867 tandem
3189 2813 3304 2884 ipse
3331 2820 3388 2867 et

1804 2904 2059 2961 mulieres
2079 2918 2210 2970 suae,
2235 2904 2352 2974 ipso
2371 2903 2633 2967 daemone,
2657 2916 2765 2972 quo
2784 2900 3205 2972 inspirabantur,
3231 2916 3389 2973 agen-

1805 3005 1883 3064 te,
1952 2997 2180 3054 diversis
2247 2994 2575 3067 temporibus
2637 2994 2832 3064 laqueo
2886 2993 3052 3049 vitam
3104 2993 3384 3060 ﬁnierunt,

1807 3087 2057 3158 exemplo
2083 3084 2234 3141 Iudae
2260 3086 2572 3156 proditoris.
2603 3084 2715 3140 Sub
2745 3086 2850 3140 hoc
2879 3093 3119 3156 tempore
3142 3085 3307 3140 etiam
3328 3085 3385 3140 in

1735 3164 1783 3249 (ι
1812 3181 1946 3234 urbe
1958 3177 2131 3234 Roma
2150 3178 2334 3249 regula
2348 3176 2728 3233 ecclesiasticae
2740 3176 3043 3233 traditionis
3057 3185 3282 3232 vexatur
3293 3188 3391 3249 per

1809 3269 2051 3324 Blastum
2091 3276 2148 3323 et
2188 3267 2465 3323 Florinum
2494 3267 2887 3323 schismaticos.
2924 3266 3030 3323 Sed
3061 3265 3212 3324 fuere
3255 3275 3386 3323 tunc

1808 3375 1907 3432 per
1932 3359 2027 3416 Dei
2053 3360 2283 3431 gratiam
2310 3359 2413 3414 viri
2444 3358 2564 3415 ﬁdei
2595 3367 2649 3414 et
2675 3359 2906 3425 virtutis,
2940 3358 3033 3429 qui
3062 3366 3169 3414 tam
3198 3359 3391 3429 praedi-

1808 3462 1925 3510 ctas
1952 3454 2185 3511 haereses
2211 3468 2373 3522 quam
2397 3451 2768 3514 schismaticos
2788 3452 3122 3519 destruere,
3154 3452 3395 3508 scriben-

1810 3554 1893 3602 tes
1926 3548 2184 3602 adversus
2229 3545 2346 3600 haec
2384 3544 2555 3617 libros
2598 3542 2681 3600 vel
2721 3541 2999 3616 epistolas,
3040 3550 3102 3598 ut
3137 3542 3391 3612 lrenaeus,

1811 3639 2096 3707 Melitides,
2133 3637 2361 3710 Serapio
2385 3678 2401 3706 ,
2444 3637 2779 3710 Apollonius,
2823 3632 2880 3692 et
2924 3635 3252 3710 Apollinaris
3272 3678 3289 3704 ,
3339 3648 3396 3694 et

1812 3731 1968 3787 multi
2012 3730 2125 3787 alii.

2461 3875 2635 3918 CAPUT
2669 3876 2743 3916 IX.

2044 3956 2075 3998 δ
2111 3954 2344 4023 ριιεεεὶο
2370 3954 2553 4011 oborta
2568 3954 2633 4009 de
2654 3951 2893 4022 paschali
2917 3960 3168 4027 tempore.

1883 4068 2116 4133 Interea,
2132 4064 2544 4138 praesidentibus
2565 4062 2820 4119 Ecclesiae
2840 4062 3074 4135 egregiis
3104 4063 3403 4119 sacerdoti-

1815 4162 1938 4229 bus,
1953 4160 2054 4218 sub
2067 4159 2310 4232 principe
2319 4155 2631 4220 Commodo,
2652 4155 2867 4213 Victore
2881 4155 3021 4224 apud
3034 4152 3284 4223 Romam,
3302 4156 3405 4210 De-

1819 4254 2013 4311 metrio
2023 4251 2163 4322 apud
2174 4244 2872 4315 Alexandriam,Serapione
2887 4244 3026 4315 apud
3037 4244 3405 4313 Antiochiam,

1821 4347 1962 4418 apud
1973 4345 2275 4401 Caesaream
2292 4340 2587 4396 Palaestinae
2608 4337 2925 4407 Theophilo,
2939 4346 2994 4392 et
3008 4335 3259 4392 Narcisso
3278 4335 3407 4391 Ille-

1823 4435 2127 4509 rosolymis,
2141 4433 2282 4504 apud
2303 4431 2575 4502 Ephesum
2590 4444 2719 4483 vero
2739 4427 3044 4498 Polycrate,
3058 4428 3286 4497 quaestio
3298 4442 3403 4482 non

1747 4549 1801 4612 Ι)
1824 4527 2047 4583 minima
2081 4524 2328 4580 exoritur
2361 4521 2416 4575 in
2442 4518 2735 4591 provinciis
2761 4516 2924 4583 Asiae,
2956 4517 3124 4573 veluti
3153 4533 3219 4572 ex
3261 4517 3406 4573 anti-
3490 4579 3501 4597 κ

1831 4634 1935 4690 qua
1964 4632 2152 4672 eorum
2197 4611 2575 4695 observatione
2619 4609 2968 4675 descendens,
2999 4609 3140 4678 quod
3188 4618 3408 4677 quarta-

1831 4708 2039 4765 decima
2070 4706 2195 4762 luna
2242 4712 2499 4778 putarent
2522 4702 2669 4757 omni
2710 4710 2948 4772 tempore
2976 4699 3184 4757 Pascha
3222 4702 3412 4758 obser-

1901 4850 1931 4892 ιι
1969 4843 2439 4919 ραιεοιξοΑορονερ
2480 4839 2545 4919 de
2578 4834 2817 4919 ραις]ιωὶ
2860 4846 3103 4904 tempore.
3128 4834 3410 4919 Explica“

1905 4905 2019 4970 stea
2048 4930 2110 4969 ac
2141 4912 2362 4968 deﬁnita
2389 4905 2641 4965 Ecclesiae
2676 4908 2933 4961 Romamn
2969 4906 3175 4976 synodo
3201 4905 3413 4962 scilicet

1884 5003 2023 5041 omne
2053 5004 2082 5039 a
2110 4983 2330 5039 Victore
2376 4978 2635 5051 pontiﬁce
2677 4976 2882 5051 babi_t_a,
2905 4975 3059 5051 cujus
3083 4977 3410 5051 sententiam

1837 5057 2080 5128 reliquiae
2120 5053 2310 5128 synodi
2357 5045 2747 5128 secutie_suti_t.
2794 5045 2929 5128 Nam
2971 5045 3413 5128 lligpsolynﬁsp

1837 5116 2112 5195 Narcisso,
2135 5116 2396 5181 Cmsareaa
2418 5124 2471 5195 in
2493 5118 2829 5195 Palaestinae
2854 5116 3171 5195 Theophila,
3192 5116 3411 5195 _Ga_l-

1837 5200 1909 5255 lia
1938 5187 2281 5271 Lugdunensi
2320 5196 2390 5271 ab
2418 5194 2641 5271 Ιτθ-[ιῳο.
2668 5188 2915 5271 Corinthi
2946 5205 2976 5243 a
3008 5187 3333 5271 Bacchilide,
3358 5187 3413 5269 in

1820 5272 1967 5341 _Asia
1997 5257 2300 5341 avPlasma,
2332 5266 2460 5320 item
2493 5262 2709 5341 Edessa:
2734 5260 2949 5341 ab}th
2981 5268 3036 5315 et
3080 5259 3265 5341 decem
3300 5257 3416 5333 epi-

1842 5343 2043 5413 scopis,
2097 5343 2149 5395 in
2200 5328 2876 5413 Mesopotamiaahaliis,
2908 5329 3210 5413 Commodo,
3251 5328 3418 5410 impe-

1842 5395 2283 5483 raniersynodus
2313 5395 2494 5483 habita
2536 5412 2659 5483 _e_st;_
2687 5395 2874 5483 idque;
2891 5411 3080 5483 contra
3120 5395 3419 5483 Pplyrriitis

1839 5466 2126 5556 synodum,
2158 5496 2321 5551 quam
2352 5476 2549 5547 Ephesi
2576 5466 2781 5530 habuit:
2814 5472 3005 5556 Nicaea;
3048 5466 3278 5556 denique
3297 5466 3420 5556 gre-

1841 5535 2294 5625 qduentiiril’atrum
2345 5535 2629 5625 cjtisensu.
2675 5560 2848 5600 canon
2902 5543 3078 5609 editus
3103 5535 3238 5625 ἀεὶ,
3296 5535 3422 5606 Epi-

1843 5606 2093 5696 Biantis?
2120 5606 2311 5696 tamen
2361 5616 2752 5696 Theodoritus,
2807 5628 2963 5696 quem
3018 5606 3118 5696 etsi
3167 5606 3425 5689 Socrates

1845 5678 2028 5766 negat,
2064 5692 2383 5750 Ambrosius
2423 5699 2478 5745 et
2517 5678 3124 5761 Gregorins'Cappadox
3173 5678 3428 5734 memine-

1847 5772 1993 5821 runt.
