4002 6348
608 337 713 394 ΘΠ

1099 302 1451 393 ΗΑῨΜΟΝΙΒ
1486 332 1961 390 HALBERSTAT.
1999 332 2216 391 EPISC.
2245 332 2399 390 OPP.
2439 333 2618 390 PARS
2655 332 2741 390 Ill.
2773 362 2845 376 —
2874 332 3377 391 MISCELLANEA.

3808 334 3903 389 848

610 461 869 527 vandum,
918 457 1133 530 quando
1178 454 1382 509 scilicet
1426 451 1625 508 Judaais
1673 451 1983 522 praecipitur
2021 465 2194 521 agnus
2220 451 2404 514 Adia,
2455 459 2511 505 et
2556 463 2581 492 α
2630 448 3093 506 subseribentibus
3141 448 3540 505 venerabilibus
3584 448 3895 521 episcopis,

610 552 903 615 immolari,
952 548 1096 604 velut
1140 546 1506 601 necessarium
1532 544 1936 607 conﬁrmantes,
1968 544 2020 597 in
2051 558 2189 613 qua-

612 655 825 711 cunque
856 639 941 693 die
969 636 1284 707 septimana:
1304 634 1710 704 quartadecima
1758 632 1883 685 luna
1930 632 2187 697 venisset,

611 728 743 785 solvi
779 727 975 783 debere
1010 723 1298 795 jejunium,
1325 738 1447 777 eum
1478 722 1603 775 talis
1629 719 1963 775 consuetudo
1992 719 2046 772 in
2073 718 2192 773 aliis

607 816 903 892 provinciis
930 830 1204 886 nunquam
1234 813 1519 869 observata
1549 810 1763 875 fuisset,
1798 809 1884 863 vel
1908 808 2185 863 Ecelesiis.

607 911 689 968 οι)
715 925 874 980 quam
900 906 1122 963 causam
1161 908 1456 962 conventus
1487 904 1857 974 episcOporum
1884 909 1938 956 et
1961 901 2187 955 concilia

606 1011 992 1066 convocantur,
1035 998 1146 1054 tam
1190 998 1331 1069 apud
1360 996 1661 1051 Czesaream
1690 992 1994 1067 Palaestina;
2017 1006 2182 1061 quam

606 1096 748 1167 apud
766 1094 1027 1150 Romam.
1072 1087 1457 1145 altercantibus
1493 1084 1729 1147 Victore,
1762 1097 1991 1137 romano
2011 1082 2188 1151 ponti-

609 1188 708 1243 ﬁce
729 1186 1045 1255 exterisque
1066 1179 1485 1238 occidentalibus
1512 1176 1780 1248 episcopis
1810 1183 2002 1229 contra
2032 1174 2187 1227 Asia-

604 1293 730 1343 nos;
759 1286 815 1332 et
843 1273 1147 1331 dicentibus
1178 1273 1320 1343 quod
1348 1270 1642 1325 non,lieeat
1671 1267 1979 1337 aliquando,
2014 1267 2114 1321 nisi
2134 1268 2186 1321 in

605 1367 692 1421 die
722 1364 1024 1428 Domitiiea,
1058 1364 1111 1417 in
1141 1377 1246 1432 qua
1274 1361 1531 1415 Dominus
1560 1356 1816 1419 surrexit,
1847 1355 2183 1410 Dominicum

603 1454 826 1511 Pascha:
850 1454 1124 1510 celebrare
1145 1451 1481 1524 mysterium,
1512 1458 1568 1505 et
1598 1449 1651 1503 in
1675 1448 1775 1502 hac
1816 1446 1928 1502 sola
1973 1447 2189 1501 solven-

605 1544 733 1599 dum
760 1560 881 1599 esse
903 1541 1193 1613 jejunium.
1440 1571 1495 1585 β
1532 1606 1535 1609 Α

1256 1671 1427 1711 CAPUT
1465 1671 1517 1708 Χ.

610 1749 762 1805 Ratio
788 1746 1106 1819 Polycratis,
1138 1763 1233 1801 cur
1253 1746 1369 1870 vigit
1400 1744 1607 1828 Pascha
1632 1743 2027 1815 quartadecima
2057 1742 2184 1798 luna

1261 1833 1291 1870 ο
1327 1833 1541 1870 servam.

1261 1833 1541 1871 οσδενυαη.

670 1880 1074 1966 Aﬁirmantibus
1116 1910 1343 1963 econtra
1386 1907 1622 1972 Asianis,
1662 1917 1719 1963 et
1751 1908 1987 1962 maxime
2033 1904 2187 1977 Polyg

603 2011 770 2066 crate,
798 1998 1453 2071 Ephesiorum’episcopo,
1482 1999 1571 2067 qui
1596 1998 1733 2053 inter
1772 2013 1869 2053 eos
1894 1997 2186 2067 primatum

601 2108 760 2167 agere
780 2092 1085 2155 videbatur,
1111 2090 1256 2161 quod
1278 2091 1346 2145 ab
1368 2090 1458 2145 illo
1479 2090 1804 2146 intemerato
1829 2090 1915 2145 die
1938 2089 2184 2155 Pascha},
2220 2104 2223 2107 ·

603 2203 654 2240 ιῐΙ
685 2184 812 2256 quo,
843 2183 1139 2240 secundum
1168 2181 1534 2253 Evangelium,
1568 2183 1734 2237 etiam
1772 2183 1886 2252 ipse
1929 2180 2186 2255 Dominus

605 2278 755 2329 suam
785 2272 992 2331 Pascha
1021 2271 1338 2336 celebravit,
1369 2270 1505 2326 nihil
1533 2271 1661 2327 licet
1689 2272 1888 2327 addere
1933 2271 2017 2325 vel
2056 2273 2186 2326 sub-

604 2364 819 2419 trahere
847 2371 908 2418 ut
935 2361 1077 2417 ultra
1107 2361 1629 2432 quartumdecimum
1656 2362 1795 2417 diem
1822 2361 1906 2416 vel
1936 2360 2074 2414 intra
2098 2353 2187 2415 e'e-

604 2455 929 2519 .ebraretur;
978 2452 1437 2524 praetendentibus
1463 2454 1625 2507 etiam
1654 2452 1940 2523 antiquum
1975 2468 2183 2507 morem

602 2550 653 2600 et
680 2542 941 2613 majorum
974 2542 1335 2604 traditionem,
1363 2550 1419 2595 et
1439 2542 1741 2597 dicentibus
1761 2543 1888 2611 quia
1908 2540 2186 2611 Philippus

601 2634 948 2705 evangelista,
978 2633 1068 2702 qui
1095 2647 1219 2687 cum
1247 2632 1359 2687 suis
1398 2632 1611 2687 ﬁliabus
1639 2633 1837 2687 dormit
1870 2633 1923 2687 in
1949 2631 2098 2696 Asia,
2129 2637 2186 2686 et

602 2724 830 2782 Ioannes
855 2724 1158 2795 Apostolus.
1195 2725 1283 2795 qui
1309 2740 1470 2794 supra
1496 2734 1685 2795 pectus
1709 2725 1915 2779 Domini
1944 2726 1996 2778 iu
2028 2738 2184 2780 caena

582 2817 863 2880 .recubuit,
898 2831 1104 2871 necnon
1126 2824 1182 2869 et
1203 2813 1554 2886 Polycarpus,
1584 2814 1876 2886 discipulus
1911 2814 2053 2883 ejus,
2083 2816 2184 2869 οὺ·

602 2915 977 2971 servaverunt;
1006 2907 1222 2961 tandem
1256 2915 1459 2969 autem,
1486 2906 1836 2976 inspiratione
1863 2906 2042 2960 divina
2068 2905 2185 2976 plu-

603 3000 754 3056 rimis
789 2999 843 3055 in
890 3014 1056 3053 unum
1107 2998 1559 3055 concordantibus
1605 3009 1662 3055 et
1700 2999 1931 3054 sanioris
1980 2999 2100 3053 ﬁdei
2130 3007 2186 3054 et

605 3090 840 3148 scientia:
866 3089 1167 3161 episcopis;
1193 3090 1591 3161 promulgatum
1620 3098 1705 3146 est
1730 3089 1970 3145 solemne
1995 3090 2183 3145 dcere.

2294 540 2545 595 Narcisso
2613 540 3120 610 Hierosolymitano,
3175 539 3470 609 Theophila
3533 538 3895 603 Caesariwsi,

2290 629 2490 685 Irenaeo
2512 630 2874 701 Lugdunensi,
2894 645 3017 685 cum
3038 629 3251 685 caeteris
3270 630 3539 700 episcopis
3557 627 3889 696 Galliarum,

2292 728 2347 774 et
2370 718 2814 773 conﬁrmantibus
2841 719 2985 787 quod
3013 719 3066 773 in
3095 718 3377 773 Dominiea
3406 719 3494 774 die
3523 720 3894 775 resurrectio-

2291 809 2375 864 nis
2419 809 2621 865 Christi
2676 809 2992 879 mysterium
3049 807 3274 866 Paschte
3320 809 3514 866 debeat
3572 809 3889 868 omnimodo

2288 898 2572 955 celebrari.

2939 1049 3111 1090 CAPUT
3144 1049 3223 1089 XI.

2359 1167 2618 1238 (dAVIO.)
2644 1166 2773 1222 Mihi
2797 1176 2973 1223 autem
3007 1168 3219 1224 videtur
3257 1167 3563 1224 Romanam
3582 1168 3879 1228 Ecciesiam

2287 1255 2537 1326 prudenti
2561 1256 2789 1311 consilio
2810 1265 2866 1312 et
2891 1258 3106 1312 saniore
3132 1259 3398 1313 sententia
3428 1258 3532 1313 hoc
3563 1258 3762 1328 potius
3788 1260 3879 1314 ele-

2287 1345 2449 1416 gisse,
2481 1360 2549 1400 ne
2583 1344 2861 1414 judaizare
2896 1347 3235 1413 videremur,
3270 1358 3325 1403 et
3377 1347 3694 1403 Mosaicum
3721 1349 3879 1406 adhuc

2285 1437 2371 1491 vel
2400 1435 2743 1516 ﬁgurativum
2783 1437 2992 1493 Pascha
3019 1440 3336 1505 observare,
3382 1442 3429 1494 si
3456 1455 3639 1508 super
3665 1450 3872 1509 quarta-

2286 1529 2494 1585 decima
2520 1530 2645 1584 luna
2676 1530 3069 1586 solemnitatem
3094 1530 3315 1587 Pascha:
3336 1531 3715 1587 celebremus.
3745 1532 3874 1588 Unde

2188 1672 2193 1683 ,
2287 1623 2433 1691 quia,
2465 1621 2618 1677 ﬁnito
2651 1622 2821 1677 veteri
2848 1630 2903 1677 et
2931 1622 3130 1694 typico,
3159 1638 3357 1678 novum
3387 1622 3614 1678 Pascha
3642 1622 3871 1679 Christus

2287 1714 2538 1777 instituit,
2569 1722 2624 1769 et
2652 1729 2752 1785 pro
2778 1730 2873 1770 esu
2911 1714 3035 1786 agni
3081 1716 3244 1788 typici
3291 1716 3515 1771 tradidit
3542 1715 3867 1771 immaculati

2212 1802 2263 1865 B
2291 1806 2373 1862 sui
2415 1805 2656 1876 corporis
2699 1814 2756 1861 et
2794 1806 3068 1878 sanguinis
3109 1806 3452 1878 mysterium,
3515 1807 3712 1872 recte,
3752 1808 3866 1863 sicut

2288 1913 2484 1969 agnum
2515 1897 2751 1969 typieum
2778 1912 2883 1952 non
2907 1898 3194 1963 sumimus,
3217 1897 3295 1952 sic
3318 1896 3430 1966 jam
3454 1897 3700 1969 ﬁguram
3727 1901 3864 1971 negli-

2284 1989 2481 2059 gimus,
2511 2003 2632 2044 cum
2663 2003 2777 2042 rem
2808 1997 3071 2044 tenemus.
3101 1988 3288 2060 Itaque
3326 2000 3383 2042 et
3419 1988 3576 2043 illam
3611 1991 3861 2059 quartide-

2286 2083 2413 2138 cimi
2444 2083 2551 2138 diei
2579 2083 2977 2138 observantiam
2997 2098 3120 2139 eum
3142 2082 3340 2138 Iudaeis
3363 2098 3473 2137 non
3504 2082 3757 2148 facimus,
3775 2084 3855 2138 sed

2287 2177 2372 2232 die
2398 2177 2810 2233 resurrectionis
2832 2177 3044 2232 Domini
3077 2192 3273 2231 novum
3302 2177 3489 2245 potius
3513 2186 3761 2232 nostrum
3774 2177 3855 2231 Pa-

2286 2271 2417 2325 scha
2465 2269 2829 2336 celebramus;
2859 2271 3006 2339 quia,
3035 2284 3155 2325 eum
3181 2269 3394 2325 Pascha
3421 2270 3700 2324 transitus
3724 2270 3854 2324 inter-

2284 2369 2550 2430 pretetur,
2592 2368 2647 2416 et
2677 2368 2921 2416 nostrum
2952 2360 3260 2424 transitum,
3291 2358 3376 2413 vel
3406 2360 3477 2415 de
3512 2359 3668 2414 vitiis
3689 2360 3753 2418 ad
3771 2360 3853 2413 vir.

2287 2460 2453 2506 tutem
2482 2451 2563 2505 vel
2591 2452 2656 2505 de
2677 2461 2848 2507 morte
2875 2451 2944 2506 ad
2968 2451 3156 2516 vitam,
3181 2452 3474 2521 signiﬁcet,
3506 2460 3665 2507 recte
3682 2463 3739 2505 et
3753 2466 3852 2506 vere

2286 2543 2546 2597 transitus
2571 2550 2774 2605 noster,
2808 2541 2898 2612 qui
2931 2557 2961 2596 a
2988 2542 3240 2612 passione
3269 2541 3484 2595 Domini
3517 2542 3728 2612 incipit,
3753 2557 3849 2595 cum

2290 2634 2543 2689 Dominus
2570 2636 2800 2707 resurgit
2827 2635 3128 2706 perﬁcitur,
3158 2643 3216 2690 et
3259 2622 3380 2691 ideo
3410 2646 3550 2689 tunc
3574 2637 3751 2705 potius
3770 2634 3848 2689 Pa-

2287 2726 2415 2779 scha
2461 2725 2814 2781 celebramus.
2847 2723 2992 2780 Nihil
3020 2725 3165 2780 enim
3216 2725 3373 2780 nobis
3417 2725 3698 2781 Christum
3738 2725 3847 2780 mari

2287 2816 2508 2888 profuit,
2557 2817 2661 2871 nisi
2705 2826 2760 2871 et
2791 2831 3070 2887 resurgere
3113 2814 3427 2885 profuisset.
3479 2814 3623 2869 Sunt
3663 2824 3714 2869 et
3751 2814 3846 2867 aii:

2287 2906 2467 2962 forsan
2497 2905 2718 2961 Patrum
2769 2907 3030 2972 rationes,
3060 2921 3197 2977 quas
3223 2905 3453 2975 diligens
3500 2914 3559 2960 et
3606 2904 3847 2958 studiosus

2282 2998 2457 3053 lector
2482 2997 2675 3053 alicubi
2704 2998 2898 3068 poterit
2918 2998 3175 3068 reperire.
3203 2995 3311 3053 Sed
3326 2997 3441 3067 jam
3457 2997 3526 3050 ad
3550 2996 3846 3050 narrationis

2286 3093 2528 3148 ordinem
2558 3101 2909 3156 revertentes,
2932 3107 3223 3162 pensemus
3248 3092 3340 3147 hic
3363 3090 3755 3162 aliquantulum,
3782 3096 3839 3141 ut

604 3189 711 3236 tum
736 3196 768 3236 a
798 3178 1038 3247 Victore,
1071 3194 1294 3237 romano
1318 3179 1592 3251 pontiﬁce,
1618 3181 1685 3237 de
1712 3178 1935 3238 Pasehze
1961 3195 2183 3238 concor-
2205 3171 2252 3237 C
2284 3183 2627 3257 postmodum
2658 3184 2889 3240 recreati
2915 3192 3128 3240 sextum
3152 3184 3408 3241 volumen
3431 3180 3768 3254 expediamus.

670 3350 697 3380 ι
736 3304 1034 3394 Delendum
1058 3335 1274 3393 videtur
1293 3343 1364 3392 et.

601 3514 1999 3540 ’.ι-..Μ

1833 3658 2132 3737 LIBER
2162 3766 2165 3769 _
2209 3655 2625 3736 SEXTUS.

1169 4000 1339 4041 CAPUT
1377 3998 1603 4039 PRIIUI.

670 4119 885 4191 (Euseb.
906 4119 995 4174 lib.
1025 4135 1080 4184 v,
1102 4136 1217 4189 cap.
1245 4119 1335 4183 27,
1354 4119 1443 4187 28,
1462 4119 1603 4176 Hist.
1632 4121 1801 4193 Eccl.)
1824 4122 2009 4194 Igitur,
2032 4121 2185 4177 Com-

600 4209 763 4269 modo
790 4211 1113 4280 imperatore
1140 4211 1399 4266 tredecim
1445 4213 1603 4268 annis
1635 4213 1816 4269 functo
1848 4213 2105 4282 imperio,
2129 4222 2184 4270 et

582 4296 745 4361 ’Ᾰεῖιίο
767 4302 1048 4360 Pertinace
1073 4312 1195 4375 post
1219 4319 1341 4359 eum
1366 4305 1495 4361 solis
1516 4321 1609 4359 sex
1633 4305 1924 4369 mensibus,
1952 4304 2185 4362 Severus
2272 4346 2277 4349 -

598 4396 834 4467 suscepit
882 4396 1261 4467 principatum.
1296 4396 1403 4452 Sed
1456 4406 1509 4451 et
1553 4398 1768 4453 Victore
1811 4396 1951 4467 Papa
1999 4397 2182 4452 decem

580 4474 758 4542 annis
781 4489 1093 4559 episcopatu
1126 4486 1332 4555 functo,
1364 4489 1700 4561 Zephyrinus
1736 4489 1973 4558 suscepit
2004 4504 2185 4543 sacer-

599 4577 826 4633 dotium.
851 4577 1079 4634 Exstant
1097 4595 1162 4635 eo
1185 4587 1426 4650 tempore
1448 4580 1661 4650 plurimi
1683 4570 2033 4636 ecclesiasiici
2058 4579 2179 4646 viri,

599 4675 654 4723 et
691 4681 717 4709 ι
745 4669 885 4739 stylo
928 4669 1202 4726 illustres:
1233 4669 1536 4726 Heraclitus
1563 4712 1579 4737 ,
1626 4672 1715 4741 qui
1766 4671 1819 4726 in
1866 4672 2180 4741 Apostolum

598 4754 992 4815 commentatus
1022 4771 1132 4826 est;
1164 4769 1221 4815 et
1246 4759 1542 4826 Maximus,
1578 4763 1667 4830 qui
1710 4762 1776 4816 de
1822 4760 2182 4817 famosissima
2264 4766 2267 4769 ’

597 4850 841 4903 onmium
888 4850 1264 4906 haereticorum
1307 4852 1605 4921 quaestione
1649 4851 1932 4919 disseruit;
1985 4853 2079 4909 sed
2126 4861 2183 4909 et

599 4937 873 4994 Candidus
902 4940 953 4993 in
983 4939 1351 5006 Hexameron;
1378 4941 1519 4995 idem
1555 4942 1621 4996 de
1661 4942 1925 5013 principio
1951 4941 2184 4999 Genesis

601 5030 844 5100 scripsit;
893 5031 1097 5102 Appius
1146 5047 1377 5103 quoque.
1424 5033 1486 5087 Hi
1535 5048 1656 5087 cum
1704 5034 2023 5104 quibusdam
2062 5034 2183 5090 aliis

602 5122 837 5178 haereses
862 5132 1011 5178 ortas
1039 5124 1152 5179 suis
1180 5125 1510 5195 temporibus
1540 5124 1838 5190 confutaut,
1868 5134 1922 5179 et
1949 5126 2183 5181 maxime

599 5213 850 5269 hmresim
878 5214 1058 5271 Paulis
1090 5214 1453 5281 Samosateni,
1481 5216 1729 5272 habentis
1750 5218 2127 5272 auctoritatem
2150 5232 2180 5270 a

600 5306 832 5376 quodam
880 5307 1207 5374 Artemone,
1257 5310 1521 5377 dicentis;
1569 5325 1761 5380 purum
1812 5310 2083 5365 hominem
2132 5318 2188 5366 et

599 5399 802 5471 absque
828 5400 939 5456 Deo
966 5400 1133 5458 fuisse
1154 5402 1499 5466 salvatorem,
1524 5411 1579 5457 et
1601 5404 1910 5458 mentientis
1931 5402 1984 5457 id
2007 5403 2184 5472 ipsum

600 5490 669 5546 ab
694 5491 953 5562 apostolis
978 5492 1275 5561 antiquitus
1310 5489 1476 5545 fuisse
1502 5493 1776 5548 traditum.
1808 5493 2051 5557 Interea,
2088 5490 2187 5548 Se.

558 5578 565 5583 ’
598 5597 729 5642 vero
749 5600 967 5657 quoque
990 5584 1254 5641 adversus
1279 5582 1578 5640 Ecclesiam
1609 5587 1884 5649 saeviente,
1915 5593 2185 5641 martvres

675 5749 702 5781 ι
730 5737 1023 5815 Delendum
1050 5738 1265 5796 videtur
1284 5746 1348 5797 et.

2288 3984 2441 4039 multi
2464 3983 2788 4050 elﬁciuntur,
2802 3985 3073 4056 praecipue
3091 3993 3289 4042 tamem
3307 3988 3451 4059 apud
3473 3991 3836 4057 Alexandriam,

2286 4086 2393 4141 quo
2432 4087 2500 4127 ex
2532 4074 2678 4127 omni
2721 4071 2957 4145 Egypto
2985 4090 3050 4130 ac
3082 4076 3354 4134 Thebaide
3374 4121 3388 4145 ,
3420 4080 3580 4137 velut
3618 4084 3669 4137 in
3710 4084 3840 4154 quod—

2286 4166 2408 4220 dam
2428 4167 2663 4221 stadium
2691 4167 2927 4238 pietatis,
2955 4168 3169 4224 athleta:
3205 4171 3568 4229 ducebantur.
3604 4176 3658 4231 In
3688 4177 3841 4247 quibus

2285 4264 2341 4311 et
2367 4257 2667 4324 Leonides,
2703 4267 2856 4329 pater
2884 4249 3157 4332 Origenis,
3184 4279 3282 4333 pro
3313 4263 3417 4318 ﬁde
3463 4265 3673 4324 Christi
3705 4268 3842 4335 capite

2286 4349 2475 4419 plexus
2518 4359 2634 4415 est;
2680 4351 2772 4420 qui
2818 4361 3015 4408 tenera:
3064 4354 3240 4409 adhuc
3281 4356 3463 4411 aetatis
3510 4359 3842 4430 supradictum

2291 4457 2520 4513 puerum
2548 4443 2853 4513 dereliquit.

2946 4609 3119 4651 CAPUT
3157 4611 3216 4650 ll.

2355 4772 2617 4843 (ﬂavum)
2643 4771 2815 4841 Huius
2841 4772 3049 4829 scilicet
3087 4771 3335 4844 Origenis
3362 4773 3533 4829 vitam
3550 4816 3571 4841 ,
3611 4783 3667 4832 et
3693 4784 3846 4833 aetas.

2282 4869 2341 4917 et
2365 4861 2613 4934 dogmata
2635 4861 2682 4917 si
2703 4861 2828 4931 quis
2846 4860 2963 4915 vult
2982 4860 3192 4931 plenius
3212 4877 3393 4927 nosse,
3419 4861 3573 4934 legat
3592 4862 3849 4920 Eusebium

2286 4951 2422 5023 (Lib.
2449 4968 2524 5019 vi,
2566 4969 2683 5023 cap.
2710 4952 2826 5022 l3),
2854 4954 2921 5009 de
2947 4968 3056 5023 quo
3090 4954 3205 5009 hmc
3235 4953 3655 5023 transierimus;
3683 4956 3765 5026 qui
3799 4952 3850 5006 de

2261 5038 2350 5101 eo
2377 5054 2523 5100 tanta
2543 5056 2598 5102 et
2621 5045 2747 5102 talia
2776 5047 2999 5112 scribit,
3027 5057 3226 5117 quanta
3258 5057 3311 5101 et
3339 5048 3522 5118 qualia
3550 5065 3665 5105 non
3690 5056 3766 5104 est
3789 5044 3850 5100 ti-

2285 5152 2446 5207 gnum
2480 5136 2606 5194 huic
2626 5138 3194 5209 compendioinserere
3220 5139 3489 5195 :maxime
3514 5154 3646 5195 cum
3672 5135 3850 5193 noveri-

2287 5243 2409 5283 mus
2433 5228 2752 5299 pr-aedietum
2775 5230 3065 5286 Eusebium
3088 5244 3121 5284 a
3147 5230 3469 5300 quibusdam
3490 5226 3854 5287 ecclesiasticis

2250 5321 2423 5395 (viris
2476 5321 2869 5391 aliquantulum
2924 5331 3168 5379 notatum
3218 5323 3425 5389 fuisse,
3479 5325 3632 5395 quod
3684 5320 3855 5378 nimius

2248 5462 2261 5467 -
2291 5410 2455 5468 fuerit
2495 5413 2552 5470 in
2596 5413 2754 5471 laude
2800 5414 3067 5486 Origenis.
3100 5415 3233 5472 Illud
3280 5416 3409 5473 vero
3442 5415 3511 5472 de
3534 5431 3607 5472 eo
3644 5413 3857 5473 breviter

2248 5522 2251 5525 ·
2289 5514 2609 5558 enarramus
2635 5503 2780 5573 quod
2806 5504 2972 5560 etiam
2995 5506 3285 5564 orthodoxi
3313 5522 3534 5578 quoque
3558 5516 3621 5563 et

2290 5593 2392 5649 viri
2422 5594 2635 5651 diﬁiteri
2663 5609 2771 5651 non
2795 5606 3039 5666 possunt.
