  <div class='ocr_page' id='page_1' title='image "/cluster/home/n/w/nwhite01/storage/ocr_20150623/118/hvd.32044015466907/430.png"; bbox 0 0 4002 6348; ppageno 0'>
   <div class='ocr_carea' id='block_1_1' title="bbox 194 379 296 440">
    <p class='ocr_par' dir='ltr' id='par_1_1' title="bbox 194 379 296 440">
     <span class='ocr_line' id='line_1_1' title="bbox 194 379 296 440; baseline 0.02 -2"><span class='ocrx_word' id='word_1_1' title='bbox 194 379 296 440; x_wconf 60' lang='grc' dir='ltr'><strong>διο</strong></span> 
     </span>
    </p>
   </div>
   <div class='ocr_carea' id='block_1_2' title="bbox 839 534 1128 593">
    <p class='ocr_par' dir='ltr' id='par_1_2' title="bbox 839 534 1128 593">
     <span class='ocr_line' id='line_1_2' title="bbox 839 534 1128 593; baseline -0.003 -19"><span class='ocrx_word' id='word_1_2' title='bbox 839 534 1015 593; x_wconf 69' lang='lat' dir='ltr'><strong>cnur</strong></span> <span class='ocrx_word' id='word_1_3' title='bbox 1046 534 1128 575; x_wconf 88' lang='grc' dir='ltr'>ιιι.</span> 
     </span>
    </p>
   </div>
   <div class='ocr_carea' id='block_1_3' title="bbox 803 627 1150 701">
    <p class='ocr_par' dir='ltr' id='par_1_3' title="bbox 803 627 1150 701">
     <span class='ocr_line' id='line_1_3' title="bbox 803 627 1150 701; baseline 0.006 -18"><span class='ocrx_word' id='word_1_4' title='bbox 803 627 882 684; x_wconf 89' lang='lat' dir='ltr'><strong>De</strong></span> <span class='ocrx_word' id='word_1_5' title='bbox 912 628 1150 701; x_wconf 81' lang='lat' dir='ltr'><strong>Origene.</strong></span> 
     </span>
    </p>
   </div>
   <div class='ocr_carea' id='block_1_4' title="bbox 266 761 1769 837">
    <p class='ocr_par' dir='ltr' id='par_1_4' title="bbox 266 761 1769 837">
     <span class='ocr_line' id='line_1_4' title="bbox 266 761 1769 837; baseline -0.001 -18"><span class='ocrx_word' id='word_1_6' title='bbox 266 762 480 837; x_wconf 80' lang='lat' dir='ltr'><strong>(Euseb.</strong></span> <span class='ocrx_word' id='word_1_7' title='bbox 509 762 598 817; x_wconf 84' lang='lat' dir='ltr'><strong>lib.</strong></span> <span class='ocrx_word' id='word_1_8' title='bbox 623 778 697 829; x_wconf 86' lang='lat' dir='ltr'><strong>vl,</strong></span> <span class='ocrx_word' id='word_1_9' title='bbox 721 780 834 834; x_wconf 84' lang='lat' dir='ltr'><strong>cap.</strong></span> <span class='ocrx_word' id='word_1_10' title='bbox 856 763 949 828; x_wconf 74' lang='lat'><strong>23,</strong></span> <span class='ocrx_word' id='word_1_11' title='bbox 974 764 1030 828; x_wconf 73' lang='grc'><strong>4,</strong></span> <span class='ocrx_word' id='word_1_12' title='bbox 1053 764 1110 828; x_wconf 84' lang='lat'><strong>5,</strong></span> <span class='ocrx_word' id='word_1_13' title='bbox 1132 763 1186 829; x_wconf 82' lang='lat'><strong>6,</strong></span> <span class='ocrx_word' id='word_1_14' title='bbox 1216 761 1358 819; x_wconf 81' lang='lat' dir='ltr'><strong>Hist.</strong></span> <span class='ocrx_word' id='word_1_15' title='bbox 1384 761 1530 818; x_wconf 85' lang='lat' dir='ltr'><strong>Eccl.</strong></span> <span class='ocrx_word' id='word_1_16' title='bbox 1550 763 1769 833; x_wconf 80' lang='lat' dir='ltr'><strong>Niceph.</strong></span> 
     </span>
    </p>
   </div>
   <div class='ocr_carea' id='block_1_5' title="bbox 174 840 1771 924">
    <p class='ocr_par' dir='ltr' id='par_1_5' title="bbox 174 840 1771 924">
     <span class='ocr_line' id='line_1_5' title="bbox 174 840 1771 924; baseline 0.001 -17"><span class='ocrx_word' id='word_1_17' title='bbox 174 840 294 908; x_wconf 77' lang='lat' dir='ltr'><strong>&#39;Iib.</strong></span> <span class='ocrx_word' id='word_1_18' title='bbox 323 869 376 922; x_wconf 90' lang='lat' dir='ltr'><strong>v,</strong></span> <span class='ocrx_word' id='word_1_19' title='bbox 408 871 522 924; x_wconf 80' lang='lat' dir='ltr'><strong>cap.</strong></span> <span class='ocrx_word' id='word_1_20' title='bbox 546 854 605 913; x_wconf 64' lang='grc' dir='ltr'><strong>ε.</strong></span> <span class='ocrx_word' id='word_1_21' title='bbox 632 853 686 917; x_wconf 78' lang='lat'><strong>5,</strong></span> <span class='ocrx_word' id='word_1_22' title='bbox 714 853 771 919; x_wconf 76' lang='grc' dir='ltr'>ι,</span> <span class='ocrx_word' id='word_1_23' title='bbox 797 853 852 918; x_wconf 84' lang='lat'><strong>5,</strong></span> <span class='ocrx_word' id='word_1_24' title='bbox 884 853 939 919; x_wconf 89' lang='lat'><strong>6,</strong></span> <span class='ocrx_word' id='word_1_25' title='bbox 965 854 1017 918; x_wconf 87' lang='lat'><strong>7,</strong></span> <span class='ocrx_word' id='word_1_26' title='bbox 1042 855 1099 917; x_wconf 90' lang='lat'><strong>8,</strong></span> <span class='ocrx_word' id='word_1_27' title='bbox 1123 856 1209 919; x_wconf 82' lang='lat' dir='ltr'><strong>ll,</strong></span> <span class='ocrx_word' id='word_1_28' title='bbox 1242 854 1327 918; x_wconf 72' lang='lat' dir='ltr'><strong>te,</strong></span> <span class='ocrx_word' id='word_1_29' title='bbox 1356 855 1548 920; x_wconf 69' lang='lat'><strong>13,14,</strong></span> <span class='ocrx_word' id='word_1_30' title='bbox 1577 854 1771 920; x_wconf 71' lang='lat'><strong>15,16,</strong></span> 
     </span>
    </p>
   </div>
   <div class='ocr_carea' id='block_1_6' title="bbox 192 934 1776 1017">
    <p class='ocr_par' dir='ltr' id='par_1_6' title="bbox 192 934 1776 1017">
     <span class='ocr_line' id='line_1_6' title="bbox 192 934 1776 1017; baseline 0 -18"><span class='ocrx_word' id='word_1_31' title='bbox 192 934 284 1009; x_wconf 65' lang='grc'><strong>1³1,</strong></span> <span class='ocrx_word' id='word_1_32' title='bbox 310 943 393 1009; x_wconf 83' lang='lat' dir='ltr'><strong>l8,</strong></span> <span class='ocrx_word' id='word_1_33' title='bbox 418 945 504 1003; x_wconf 80' lang='lat' dir='ltr'><strong>l9.</strong></span> <span class='ocrx_word' id='word_1_34' title='bbox 532 943 623 1009; x_wconf 65' lang='lat'><strong>29,</strong></span> <span class='ocrx_word' id='word_1_35' title='bbox 645 943 734 1008; x_wconf 76' lang='lat'><strong>32,</strong></span> <span class='ocrx_word' id='word_1_36' title='bbox 759 945 850 1009; x_wconf 79' lang='lat'><strong>&#39;55,</strong></span> <span class='ocrx_word' id='word_1_37' title='bbox 868 943 1003 998; x_wconf 79' lang='lat' dir='ltr'><strong>Hist.</strong></span> <span class='ocrx_word' id='word_1_38' title='bbox 1029 943 1197 1017; x_wconf 87' lang='lat' dir='ltr'><strong>Eccl.)</strong></span> <span class='ocrx_word' id='word_1_39' title='bbox 1225 944 1504 1016; x_wconf 81' lang='lat' dir='ltr'><strong>Origenes,</strong></span> <span class='ocrx_word' id='word_1_40' title='bbox 1525 944 1776 999; x_wconf 83' lang='lat' dir='ltr'><strong>Leonidis</strong></span> 
     </span>
    </p>
   </div>
   <div class='ocr_carea' id='block_1_7' title="bbox 189 1035 1775 1111">
    <p class='ocr_par' dir='ltr' id='par_1_7' title="bbox 189 1035 1775 1111">
     <span class='ocr_line' id='line_1_7' title="bbox 189 1035 1775 1111; baseline -0.001 -19"><span class='ocrx_word' id='word_1_41' title='bbox 189 1037 451 1109; x_wconf 76' lang='lat' dir='ltr'><strong>martyris</strong></span> <span class='ocrx_word' id='word_1_42' title='bbox 474 1035 632 1101; x_wconf 82' lang='lat' dir='ltr'><strong>illius,</strong></span> <span class='ocrx_word' id='word_1_43' title='bbox 662 1044 717 1091; x_wconf 91' lang='lat' dir='ltr'><strong>et</strong></span> <span class='ocrx_word' id='word_1_44' title='bbox 746 1036 857 1107; x_wconf 87' lang='lat' dir='ltr'><strong>ipse</strong></span> <span class='ocrx_word' id='word_1_45' title='bbox 884 1037 997 1092; x_wconf 87' lang='lat' dir='ltr'><strong>fere</strong></span> <span class='ocrx_word' id='word_1_46' title='bbox 1020 1052 1050 1091; x_wconf 90' lang='lat' dir='ltr'><strong>a</strong></span> <span class='ocrx_word' id='word_1_47' title='bbox 1073 1037 1303 1107; x_wconf 87' lang='lat' dir='ltr'><strong>pueritia</strong></span> <span class='ocrx_word' id='word_1_48' title='bbox 1331 1037 1605 1092; x_wconf 75' lang='lat' dir='ltr'><strong>voluntate</strong></span> <span class='ocrx_word' id='word_1_49' title='bbox 1632 1050 1775 1111; x_wconf 72' lang='lat' dir='ltr'><strong>mar-</strong></span> 
     </span>
    </p>
   </div>
   <div class='ocr_carea' id='block_1_8' title="bbox 172 1116 1777 1204">
    <p class='ocr_par' dir='ltr' id='par_1_8' title="bbox 172 1116 1777 1204">
     <span class='ocr_line' id='line_1_8' title="bbox 172 1116 1777 1204; baseline -0.001 -18"><span class='ocrx_word' id='word_1_50' title='bbox 172 1116 302 1204; x_wconf 22' lang='lat' dir='ltr'><strong>.t‘yr,</strong></span> <span class='ocrx_word' id='word_1_51' title='bbox 331 1141 387 1188; x_wconf 90' lang='lat' dir='ltr'><strong>et</strong></span> <span class='ocrx_word' id='word_1_52' title='bbox 432 1129 658 1186; x_wconf 81' lang='lat' dir='ltr'><strong>forsitan</strong></span> <span class='ocrx_word' id='word_1_53' title='bbox 691 1138 838 1195; x_wconf 91' lang='lat' dir='ltr'><strong>actu,</strong></span> <span class='ocrx_word' id='word_1_54' title='bbox 873 1131 976 1185; x_wconf 89' lang='lat' dir='ltr'><strong>nisi</strong></span> <span class='ocrx_word' id='word_1_55' title='bbox 1005 1131 1131 1202; x_wconf 82' lang='lat' dir='ltr'><strong>quia</strong></span> <span class='ocrx_word' id='word_1_56' title='bbox 1176 1146 1206 1185; x_wconf 92' lang='lat' dir='ltr'><strong>a</strong></span> <span class='ocrx_word' id='word_1_57' title='bbox 1239 1139 1410 1185; x_wconf 84' lang='lat' dir='ltr'><strong>matre</strong></span> <span class='ocrx_word' id='word_1_58' title='bbox 1451 1129 1777 1200; x_wconf 87' lang='lat' dir='ltr'><strong>surripiente</strong></span> 
     </span>
    </p>
   </div>
   <div class='ocr_carea' id='block_1_9' title="bbox 188 1218 1774 1290">
    <p class='ocr_par' dir='ltr' id='par_1_9' title="bbox 188 1218 1774 1290">
     <span class='ocr_line' id='line_1_9' title="bbox 188 1218 1774 1290; baseline -0.003 -15"><span class='ocrx_word' id='word_1_59' title='bbox 188 1229 355 1275; x_wconf 90' lang='lat' dir='ltr'><strong>nocte</strong></span> <span class='ocrx_word' id='word_1_60' title='bbox 381 1229 557 1275; x_wconf 82' lang='lat' dir='ltr'><strong>vestes</strong></span> <span class='ocrx_word' id='word_1_61' title='bbox 577 1218 714 1288; x_wconf 91' lang='lat' dir='ltr'><strong>ejus,</strong></span> <span class='ocrx_word' id='word_1_62' title='bbox 734 1219 821 1289; x_wconf 89' lang='lat' dir='ltr'><strong>pia</strong></span> <span class='ocrx_word' id='word_1_63' title='bbox 848 1218 1036 1274; x_wconf 79' lang='lat' dir='ltr'><strong>fraude</strong></span> <span class='ocrx_word' id='word_1_64' title='bbox 1057 1219 1381 1290; x_wconf 58' lang='lat' dir='ltr'><strong>prmpeditus</strong></span> <span class='ocrx_word' id='word_1_65' title='bbox 1400 1228 1504 1283; x_wconf 91' lang='lat' dir='ltr'><strong>est,</strong></span> <span class='ocrx_word' id='word_1_66' title='bbox 1527 1233 1774 1288; x_wconf 88' lang='lat' dir='ltr'><strong>magnam</strong></span> 
     </span>
    </p>
   </div>
   <div class='ocr_carea' id='block_1_10' title="bbox 190 1310 1772 1383">
    <p class='ocr_par' dir='ltr' id='par_1_10' title="bbox 190 1310 1772 1383">
     <span class='ocr_line' id='line_1_10' title="bbox 190 1310 1772 1383; baseline -0.003 -16"><span class='ocrx_word' id='word_1_67' title='bbox 190 1329 223 1367; x_wconf 87' lang='lat' dir='ltr'><strong>a</strong></span> <span class='ocrx_word' id='word_1_68' title='bbox 270 1312 381 1367; x_wconf 90' lang='lat' dir='ltr'><strong>Deo</strong></span> <span class='ocrx_word' id='word_1_69' title='bbox 409 1323 464 1368; x_wconf 92' lang='lat' dir='ltr'><strong>et</strong></span> <span class='ocrx_word' id='word_1_70' title='bbox 493 1312 834 1366; x_wconf 82' lang='lat' dir='ltr'><strong>manifestam</strong></span> <span class='ocrx_word' id='word_1_71' title='bbox 871 1311 1099 1383; x_wconf 78' lang='lat' dir='ltr'><strong>gratiam</strong></span> <span class='ocrx_word' id='word_1_72' title='bbox 1133 1311 1371 1383; x_wconf 71' lang='lat' dir='ltr'><strong>scientia:</strong></span> <span class='ocrx_word' id='word_1_73' title='bbox 1404 1310 1772 1379; x_wconf 84' lang='lat' dir='ltr'><strong>consequitur,</strong></span> 
     </span>
    </p>
   </div>
   <div class='ocr_carea' id='block_1_11' title="bbox 188 1399 1774 1475">
    <p class='ocr_par' dir='ltr' id='par_1_11' title="bbox 188 1399 1774 1475">
     <span class='ocr_line' id='line_1_11' title="bbox 188 1399 1774 1475; baseline -0.004 -16"><span class='ocrx_word' id='word_1_74' title='bbox 188 1415 390 1475; x_wconf 88' lang='lat' dir='ltr'><strong>potens</strong></span> <span class='ocrx_word' id='word_1_75' title='bbox 410 1404 463 1458; x_wconf 91' lang='lat' dir='ltr'><strong>in</strong></span> <span class='ocrx_word' id='word_1_76' title='bbox 488 1402 838 1474; x_wconf 81' lang='lat' dir='ltr'><strong>gralnmateia</strong></span> <span class='ocrx_word' id='word_1_77' title='bbox 858 1410 914 1458; x_wconf 88' lang='lat' dir='ltr'><strong>et</strong></span> <span class='ocrx_word' id='word_1_78' title='bbox 936 1402 1145 1457; x_wconf 68' lang='lat' dir='ltr'><strong>cazteris</strong></span> <span class='ocrx_word' id='word_1_79' title='bbox 1166 1400 1541 1456; x_wconf 84' lang='lat' dir='ltr'><strong>communibus</strong></span> <span class='ocrx_word' id='word_1_80' title='bbox 1559 1399 1774 1466; x_wconf 87' lang='lat' dir='ltr'><strong>litteris,</strong></span> 
     </span>
    </p>
   </div>
   <div class='ocr_carea' id='block_1_12' title="bbox 190 1492 1777 1569">
    <p class='ocr_par' dir='ltr' id='par_1_12' title="bbox 190 1492 1777 1569">
     <span class='ocr_line' id='line_1_12' title="bbox 190 1492 1777 1569; baseline -0.005 -16"><span class='ocrx_word' id='word_1_81' title='bbox 190 1514 251 1553; x_wconf 86' lang='lat' dir='ltr'><strong>et</strong></span> <span class='ocrx_word' id='word_1_82' title='bbox 285 1500 336 1552; x_wconf 91' lang='lat' dir='ltr'><strong>in</strong></span> <span class='ocrx_word' id='word_1_83' title='bbox 362 1498 507 1552; x_wconf 91' lang='lat' dir='ltr'><strong>omni</strong></span> <span class='ocrx_word' id='word_1_84' title='bbox 536 1495 905 1567; x_wconf 85' lang='lat' dir='ltr'><strong>philosophica</strong></span> <span class='ocrx_word' id='word_1_85' title='bbox 948 1494 1249 1550; x_wconf 85' lang='lat' dir='ltr'><strong>eruditione</strong></span> <span class='ocrx_word' id='word_1_86' title='bbox 1287 1494 1527 1564; x_wconf 88' lang='lat' dir='ltr'><strong>apprime</strong></span> <span class='ocrx_word' id='word_1_87' title='bbox 1558 1492 1777 1569; x_wconf 83' lang='lat' dir='ltr'><strong>institu-</strong></span> 
     </span>
    </p>
   </div>
   <div class='ocr_carea' id='block_1_13' title="bbox 192 1566 1776 1655">
    <p class='ocr_par' dir='ltr' id='par_1_13' title="bbox 192 1566 1776 1655">
     <span class='ocr_line' id='line_1_13' title="bbox 192 1566 1776 1655; baseline -0.003 -13"><span class='ocrx_word' id='word_1_88' title='bbox 192 1596 305 1649; x_wconf 88' lang='lat' dir='ltr'><strong>tns,</strong></span> <span class='ocrx_word' id='word_1_89' title='bbox 335 1587 568 1641; x_wconf 86' lang='lat' dir='ltr'><strong>maxime</strong></span> <span class='ocrx_word' id='word_1_90' title='bbox 591 1595 770 1640; x_wconf 91' lang='lat' dir='ltr'><strong>autem</strong></span> <span class='ocrx_word' id='word_1_91' title='bbox 798 1586 852 1639; x_wconf 92' lang='lat' dir='ltr'><strong>in</strong></span> <span class='ocrx_word' id='word_1_92' title='bbox 879 1586 1108 1640; x_wconf 84' lang='lat' dir='ltr'><strong>lectione</strong></span> <span class='ocrx_word' id='word_1_93' title='bbox 1130 1594 1184 1640; x_wconf 88' lang='lat' dir='ltr'><strong>et</strong></span> <span class='ocrx_word' id='word_1_94' title='bbox 1206 1584 1450 1640; x_wconf 85' lang='lat' dir='ltr'><strong>doctrina</strong></span> <span class='ocrx_word' id='word_1_95' title='bbox 1470 1566 1776 1655; x_wconf 74' lang='lat' dir='ltr'><strong>divinorum</strong></span> 
     </span>
    </p>
   </div>
   <div class='ocr_carea' id='block_1_14' title="bbox 194 1673 1778 1746">
    <p class='ocr_par' dir='ltr' id='par_1_14' title="bbox 194 1673 1778 1746">
     <span class='ocr_line' id='line_1_14' title="bbox 194 1673 1778 1746; baseline -0.003 -15"><span class='ocrx_word' id='word_1_96' title='bbox 194 1677 529 1733; x_wconf 81' lang='lat' dir='ltr'><strong>voluminum</strong></span> <span class='ocrx_word' id='word_1_97' title='bbox 558 1675 963 1746; x_wconf 86' lang='lat' dir='ltr'><strong>potentissimus</strong></span> <span class='ocrx_word' id='word_1_98' title='bbox 986 1674 1129 1730; x_wconf 92' lang='lat' dir='ltr'><strong>illius</strong></span> <span class='ocrx_word' id='word_1_99' title='bbox 1158 1674 1413 1745; x_wconf 80' lang='lat' dir='ltr'><strong>temporis</strong></span> <span class='ocrx_word' id='word_1_100' title='bbox 1443 1683 1499 1729; x_wconf 90' lang='lat' dir='ltr'><strong>et</strong></span> <span class='ocrx_word' id='word_1_101' title='bbox 1533 1673 1778 1727; x_wconf 85' lang='lat' dir='ltr'><strong>famosis-</strong></span> 
     </span>
    </p>
   </div>
   <div class='ocr_carea' id='block_1_15' title="bbox 170 1759 1777 1839">
    <p class='ocr_par' dir='ltr' id='par_1_15' title="bbox 170 1759 1777 1839">
     <span class='ocr_line' id='line_1_15' title="bbox 170 1759 1777 1839; baseline -0.004 -14"><span class='ocrx_word' id='word_1_102' title='bbox 170 1759 369 1825; x_wconf 38' lang='lat' dir='ltr'><strong>-simus</strong></span> <span class='ocrx_word' id='word_1_103' title='bbox 398 1767 701 1839; x_wconf 77' lang='lat' dir='ltr'><strong>indagator.</strong></span> <span class='ocrx_word' id='word_1_104' title='bbox 730 1766 828 1823; x_wconf 84' lang='lat' dir='ltr'><strong>Hic</strong></span> <span class='ocrx_word' id='word_1_105' title='bbox 853 1781 1001 1836; x_wconf 89' lang='lat' dir='ltr'><strong>ergo,</strong></span> <span class='ocrx_word' id='word_1_106' title='bbox 1032 1782 1131 1836; x_wconf 91' lang='lat' dir='ltr'><strong>pro</strong></span> <span class='ocrx_word' id='word_1_107' title='bbox 1168 1781 1359 1835; x_wconf 84' lang='lat' dir='ltr'><strong>magna</strong></span> <span class='ocrx_word' id='word_1_108' title='bbox 1388 1773 1440 1820; x_wconf 87' lang='lat' dir='ltr'><strong>et</strong></span> <span class='ocrx_word' id='word_1_109' title='bbox 1474 1763 1777 1819; x_wconf 89' lang='lat' dir='ltr'><strong>incredibili</strong></span> 
     </span>
    </p>
   </div>
   <div class='ocr_carea' id='block_1_16' title="bbox 1139 356 2495 443">
    <p class='ocr_par' dir='ltr' id='par_1_16' title="bbox 1139 356 2495 443">
     <span class='ocr_line' id='line_1_16' title="bbox 1139 356 2495 443; baseline 0 0"><span class='ocrx_word' id='word_1_110' title='bbox 1139 356 1489 443; x_wconf 69' lang='lat' dir='ltr'><strong>uls&#39;ronw</strong></span> <span class='ocrx_word' id='word_1_111' title='bbox 1534 381 1782 443; x_wconf 56' lang='lat' dir='ltr'><strong>suam</strong></span> <span class='ocrx_word' id='word_1_112' title='bbox 1824 381 2143 441; x_wconf 66' lang='lat' dir='ltr'><strong>amona.</strong></span> <span class='ocrx_word' id='word_1_113' title='bbox 2168 416 2234 427; x_wconf 91' lang='grc'><strong>-</strong></span> <span class='ocrx_word' id='word_1_114' title='bbox 2258 385 2382 442; x_wconf 79' lang='lat' dir='ltr'><strong>un.</strong></span> <span class='ocrx_word' id='word_1_115' title='bbox 2408 384 2495 442; x_wconf 88' lang='lat' dir='ltr'><strong>vl.</strong></span> 
     </span>
    </p>
   </div>
   <div class='ocr_carea' id='block_1_17' title="bbox 1790 494 3445 574">
    <p class='ocr_par' dir='ltr' id='par_1_17' title="bbox 1790 494 3445 574">
     <span class='ocr_line' id='line_1_17' title="bbox 1790 494 3445 574; baseline 0.007 -26"><span class='ocrx_word' id='word_1_116' title='bbox 1790 495 1844 559; x_wconf 75' lang='grc' dir='ltr'><strong>Α</strong></span> <span class='ocrx_word' id='word_1_117' title='bbox 1867 494 2144 573; x_wconf 83' lang='lat' dir='ltr'><strong>virtutem,</strong></span> <span class='ocrx_word' id='word_1_118' title='bbox 2173 504 2233 550; x_wconf 91' lang='lat' dir='ltr'><strong>ut</strong></span> <span class='ocrx_word' id='word_1_119' title='bbox 2257 506 2608 568; x_wconf 87' lang='lat' dir='ltr'><strong>cognosceret</strong></span> <span class='ocrx_word' id='word_1_120' title='bbox 2631 497 2713 552; x_wconf 88' lang='lat' dir='ltr'><strong>vel</strong></span> <span class='ocrx_word' id='word_1_121' title='bbox 2736 513 2801 553; x_wconf 86' lang='lat' dir='ltr'><strong>ea</strong></span> <span class='ocrx_word' id='word_1_122' title='bbox 2833 513 2953 568; x_wconf 79' lang='lat' dir='ltr'><strong>quae</strong></span> <span class='ocrx_word' id='word_1_123' title='bbox 2980 513 3011 554; x_wconf 90' lang='lat' dir='ltr'><strong>a</strong></span> <span class='ocrx_word' id='word_1_124' title='bbox 3035 495 3235 556; x_wconf 63' lang='lat' dir='ltr'><strong>ludatis</strong></span> <span class='ocrx_word' id='word_1_125' title='bbox 3259 499 3445 574; x_wconf 81' lang='lat' dir='ltr'><strong>legun-</strong></span> 
     </span>
    </p>
   </div>
   <div class='ocr_carea' id='block_1_18' title="bbox 2789 296 2818 328">
    <p class='ocr_par' dir='ltr' id='par_1_18' title="bbox 2789 296 2818 328">
     <span class='ocr_line' id='line_1_18' title="bbox 2789 296 2818 328; baseline 0 0"><span class='ocrx_word' id='word_1_126' title='bbox 2789 296 2818 328; x_wconf 75' lang='grc' dir='ltr'><strong><em>ο</em></strong></span> 
     </span>
    </p>
   </div>
   <div class='ocr_carea' id='block_1_19' title="bbox 3336 384 3441 447">
    <p class='ocr_par' dir='ltr' id='par_1_19' title="bbox 3336 384 3441 447">
     <span class='ocr_line' id='line_1_19' title="bbox 3336 384 3441 447; baseline 0.019 -2"><span class='ocrx_word' id='word_1_127' title='bbox 3336 384 3441 447; x_wconf 75' lang='lat'><strong>850</strong></span> 
     </span>
    </p>
   </div>
   <div class='ocr_carea' id='block_1_20' title="bbox 1873 585 3447 661">
    <p class='ocr_par' dir='ltr' id='par_1_20' title="bbox 1873 585 3447 661">
     <span class='ocr_line' id='line_1_20' title="bbox 1873 585 3447 661; baseline 0.004 -21"><span class='ocrx_word' id='word_1_128' title='bbox 1873 594 1981 661; x_wconf 82' lang='lat' dir='ltr'><strong>tur,</strong></span> <span class='ocrx_word' id='word_1_129' title='bbox 2019 585 2197 656; x_wconf 85' lang='lat' dir='ltr'><strong>qualia</strong></span> <span class='ocrx_word' id='word_1_130' title='bbox 2238 586 2380 650; x_wconf 90' lang='lat' dir='ltr'><strong>sint,</strong></span> <span class='ocrx_word' id='word_1_131' title='bbox 2422 587 2508 641; x_wconf 89' lang='lat' dir='ltr'><strong>vel</strong></span> <span class='ocrx_word' id='word_1_132' title='bbox 2552 587 3303 658; x_wconf 83' lang='lat' dir='ltr'><strong>caeterorum&#39;interpretum,</strong></span> <span class='ocrx_word' id='word_1_133' title='bbox 3354 591 3447 660; x_wconf 84' lang='lat' dir='ltr'><strong>qui</strong></span> 
     </span>
    </p>
   </div>
   <div class='ocr_carea' id='block_1_21' title="bbox 1871 677 3448 756">
    <p class='ocr_par' dir='ltr' id='par_1_21' title="bbox 1871 677 3448 756">
     <span class='ocr_line' id='line_1_21' title="bbox 1871 677 3448 756; baseline 0.003 -25"><span class='ocrx_word' id='word_1_134' title='bbox 1871 685 2072 756; x_wconf 61' lang='lat' dir='ltr'><strong>praeter</strong></span> <span class='ocrx_word' id='word_1_135' title='bbox 2117 677 2455 748; x_wconf 89' lang='lat' dir='ltr'><strong>septuaginta</strong></span> <span class='ocrx_word' id='word_1_136' title='bbox 2504 679 2838 748; x_wconf 86' lang='lat' dir='ltr'><strong>interpretati</strong></span> <span class='ocrx_word' id='word_1_137' title='bbox 2889 687 3046 744; x_wconf 91' lang='lat' dir='ltr'><strong>sunt,</strong></span> <span class='ocrx_word' id='word_1_138' title='bbox 3075 688 3272 750; x_wconf 89' lang='lat' dir='ltr'><strong>quanta</strong></span> <span class='ocrx_word' id='word_1_139' title='bbox 3302 689 3448 737; x_wconf 82' lang='lat' dir='ltr'><strong>esset</strong></span> 
     </span>
    </p>
   </div>
   <div class='ocr_carea' id='block_1_22' title="bbox 1872 768 3449 849">
    <p class='ocr_par' dir='ltr' id='par_1_22' title="bbox 1872 768 3449 849">
     <span class='ocr_line' id='line_1_22' title="bbox 1872 768 3449 849; baseline 0.003 -27"><span class='ocrx_word' id='word_1_140' title='bbox 1872 768 2191 849; x_wconf 81' lang='lat' dir='ltr'><strong>eruditionis</strong></span> <span class='ocrx_word' id='word_1_141' title='bbox 2235 768 2549 835; x_wconf 86' lang='lat' dir='ltr'><strong>diversitas;</strong></span> <span class='ocrx_word' id='word_1_142' title='bbox 2594 769 2667 823; x_wconf 90' lang='lat' dir='ltr'><strong>ita</strong></span> <span class='ocrx_word' id='word_1_143' title='bbox 2715 778 2775 824; x_wconf 93' lang='lat' dir='ltr'><strong>ut</strong></span> <span class='ocrx_word' id='word_1_144' title='bbox 2813 780 3010 847; x_wconf 83' lang='lat' dir='ltr'><strong>praeter</strong></span> <span class='ocrx_word' id='word_1_145' title='bbox 3049 771 3213 838; x_wconf 86' lang='lat' dir='ltr'><strong>istas,</strong></span> <span class='ocrx_word' id='word_1_146' title='bbox 3244 786 3365 842; x_wconf 73' lang='lat' dir='ltr'><strong>quae</strong></span> <span class='ocrx_word' id='word_1_147' title='bbox 3392 773 3449 828; x_wconf 91' lang='lat' dir='ltr'><strong>in</strong></span> 
     </span>
    </p>
   </div>
   <div class='ocr_carea' id='block_1_23' title="bbox 1868 860 3448 939">
    <p class='ocr_par' dir='ltr' id='par_1_23' title="bbox 1868 860 3448 939">
     <span class='ocr_line' id='line_1_23' title="bbox 1868 860 3448 939; baseline 0.004 -25"><span class='ocrx_word' id='word_1_148' title='bbox 1868 876 1974 925; x_wconf 88' lang='lat' dir='ltr'><strong>usu</strong></span> <span class='ocrx_word' id='word_1_149' title='bbox 2005 869 2147 927; x_wconf 91' lang='lat' dir='ltr'><strong>sunt,</strong></span> <span class='ocrx_word' id='word_1_150' title='bbox 2179 860 2407 930; x_wconf 64' lang='lat' dir='ltr'><strong>Aquilae,</strong></span> <span class='ocrx_word' id='word_1_151' title='bbox 2432 861 2533 939; x_wconf 70' lang='lat' dir='ltr'><strong>vel</strong></span> <span class='ocrx_word' id='word_1_152' title='bbox 2565 860 2907 932; x_wconf 88' lang='lat' dir='ltr'><strong>Symmachi,</strong></span> <span class='ocrx_word' id='word_1_153' title='bbox 2931 863 3016 918; x_wconf 88' lang='lat' dir='ltr'><strong>vel</strong></span> <span class='ocrx_word' id='word_1_154' title='bbox 3042 863 3448 929; x_wconf 90' lang='lat' dir='ltr'><strong>Theodotionis,</strong></span> 
     </span>
    </p>
   </div>
   <div class='ocr_carea' id='block_1_24' title="bbox 1870 951 3452 1027">
    <p class='ocr_par' dir='ltr' id='par_1_24' title="bbox 1870 951 3452 1027">
     <span class='ocr_line' id='line_1_24' title="bbox 1870 951 3452 1027; baseline 0.002 -20"><span class='ocrx_word' id='word_1_155' title='bbox 1870 951 2142 1027; x_wconf 78' lang='lat' dir='ltr'><strong>invenerit</strong></span> <span class='ocrx_word' id='word_1_156' title='bbox 2164 952 2327 1007; x_wconf 90' lang='lat' dir='ltr'><strong>etiam</strong></span> <span class='ocrx_word' id='word_1_157' title='bbox 2367 951 2500 1007; x_wconf 89' lang='lat' dir='ltr'><strong>alias</strong></span> <span class='ocrx_word' id='word_1_158' title='bbox 2527 951 3001 1021; x_wconf 85' lang='lat' dir='ltr'><strong>interpretationes</strong></span> <span class='ocrx_word' id='word_1_159' title='bbox 3039 953 3091 1008; x_wconf 94' lang='lat' dir='ltr'><strong>in</strong></span> <span class='ocrx_word' id='word_1_160' title='bbox 3121 952 3452 1010; x_wconf 84' lang='lat' dir='ltr'><strong>absconditis</strong></span> 
     </span>
    </p>
   </div>
   <div class='ocr_carea' id='block_1_25' title="bbox 1874 1046 3454 1118">
    <p class='ocr_par' dir='ltr' id='par_1_25' title="bbox 1874 1046 3454 1118">
     <span class='ocr_line' id='line_1_25' title="bbox 1874 1046 3454 1118; baseline 0 -16"><span class='ocrx_word' id='word_1_161' title='bbox 1874 1054 1931 1113; x_wconf 86' lang='lat' dir='ltr'><strong>et</strong></span> <span class='ocrx_word' id='word_1_162' title='bbox 1967 1047 2191 1102; x_wconf 86' lang='lat' dir='ltr'><strong>secretis</strong></span> <span class='ocrx_word' id='word_1_163' title='bbox 2235 1046 2480 1113; x_wconf 88' lang='lat' dir='ltr'><strong>latentes,</strong></span> <span class='ocrx_word' id='word_1_164' title='bbox 2512 1046 2565 1101; x_wconf 88' lang='lat' dir='ltr'><strong>in</strong></span> <span class='ocrx_word' id='word_1_165' title='bbox 2592 1046 2788 1117; x_wconf 88' lang='lat' dir='ltr'><strong>quibus</strong></span> <span class='ocrx_word' id='word_1_166' title='bbox 2831 1060 2933 1102; x_wconf 88' lang='lat' dir='ltr'><strong>nec</strong></span> <span class='ocrx_word' id='word_1_167' title='bbox 2960 1047 3177 1101; x_wconf 90' lang='lat' dir='ltr'><strong>nomina</strong></span> <span class='ocrx_word' id='word_1_168' title='bbox 3207 1047 3454 1118; x_wconf 73' lang='lat' dir='ltr'><strong>quaedam</strong></span> 
     </span>
    </p>
   </div>
   <div class='ocr_carea' id='block_1_26' title="bbox 1876 1122 3453 1216">
    <p class='ocr_par' dir='ltr' id='par_1_26' title="bbox 1876 1122 3453 1216">
     <span class='ocr_line' id='line_1_26' title="bbox 1876 1122 3453 1216; baseline 0.001 -22"><span class='ocrx_word' id='word_1_169' title='bbox 1876 1139 2227 1209; x_wconf 88' lang='lat' dir='ltr'><strong>interpretum</strong></span> <span class='ocrx_word' id='word_1_170' title='bbox 2256 1138 2459 1208; x_wconf 90' lang='lat' dir='ltr'><strong>reperit</strong></span> <span class='ocrx_word' id='word_1_171' title='bbox 2489 1138 2713 1216; x_wconf 84' lang='lat' dir='ltr'><strong>scripta.</strong></span> <span class='ocrx_word' id='word_1_172' title='bbox 2742 1138 2882 1215; x_wconf 85' lang='lat' dir='ltr'><strong>Dicit</strong></span> <span class='ocrx_word' id='word_1_173' title='bbox 2907 1122 3087 1216; x_wconf 82' lang='lat' dir='ltr'><strong>autem</strong></span> <span class='ocrx_word' id='word_1_174' title='bbox 3118 1138 3261 1210; x_wconf 90' lang='lat' dir='ltr'><strong>quod</strong></span> <span class='ocrx_word' id='word_1_175' title='bbox 3290 1139 3453 1196; x_wconf 89' lang='lat' dir='ltr'><strong>aliam</strong></span> 
     </span>
    </p>
   </div>
   <div class='ocr_carea' id='block_1_27' title="bbox 1876 1214 3456 1306">
    <p class='ocr_par' dir='ltr' id='par_1_27' title="bbox 1876 1214 3456 1306">
     <span class='ocr_line' id='line_1_27' title="bbox 1876 1214 3456 1306; baseline 0.001 -21"><span class='ocrx_word' id='word_1_176' title='bbox 1876 1229 2080 1299; x_wconf 88' lang='lat' dir='ltr'><strong>reperit</strong></span> <span class='ocrx_word' id='word_1_177' title='bbox 2110 1228 2165 1283; x_wconf 92' lang='lat' dir='ltr'><strong>in</strong></span> <span class='ocrx_word' id='word_1_178' title='bbox 2204 1229 2430 1306; x_wconf 88' lang='lat' dir='ltr'><strong>Actiaco</strong></span> <span class='ocrx_word' id='word_1_179' title='bbox 2463 1214 2642 1305; x_wconf 80' lang='lat' dir='ltr'><strong>littore</strong></span> <span class='ocrx_word' id='word_1_180' title='bbox 2678 1214 3180 1301; x_wconf 10' lang='lat' dir='ltr'><strong>apudV‘Nicopolim:</strong></span> <span class='ocrx_word' id='word_1_181' title='bbox 3207 1230 3368 1287; x_wconf 89' lang='lat' dir='ltr'><strong>aliam</strong></span> <span class='ocrx_word' id='word_1_182' title='bbox 3400 1230 3456 1287; x_wconf 90' lang='lat' dir='ltr'><strong>in</strong></span> 
     </span>
    </p>
   </div>
   <div class='ocr_carea' id='block_1_28' title="bbox 1868 1308 3455 1399">
    <p class='ocr_par' dir='ltr' id='par_1_28' title="bbox 1868 1308 3455 1399">
     <span class='ocr_line' id='line_1_28' title="bbox 1868 1308 3455 1399; baseline 0.002 -24"><span class='ocrx_word' id='word_1_183' title='bbox 1868 1308 2123 1391; x_wconf 70' lang='lat' dir='ltr'><strong>Hierico,</strong></span> <span class='ocrx_word' id='word_1_184' title='bbox 2144 1329 2306 1389; x_wconf 88' lang='lat' dir='ltr'><strong>atque</strong></span> <span class='ocrx_word' id='word_1_185' title='bbox 2330 1319 2464 1376; x_wconf 87' lang='lat' dir='ltr'><strong>alias</strong></span> <span class='ocrx_word' id='word_1_186' title='bbox 2502 1319 2556 1374; x_wconf 92' lang='lat' dir='ltr'><strong>in</strong></span> <span class='ocrx_word' id='word_1_187' title='bbox 2587 1319 2708 1375; x_wconf 90' lang='lat' dir='ltr'><strong>aliis</strong></span> <span class='ocrx_word' id='word_1_188' title='bbox 2733 1320 2939 1391; x_wconf 87' lang='lat' dir='ltr'><strong>reperit</strong></span> <span class='ocrx_word' id='word_1_189' title='bbox 2959 1319 3111 1399; x_wconf 89' lang='lat' dir='ltr'><strong>locis.</strong></span> <span class='ocrx_word' id='word_1_190' title='bbox 3142 1320 3248 1377; x_wconf 89' lang='lat' dir='ltr'><strong>Sed</strong></span> <span class='ocrx_word' id='word_1_191' title='bbox 3272 1331 3328 1378; x_wconf 89' lang='lat' dir='ltr'><strong>et</strong></span> <span class='ocrx_word' id='word_1_192' title='bbox 3355 1323 3455 1378; x_wconf 82' lang='lat' dir='ltr'><strong>ad-</strong></span> 
     </span>
    </p>
   </div>
   <div class='ocr_carea' id='block_1_29' title="bbox 1867 1410 3456 1492">
    <p class='ocr_par' dir='ltr' id='par_1_29' title="bbox 1867 1410 3456 1492">
     <span class='ocr_line' id='line_1_29' title="bbox 1867 1410 3456 1492; baseline 0.004 -27"><span class='ocrx_word' id='word_1_193' title='bbox 1867 1426 2092 1475; x_wconf 80' lang='lat' dir='ltr'><strong>versum</strong></span> <span class='ocrx_word' id='word_1_194' title='bbox 2122 1412 2403 1467; x_wconf 75' lang='lat' dir='ltr'><strong>hiereticos</strong></span> <span class='ocrx_word' id='word_1_195' title='bbox 2431 1410 2807 1475; x_wconf 88' lang='lat' dir='ltr'><strong>confutandos,</strong></span> <span class='ocrx_word' id='word_1_196' title='bbox 2841 1419 2950 1491; x_wconf 86' lang='lat' dir='ltr'><strong>tam</strong></span> <span class='ocrx_word' id='word_1_197' title='bbox 2983 1412 3104 1466; x_wconf 87' lang='lat' dir='ltr'><strong>viva</strong></span> <span class='ocrx_word' id='word_1_198' title='bbox 3131 1429 3263 1469; x_wconf 87' lang='lat' dir='ltr'><strong>voce</strong></span> <span class='ocrx_word' id='word_1_199' title='bbox 3290 1430 3456 1492; x_wconf 82' lang='lat' dir='ltr'><strong>quam</strong></span> 
     </span>
    </p>
   </div>
   <div class='ocr_carea' id='block_1_30' title="bbox 1877 1490 3458 1573">
    <p class='ocr_par' dir='ltr' id='par_1_30' title="bbox 1877 1490 3458 1573">
     <span class='ocr_line' id='line_1_30' title="bbox 1877 1490 3458 1573; baseline 0.002 -16"><span class='ocrx_word' id='word_1_200' title='bbox 1877 1502 2142 1558; x_wconf 88' lang='lat' dir='ltr'><strong>librorum</strong></span> <span class='ocrx_word' id='word_1_201' title='bbox 2173 1502 2391 1558; x_wconf 90' lang='lat' dir='ltr'><strong>disertis</strong></span> <span class='ocrx_word' id='word_1_202' title='bbox 2430 1490 2885 1573; x_wconf 84' lang='lat' dir='ltr'><strong>disputationibus</strong></span> <span class='ocrx_word' id='word_1_203' title='bbox 2914 1503 3177 1561; x_wconf 87' lang='lat' dir='ltr'><strong>elaborat.</strong></span> <span class='ocrx_word' id='word_1_204' title='bbox 3225 1503 3359 1559; x_wconf 78' lang='lat' dir='ltr'><strong>Nam</strong></span> <span class='ocrx_word' id='word_1_205' title='bbox 3402 1490 3458 1560; x_wconf 85' lang='lat' dir='ltr'><strong>et</strong></span> 
     </span>
    </p>
   </div>
   <div class='ocr_carea' id='block_1_31' title="bbox 1877 1592 3460 1672">
    <p class='ocr_par' dir='ltr' id='par_1_31' title="bbox 1877 1592 3460 1672">
     <span class='ocr_line' id='line_1_31' title="bbox 1877 1592 3460 1672; baseline 0.001 -24"><span class='ocrx_word' id='word_1_206' title='bbox 1877 1593 2155 1658; x_wconf 90' lang='lat' dir='ltr'><strong>Berillum,</strong></span> <span class='ocrx_word' id='word_1_207' title='bbox 2185 1593 2391 1648; x_wconf 67' lang='lat' dir='ltr'><strong>Rostra:</strong></span> <span class='ocrx_word' id='word_1_208' title='bbox 2433 1594 2583 1649; x_wconf 89' lang='lat' dir='ltr'><strong>urbis</strong></span> <span class='ocrx_word' id='word_1_209' title='bbox 2619 1592 2843 1671; x_wconf 70' lang='lat' dir='ltr'><strong>Arabize</strong></span> <span class='ocrx_word' id='word_1_210' title='bbox 2875 1592 3216 1672; x_wconf 85' lang='lat' dir='ltr'><strong>episcopum,</strong></span> <span class='ocrx_word' id='word_1_211' title='bbox 3254 1594 3346 1664; x_wconf 88' lang='lat' dir='ltr'><strong>qui</strong></span> <span class='ocrx_word' id='word_1_212' title='bbox 3376 1595 3460 1649; x_wconf 81' lang='lat' dir='ltr'><strong>di-</strong></span> 
     </span>
    </p>
   </div>
   <div class='ocr_carea' id='block_1_32' title="bbox 1880 1673 3451 1759">
    <p class='ocr_par' dir='ltr' id='par_1_32' title="bbox 1880 1673 3451 1759">
     <span class='ocr_line' id='line_1_32' title="bbox 1880 1673 3451 1759; baseline 0.001 -19"><span class='ocrx_word' id='word_1_213' title='bbox 1880 1686 2036 1740; x_wconf 90' lang='lat' dir='ltr'><strong>cebat</strong></span> <span class='ocrx_word' id='word_1_214' title='bbox 2063 1685 2397 1742; x_wconf 88' lang='lat' dir='ltr'><strong>Salvatorem</strong></span> <span class='ocrx_word' id='word_1_215' title='bbox 2426 1694 2670 1759; x_wconf 82' lang='lat' dir='ltr'><strong>nostrum</strong></span> <span class='ocrx_word' id='word_1_216' title='bbox 2699 1698 2873 1755; x_wconf 87' lang='lat' dir='ltr'><strong>neque</strong></span> <span class='ocrx_word' id='word_1_217' title='bbox 2899 1686 3172 1749; x_wconf 82' lang='lat' dir='ltr'><strong>exstitisse</strong></span> <span class='ocrx_word' id='word_1_218' title='bbox 3192 1673 3317 1741; x_wconf 81' lang='lat' dir='ltr'><strong>ante</strong></span> <span class='ocrx_word' id='word_1_219' title='bbox 3345 1701 3451 1755; x_wconf 35' lang='lat' dir='ltr'><strong>car:</strong></span> 
     </span>
    </p>
   </div>
   <div class='ocr_carea' id='block_1_33' title="bbox 1883 1766 3459 1849">
    <p class='ocr_par' dir='ltr' id='par_1_33' title="bbox 1883 1766 3459 1849">
     <span class='ocr_line' id='line_1_33' title="bbox 1883 1766 3459 1849; baseline -0.001 -17"><span class='ocrx_word' id='word_1_220' title='bbox 1883 1778 1967 1833; x_wconf 91' lang='lat' dir='ltr'><strong>nis</strong></span> <span class='ocrx_word' id='word_1_221' title='bbox 1993 1777 2326 1832; x_wconf 84' lang='lat' dir='ltr'><strong>nativitatem</strong></span> <span class='ocrx_word' id='word_1_222' title='bbox 2348 1819 2362 1843; x_wconf 95' lang='lat'><strong>,</strong></span> <span class='ocrx_word' id='word_1_223' title='bbox 2395 1768 2571 1847; x_wconf 88' lang='lat' dir='ltr'><strong>neque</strong></span> <span class='ocrx_word' id='word_1_224' title='bbox 2616 1778 2888 1848; x_wconf 89' lang='lat' dir='ltr'><strong>pr0priam</strong></span> <span class='ocrx_word' id='word_1_225' title='bbox 2936 1776 3139 1832; x_wconf 87' lang='lat' dir='ltr'><strong>habere</strong></span> <span class='ocrx_word' id='word_1_226' title='bbox 3166 1766 3459 1849; x_wconf 71' lang='lat' dir='ltr'><strong>divinitatis</strong></span> 
     </span>
    </p>
   </div>
   <div class='ocr_carea' id='block_1_34' title="bbox 174 1844 1774 1945">
    <p class='ocr_par' dir='ltr' id='par_1_34' title="bbox 193 1854 1774 1929">
     <span class='ocr_line' id='line_1_34' title="bbox 193 1854 1774 1929; baseline -0.005 -14"><span class='ocrx_word' id='word_1_227' title='bbox 193 1860 440 1915; x_wconf 60' lang='lat' dir='ltr'><strong>scientias</strong></span> <span class='ocrx_word' id='word_1_228' title='bbox 474 1857 851 1929; x_wconf 60' lang='lat' dir='ltr'><strong>praerogativa,</strong></span> <span class='ocrx_word' id='word_1_229' title='bbox 891 1857 1081 1911; x_wconf 92' lang='lat' dir='ltr'><strong>doctor</strong></span> <span class='ocrx_word' id='word_1_230' title='bbox 1104 1856 1345 1911; x_wconf 64' lang='lat' dir='ltr'><strong>ecclesiae</strong></span> <span class='ocrx_word' id='word_1_231' title='bbox 1375 1855 1515 1925; x_wconf 89' lang='lat' dir='ltr'><strong>apud</strong></span> <span class='ocrx_word' id='word_1_232' title='bbox 1543 1854 1774 1909; x_wconf 81' lang='lat' dir='ltr'><strong>Alexan-</strong></span> 
     </span>
    </p>
   </div>
   <div class='ocr_carea' id='block_1_35' title="bbox 1874 1844 3461 1945">
    <p class='ocr_par' dir='ltr' id='par_1_35' title="bbox 1883 1867 3461 1937">
     <span class='ocr_line' id='line_1_35' title="bbox 1883 1867 3461 1937; baseline -0.001 -12"><span class='ocrx_word' id='word_1_233' title='bbox 1883 1868 2246 1934; x_wconf 78' lang='lat' dir='ltr'><strong>exislentiam,</strong></span> <span class='ocrx_word' id='word_1_234' title='bbox 2276 1868 2369 1923; x_wconf 87' lang='lat' dir='ltr'><strong>sed</strong></span> <span class='ocrx_word' id='word_1_235' title='bbox 2398 1868 2502 1922; x_wconf 90' lang='lat' dir='ltr'><strong>hoc</strong></span> <span class='ocrx_word' id='word_1_236' title='bbox 2523 1867 2694 1922; x_wconf 90' lang='lat' dir='ltr'><strong>solum</strong></span> <span class='ocrx_word' id='word_1_237' title='bbox 2717 1868 2860 1937; x_wconf 90' lang='lat' dir='ltr'><strong>quod</strong></span> <span class='ocrx_word' id='word_1_238' title='bbox 2887 1867 3099 1922; x_wconf 89' lang='lat' dir='ltr'><strong>interna</strong></span> <span class='ocrx_word' id='word_1_239' title='bbox 3131 1868 3302 1923; x_wconf 87' lang='lat' dir='ltr'><strong>deitas</strong></span> <span class='ocrx_word' id='word_1_240' title='bbox 3324 1869 3375 1922; x_wconf 92' lang='lat' dir='ltr'><strong>in</strong></span> <span class='ocrx_word' id='word_1_241' title='bbox 3397 1884 3461 1924; x_wconf 89' lang='lat' dir='ltr'><strong>eo</strong></span> 
     </span>
    </p>
   </div>
   <div class='ocr_carea' id='block_1_36' title="bbox 194 1943 1774 2027">
    <p class='ocr_par' dir='ltr' id='par_1_36' title="bbox 194 1943 1774 2018">
     <span class='ocr_line' id='line_1_36' title="bbox 194 1943 1774 2018; baseline -0.005 -13"><span class='ocrx_word' id='word_1_242' title='bbox 194 1949 372 2005; x_wconf 90' lang='lat' dir='ltr'><strong>driam</strong></span> <span class='ocrx_word' id='word_1_243' title='bbox 405 1966 433 2003; x_wconf 91' lang='lat' dir='ltr'><strong>a</strong></span> <span class='ocrx_word' id='word_1_244' title='bbox 464 1948 752 2012; x_wconf 89' lang='lat' dir='ltr'><strong>Demetrio,</strong></span> <span class='ocrx_word' id='word_1_245' title='bbox 785 1947 951 2018; x_wconf 83' lang='lat' dir='ltr'><strong>ipsius</strong></span> <span class='ocrx_word' id='word_1_246' title='bbox 980 1947 1080 2001; x_wconf 91' lang='lat' dir='ltr'><strong>loci</strong></span> <span class='ocrx_word' id='word_1_247' title='bbox 1110 1946 1385 2015; x_wconf 86' lang='lat' dir='ltr'><strong>episcopo,</strong></span> <span class='ocrx_word' id='word_1_248' title='bbox 1411 1943 1774 2009; x_wconf 85' lang='lat' dir='ltr'><strong>constituitur,</strong></span> 
     </span>
    </p>
   </div>
   <div class='ocr_carea' id='block_1_37' title="bbox 1874 1943 3459 2027">
    <p class='ocr_par' dir='ltr' id='par_1_37' title="bbox 1882 1954 3459 2027">
     <span class='ocr_line' id='line_1_37' title="bbox 1882 1954 3459 2027; baseline -0.001 -15"><span class='ocrx_word' id='word_1_249' title='bbox 1882 1958 2169 2023; x_wconf 86' lang='lat' dir='ltr'><strong>habitaret,</strong></span> <span class='ocrx_word' id='word_1_250' title='bbox 2203 1956 2524 2027; x_wconf 88' lang='lat' dir='ltr'><strong>disputando</strong></span> <span class='ocrx_word' id='word_1_251' title='bbox 2568 1954 2895 2021; x_wconf 83' lang='lat' dir='ltr'><strong>confutavit,</strong></span> <span class='ocrx_word' id='word_1_252' title='bbox 2926 1965 2981 2011; x_wconf 91' lang='lat' dir='ltr'><strong>et</strong></span> <span class='ocrx_word' id='word_1_253' title='bbox 3009 1955 3224 2010; x_wconf 87' lang='lat' dir='ltr'><strong>Celsum</strong></span> <span class='ocrx_word' id='word_1_254' title='bbox 3268 1973 3459 2027; x_wconf 86' lang='lat' dir='ltr'><strong>quem-</strong></span> 
     </span>
    </p>
   </div>
   <div class='ocr_carea' id='block_1_38' title="bbox 196 2031 3461 2121">
    <p class='ocr_par' dir='ltr' id='par_1_38' title="bbox 196 2031 3461 2121">
     <span class='ocr_line' id='line_1_38' title="bbox 196 2031 3461 2121; baseline 0.001 -26"><span class='ocrx_word' id='word_1_255' title='bbox 196 2040 622 2109; x_wconf 78' lang='lat' dir='ltr'><strong>Cathedramque</strong></span> <span class='ocrx_word' id='word_1_256' title='bbox 643 2037 1099 2093; x_wconf 81' lang='lat' dir='ltr'><strong>doctorisubtinet</strong></span> <span class='ocrx_word' id='word_1_257' title='bbox 1115 2035 1306 2090; x_wconf 88' lang='lat' dir='ltr'><strong>tertius</strong></span> <span class='ocrx_word' id='word_1_258' title='bbox 1320 2041 1442 2103; x_wconf 86' lang='lat' dir='ltr'><strong>post</strong></span> <span class='ocrx_word' id='word_1_259' title='bbox 1464 2031 1780 2087; x_wconf 61' lang='lat' dir='ltr'><strong>Pan’ttenum</strong></span> <span class='ocrx_word' id='word_1_260' title='bbox 1882 2047 2029 2112; x_wconf 67' lang='lat' dir='ltr'><strong>(iam,</strong></span> <span class='ocrx_word' id='word_1_261' title='bbox 2063 2046 2382 2115; x_wconf 68' lang='lat' dir='ltr'><strong>Epicureum</strong></span> <span class='ocrx_word' id='word_1_262' title='bbox 2411 2036 2810 2115; x_wconf 84' lang='lat' dir='ltr'><strong>philosophum,</strong></span> <span class='ocrx_word' id='word_1_263' title='bbox 2841 2045 2933 2121; x_wconf 86' lang='lat' dir='ltr'><strong>qui</strong></span> <span class='ocrx_word' id='word_1_264' title='bbox 2970 2045 3275 2101; x_wconf 89' lang='lat' dir='ltr'><strong>contrarios</strong></span> <span class='ocrx_word' id='word_1_265' title='bbox 3296 2046 3461 2101; x_wconf 87' lang='lat' dir='ltr'><strong>libros</strong></span> 
     </span>
    </p>
   </div>
   <div class='ocr_carea' id='block_1_39' title="bbox 176 2122 1774 2207">
    <p class='ocr_par' dir='ltr' id='par_1_39' title="bbox 176 2122 1774 2197">
     <span class='ocr_line' id='line_1_39' title="bbox 176 2122 1774 2197; baseline -0.006 -11"><span class='ocrx_word' id='word_1_266' title='bbox 176 2122 254 2186; x_wconf 42' lang='lat' dir='ltr'><strong>&#39;et</strong></span> <span class='ocrx_word' id='word_1_267' title='bbox 268 2131 630 2193; x_wconf 89' lang='lat' dir='ltr'><strong>Clementem;</strong></span> <span class='ocrx_word' id='word_1_268' title='bbox 658 2128 811 2197; x_wconf 85' lang='lat' dir='ltr'><strong>cujus</strong></span> <span class='ocrx_word' id='word_1_269' title='bbox 830 2127 1034 2182; x_wconf 86' lang='lat' dir='ltr'><strong>scilicet</strong></span> <span class='ocrx_word' id='word_1_270' title='bbox 1055 2124 1346 2181; x_wconf 79' lang='lat' dir='ltr'><strong>Clementis</strong></span> <span class='ocrx_word' id='word_1_271' title='bbox 1366 2131 1420 2178; x_wconf 91' lang='lat' dir='ltr'><strong>et</strong></span> <span class='ocrx_word' id='word_1_272' title='bbox 1441 2124 1555 2193; x_wconf 90' lang='lat' dir='ltr'><strong>ipse</strong></span> <span class='ocrx_word' id='word_1_273' title='bbox 1574 2123 1774 2177; x_wconf 82' lang='lat' dir='ltr'><strong>exstitit</strong></span> 
     </span>
    </p>
   </div>
   <div class='ocr_carea' id='block_1_40' title="bbox 1874 2122 3462 2207">
    <p class='ocr_par' dir='ltr' id='par_1_40' title="bbox 1885 2130 3462 2207">
     <span class='ocr_line' id='line_1_40' title="bbox 1885 2130 3462 2207; baseline 0.001 -17"><span class='ocrx_word' id='word_1_274' title='bbox 1885 2137 2007 2192; x_wconf 82' lang='lat' dir='ltr'><strong>fidei</strong></span> <span class='ocrx_word' id='word_1_275' title='bbox 2052 2137 2363 2207; x_wconf 83' lang='lat' dir='ltr'><strong>scripserat.</strong></span> <span class='ocrx_word' id='word_1_276' title='bbox 2417 2132 2633 2191; x_wconf 70' lang='lat' dir='ltr'><strong>Hnno.</strong></span> <span class='ocrx_word' id='word_1_277' title='bbox 2676 2134 2827 2191; x_wconf 86' lang='lat' dir='ltr'><strong>Unde</strong></span> <span class='ocrx_word' id='word_1_278' title='bbox 2867 2130 3155 2205; x_wconf 87' lang='lat' dir='ltr'><strong>plurimum</strong></span> <span class='ocrx_word' id='word_1_279' title='bbox 3205 2135 3462 2192; x_wconf 88' lang='lat' dir='ltr'><strong>admirari</strong></span> 
     </span>
    </p>
   </div>
   <div class='ocr_carea' id='block_1_41' title="bbox 184 2213 1781 2283">
    <p class='ocr_par' dir='ltr' id='par_1_41' title="bbox 184 2213 1781 2283">
     <span class='ocr_line' id='line_1_41' title="bbox 184 2213 1781 2283; baseline -0.005 -7"><span class='ocrx_word' id='word_1_280' title='bbox 184 2221 449 2276; x_wconf 74' lang='lat' dir='ltr'><strong>&#39;audilor.</strong></span> <span class='ocrx_word' id='word_1_281' title='bbox 486 2219 589 2274; x_wconf 88' lang='lat' dir='ltr'><strong>Ubi</strong></span> <span class='ocrx_word' id='word_1_282' title='bbox 634 2220 792 2283; x_wconf 90' lang='lat' dir='ltr'><strong>dum,</strong></span> <span class='ocrx_word' id='word_1_283' title='bbox 846 2217 1070 2272; x_wconf 88' lang='lat' dir='ltr'><strong>verbum</strong></span> <span class='ocrx_word' id='word_1_284' title='bbox 1122 2214 1217 2268; x_wconf 89' lang='lat' dir='ltr'><strong>Dei</strong></span> <span class='ocrx_word' id='word_1_285' title='bbox 1261 2213 1436 2283; x_wconf 87' lang='lat' dir='ltr'><strong>palam</strong></span> <span class='ocrx_word' id='word_1_286' title='bbox 1481 2222 1588 2267; x_wconf 90' lang='lat' dir='ltr'><strong>tam</strong></span> <span class='ocrx_word' id='word_1_287' title='bbox 1633 2213 1781 2268; x_wconf 91' lang='lat' dir='ltr'><strong>viros</strong></span> 
     </span>
    </p>
   </div>
   <div class='ocr_carea' id='block_1_42' title="bbox 186 2302 1782 2384">
    <p class='ocr_par' dir='ltr' id='par_1_42' title="bbox 186 2302 1782 2384">
     <span class='ocr_line' id='line_1_42' title="bbox 186 2302 1782 2384; baseline -0.004 -20"><span class='ocrx_word' id='word_1_288' title='bbox 186 2312 365 2381; x_wconf 72' lang='lat' dir='ltr'><strong>&#39;quam</strong></span> <span class='ocrx_word' id='word_1_289' title='bbox 388 2308 618 2364; x_wconf 78' lang='lat' dir='ltr'><strong>feminas</strong></span> <span class='ocrx_word' id='word_1_290' title='bbox 647 2308 933 2363; x_wconf 89' lang='lat' dir='ltr'><strong>instituens</strong></span> <span class='ocrx_word' id='word_1_291' title='bbox 961 2307 1136 2368; x_wconf 90' lang='lat' dir='ltr'><strong>docet,</strong></span> <span class='ocrx_word' id='word_1_292' title='bbox 1163 2311 1213 2358; x_wconf 91' lang='lat' dir='ltr'><strong>el</strong></span> <span class='ocrx_word' id='word_1_293' title='bbox 1244 2303 1582 2384; x_wconf 84' lang='lat' dir='ltr'><strong>occasionem</strong></span> <span class='ocrx_word' id='word_1_294' title='bbox 1606 2302 1782 2357; x_wconf 89' lang='lat' dir='ltr'><strong>omnis</strong></span> 
     </span>
    </p>
   </div>
   <div class='ocr_carea' id='block_1_43' title="bbox 189 2388 1781 2471">
    <p class='ocr_par' dir='ltr' id='par_1_43' title="bbox 189 2388 1781 2471">
     <span class='ocr_line' id='line_1_43' title="bbox 189 2388 1781 2471; baseline -0.005 -14"><span class='ocrx_word' id='word_1_295' title='bbox 189 2388 377 2471; x_wconf 64' lang='lat' dir='ltr'><strong>turpis</strong></span> <span class='ocrx_word' id='word_1_296' title='bbox 414 2400 678 2455; x_wconf 73' lang='lat' dir='ltr'><strong>maledicti</strong></span> <span class='ocrx_word' id='word_1_297' title='bbox 712 2399 825 2453; x_wconf 88' lang='lat' dir='ltr'><strong>vult</strong></span> <span class='ocrx_word' id='word_1_298' title='bbox 860 2396 1165 2453; x_wconf 80' lang='lat' dir='ltr'><strong>infidelibus</strong></span> <span class='ocrx_word' id='word_1_299' title='bbox 1193 2395 1501 2460; x_wconf 77' lang='lat' dir='ltr'><strong>excludere,</strong></span> <span class='ocrx_word' id='word_1_300' title='bbox 1536 2395 1781 2465; x_wconf 66' lang='lat' dir='ltr'><strong>quaedam</strong></span> 
     </span>
    </p>
   </div>
   <div class='ocr_carea' id='block_1_44' title="bbox 196 2482 1780 2561">
    <p class='ocr_par' dir='ltr' id='par_1_44' title="bbox 196 2482 1780 2561">
     <span class='ocr_line' id='line_1_44' title="bbox 196 2482 1780 2561; baseline -0.004 -16"><span class='ocrx_word' id='word_1_301' title='bbox 196 2491 382 2545; x_wconf 85' lang='lat' dir='ltr'><strong>minus</strong></span> <span class='ocrx_word' id='word_1_302' title='bbox 403 2488 625 2561; x_wconf 88' lang='lat' dir='ltr'><strong>perfecti</strong></span> <span class='ocrx_word' id='word_1_303' title='bbox 646 2504 836 2544; x_wconf 88' lang='lat' dir='ltr'><strong>sensus</strong></span> <span class='ocrx_word' id='word_1_304' title='bbox 855 2494 1073 2543; x_wconf 83' lang='lat' dir='ltr'><strong>exercet</strong></span> <span class='ocrx_word' id='word_1_305' title='bbox 1097 2486 1150 2540; x_wconf 91' lang='lat' dir='ltr'><strong>in</strong></span> <span class='ocrx_word' id='word_1_306' title='bbox 1178 2485 1397 2555; x_wconf 89' lang='lat' dir='ltr'><strong>proprio</strong></span> <span class='ocrx_word' id='word_1_307' title='bbox 1424 2498 1670 2551; x_wconf 88' lang='lat' dir='ltr'><strong>corpore,</strong></span> <span class='ocrx_word' id='word_1_308' title='bbox 1688 2482 1780 2538; x_wconf 90' lang='lat' dir='ltr'><strong>sed</strong></span> 
     </span>
    </p>
   </div>
   <div class='ocr_carea' id='block_1_45' title="bbox 194 2571 1779 2644">
    <p class='ocr_par' dir='ltr' id='par_1_45' title="bbox 194 2571 1779 2644">
     <span class='ocr_line' id='line_1_45' title="bbox 194 2571 1779 2644; baseline -0.005 -12"><span class='ocrx_word' id='word_1_309' title='bbox 194 2577 459 2634; x_wconf 79' lang='lat' dir='ltr'><strong>ferventis</strong></span> <span class='ocrx_word' id='word_1_310' title='bbox 503 2579 625 2634; x_wconf 82' lang='lat' dir='ltr'><strong>fidei</strong></span> <span class='ocrx_word' id='word_1_311' title='bbox 661 2587 716 2633; x_wconf 88' lang='lat' dir='ltr'><strong>et</strong></span> <span class='ocrx_word' id='word_1_312' title='bbox 757 2577 937 2631; x_wconf 71' lang='lat' dir='ltr'><strong>nimia:</strong></span> <span class='ocrx_word' id='word_1_313' title='bbox 966 2574 1233 2631; x_wconf 82' lang='lat' dir='ltr'><strong>castitatis</strong></span> <span class='ocrx_word' id='word_1_314' title='bbox 1280 2588 1434 2644; x_wconf 89' lang='lat' dir='ltr'><strong>opus.</strong></span> <span class='ocrx_word' id='word_1_315' title='bbox 1468 2571 1626 2636; x_wconf 87' lang='lat' dir='ltr'><strong>Nam,</strong></span> <span class='ocrx_word' id='word_1_316' title='bbox 1656 2586 1779 2627; x_wconf 91' lang='lat' dir='ltr'><strong>cum</strong></span> 
     </span>
    </p>
   </div>
   <div class='ocr_carea' id='block_1_46' title="bbox 193 2658 1781 2739">
    <p class='ocr_par' dir='ltr' id='par_1_46' title="bbox 193 2658 1781 2739">
     <span class='ocr_line' id='line_1_46' title="bbox 193 2658 1781 2739; baseline -0.004 -15"><span class='ocrx_word' id='word_1_317' title='bbox 193 2658 344 2733; x_wconf 78' lang='lat' dir='ltr'><strong>ante,</strong></span> <span class='ocrx_word' id='word_1_318' title='bbox 373 2671 552 2724; x_wconf 90' lang='lat' dir='ltr'><strong>omnia</strong></span> <span class='ocrx_word' id='word_1_319' title='bbox 579 2677 846 2739; x_wconf 80' lang='lat' dir='ltr'><strong>praecepta</strong></span> <span class='ocrx_word' id='word_1_320' title='bbox 875 2665 1181 2737; x_wconf 88' lang='lat' dir='ltr'><strong>evangelica</strong></span> <span class='ocrx_word' id='word_1_321' title='bbox 1211 2674 1267 2721; x_wconf 90' lang='lat' dir='ltr'><strong>et</strong></span> <span class='ocrx_word' id='word_1_322' title='bbox 1290 2680 1449 2719; x_wconf 79' lang='lat' dir='ltr'><strong>voces</strong></span> <span class='ocrx_word' id='word_1_323' title='bbox 1484 2662 1781 2719; x_wconf 89' lang='lat' dir='ltr'><strong>Salvatoris</strong></span> 
     </span>
    </p>
   </div>
   <div class='ocr_carea' id='block_1_47' title="bbox 196 2750 1780 2826">
    <p class='ocr_par' dir='ltr' id='par_1_47' title="bbox 196 2750 1780 2826">
     <span class='ocr_line' id='line_1_47' title="bbox 196 2750 1780 2826; baseline -0.004 -12"><span class='ocrx_word' id='word_1_324' title='bbox 196 2750 513 2815; x_wconf 80' lang='lat' dir='ltr'><strong>Observaret</strong></span> <span class='ocrx_word' id='word_1_325' title='bbox 533 2768 587 2813; x_wconf 82' lang='lat' dir='ltr'><strong>et.</strong></span> <span class='ocrx_word' id='word_1_326' title='bbox 602 2758 874 2813; x_wconf 87' lang='lat' dir='ltr'><strong>observari</strong></span> <span class='ocrx_word' id='word_1_327' title='bbox 898 2756 1237 2826; x_wconf 61' lang='lat' dir='ltr'><strong>praeciperet,</strong></span> <span class='ocrx_word' id='word_1_328' title='bbox 1258 2754 1383 2808; x_wconf 91' lang='lat' dir='ltr'><strong>illud</strong></span> <span class='ocrx_word' id='word_1_329' title='bbox 1402 2752 1780 2825; x_wconf 81' lang='lat' dir='ltr'><strong>Evangelicum</strong></span> 
     </span>
    </p>
   </div>
   <div class='ocr_carea' id='block_1_48' title="bbox 197 2840 1781 2929">
    <p class='ocr_par' dir='ltr' id='par_1_48' title="bbox 197 2840 1781 2929">
     <span class='ocr_line' id='line_1_48' title="bbox 197 2840 1781 2929; baseline -0.004 -24"><span class='ocrx_word' id='word_1_330' title='bbox 197 2840 478 2906; x_wconf 82' lang='lat' dir='ltr'><strong>attendens</strong></span> <span class='ocrx_word' id='word_1_331' title='bbox 511 2867 524 2904; x_wconf 92' lang='lat'>:</span> <span class='ocrx_word' id='word_1_332' title='bbox 553 2850 615 2904; x_wconf 88' lang='lat' dir='ltr'><strong>Hi</strong></span> <span class='ocrx_word' id='word_1_333' title='bbox 640 2858 759 2905; x_wconf 88' lang='lat' dir='ltr'><strong>sunt</strong></span> <span class='ocrx_word' id='word_1_334' title='bbox 782 2848 1036 2929; x_wconf 59' lang='lat' dir='ltr'><strong>eunuchi)</strong></span> <span class='ocrx_word' id='word_1_335' title='bbox 1061 2846 1152 2916; x_wconf 88' lang='lat' dir='ltr'><strong>qui</strong></span> <span class='ocrx_word' id='word_1_336' title='bbox 1181 2862 1238 2901; x_wconf 91' lang='lat' dir='ltr'><strong>se</strong></span> <span class='ocrx_word' id='word_1_337' title='bbox 1263 2853 1636 2919; x_wconf 87' lang='lat' dir='ltr'><strong>castravcrunt</strong></span> <span class='ocrx_word' id='word_1_338' title='bbox 1661 2859 1781 2914; x_wconf 86' lang='lat' dir='ltr'><strong>pro-</strong></span> 
     </span>
    </p>
   </div>
   <div class='ocr_carea' id='block_1_49' title="bbox 192 2937 1781 3012">
    <p class='ocr_par' dir='ltr' id='par_1_49' title="bbox 192 2937 1781 3012">
     <span class='ocr_line' id='line_1_49' title="bbox 192 2937 1781 3012; baseline -0.004 -17"><span class='ocrx_word' id='word_1_339' title='bbox 192 2949 319 3012; x_wconf 89' lang='lat' dir='ltr'><strong>pter</strong></span> <span class='ocrx_word' id='word_1_340' title='bbox 349 2956 570 3011; x_wconf 78' lang='lat' dir='ltr'><strong>regnum</strong></span> <span class='ocrx_word' id='word_1_341' title='bbox 602 2939 719 3005; x_wconf 90' lang='lat' dir='ltr'><strong>Dei,</strong></span> <span class='ocrx_word' id='word_1_342' title='bbox 749 2937 1086 2992; x_wconf 88' lang='lat' dir='ltr'><strong>Dnminicam</strong></span> <span class='ocrx_word' id='word_1_343' title='bbox 1120 2951 1304 2991; x_wconf 90' lang='lat' dir='ltr'><strong>vocem</strong></span> <span class='ocrx_word' id='word_1_344' title='bbox 1341 2951 1401 2990; x_wconf 90' lang='lat' dir='ltr'><strong>re</strong></span> <span class='ocrx_word' id='word_1_345' title='bbox 1430 2945 1591 3004; x_wconf 87' lang='lat' dir='ltr'><strong>atque</strong></span> <span class='ocrx_word' id='word_1_346' title='bbox 1618 2949 1781 3005; x_wconf 87' lang='lat' dir='ltr'><strong>opere</strong></span> 
     </span>
    </p>
   </div>
   <div class='ocr_carea' id='block_1_50' title="bbox 190 3018 1777 3101">
    <p class='ocr_par' dir='ltr' id='par_1_50' title="bbox 190 3018 1777 3101">
     <span class='ocr_line' id='line_1_50' title="bbox 190 3018 1777 3101; baseline -0.006 -13"><span class='ocrx_word' id='word_1_347' title='bbox 190 3048 324 3088; x_wconf 74' lang='lat' dir='ltr'><strong>mox</strong></span> <span class='ocrx_word' id='word_1_348' title='bbox 351 3033 404 3087; x_wconf 91' lang='lat' dir='ltr'><strong>in</strong></span> <span class='ocrx_word' id='word_1_349' title='bbox 432 3030 780 3101; x_wconf 83' lang='lat' dir='ltr'><strong>semetipsum</strong></span> <span class='ocrx_word' id='word_1_350' title='bbox 811 3018 1120 3101; x_wconf 86' lang='lat' dir='ltr'><strong>aggreditur</strong></span> <span class='ocrx_word' id='word_1_351' title='bbox 1149 3025 1457 3096; x_wconf 88' lang='lat' dir='ltr'><strong>adimplere.</strong></span> <span class='ocrx_word' id='word_1_352' title='bbox 1483 3025 1635 3080; x_wconf 89' lang='lat' dir='ltr'><strong>Tunc</strong></span> <span class='ocrx_word' id='word_1_353' title='bbox 1676 3024 1777 3095; x_wconf 90' lang='lat' dir='ltr'><strong>igi-</strong></span> 
     </span>
    </p>
   </div>
   <div class='ocr_carea' id='block_1_51' title="bbox 191 3115 1777 3192">
    <p class='ocr_par' dir='ltr' id='par_1_51' title="bbox 191 3115 1777 3192">
     <span class='ocr_line' id='line_1_51' title="bbox 191 3115 1777 3192; baseline -0.007 -12"><span class='ocrx_word' id='word_1_354' title='bbox 191 3134 289 3181; x_wconf 88' lang='lat' dir='ltr'><strong>tur</strong></span> <span class='ocrx_word' id='word_1_355' title='bbox 321 3125 551 3179; x_wconf 78' lang='lat' dir='ltr'><strong>maxime</strong></span> <span class='ocrx_word' id='word_1_356' title='bbox 586 3122 680 3177; x_wconf 84' lang='lat' dir='ltr'><strong>dat</strong></span> <span class='ocrx_word' id='word_1_357' title='bbox 720 3135 941 3192; x_wconf 87' lang='lat' dir='ltr'><strong>operam</strong></span> <span class='ocrx_word' id='word_1_358' title='bbox 988 3119 1247 3174; x_wconf 67' lang='lat' dir='ltr'><strong>doctrinae</strong></span> <span class='ocrx_word' id='word_1_359' title='bbox 1285 3125 1339 3173; x_wconf 89' lang='lat' dir='ltr'><strong>et</strong></span> <span class='ocrx_word' id='word_1_360' title='bbox 1383 3115 1777 3188; x_wconf 75' lang='lat' dir='ltr'><strong>prtedicationi,</strong></span> 
     </span>
    </p>
   </div>
   <div class='ocr_carea' id='block_1_52' title="bbox 1880 2226 3445 2300">
    <p class='ocr_par' dir='ltr' id='par_1_52' title="bbox 1880 2226 3445 2300">
     <span class='ocr_line' id='line_1_52' title="bbox 1880 2226 3445 2300; baseline 0.001 -19"><span class='ocrx_word' id='word_1_361' title='bbox 1880 2226 1987 2282; x_wconf 81' lang='lat' dir='ltr'><strong>non</strong></span> <span class='ocrx_word' id='word_1_362' title='bbox 2020 2228 2246 2294; x_wconf 85' lang='lat' dir='ltr'><strong>snlIicio,</strong></span> <span class='ocrx_word' id='word_1_363' title='bbox 2273 2228 2416 2298; x_wconf 92' lang='lat' dir='ltr'><strong>quod</strong></span> <span class='ocrx_word' id='word_1_364' title='bbox 2440 2228 2525 2282; x_wconf 91' lang='lat' dir='ltr'><strong>vir</strong></span> <span class='ocrx_word' id='word_1_365' title='bbox 2550 2237 2659 2282; x_wconf 90' lang='lat' dir='ltr'><strong>tam</strong></span> <span class='ocrx_word' id='word_1_366' title='bbox 2685 2227 2928 2294; x_wconf 85' lang='lat' dir='ltr'><strong>illustris,</strong></span> <span class='ocrx_word' id='word_1_367' title='bbox 2954 2237 3062 2283; x_wconf 89' lang='lat' dir='ltr'><strong>tam</strong></span> <span class='ocrx_word' id='word_1_368' title='bbox 3086 2237 3269 2300; x_wconf 88' lang='lat' dir='ltr'><strong>aperte</strong></span> <span class='ocrx_word' id='word_1_369' title='bbox 3296 2228 3445 2284; x_wconf 88' lang='lat' dir='ltr'><strong>rebel</strong></span> 
     </span>
    </p>
   </div>
   <div class='ocr_carea' id='block_1_53' title="bbox 1880 2304 3462 2383">
    <p class='ocr_par' dir='ltr' id='par_1_53' title="bbox 1880 2304 3462 2383">
     <span class='ocr_line' id='line_1_53' title="bbox 1880 2304 3462 2383; baseline -0.001 -12"><span class='ocrx_word' id='word_1_370' title='bbox 1880 2304 1999 2371; x_wconf 89' lang='lat' dir='ltr'><strong>lans</strong></span> <span class='ocrx_word' id='word_1_371' title='bbox 2021 2327 2075 2372; x_wconf 89' lang='lat' dir='ltr'><strong>et</strong></span> <span class='ocrx_word' id='word_1_372' title='bbox 2098 2316 2322 2371; x_wconf 86' lang='lat' dir='ltr'><strong>obvians</strong></span> <span class='ocrx_word' id='word_1_373' title='bbox 2347 2316 2635 2383; x_wconf 70' lang='lat' dir='ltr'><strong>haereticis,</strong></span> <span class='ocrx_word' id='word_1_374' title='bbox 2653 2315 2934 2371; x_wconf 90' lang='lat' dir='ltr'><strong>devolutus</strong></span> <span class='ocrx_word' id='word_1_375' title='bbox 2954 2316 3025 2371; x_wconf 84' lang='lat' dir='ltr'><strong>sit</strong></span> <span class='ocrx_word' id='word_1_376' title='bbox 3044 2317 3096 2371; x_wconf 88' lang='lat' dir='ltr'><strong>in</strong></span> <span class='ocrx_word' id='word_1_377' title='bbox 3124 2316 3462 2371; x_wconf 87' lang='lat' dir='ltr'><strong>notissimam</strong></span> 
     </span>
    </p>
   </div>
   <div class='ocr_carea' id='block_1_54' title="bbox 1881 2406 3462 2478">
    <p class='ocr_par' dir='ltr' id='par_1_54' title="bbox 1881 2406 3462 2478">
     <span class='ocr_line' id='line_1_54' title="bbox 1881 2406 3462 2478; baseline -0.001 -15"><span class='ocrx_word' id='word_1_378' title='bbox 1881 2407 2130 2463; x_wconf 65' lang='lat' dir='ltr'><strong>haeresim</strong></span> <span class='ocrx_word' id='word_1_379' title='bbox 2169 2416 2225 2463; x_wconf 89' lang='lat' dir='ltr'><strong>et</strong></span> <span class='ocrx_word' id='word_1_380' title='bbox 2247 2423 2511 2475; x_wconf 90' lang='lat' dir='ltr'><strong>errorem,</strong></span> <span class='ocrx_word' id='word_1_381' title='bbox 2540 2406 2746 2463; x_wconf 89' lang='lat' dir='ltr'><strong>scilicet</strong></span> <span class='ocrx_word' id='word_1_382' title='bbox 2773 2408 2916 2478; x_wconf 88' lang='lat' dir='ltr'><strong>quod</strong></span> <span class='ocrx_word' id='word_1_383' title='bbox 2947 2406 3210 2477; x_wconf 88' lang='lat' dir='ltr'><strong>Seraphin</strong></span> <span class='ocrx_word' id='word_1_384' title='bbox 3255 2407 3308 2462; x_wconf 92' lang='lat' dir='ltr'><strong>in</strong></span> <span class='ocrx_word' id='word_1_385' title='bbox 3335 2406 3462 2463; x_wconf 84' lang='lat' dir='ltr'><strong>Asia</strong></span> 
     </span>
    </p>
   </div>
   <div class='ocr_carea' id='block_1_55' title="bbox 1883 2498 3462 2569">
    <p class='ocr_par' dir='ltr' id='par_1_55' title="bbox 1883 2498 3462 2569">
     <span class='ocr_line' id='line_1_55' title="bbox 1883 2498 3462 2569; baseline -0.001 -15"><span class='ocrx_word' id='word_1_386' title='bbox 1883 2499 2143 2569; x_wconf 89' lang='lat' dir='ltr'><strong>Spiritum</strong></span> <span class='ocrx_word' id='word_1_387' title='bbox 2174 2508 2422 2555; x_wconf 90' lang='lat' dir='ltr'><strong>sanctum</strong></span> <span class='ocrx_word' id='word_1_388' title='bbox 2444 2498 2778 2569; x_wconf 79' lang='lat' dir='ltr'><strong>exposuerit.</strong></span> <span class='ocrx_word' id='word_1_389' title='bbox 2802 2510 2857 2554; x_wconf 90' lang='lat' dir='ltr'><strong>et</strong></span> <span class='ocrx_word' id='word_1_390' title='bbox 2884 2499 2936 2553; x_wconf 93' lang='lat' dir='ltr'><strong>in</strong></span> <span class='ocrx_word' id='word_1_391' title='bbox 2964 2498 3070 2553; x_wconf 91' lang='lat' dir='ltr'><strong>alio</strong></span> <span class='ocrx_word' id='word_1_392' title='bbox 3104 2498 3224 2553; x_wconf 94' lang='lat' dir='ltr'><strong>loco</strong></span> <span class='ocrx_word' id='word_1_393' title='bbox 3249 2498 3316 2553; x_wconf 90' lang='lat' dir='ltr'><strong>de</strong></span> <span class='ocrx_word' id='word_1_394' title='bbox 3345 2513 3462 2568; x_wconf 87' lang='lat' dir='ltr'><strong>poe-</strong></span> 
     </span>
    </p>
   </div>
   <div class='ocr_carea' id='block_1_56' title="bbox 1881 2575 3460 2661">
    <p class='ocr_par' dir='ltr' id='par_1_56' title="bbox 1881 2575 3460 2661">
     <span class='ocr_line' id='line_1_56' title="bbox 1881 2575 3460 2661; baseline -0.001 -16"><span class='ocrx_word' id='word_1_395' title='bbox 1881 2590 2109 2645; x_wconf 89' lang='lat' dir='ltr'><strong>nitentia</strong></span> <span class='ocrx_word' id='word_1_396' title='bbox 2157 2588 2356 2645; x_wconf 90' lang='lat' dir='ltr'><strong>diaboli</strong></span> <span class='ocrx_word' id='word_1_397' title='bbox 2383 2575 2683 2661; x_wconf 88' lang='lat' dir='ltr'><strong>scripserit,</strong></span> <span class='ocrx_word' id='word_1_398' title='bbox 2735 2598 2790 2644; x_wconf 94' lang='lat' dir='ltr'><strong>et</strong></span> <span class='ocrx_word' id='word_1_399' title='bbox 2815 2588 2883 2643; x_wconf 90' lang='lat' dir='ltr'><strong>de</strong></span> <span class='ocrx_word' id='word_1_400' title='bbox 2912 2588 3248 2644; x_wconf 85' lang='lat' dir='ltr'><strong>absolutione</strong></span> <span class='ocrx_word' id='word_1_401' title='bbox 3274 2602 3460 2659; x_wconf 84' lang='lat' dir='ltr'><strong>repro-</strong></span> 
     </span>
    </p>
   </div>
   <div class='ocr_carea' id='block_1_57' title="bbox 1881 2679 3461 2751">
    <p class='ocr_par' dir='ltr' id='par_1_57' title="bbox 1881 2679 3461 2751">
     <span class='ocr_line' id='line_1_57' title="bbox 1881 2679 3461 2751; baseline 0.001 -15"><span class='ocrx_word' id='word_1_402' title='bbox 1881 2681 2072 2736; x_wconf 89' lang='lat' dir='ltr'><strong>borum</strong></span> <span class='ocrx_word' id='word_1_403' title='bbox 2102 2689 2221 2751; x_wconf 91' lang='lat' dir='ltr'><strong>post</strong></span> <span class='ocrx_word' id='word_1_404' title='bbox 2242 2679 2386 2734; x_wconf 91' lang='lat' dir='ltr'><strong>mille</strong></span> <span class='ocrx_word' id='word_1_405' title='bbox 2406 2695 2596 2745; x_wconf 87' lang='lat' dir='ltr'><strong>annos,</strong></span> <span class='ocrx_word' id='word_1_406' title='bbox 2617 2688 2673 2735; x_wconf 90' lang='lat' dir='ltr'><strong>et</strong></span> <span class='ocrx_word' id='word_1_407' title='bbox 2694 2680 2859 2735; x_wconf 90' lang='lat' dir='ltr'><strong>multa</strong></span> <span class='ocrx_word' id='word_1_408' title='bbox 2881 2679 2985 2735; x_wconf 88' lang='lat' dir='ltr'><strong>alia</strong></span> <span class='ocrx_word' id='word_1_409' title='bbox 3007 2696 3128 2751; x_wconf 72' lang='lat' dir='ltr'><strong>qua:</strong></span> <span class='ocrx_word' id='word_1_410' title='bbox 3148 2680 3461 2749; x_wconf 58' lang='lat' dir='ltr'><strong>orthodoxi?</strong></span> 
     </span>
    </p>
   </div>
   <div class='ocr_carea' id='block_1_58' title="bbox 1880 2771 3460 2838">
    <p class='ocr_par' dir='ltr' id='par_1_58' title="bbox 1880 2771 3460 2838">
     <span class='ocr_line' id='line_1_58' title="bbox 1880 2771 3460 2838; baseline -0.001 -11"><span class='ocrx_word' id='word_1_411' title='bbox 1880 2771 2006 2827; x_wconf 85' lang='lat' dir='ltr'><strong>fidei</strong></span> <span class='ocrx_word' id='word_1_412' title='bbox 2037 2772 2430 2838; x_wconf 88' lang='lat' dir='ltr'><strong>adversantur;</strong></span> <span class='ocrx_word' id='word_1_413' title='bbox 2463 2774 2701 2827; x_wconf 84' lang='lat' dir='ltr'><strong>maxime</strong></span> <span class='ocrx_word' id='word_1_414' title='bbox 2745 2788 2866 2826; x_wconf 93' lang='lat' dir='ltr'><strong>cum</strong></span> <span class='ocrx_word' id='word_1_415' title='bbox 2908 2772 3385 2828; x_wconf 68' lang='lat' dir='ltr'><strong>abstinentissimat</strong></span> <span class='ocrx_word' id='word_1_416' title='bbox 3408 2781 3460 2826; x_wconf 90' lang='lat' dir='ltr'><strong>et</strong></span> 
     </span>
    </p>
   </div>
   <div class='ocr_carea' id='block_1_59' title="bbox 1880 2860 3463 2934">
    <p class='ocr_par' dir='ltr' id='par_1_59' title="bbox 1880 2860 3463 2934">
     <span class='ocr_line' id='line_1_59' title="bbox 1880 2860 3463 2934; baseline 0 -18"><span class='ocrx_word' id='word_1_417' title='bbox 1880 2861 2197 2916; x_wconf 59' lang='lat' dir='ltr'><strong>castissimae</strong></span> <span class='ocrx_word' id='word_1_418' title='bbox 2245 2861 2369 2916; x_wconf 67' lang='lat' dir='ltr'><strong>vitae</strong></span> <span class='ocrx_word' id='word_1_419' title='bbox 2413 2860 2581 2917; x_wconf 87' lang='lat' dir='ltr'><strong>fuisse</strong></span> <span class='ocrx_word' id='word_1_420' title='bbox 2637 2860 2923 2925; x_wconf 87' lang='lat' dir='ltr'><strong>referatur,</strong></span> <span class='ocrx_word' id='word_1_421' title='bbox 2954 2872 3150 2918; x_wconf 72' lang='lat' dir='ltr'><strong>etlam</strong></span> <span class='ocrx_word' id='word_1_422' title='bbox 3190 2862 3463 2934; x_wconf 61' lang='lat' dir='ltr'><strong>praeclaras</strong></span> 
     </span>
    </p>
   </div>
   <div class='ocr_carea' id='block_1_60' title="bbox 1880 2950 3460 3022">
    <p class='ocr_par' dir='ltr' id='par_1_60' title="bbox 1880 2950 3460 3022">
     <span class='ocr_line' id='line_1_60' title="bbox 1880 2950 3460 3022; baseline 0 -15"><span class='ocrx_word' id='word_1_423' title='bbox 1880 2952 2137 3007; x_wconf 71' lang='lat' dir='ltr'><strong>doctrina:</strong></span> <span class='ocrx_word' id='word_1_424' title='bbox 2167 2959 2389 3022; x_wconf 89' lang='lat' dir='ltr'><strong>tamque</strong></span> <span class='ocrx_word' id='word_1_425' title='bbox 2435 2951 2552 3021; x_wconf 89' lang='lat' dir='ltr'><strong>puri</strong></span> <span class='ocrx_word' id='word_1_426' title='bbox 2603 2962 2658 3006; x_wconf 89' lang='lat' dir='ltr'><strong>et</strong></span> <span class='ocrx_word' id='word_1_427' title='bbox 2704 2950 2868 3006; x_wconf 91' lang='lat' dir='ltr'><strong>lucidi</strong></span> <span class='ocrx_word' id='word_1_428' title='bbox 2911 2952 3198 3008; x_wconf 90' lang='lat' dir='ltr'><strong>sermonis.</strong></span> <span class='ocrx_word' id='word_1_429' title='bbox 3249 2951 3460 3007; x_wconf 72' lang='lat' dir='ltr'><strong>Ilum.</strong></span> 
     </span>
    </p>
   </div>
   <div class='ocr_carea' id='block_1_61' title="bbox 1879 3041 3463 3114">
    <p class='ocr_par' dir='ltr' id='par_1_61' title="bbox 1879 3041 3463 3114">
     <span class='ocr_line' id='line_1_61' title="bbox 1879 3041 3463 3114; baseline 0.002 -17"><span class='ocrx_word' id='word_1_430' title='bbox 1879 3042 1992 3114; x_wconf 84' lang='lat' dir='ltr'><strong>Ego</strong></span> <span class='ocrx_word' id='word_1_431' title='bbox 2019 3057 2151 3098; x_wconf 91' lang='lat' dir='ltr'><strong>sane</strong></span> <span class='ocrx_word' id='word_1_432' title='bbox 2176 3043 2243 3097; x_wconf 91' lang='lat' dir='ltr'><strong>de</strong></span> <span class='ocrx_word' id='word_1_433' title='bbox 2263 3056 2330 3098; x_wconf 89' lang='lat' dir='ltr'><strong>eo</strong></span> <span class='ocrx_word' id='word_1_434' title='bbox 2367 3041 2513 3098; x_wconf 90' lang='lat' dir='ltr'><strong>salva</strong></span> <span class='ocrx_word' id='word_1_435' title='bbox 2553 3042 2657 3097; x_wconf 81' lang='lat' dir='ltr'><strong>fide</strong></span> <span class='ocrx_word' id='word_1_436' title='bbox 2685 3052 2896 3113; x_wconf 87' lang='lat' dir='ltr'><strong>patrum</strong></span> <span class='ocrx_word' id='word_1_437' title='bbox 2925 3043 3180 3107; x_wconf 78' lang='lat' dir='ltr'><strong>dixerim,</strong></span> <span class='ocrx_word' id='word_1_438' title='bbox 3206 3044 3287 3099; x_wconf 90' lang='lat' dir='ltr'><strong>vel</strong></span> <span class='ocrx_word' id='word_1_439' title='bbox 3319 3044 3463 3114; x_wconf 85' lang='lat' dir='ltr'><strong>quod</strong></span> 
     </span>
    </p>
   </div>
   <div class='ocr_carea' id='block_1_62' title="bbox 1882 3132 3464 3203">
    <p class='ocr_par' dir='ltr' id='par_1_62' title="bbox 1882 3132 3464 3203">
     <span class='ocr_line' id='line_1_62' title="bbox 1882 3132 3464 3203; baseline 0.001 -14"><span class='ocrx_word' id='word_1_440' title='bbox 1882 3136 1998 3189; x_wconf 78' lang='lat' dir='ltr'><strong>haec</strong></span> <span class='ocrx_word' id='word_1_441' title='bbox 2039 3135 2260 3189; x_wconf 90' lang='lat' dir='ltr'><strong>omnino</strong></span> <span class='ocrx_word' id='word_1_442' title='bbox 2306 3149 2412 3189; x_wconf 92' lang='lat' dir='ltr'><strong>non</strong></span> <span class='ocrx_word' id='word_1_443' title='bbox 2460 3132 2757 3203; x_wconf 87' lang='lat' dir='ltr'><strong>scripserit,</strong></span> <span class='ocrx_word' id='word_1_444' title='bbox 2804 3134 2899 3190; x_wconf 86' lang='lat' dir='ltr'><strong>sed</strong></span> <span class='ocrx_word' id='word_1_445' title='bbox 2945 3134 3014 3189; x_wconf 90' lang='lat' dir='ltr'><strong>ab</strong></span> <span class='ocrx_word' id='word_1_446' title='bbox 3062 3134 3365 3199; x_wconf 62' lang='lat' dir='ltr'><strong>haereticis,</strong></span> <span class='ocrx_word' id='word_1_447' title='bbox 3393 3135 3464 3191; x_wconf 91' lang='lat' dir='ltr'><strong>ob</strong></span> 
     </span>
    </p>
   </div>
   <div class='ocr_carea' id='block_1_63' title="bbox 190 3193 3463 3296">
    <p class='ocr_par' dir='ltr' id='par_1_63' title="bbox 190 3193 3463 3296">
     <span class='ocr_line' id='line_1_63' title="bbox 190 3193 3463 3296; baseline -0.001 -25"><span class='ocrx_word' id='word_1_448' title='bbox 190 3217 415 3289; x_wconf 84' lang='lat' dir='ltr'><strong>quando</strong></span> <span class='ocrx_word' id='word_1_449' title='bbox 447 3215 774 3270; x_wconf 89' lang='lat' dir='ltr'><strong>adversariis</strong></span> <span class='ocrx_word' id='word_1_450' title='bbox 812 3212 958 3267; x_wconf 89' lang='lat' dir='ltr'><strong>nulla</strong></span> <span class='ocrx_word' id='word_1_451' title='bbox 1009 3211 1264 3267; x_wconf 89' lang='lat' dir='ltr'><strong>derelicta</strong></span> <span class='ocrx_word' id='word_1_452' title='bbox 1313 3219 1397 3266; x_wconf 89' lang='lat' dir='ltr'><strong>est</strong></span> <span class='ocrx_word' id='word_1_453' title='bbox 1439 3210 1776 3296; x_wconf 73' lang='lat' dir='ltr'><strong>obtrectandi</strong></span> <span class='ocrx_word' id='word_1_454' title='bbox 1804 3193 1850 3258; x_wconf 67' lang='grc' dir='ltr'>Ο</span> <span class='ocrx_word' id='word_1_455' title='bbox 1883 3225 2202 3294; x_wconf 63' lang='lat' dir='ltr'><strong>pmclarum</strong></span> <span class='ocrx_word' id='word_1_456' title='bbox 2242 3239 2437 3280; x_wconf 76' lang='lat' dir='ltr'><strong>nomen</strong></span> <span class='ocrx_word' id='word_1_457' title='bbox 2467 3193 2585 3294; x_wconf 53' lang='lat' dir='ltr'><strong>eius-</strong></span> <span class='ocrx_word' id='word_1_458' title='bbox 2623 3224 3043 3291; x_wconf 67' lang='lat' dir='ltr'><strong>obfugcandum,</strong></span> <span class='ocrx_word' id='word_1_459' title='bbox 3073 3225 3305 3296; x_wconf 69' lang='lat' dir='ltr'><strong>maligne</strong></span> <span class='ocrx_word' id='word_1_460' title='bbox 3333 3241 3463 3281; x_wconf 78' lang='lat' dir='ltr'><strong>con-</strong></span> 
     </span>
    </p>
   </div>
   <div class='ocr_carea' id='block_1_64' title="bbox 190 3286 1777 3380">
    <p class='ocr_par' dir='ltr' id='par_1_64' title="bbox 190 3286 1777 3380">
     <span class='ocr_line' id='line_1_64' title="bbox 190 3286 1777 3380; baseline -0.006 -16"><span class='ocrx_word' id='word_1_461' title='bbox 190 3286 461 3380; x_wconf 78' lang='lat' dir='ltr'><strong>suSpicio;</strong></span> <span class='ocrx_word' id='word_1_462' title='bbox 513 3318 637 3362; x_wconf 90' lang='lat' dir='ltr'><strong>tunc</strong></span> <span class='ocrx_word' id='word_1_463' title='bbox 659 3347 674 3373; x_wconf 96' lang='lat'><strong>,</strong></span> <span class='ocrx_word' id='word_1_464' title='bbox 722 3315 782 3360; x_wconf 91' lang='lat' dir='ltr'><strong>ut</strong></span> <span class='ocrx_word' id='word_1_465' title='bbox 822 3303 1111 3374; x_wconf 85' lang='lat' dir='ltr'><strong>Apostolus</strong></span> <span class='ocrx_word' id='word_1_466' title='bbox 1136 3302 1285 3368; x_wconf 87' lang='lat' dir='ltr'><strong>dicit,</strong></span> <span class='ocrx_word' id='word_1_467' title='bbox 1311 3286 1530 3356; x_wconf 78' lang='lat' dir='ltr'><strong>verbum</strong></span> <span class='ocrx_word' id='word_1_468' title='bbox 1558 3301 1651 3356; x_wconf 90' lang='lat' dir='ltr'><strong>Dei</strong></span> <span class='ocrx_word' id='word_1_469' title='bbox 1678 3316 1777 3371; x_wconf 87' lang='lat' dir='ltr'><strong>op-</strong></span> 
     </span>
    </p>
   </div>
   <div class='ocr_carea' id='block_1_65' title="bbox 189 3388 1779 3471">
    <p class='ocr_par' dir='ltr' id='par_1_65' title="bbox 189 3388 1779 3471">
     <span class='ocr_line' id='line_1_65' title="bbox 189 3388 1779 3471; baseline -0.007 -17"><span class='ocrx_word' id='word_1_470' title='bbox 189 3407 426 3471; x_wconf 87' lang='lat' dir='ltr'><strong>portune</strong></span> <span class='ocrx_word' id='word_1_471' title='bbox 472 3396 729 3469; x_wconf 63' lang='lat' dir='ltr'><strong>praedicat</strong></span> <span class='ocrx_word' id='word_1_472' title='bbox 773 3402 828 3450; x_wconf 92' lang='lat' dir='ltr'><strong>et</strong></span> <span class='ocrx_word' id='word_1_473' title='bbox 875 3393 1181 3462; x_wconf 89' lang='lat' dir='ltr'><strong>importune</strong></span> <span class='ocrx_word' id='word_1_474' title='bbox 1222 3390 1310 3462; x_wconf 87' lang='lat' dir='ltr'><strong>(II</strong></span> <span class='ocrx_word' id='word_1_475' title='bbox 1355 3389 1488 3444; x_wconf 87' lang='lat' dir='ltr'><strong>Tim.</strong></span> <span class='ocrx_word' id='word_1_476' title='bbox 1534 3388 1643 3460; x_wconf 84' lang='lat' dir='ltr'><strong>iv),</strong></span> <span class='ocrx_word' id='word_1_477' title='bbox 1683 3403 1779 3458; x_wconf 90' lang='lat' dir='ltr'><strong>per</strong></span> 
     </span>
    </p>
   </div>
   <div class='ocr_carea' id='block_1_66' title="bbox 188 3481 1776 3558">
    <p class='ocr_par' dir='ltr' id='par_1_66' title="bbox 188 3481 1776 3558">
     <span class='ocr_line' id='line_1_66' title="bbox 188 3481 1776 3558; baseline -0.006 -13"><span class='ocrx_word' id='word_1_478' title='bbox 188 3489 341 3545; x_wconf 88' lang='lat' dir='ltr'><strong>diem</strong></span> <span class='ocrx_word' id='word_1_479' title='bbox 367 3498 421 3543; x_wconf 91' lang='lat' dir='ltr'><strong>et</strong></span> <span class='ocrx_word' id='word_1_480' title='bbox 450 3503 546 3558; x_wconf 88' lang='lat' dir='ltr'><strong>per</strong></span> <span class='ocrx_word' id='word_1_481' title='bbox 588 3494 821 3550; x_wconf 87' lang='lat' dir='ltr'><strong>noctem,</strong></span> <span class='ocrx_word' id='word_1_482' title='bbox 850 3482 1063 3553; x_wconf 85' lang='lat' dir='ltr'><strong>publice</strong></span> <span class='ocrx_word' id='word_1_483' title='bbox 1108 3492 1164 3537; x_wconf 91' lang='lat' dir='ltr'><strong>et</strong></span> <span class='ocrx_word' id='word_1_484' title='bbox 1201 3481 1453 3553; x_wconf 84' lang='lat' dir='ltr'><strong>privatim</strong></span> <span class='ocrx_word' id='word_1_485' title='bbox 1475 3522 1488 3547; x_wconf 95' lang='lat'><strong>,</strong></span> <span class='ocrx_word' id='word_1_486' title='bbox 1522 3482 1574 3536; x_wconf 90' lang='lat' dir='ltr'><strong>in</strong></span> <span class='ocrx_word' id='word_1_487' title='bbox 1605 3481 1776 3536; x_wconf 85' lang='lat' dir='ltr'><strong>absti-</strong></span> 
     </span>
    </p>
   </div>
   <div class='ocr_carea' id='block_1_67' title="bbox 189 3575 1777 3651">
    <p class='ocr_par' dir='ltr' id='par_1_67' title="bbox 189 3575 1777 3651">
     <span class='ocr_line' id='line_1_67' title="bbox 189 3575 1777 3651; baseline -0.007 -10"><span class='ocrx_word' id='word_1_488' title='bbox 189 3583 382 3641; x_wconf 89' lang='lat' dir='ltr'><strong>nentia</strong></span> <span class='ocrx_word' id='word_1_489' title='bbox 414 3580 681 3651; x_wconf 89' lang='lat' dir='ltr'><strong>plurima,</strong></span> <span class='ocrx_word' id='word_1_490' title='bbox 726 3579 780 3636; x_wconf 93' lang='lat' dir='ltr'><strong>in</strong></span> <span class='ocrx_word' id='word_1_491' title='bbox 809 3575 1531 3648; x_wconf 47' lang='lat' dir='ltr'><strong>jejuniis.indeﬁeientibus,</strong></span> <span class='ocrx_word' id='word_1_492' title='bbox 1580 3575 1777 3645; x_wconf 90' lang='lat' dir='ltr'><strong>vigiliis</strong></span> 
     </span>
    </p>
   </div>
   <div class='ocr_carea' id='block_1_68' title="bbox 190 3658 1776 3744">
    <p class='ocr_par' dir='ltr' id='par_1_68' title="bbox 190 3658 1776 3744">
     <span class='ocr_line' id='line_1_68' title="bbox 190 3658 1776 3744; baseline -0.004 -18"><span class='ocrx_word' id='word_1_493' title='bbox 190 3658 335 3744; x_wconf 82' lang='lat' dir='ltr'><strong>pene</strong></span> <span class='ocrx_word' id='word_1_494' title='bbox 350 3671 570 3742; x_wconf 89' lang='lat' dir='ltr'><strong>jugibus</strong></span> <span class='ocrx_word' id='word_1_495' title='bbox 601 3686 615 3722; x_wconf 89' lang='lat'>:</span> <span class='ocrx_word' id='word_1_496' title='bbox 642 3668 716 3722; x_wconf 87' lang='lat' dir='ltr'><strong>ita</strong></span> <span class='ocrx_word' id='word_1_497' title='bbox 740 3676 822 3732; x_wconf 90' lang='lat' dir='ltr'><strong>ut,</strong></span> <span class='ocrx_word' id='word_1_498' title='bbox 851 3666 895 3721; x_wconf 89' lang='lat' dir='ltr'><strong>si</strong></span> <span class='ocrx_word' id='word_1_499' title='bbox 917 3665 1133 3736; x_wconf 88' lang='lat' dir='ltr'><strong>quando</strong></span> <span class='ocrx_word' id='word_1_500' title='bbox 1159 3680 1349 3736; x_wconf 87' lang='lat' dir='ltr'><strong>parum</strong></span> <span class='ocrx_word' id='word_1_501' title='bbox 1376 3664 1576 3733; x_wconf 89' lang='lat' dir='ltr'><strong>aliquid</strong></span> <span class='ocrx_word' id='word_1_502' title='bbox 1601 3664 1776 3719; x_wconf 89' lang='lat' dir='ltr'><strong>somni</strong></span> 
     </span>
    </p>
   </div>
   <div class='ocr_carea' id='block_1_69' title="bbox 188 3758 1777 3835">
    <p class='ocr_par' dir='ltr' id='par_1_69' title="bbox 188 3758 1777 3835">
     <span class='ocr_line' id='line_1_69' title="bbox 188 3758 1777 3835; baseline -0.006 -14"><span class='ocrx_word' id='word_1_503' title='bbox 188 3764 458 3821; x_wconf 86' lang='lat' dir='ltr'><strong>naturalis</strong></span> <span class='ocrx_word' id='word_1_504' title='bbox 496 3762 794 3819; x_wconf 88' lang='lat' dir='ltr'><strong>necessitas</strong></span> <span class='ocrx_word' id='word_1_505' title='bbox 828 3761 1099 3828; x_wconf 81' lang='lat' dir='ltr'><strong>exigeret,</strong></span> <span class='ocrx_word' id='word_1_506' title='bbox 1142 3759 1286 3814; x_wconf 91' lang='lat' dir='ltr'><strong>hunc</strong></span> <span class='ocrx_word' id='word_1_507' title='bbox 1324 3758 1418 3835; x_wconf 81' lang='lat' dir='ltr'><strong>ille</strong></span> <span class='ocrx_word' id='word_1_508' title='bbox 1461 3773 1567 3812; x_wconf 92' lang='lat' dir='ltr'><strong>non</strong></span> <span class='ocrx_word' id='word_1_509' title='bbox 1615 3773 1777 3827; x_wconf 90' lang='lat' dir='ltr'><strong>super</strong></span> 
     </span>
    </p>
   </div>
   <div class='ocr_carea' id='block_1_70' title="bbox 189 3838 1773 3926">
    <p class='ocr_par' dir='ltr' id='par_1_70' title="bbox 189 3838 1773 3926">
     <span class='ocr_line' id='line_1_70' title="bbox 189 3838 1773 3926; baseline -0.004 -13"><span class='ocrx_word' id='word_1_510' title='bbox 189 3838 449 3920; x_wconf 81' lang='lat' dir='ltr'><strong>stratum,</strong></span> <span class='ocrx_word' id='word_1_511' title='bbox 482 3869 591 3926; x_wconf 88' lang='lat' dir='ltr'><strong>quo</strong></span> <span class='ocrx_word' id='word_1_512' title='bbox 617 3853 838 3909; x_wconf 90' lang='lat' dir='ltr'><strong>omnino</strong></span> <span class='ocrx_word' id='word_1_513' title='bbox 859 3851 1003 3907; x_wconf 90' lang='lat' dir='ltr'><strong>nullo</strong></span> <span class='ocrx_word' id='word_1_514' title='bbox 1034 3853 1304 3917; x_wconf 85' lang='lat' dir='ltr'><strong>utebatur,</strong></span> <span class='ocrx_word' id='word_1_515' title='bbox 1326 3851 1420 3907; x_wconf 88' lang='lat' dir='ltr'><strong>sed</strong></span> <span class='ocrx_word' id='word_1_516' title='bbox 1455 3865 1616 3921; x_wconf 89' lang='lat' dir='ltr'><strong>super</strong></span> <span class='ocrx_word' id='word_1_517' title='bbox 1644 3851 1773 3906; x_wconf 90' lang='lat' dir='ltr'><strong>nudi</strong></span> 
     </span>
    </p>
   </div>
   <div class='ocr_carea' id='block_1_71' title="bbox 190 3930 1776 4017">
    <p class='ocr_par' dir='ltr' id='par_1_71' title="bbox 190 3930 1776 4017">
     <span class='ocr_line' id='line_1_71' title="bbox 190 3930 1776 4017; baseline -0.006 -12"><span class='ocrx_word' id='word_1_518' title='bbox 190 3948 297 4005; x_wconf 88' lang='lat' dir='ltr'><strong>soli</strong></span> <span class='ocrx_word' id='word_1_519' title='bbox 325 3930 755 4017; x_wconf 84' lang='lat' dir='ltr'><strong>deprehenderet</strong></span> <span class='ocrx_word' id='word_1_520' title='bbox 783 3942 1144 4013; x_wconf 81' lang='lat' dir='ltr'><strong>superficiem.</strong></span> <span class='ocrx_word' id='word_1_521' title='bbox 1189 3941 1385 3997; x_wconf 92' lang='lat' dir='ltr'><strong>Fertur</strong></span> <span class='ocrx_word' id='word_1_522' title='bbox 1426 3952 1605 3996; x_wconf 88' lang='lat' dir='ltr'><strong>autem</strong></span> <span class='ocrx_word' id='word_1_523' title='bbox 1632 3940 1776 4011; x_wconf 84' lang='lat' dir='ltr'><strong>quod</strong></span> 
     </span>
    </p>
   </div>
   <div class='ocr_carea' id='block_1_72' title="bbox 190 4033 1775 4107">
    <p class='ocr_par' dir='ltr' id='par_1_72' title="bbox 190 4033 1775 4107">
     <span class='ocr_line' id='line_1_72' title="bbox 190 4033 1775 4107; baseline -0.006 -12"><span class='ocrx_word' id='word_1_524' title='bbox 190 4055 259 4096; x_wconf 78' lang='lat' dir='ltr'><strong>ex</strong></span> <span class='ocrx_word' id='word_1_525' title='bbox 288 4037 405 4107; x_wconf 91' lang='lat' dir='ltr'><strong>ejus</strong></span> <span class='ocrx_word' id='word_1_526' title='bbox 435 4033 703 4091; x_wconf 89' lang='lat' dir='ltr'><strong>auditorio</strong></span> <span class='ocrx_word' id='word_1_527' title='bbox 731 4033 948 4106; x_wconf 90' lang='lat' dir='ltr'><strong>plurimi</strong></span> <span class='ocrx_word' id='word_1_528' title='bbox 981 4033 1048 4089; x_wconf 92' lang='lat' dir='ltr'><strong>de</strong></span> <span class='ocrx_word' id='word_1_529' title='bbox 1077 4041 1305 4103; x_wconf 87' lang='lat' dir='ltr'><strong>utroque</strong></span> <span class='ocrx_word' id='word_1_530' title='bbox 1335 4047 1468 4088; x_wconf 80' lang='lat' dir='ltr'><strong>sexu</strong></span> <span class='ocrx_word' id='word_1_531' title='bbox 1505 4040 1775 4102; x_wconf 88' lang='lat' dir='ltr'><strong>martyres</strong></span> 
     </span>
    </p>
   </div>
   <div class='ocr_carea' id='block_1_73' title="bbox 188 4120 1776 4195">
    <p class='ocr_par' dir='ltr' id='par_1_73' title="bbox 188 4120 1776 4195">
     <span class='ocr_line' id='line_1_73' title="bbox 188 4120 1776 4195; baseline -0.006 -9"><span class='ocrx_word' id='word_1_532' title='bbox 188 4129 371 4186; x_wconf 77' lang='lat' dir='ltr'><strong>effecti</strong></span> <span class='ocrx_word' id='word_1_533' title='bbox 410 4136 555 4183; x_wconf 90' lang='lat' dir='ltr'><strong>sunt.</strong></span> <span class='ocrx_word' id='word_1_534' title='bbox 584 4127 811 4181; x_wconf 77' lang='lat' dir='ltr'><strong>Exstant</strong></span> <span class='ocrx_word' id='word_1_535' title='bbox 841 4123 957 4194; x_wconf 89' lang='lat' dir='ltr'><strong>ejus</strong></span> <span class='ocrx_word' id='word_1_536' title='bbox 985 4123 1186 4195; x_wconf 90' lang='lat' dir='ltr'><strong>ingenii</strong></span> <span class='ocrx_word' id='word_1_537' title='bbox 1236 4121 1361 4178; x_wconf 90' lang='lat' dir='ltr'><strong>libri</strong></span> <span class='ocrx_word' id='word_1_538' title='bbox 1411 4120 1601 4187; x_wconf 90' lang='lat' dir='ltr'><strong>multi,</strong></span> <span class='ocrx_word' id='word_1_539' title='bbox 1635 4122 1776 4176; x_wconf 89' lang='lat' dir='ltr'><strong>inter</strong></span> 
     </span>
    </p>
   </div>
   <div class='ocr_carea' id='block_1_74' title="bbox 187 4219 1774 4297">
    <p class='ocr_par' dir='ltr' id='par_1_74' title="bbox 187 4219 1774 4297">
     <span class='ocr_line' id='line_1_74' title="bbox 187 4219 1774 4297; baseline -0.004 -19"><span class='ocrx_word' id='word_1_540' title='bbox 187 4241 331 4297; x_wconf 88' lang='lat' dir='ltr'><strong>quos</strong></span> <span class='ocrx_word' id='word_1_541' title='bbox 358 4227 413 4280; x_wconf 89' lang='lat' dir='ltr'><strong>in</strong></span> <span class='ocrx_word' id='word_1_542' title='bbox 438 4239 626 4280; x_wconf 88' lang='lat' dir='ltr'><strong>sacras</strong></span> <span class='ocrx_word' id='word_1_543' title='bbox 669 4222 980 4291; x_wconf 89' lang='lat' dir='ltr'><strong>Scripturas</strong></span> <span class='ocrx_word' id='word_1_544' title='bbox 1010 4219 1428 4275; x_wconf 87' lang='lat' dir='ltr'><strong>commentarios</strong></span> <span class='ocrx_word' id='word_1_545' title='bbox 1450 4219 1619 4275; x_wconf 89' lang='lat' dir='ltr'><strong>edidit</strong></span> <span class='ocrx_word' id='word_1_546' title='bbox 1643 4233 1774 4273; x_wconf 88' lang='lat' dir='ltr'><strong>sane</strong></span> 
     </span>
    </p>
   </div>
   <div class='ocr_carea' id='block_1_75' title="bbox 188 4311 1772 4384">
    <p class='ocr_par' dir='ltr' id='par_1_75' title="bbox 188 4311 1772 4384">
     <span class='ocr_line' id='line_1_75' title="bbox 188 4311 1772 4384; baseline -0.004 -13"><span class='ocrx_word' id='word_1_547' title='bbox 188 4315 553 4381; x_wconf 81' lang='lat' dir='ltr'><strong>doctissimos.</strong></span> <span class='ocrx_word' id='word_1_548' title='bbox 576 4314 709 4369; x_wconf 85' lang='lat' dir='ltr'><strong>Item</strong></span> <span class='ocrx_word' id='word_1_549' title='bbox 733 4314 951 4384; x_wconf 89' lang='lat' dir='ltr'><strong>triginta</strong></span> <span class='ocrx_word' id='word_1_550' title='bbox 979 4312 1146 4369; x_wconf 91' lang='lat' dir='ltr'><strong>libros</strong></span> <span class='ocrx_word' id='word_1_551' title='bbox 1167 4312 1220 4366; x_wconf 92' lang='lat' dir='ltr'><strong>in</strong></span> <span class='ocrx_word' id='word_1_552' title='bbox 1246 4319 1457 4382; x_wconf 88' lang='lat' dir='ltr'><strong>partem</strong></span> <span class='ocrx_word' id='word_1_553' title='bbox 1483 4311 1772 4381; x_wconf 86' lang='lat' dir='ltr'><strong>quamdam</strong></span> 
     </span>
    </p>
   </div>
   <div class='ocr_carea' id='block_1_76' title="bbox 187 4403 1774 4478">
    <p class='ocr_par' dir='ltr' id='par_1_76' title="bbox 187 4403 1774 4478">
     <span class='ocr_line' id='line_1_76' title="bbox 187 4403 1774 4478; baseline -0.002 -18"><span class='ocrx_word' id='word_1_554' title='bbox 187 4405 343 4461; x_wconf 80' lang='lat' dir='ltr'><strong>Isaiae</strong></span> <span class='ocrx_word' id='word_1_555' title='bbox 365 4407 641 4478; x_wconf 67' lang='lat' dir='ltr'><strong>prepheta:</strong></span> <span class='ocrx_word' id='word_1_556' title='bbox 664 4413 1086 4470; x_wconf 85' lang='lat' dir='ltr'><strong>commentatur;</strong></span> <span class='ocrx_word' id='word_1_557' title='bbox 1116 4404 1168 4458; x_wconf 85' lang='lat' dir='ltr'><strong>ili</strong></span> <span class='ocrx_word' id='word_1_558' title='bbox 1196 4403 1532 4458; x_wconf 86' lang='lat' dir='ltr'><strong>Ezechielem</strong></span> <span class='ocrx_word' id='word_1_559' title='bbox 1558 4417 1774 4473; x_wconf 90' lang='lat' dir='ltr'><strong>quoque</strong></span> 
     </span>
    </p>
   </div>
   <div class='ocr_carea' id='block_1_77' title="bbox 187 4492 1772 4567">
    <p class='ocr_par' dir='ltr' id='par_1_77' title="bbox 187 4492 1772 4567">
     <span class='ocr_line' id='line_1_77' title="bbox 187 4492 1772 4567; baseline -0.002 -16"><span class='ocrx_word' id='word_1_560' title='bbox 187 4495 379 4567; x_wconf 88' lang='lat' dir='ltr'><strong>viginti</strong></span> <span class='ocrx_word' id='word_1_561' title='bbox 424 4505 481 4551; x_wconf 89' lang='lat' dir='ltr'><strong>et</strong></span> <span class='ocrx_word' id='word_1_562' title='bbox 525 4496 760 4567; x_wconf 87' lang='lat' dir='ltr'><strong>quinque</strong></span> <span class='ocrx_word' id='word_1_563' title='bbox 814 4493 1015 4560; x_wconf 90' lang='lat' dir='ltr'><strong>libros;</strong></span> <span class='ocrx_word' id='word_1_564' title='bbox 1071 4494 1401 4563; x_wconf 90' lang='lat' dir='ltr'><strong>totidemque</strong></span> <span class='ocrx_word' id='word_1_565' title='bbox 1445 4494 1499 4548; x_wconf 91' lang='lat' dir='ltr'><strong>in</strong></span> <span class='ocrx_word' id='word_1_566' title='bbox 1548 4492 1772 4549; x_wconf 89' lang='lat' dir='ltr'><strong>Cantica</strong></span> 
     </span>
    </p>
   </div>
   <div class='ocr_carea' id='block_1_78' title="bbox 1882 3314 3459 3385">
    <p class='ocr_par' dir='ltr' id='par_1_78' title="bbox 1882 3314 3459 3385">
     <span class='ocr_line' id='line_1_78' title="bbox 1882 3314 3459 3385; baseline 0 -15"><span class='ocrx_word' id='word_1_567' title='bbox 1882 3318 2007 3370; x_wconf 80' lang='lat' dir='ltr'><strong>ficta</strong></span> <span class='ocrx_word' id='word_1_568' title='bbox 2036 3315 2145 3369; x_wconf 90' lang='lat' dir='ltr'><strong>sint</strong></span> <span class='ocrx_word' id='word_1_569' title='bbox 2175 3323 2232 3369; x_wconf 91' lang='lat' dir='ltr'><strong>et</strong></span> <span class='ocrx_word' id='word_1_570' title='bbox 2258 3315 2586 3385; x_wconf 91' lang='lat' dir='ltr'><strong>conscripta,</strong></span> <span class='ocrx_word' id='word_1_571' title='bbox 2614 3324 2672 3369; x_wconf 89' lang='lat' dir='ltr'><strong>et</strong></span> <span class='ocrx_word' id='word_1_572' title='bbox 2699 3314 2917 3370; x_wconf 89' lang='lat' dir='ltr'><strong>nomine</strong></span> <span class='ocrx_word' id='word_1_573' title='bbox 2956 3330 3056 3369; x_wconf 89' lang='lat' dir='ltr'><strong>suo</strong></span> <span class='ocrx_word' id='word_1_574' title='bbox 3095 3314 3416 3385; x_wconf 73' lang='lat' dir='ltr'><strong>prtetitulata</strong></span> <span class='ocrx_word' id='word_1_575' title='bbox 3443 3333 3459 3370; x_wconf 93' lang='lat'><strong>:</strong></span> 
     </span>
    </p>
   </div>
   <div class='ocr_carea' id='block_1_79' title="bbox 1879 3403 3464 3473">
    <p class='ocr_par' dir='ltr' id='par_1_79' title="bbox 1879 3403 3464 3473">
     <span class='ocr_line' id='line_1_79' title="bbox 1879 3403 3464 3473; baseline 0.003 -16"><span class='ocrx_word' id='word_1_576' title='bbox 1879 3404 1984 3470; x_wconf 86' lang='lat' dir='ltr'><strong>vel,</strong></span> <span class='ocrx_word' id='word_1_577' title='bbox 2015 3404 2061 3459; x_wconf 90' lang='lat' dir='ltr'><strong>si</strong></span> <span class='ocrx_word' id='word_1_578' title='bbox 2087 3403 2323 3473; x_wconf 90' lang='lat' dir='ltr'><strong>scripsit,</strong></span> <span class='ocrx_word' id='word_1_579' title='bbox 2349 3418 2457 3458; x_wconf 90' lang='lat' dir='ltr'><strong>non</strong></span> <span class='ocrx_word' id='word_1_580' title='bbox 2479 3403 2673 3459; x_wconf 90' lang='lat' dir='ltr'><strong>statuit</strong></span> <span class='ocrx_word' id='word_1_581' title='bbox 2690 3419 2756 3459; x_wconf 80' lang='lat' dir='ltr'><strong>ex</strong></span> <span class='ocrx_word' id='word_1_582' title='bbox 2783 3403 3072 3469; x_wconf 90' lang='lat' dir='ltr'><strong>sententia,</strong></span> <span class='ocrx_word' id='word_1_583' title='bbox 3093 3404 3189 3461; x_wconf 84' lang='lat' dir='ltr'><strong>sed</strong></span> <span class='ocrx_word' id='word_1_584' title='bbox 3206 3405 3464 3462; x_wconf 88' lang='lat' dir='ltr'><strong>disseruit</strong></span> 
     </span>
    </p>
   </div>
   <div class='ocr_carea' id='block_1_80' title="bbox 1878 3492 3463 3566">
    <p class='ocr_par' dir='ltr' id='par_1_80' title="bbox 1878 3492 3463 3566">
     <span class='ocr_line' id='line_1_80' title="bbox 1878 3492 3463 3566; baseline 0.001 -17"><span class='ocrx_word' id='word_1_585' title='bbox 1878 3510 1944 3549; x_wconf 79' lang='lat' dir='ltr'><strong>ex</strong></span> <span class='ocrx_word' id='word_1_586' title='bbox 1975 3494 2248 3564; x_wconf 88' lang='lat' dir='ltr'><strong>opinione.</strong></span> <span class='ocrx_word' id='word_1_587' title='bbox 2296 3492 2453 3560; x_wconf 87' lang='lat' dir='ltr'><strong>Nam,</strong></span> <span class='ocrx_word' id='word_1_588' title='bbox 2480 3503 2542 3549; x_wconf 91' lang='lat' dir='ltr'><strong>ut</strong></span> <span class='ocrx_word' id='word_1_589' title='bbox 2582 3494 2696 3564; x_wconf 89' lang='lat' dir='ltr'><strong>ipse</strong></span> <span class='ocrx_word' id='word_1_590' title='bbox 2720 3494 2889 3560; x_wconf 89' lang='lat' dir='ltr'><strong>dicit,</strong></span> <span class='ocrx_word' id='word_1_591' title='bbox 2935 3495 3374 3566; x_wconf 89' lang='lat' dir='ltr'><strong>philosophorum</strong></span> <span class='ocrx_word' id='word_1_592' title='bbox 3405 3506 3463 3553; x_wconf 89' lang='lat' dir='ltr'><strong>et</strong></span> 
     </span>
    </p>
   </div>
   <div class='ocr_carea' id='block_1_81' title="bbox 1879 3585 3462 3656">
    <p class='ocr_par' dir='ltr' id='par_1_81' title="bbox 1879 3585 3462 3656">
     <span class='ocr_line' id='line_1_81' title="bbox 1879 3585 3462 3656; baseline 0.002 -16"><span class='ocrx_word' id='word_1_593' title='bbox 1879 3585 2258 3640; x_wconf 85' lang='lat' dir='ltr'><strong>haereticorum</strong></span> <span class='ocrx_word' id='word_1_594' title='bbox 2289 3585 2483 3656; x_wconf 86' lang='lat' dir='ltr'><strong>dogma</strong></span> <span class='ocrx_word' id='word_1_595' title='bbox 2511 3585 2805 3652; x_wconf 89' lang='lat' dir='ltr'><strong>didicerat,</strong></span> <span class='ocrx_word' id='word_1_596' title='bbox 2831 3600 2901 3640; x_wconf 89' lang='lat' dir='ltr'><strong>ne</strong></span> <span class='ocrx_word' id='word_1_597' title='bbox 2924 3585 2990 3653; x_wconf 87' lang='lat' dir='ltr'><strong>ad</strong></span> <span class='ocrx_word' id='word_1_598' title='bbox 3019 3600 3113 3642; x_wconf 87' lang='lat' dir='ltr'><strong>eos</strong></span> <span class='ocrx_word' id='word_1_599' title='bbox 3140 3586 3462 3643; x_wconf 86' lang='lat' dir='ltr'><strong>convincen-</strong></span> 
     </span>
    </p>
   </div>
   <div class='ocr_carea' id='block_1_82' title="bbox 1880 3674 3461 3749">
    <p class='ocr_par' dir='ltr' id='par_1_82' title="bbox 1880 3674 3461 3749">
     <span class='ocr_line' id='line_1_82' title="bbox 1880 3674 3461 3749; baseline 0.001 -17"><span class='ocrx_word' id='word_1_600' title='bbox 1880 3677 1978 3732; x_wconf 89' lang='lat' dir='ltr'><strong>dos</strong></span> <span class='ocrx_word' id='word_1_601' title='bbox 2009 3675 2327 3746; x_wconf 87' lang='lat' dir='ltr'><strong>imparatior</strong></span> <span class='ocrx_word' id='word_1_602' title='bbox 2366 3684 2530 3740; x_wconf 87' lang='lat' dir='ltr'><strong>esset,</strong></span> <span class='ocrx_word' id='word_1_603' title='bbox 2568 3674 2613 3731; x_wconf 87' lang='lat' dir='ltr'><strong>si</strong></span> <span class='ocrx_word' id='word_1_604' title='bbox 2644 3675 2920 3745; x_wconf 85' lang='lat' dir='ltr'><strong>ignoraret</strong></span> <span class='ocrx_word' id='word_1_605' title='bbox 2961 3691 3082 3746; x_wconf 71' lang='lat' dir='ltr'><strong>qua:</strong></span> <span class='ocrx_word' id='word_1_606' title='bbox 3126 3677 3267 3747; x_wconf 88' lang='lat' dir='ltr'><strong>apud</strong></span> <span class='ocrx_word' id='word_1_607' title='bbox 3313 3677 3461 3749; x_wconf 88' lang='lat' dir='ltr'><strong>ipsos</strong></span> 
     </span>
    </p>
   </div>
   <div class='ocr_carea' id='block_1_83' title="bbox 1878 3767 3461 3843">
    <p class='ocr_par' dir='ltr' id='par_1_83' title="bbox 1878 3767 3461 3843">
     <span class='ocr_line' id='line_1_83' title="bbox 1878 3767 3461 3843; baseline 0.001 -19"><span class='ocrx_word' id='word_1_608' title='bbox 1878 3777 2063 3834; x_wconf 87' lang='lat' dir='ltr'><strong>erant;</strong></span> <span class='ocrx_word' id='word_1_609' title='bbox 2093 3777 2149 3824; x_wconf 89' lang='lat' dir='ltr'><strong>et</strong></span> <span class='ocrx_word' id='word_1_610' title='bbox 2176 3767 2410 3823; x_wconf 87' lang='lat' dir='ltr'><strong>fortasse</strong></span> <span class='ocrx_word' id='word_1_611' title='bbox 2428 3809 2443 3835; x_wconf 91' lang='lat'><strong>,</strong></span> <span class='ocrx_word' id='word_1_612' title='bbox 2485 3782 2609 3823; x_wconf 92' lang='lat' dir='ltr'><strong>cum</strong></span> <span class='ocrx_word' id='word_1_613' title='bbox 2635 3768 2690 3823; x_wconf 90' lang='lat' dir='ltr'><strong>in</strong></span> <span class='ocrx_word' id='word_1_614' title='bbox 2717 3767 2986 3839; x_wconf 87' lang='lat' dir='ltr'><strong>aliquibus</strong></span> <span class='ocrx_word' id='word_1_615' title='bbox 3012 3767 3145 3824; x_wconf 90' lang='lat' dir='ltr'><strong>locis</strong></span> <span class='ocrx_word' id='word_1_616' title='bbox 3174 3768 3461 3843; x_wconf 86' lang='lat' dir='ltr'><strong>scribendo</strong></span> 
     </span>
    </p>
   </div>
   <div class='ocr_carea' id='block_1_84' title="bbox 1879 3858 3460 3937">
    <p class='ocr_par' dir='ltr' id='par_1_84' title="bbox 1879 3858 3460 3937">
     <span class='ocr_line' id='line_1_84' title="bbox 1879 3858 3460 3937; baseline 0.001 -23"><span class='ocrx_word' id='word_1_617' title='bbox 1879 3860 2098 3931; x_wconf 80' lang='lat' dir='ltr'><strong>attingit</strong></span> <span class='ocrx_word' id='word_1_618' title='bbox 2120 3875 2307 3915; x_wconf 88' lang='lat' dir='ltr'><strong>eorum</strong></span> <span class='ocrx_word' id='word_1_619' title='bbox 2331 3874 2566 3925; x_wconf 89' lang='lat' dir='ltr'><strong>errores,</strong></span> <span class='ocrx_word' id='word_1_620' title='bbox 2587 3858 2946 3915; x_wconf 88' lang='lat' dir='ltr'><strong>calumniatus</strong></span> <span class='ocrx_word' id='word_1_621' title='bbox 2971 3868 3056 3916; x_wconf 89' lang='lat' dir='ltr'><strong>est</strong></span> <span class='ocrx_word' id='word_1_622' title='bbox 3073 3860 3175 3937; x_wconf 84' lang='lat' dir='ltr'><strong>hoc</strong></span> <span class='ocrx_word' id='word_1_623' title='bbox 3202 3875 3233 3914; x_wconf 88' lang='lat' dir='ltr'><strong>a</strong></span> <span class='ocrx_word' id='word_1_624' title='bbox 3262 3869 3460 3916; x_wconf 78' lang='lat' dir='ltr'><strong>semet—</strong></span> 
     </span>
    </p>
   </div>
   <div class='ocr_carea' id='block_1_85' title="bbox 1879 3948 3463 4027">
    <p class='ocr_par' dir='ltr' id='par_1_85' title="bbox 1879 3948 3463 4027">
     <span class='ocr_line' id='line_1_85' title="bbox 1879 3948 3463 4027; baseline 0.002 -24"><span class='ocrx_word' id='word_1_625' title='bbox 1879 3948 1995 4019; x_wconf 89' lang='lat' dir='ltr'><strong>ipso</strong></span> <span class='ocrx_word' id='word_1_626' title='bbox 2024 3949 2243 4027; x_wconf 79' lang='lat' dir='ltr'><strong>dixisse.</strong></span> <span class='ocrx_word' id='word_1_627' title='bbox 2277 3948 2428 4016; x_wconf 88' lang='lat' dir='ltr'><strong>Quod</strong></span> <span class='ocrx_word' id='word_1_628' title='bbox 2469 3948 2511 4005; x_wconf 87' lang='lat' dir='ltr'><strong>si</strong></span> <span class='ocrx_word' id='word_1_629' title='bbox 2561 3948 2725 4015; x_wconf 84' lang='lat' dir='ltr'><strong>etiam</strong></span> <span class='ocrx_word' id='word_1_630' title='bbox 2769 3949 3059 4019; x_wconf 66' lang='lat' dir='ltr'><strong>praedictas</strong></span> <span class='ocrx_word' id='word_1_631' title='bbox 3102 3950 3369 4027; x_wconf 74' lang='lat' dir='ltr'><strong>lucreses,</strong></span> <span class='ocrx_word' id='word_1_632' title='bbox 3402 3959 3463 4006; x_wconf 89' lang='lat' dir='ltr'><strong>ut</strong></span> 
     </span>
    </p>
   </div>
   <div class='ocr_carea' id='block_1_86' title="bbox 1876 4039 3461 4115">
    <p class='ocr_par' dir='ltr' id='par_1_86' title="bbox 1876 4039 3461 4115">
     <span class='ocr_line' id='line_1_86' title="bbox 1876 4039 3461 4115; baseline 0.003 -23"><span class='ocrx_word' id='word_1_633' title='bbox 1876 4039 2054 4109; x_wconf 88' lang='lat' dir='ltr'><strong>placet</strong></span> <span class='ocrx_word' id='word_1_634' title='bbox 2080 4039 2432 4109; x_wconf 88' lang='lat' dir='ltr'><strong>quibusdam,</strong></span> <span class='ocrx_word' id='word_1_635' title='bbox 2458 4053 2527 4094; x_wconf 83' lang='lat' dir='ltr'><strong>ex</strong></span> <span class='ocrx_word' id='word_1_636' title='bbox 2554 4039 2820 4103; x_wconf 89' lang='lat' dir='ltr'><strong>sententia</strong></span> <span class='ocrx_word' id='word_1_637' title='bbox 2852 4039 3090 4115; x_wconf 87' lang='lat' dir='ltr'><strong>scripsit,</strong></span> <span class='ocrx_word' id='word_1_638' title='bbox 3132 4040 3288 4097; x_wconf 89' lang='lat' dir='ltr'><strong>valde</strong></span> <span class='ocrx_word' id='word_1_639' title='bbox 3310 4057 3461 4097; x_wconf 87' lang='lat' dir='ltr'><strong>com-</strong></span> 
     </span>
    </p>
   </div>
   <div class='ocr_carea' id='block_1_87' title="bbox 1876 4128 3459 4201">
    <p class='ocr_par' dir='ltr' id='par_1_87' title="bbox 1876 4128 3459 4201">
     <span class='ocr_line' id='line_1_87' title="bbox 1876 4128 3459 4201; baseline 0.001 -18"><span class='ocrx_word' id='word_1_640' title='bbox 1876 4130 2187 4200; x_wconf 89' lang='lat' dir='ltr'><strong>patiendum</strong></span> <span class='ocrx_word' id='word_1_641' title='bbox 2219 4137 2437 4185; x_wconf 88' lang='lat' dir='ltr'><strong>esttam</strong></span> <span class='ocrx_word' id='word_1_642' title='bbox 2463 4128 2659 4183; x_wconf 89' lang='lat' dir='ltr'><strong>eruditi</strong></span> <span class='ocrx_word' id='word_1_643' title='bbox 2691 4129 2925 4197; x_wconf 86' lang='lat' dir='ltr'><strong>pectoris</strong></span> <span class='ocrx_word' id='word_1_644' title='bbox 2952 4129 3088 4193; x_wconf 90' lang='lat' dir='ltr'><strong>viro,</strong></span> <span class='ocrx_word' id='word_1_645' title='bbox 3128 4131 3219 4201; x_wconf 88' lang='lat' dir='ltr'><strong>qui</strong></span> <span class='ocrx_word' id='word_1_646' title='bbox 3252 4139 3459 4185; x_wconf 79' lang='lat' dir='ltr'><strong>tantum</strong></span> 
     </span>
    </p>
   </div>
   <div class='ocr_carea' id='block_1_88' title="bbox 1878 4218 3459 4295">
    <p class='ocr_par' dir='ltr' id='par_1_88' title="bbox 1878 4218 3459 4295">
     <span class='ocr_line' id='line_1_88' title="bbox 1878 4218 3459 4295; baseline 0 -20"><span class='ocrx_word' id='word_1_647' title='bbox 1878 4221 2034 4276; x_wconf 89' lang='lat' dir='ltr'><strong>nobis</strong></span> <span class='ocrx_word' id='word_1_648' title='bbox 2065 4219 2385 4276; x_wconf 88' lang='lat' dir='ltr'><strong>eruditionis</strong></span> <span class='ocrx_word' id='word_1_649' title='bbox 2420 4219 2630 4289; x_wconf 88' lang='lat' dir='ltr'><strong>copiam</strong></span> <span class='ocrx_word' id='word_1_650' title='bbox 2662 4219 3021 4285; x_wconf 89' lang='lat' dir='ltr'><strong>ministravit;</strong></span> <span class='ocrx_word' id='word_1_651' title='bbox 3050 4218 3204 4287; x_wconf 90' lang='lat' dir='ltr'><strong>cujus</strong></span> <span class='ocrx_word' id='word_1_652' title='bbox 3229 4222 3393 4295; x_wconf 67' lang='lat' dir='ltr'><strong>vitia,</strong></span> <span class='ocrx_word' id='word_1_653' title='bbox 3411 4220 3459 4275; x_wconf 85' lang='lat' dir='ltr'><strong>si</strong></span> 
     </span>
    </p>
   </div>
   <div class='ocr_carea' id='block_1_89' title="bbox 1877 4309 3457 4386">
    <p class='ocr_par' dir='ltr' id='par_1_89' title="bbox 1877 4309 3457 4386">
     <span class='ocr_line' id='line_1_89' title="bbox 1877 4309 3457 4386; baseline -0.001 -20"><span class='ocrx_word' id='word_1_654' title='bbox 1877 4328 1983 4383; x_wconf 88' lang='lat' dir='ltr'><strong>qua</strong></span> <span class='ocrx_word' id='word_1_655' title='bbox 2013 4322 2138 4367; x_wconf 90' lang='lat' dir='ltr'><strong>sunt</strong></span> <span class='ocrx_word' id='word_1_656' title='bbox 2159 4314 2213 4366; x_wconf 91' lang='lat' dir='ltr'><strong>in</strong></span> <span class='ocrx_word' id='word_1_657' title='bbox 2237 4311 2475 4381; x_wconf 87' lang='lat' dir='ltr'><strong>scriptis,</strong></span> <span class='ocrx_word' id='word_1_658' title='bbox 2504 4319 2685 4386; x_wconf 78' lang='lat' dir='ltr'><strong>potest</strong></span> <span class='ocrx_word' id='word_1_659' title='bbox 2702 4326 2890 4366; x_wconf 89' lang='lat' dir='ltr'><strong>eorum</strong></span> <span class='ocrx_word' id='word_1_660' title='bbox 2918 4326 3038 4381; x_wconf 88' lang='lat' dir='ltr'><strong>quae</strong></span> <span class='ocrx_word' id='word_1_661' title='bbox 3068 4309 3298 4366; x_wconf 84' lang='lat' dir='ltr'><strong>fideliter</strong></span> <span class='ocrx_word' id='word_1_662' title='bbox 3321 4312 3457 4365; x_wconf 90' lang='lat' dir='ltr'><strong>scri-</strong></span> 
     </span>
    </p>
   </div>
   <div class='ocr_carea' id='block_1_90' title="bbox 1878 4400 3460 4475">
    <p class='ocr_par' dir='ltr' id='par_1_90' title="bbox 1878 4400 3460 4475">
     <span class='ocr_line' id='line_1_90' title="bbox 1878 4400 3460 4475; baseline -0.003 -16"><span class='ocrx_word' id='word_1_663' title='bbox 1878 4405 1985 4475; x_wconf 90' lang='lat' dir='ltr'><strong>psit</strong></span> <span class='ocrx_word' id='word_1_664' title='bbox 2012 4404 2310 4458; x_wconf 88' lang='lat' dir='ltr'><strong>luminosus</strong></span> <span class='ocrx_word' id='word_1_665' title='bbox 2337 4401 2554 4472; x_wconf 89' lang='lat' dir='ltr'><strong>quidam</strong></span> <span class='ocrx_word' id='word_1_666' title='bbox 2582 4417 2646 4457; x_wconf 91' lang='lat' dir='ltr'><strong>ac</strong></span> <span class='ocrx_word' id='word_1_667' title='bbox 2684 4401 2920 4457; x_wconf 76' lang='lat' dir='ltr'><strong>ccelestis</strong></span> <span class='ocrx_word' id='word_1_668' title='bbox 2958 4400 3211 4470; x_wconf 90' lang='lat' dir='ltr'><strong>splendor</strong></span> <span class='ocrx_word' id='word_1_669' title='bbox 3229 4415 3460 4471; x_wconf 81' lang='lat' dir='ltr'><strong>exsupe-</strong></span> 
     </span>
    </p>
   </div>
   <div class='ocr_carea' id='block_1_91' title="bbox 1881 4491 3456 4566">
    <p class='ocr_par' dir='ltr' id='par_1_91' title="bbox 1881 4491 3456 4566">
     <span class='ocr_line' id='line_1_91' title="bbox 1881 4491 3456 4566; baseline -0.003 -15"><span class='ocrx_word' id='word_1_670' title='bbox 1881 4512 2034 4563; x_wconf 89' lang='lat' dir='ltr'><strong>rare;</strong></span> <span class='ocrx_word' id='word_1_671' title='bbox 2052 4498 2117 4551; x_wconf 90' lang='lat' dir='ltr'><strong>de</strong></span> <span class='ocrx_word' id='word_1_672' title='bbox 2132 4510 2244 4566; x_wconf 89' lang='lat' dir='ltr'><strong>quo</strong></span> <span class='ocrx_word' id='word_1_673' title='bbox 2263 4503 2317 4550; x_wconf 86' lang='lat' dir='ltr'><strong>et</strong></span> <span class='ocrx_word' id='word_1_674' title='bbox 2342 4509 2372 4548; x_wconf 90' lang='lat' dir='ltr'><strong>a</strong></span> <span class='ocrx_word' id='word_1_675' title='bbox 2387 4492 2635 4549; x_wconf 84' lang='lat' dir='ltr'><strong>Patribus</strong></span> <span class='ocrx_word' id='word_1_676' title='bbox 2657 4494 2859 4548; x_wconf 90' lang='lat' dir='ltr'><strong>dictum</strong></span> <span class='ocrx_word' id='word_1_677' title='bbox 2883 4501 2967 4565; x_wconf 82' lang='lat' dir='ltr'><strong>est</strong></span> <span class='ocrx_word' id='word_1_678' title='bbox 2985 4511 2998 4546; x_wconf 92' lang='lat'><strong>:</strong></span> <span class='ocrx_word' id='word_1_679' title='bbox 3021 4491 3178 4559; x_wconf 85' lang='lat' dir='ltr'><strong>Quia,</strong></span> <span class='ocrx_word' id='word_1_680' title='bbox 3204 4493 3293 4548; x_wconf 88' lang='lat' dir='ltr'><strong>ubi</strong></span> <span class='ocrx_word' id='word_1_681' title='bbox 3319 4494 3456 4549; x_wconf 86' lang='lat' dir='ltr'><strong>bene</strong></span> 
     </span>
    </p>
   </div>
   <div class='ocr_carea' id='block_1_92' title="bbox 188 4574 3455 4659">
    <p class='ocr_par' dir='ltr' id='par_1_92' title="bbox 188 4574 3455 4659">
     <span class='ocr_line' id='line_1_92' title="bbox 188 4574 3455 4659; baseline -0.002 -15"><span class='ocrx_word' id='word_1_682' title='bbox 188 4589 549 4644; x_wconf 88' lang='lat' dir='ltr'><strong>canticorum.</strong></span> <span class='ocrx_word' id='word_1_683' title='bbox 575 4587 797 4643; x_wconf 89' lang='lat' dir='ltr'><strong>Librum</strong></span> <span class='ocrx_word' id='word_1_684' title='bbox 823 4588 985 4642; x_wconf 90' lang='lat' dir='ltr'><strong>etiam</strong></span> <span class='ocrx_word' id='word_1_685' title='bbox 1007 4587 1073 4641; x_wconf 91' lang='lat' dir='ltr'><strong>de</strong></span> <span class='ocrx_word' id='word_1_686' title='bbox 1102 4587 1432 4657; x_wconf 85' lang='lat' dir='ltr'><strong>martyribus</strong></span> <span class='ocrx_word' id='word_1_687' title='bbox 1457 4587 1524 4642; x_wconf 92' lang='lat' dir='ltr'><strong>ad</strong></span> <span class='ocrx_word' id='word_1_688' title='bbox 1545 4586 1773 4642; x_wconf 81' lang='lat' dir='ltr'><strong>Ambro-</strong></span> <span class='ocrx_word' id='word_1_689' title='bbox 1797 4574 1851 4635; x_wconf 85' lang='grc' dir='ltr'><strong>Ι)</strong></span> <span class='ocrx_word' id='word_1_690' title='bbox 1877 4589 2113 4659; x_wconf 89' lang='lat' dir='ltr'><strong>scripsit,</strong></span> <span class='ocrx_word' id='word_1_691' title='bbox 2145 4602 2303 4641; x_wconf 90' lang='lat' dir='ltr'><strong>nemo</strong></span> <span class='ocrx_word' id='word_1_692' title='bbox 2334 4585 2545 4641; x_wconf 90' lang='lat' dir='ltr'><strong>melius.</strong></span> <span class='ocrx_word' id='word_1_693' title='bbox 2588 4583 2743 4651; x_wconf 88' lang='lat' dir='ltr'><strong>Quod</strong></span> <span class='ocrx_word' id='word_1_694' title='bbox 2772 4592 2969 4657; x_wconf 31' lang='lat' dir='ltr'><strong>autem.</strong></span> <span class='ocrx_word' id='word_1_695' title='bbox 2994 4592 3232 4639; x_wconf 87' lang='lat' dir='ltr'><strong>erratum</strong></span> <span class='ocrx_word' id='word_1_696' title='bbox 3267 4591 3352 4638; x_wconf 89' lang='lat' dir='ltr'><strong>est</strong></span> <span class='ocrx_word' id='word_1_697' title='bbox 3387 4584 3455 4639; x_wconf 78' lang='lat' dir='ltr'><strong>ali</strong></span> 
     </span>
    </p>
   </div>
   <div class='ocr_carea' id='block_1_93' title="bbox 187 4676 1768 4748">
    <p class='ocr_par' dir='ltr' id='par_1_93' title="bbox 187 4676 1768 4748">
     <span class='ocr_line' id='line_1_93' title="bbox 187 4676 1768 4748; baseline -0.001 -14"><span class='ocrx_word' id='word_1_698' title='bbox 187 4679 333 4734; x_wconf 81' lang='lat' dir='ltr'><strong>sium</strong></span> <span class='ocrx_word' id='word_1_699' title='bbox 360 4678 595 4748; x_wconf 80' lang='lat' dir='ltr'><strong>scripsit,</strong></span> <span class='ocrx_word' id='word_1_700' title='bbox 620 4684 769 4732; x_wconf 85' lang='lat' dir='ltr'><strong>tanta</strong></span> <span class='ocrx_word' id='word_1_701' title='bbox 799 4684 854 4733; x_wconf 92' lang='lat' dir='ltr'><strong>et</strong></span> <span class='ocrx_word' id='word_1_702' title='bbox 889 4685 996 4731; x_wconf 91' lang='lat' dir='ltr'><strong>tam</strong></span> <span class='ocrx_word' id='word_1_703' title='bbox 1027 4676 1273 4731; x_wconf 89' lang='lat' dir='ltr'><strong>districta</strong></span> <span class='ocrx_word' id='word_1_704' title='bbox 1300 4676 1523 4747; x_wconf 89' lang='lat' dir='ltr'><strong>spiritus</strong></span> <span class='ocrx_word' id='word_1_705' title='bbox 1550 4676 1768 4744; x_wconf 86' lang='lat' dir='ltr'><strong>virtute,</strong></span> 
     </span>
    </p>
   </div>
   <div class='ocr_carea' id='block_1_94' title="bbox 185 4766 1772 4838">
    <p class='ocr_par' dir='ltr' id='par_1_94' title="bbox 185 4766 1772 4838">
     <span class='ocr_line' id='line_1_94' title="bbox 185 4766 1772 4838; baseline 0 -14"><span class='ocrx_word' id='word_1_706' title='bbox 185 4776 254 4824; x_wconf 88' lang='lat' dir='ltr'><strong>ut</strong></span> <span class='ocrx_word' id='word_1_707' title='bbox 280 4766 397 4837; x_wconf 83' lang='lat' dir='ltr'><strong>ejus</strong></span> <span class='ocrx_word' id='word_1_708' title='bbox 419 4769 707 4824; x_wconf 88' lang='lat' dir='ltr'><strong>sententiis</strong></span> <span class='ocrx_word' id='word_1_709' title='bbox 729 4777 983 4838; x_wconf 89' lang='lat' dir='ltr'><strong>tanquam</strong></span> <span class='ocrx_word' id='word_1_710' title='bbox 1008 4767 1355 4823; x_wconf 87' lang='lat' dir='ltr'><strong>validissimis</strong></span> <span class='ocrx_word' id='word_1_711' title='bbox 1384 4768 1554 4824; x_wconf 89' lang='lat' dir='ltr'><strong>muris</strong></span> <span class='ocrx_word' id='word_1_712' title='bbox 1572 4766 1772 4824; x_wconf 89' lang='lat' dir='ltr'><strong>multos</strong></span> 
     </span>
    </p>
   </div>
   <div class='ocr_carea' id='block_1_95' title="bbox 186 4849 1772 4931">
    <p class='ocr_par' dir='ltr' id='par_1_95' title="bbox 186 4849 1772 4931">
     <span class='ocr_line' id='line_1_95' title="bbox 186 4849 1772 4931; baseline -0.001 -16"><span class='ocrx_word' id='word_1_713' title='bbox 186 4860 259 4915; x_wconf 87' lang='lat' dir='ltr'><strong>ad</strong></span> <span class='ocrx_word' id='word_1_714' title='bbox 290 4860 609 4931; x_wconf 84' lang='lat' dir='ltr'><strong>martyrium</strong></span> <span class='ocrx_word' id='word_1_715' title='bbox 637 4849 933 4915; x_wconf 31' lang='lat' dir='ltr'><strong>‘stabiliret‘.</strong></span> <span class='ocrx_word' id='word_1_716' title='bbox 962 4857 1102 4914; x_wconf 89' lang='lat' dir='ltr'><strong>Sunt</strong></span> <span class='ocrx_word' id='word_1_717' title='bbox 1128 4866 1184 4913; x_wconf 92' lang='lat' dir='ltr'><strong>et</strong></span> <span class='ocrx_word' id='word_1_718' title='bbox 1216 4858 1321 4914; x_wconf 88' lang='lat' dir='ltr'><strong>alia</strong></span> <span class='ocrx_word' id='word_1_719' title='bbox 1349 4858 1604 4929; x_wconf 86' lang='lat' dir='ltr'><strong>opuscula</strong></span> <span class='ocrx_word' id='word_1_720' title='bbox 1633 4873 1772 4929; x_wconf 89' lang='lat' dir='ltr'><strong>pene</strong></span> 
     </span>
    </p>
   </div>
   <div class='ocr_carea' id='block_1_96' title="bbox 187 4948 1774 5020">
    <p class='ocr_par' dir='ltr' id='par_1_96' title="bbox 187 4948 1774 5020">
     <span class='ocr_line' id='line_1_96' title="bbox 187 4948 1774 5020; baseline 0.001 -16"><span class='ocrx_word' id='word_1_721' title='bbox 187 4949 624 5016; x_wconf 89' lang='lat' dir='ltr'><strong>innumerabilia,</strong></span> <span class='ocrx_word' id='word_1_722' title='bbox 648 4964 768 5020; x_wconf 62' lang='lat' dir='ltr'><strong>quae</strong></span> <span class='ocrx_word' id='word_1_723' title='bbox 787 4949 1049 5013; x_wconf 89' lang='lat' dir='ltr'><strong>omniain</strong></span> <span class='ocrx_word' id='word_1_724' title='bbox 1080 4948 1185 5004; x_wconf 88' lang='lat' dir='ltr'><strong>hoc</strong></span> <span class='ocrx_word' id='word_1_725' title='bbox 1205 4949 1525 5018; x_wconf 89' lang='lat' dir='ltr'><strong>compendio</strong></span> <span class='ocrx_word' id='word_1_726' title='bbox 1552 4962 1774 5006; x_wconf 83' lang='lat' dir='ltr'><strong>enume-</strong></span> 
     </span>
    </p>
   </div>
   <div class='ocr_carea' id='block_1_97' title="bbox 187 5040 1765 5115">
    <p class='ocr_par' dir='ltr' id='par_1_97' title="bbox 187 5040 1765 5115">
     <span class='ocr_line' id='line_1_97' title="bbox 187 5040 1765 5115; baseline -0.001 -16"><span class='ocrx_word' id='word_1_727' title='bbox 187 5059 316 5099; x_wconf 88' lang='lat' dir='ltr'><strong>rare</strong></span> <span class='ocrx_word' id='word_1_728' title='bbox 338 5059 442 5099; x_wconf 94' lang='lat' dir='ltr'><strong>non</strong></span> <span class='ocrx_word' id='word_1_729' title='bbox 468 5052 552 5101; x_wconf 91' lang='lat' dir='ltr'><strong>est</strong></span> <span class='ocrx_word' id='word_1_730' title='bbox 574 5059 727 5115; x_wconf 91' lang='lat' dir='ltr'><strong>opus.</strong></span> <span class='ocrx_word' id='word_1_731' title='bbox 758 5042 866 5099; x_wconf 89' lang='lat' dir='ltr'><strong>Sed</strong></span> <span class='ocrx_word' id='word_1_732' title='bbox 893 5041 1020 5097; x_wconf 88' lang='lat' dir='ltr'><strong>illud</strong></span> <span class='ocrx_word' id='word_1_733' title='bbox 1043 5041 1363 5112; x_wconf 66' lang='lat' dir='ltr'><strong>praeclarum</strong></span> <span class='ocrx_word' id='word_1_734' title='bbox 1383 5040 1557 5096; x_wconf 85' lang='lat' dir='ltr'><strong>fertur</strong></span> <span class='ocrx_word' id='word_1_735' title='bbox 1581 5041 1648 5097; x_wconf 89' lang='lat' dir='ltr'><strong>de</strong></span> <span class='ocrx_word' id='word_1_736' title='bbox 1677 5055 1765 5107; x_wconf 82' lang='lat' dir='ltr'><strong>eo,</strong></span> 
     </span>
    </p>
   </div>
   <div class='ocr_carea' id='block_1_98' title="bbox 185 5133 1769 5205">
    <p class='ocr_par' dir='ltr' id='par_1_98' title="bbox 185 5133 1769 5205">
     <span class='ocr_line' id='line_1_98' title="bbox 185 5133 1769 5205; baseline 0.001 -17"><span class='ocrx_word' id='word_1_737' title='bbox 185 5137 332 5205; x_wconf 88' lang='lat' dir='ltr'><strong>quod</strong></span> <span class='ocrx_word' id='word_1_738' title='bbox 362 5151 634 5205; x_wconf 87' lang='lat' dir='ltr'><strong>nunquam</strong></span> <span class='ocrx_word' id='word_1_739' title='bbox 674 5134 918 5204; x_wconf 88' lang='lat' dir='ltr'><strong>permisit</strong></span> <span class='ocrx_word' id='word_1_740' title='bbox 950 5149 1014 5189; x_wconf 88' lang='lat' dir='ltr'><strong>ea</strong></span> <span class='ocrx_word' id='word_1_741' title='bbox 1054 5149 1173 5204; x_wconf 67' lang='lat' dir='ltr'><strong>quae</strong></span> <span class='ocrx_word' id='word_1_742' title='bbox 1216 5134 1270 5188; x_wconf 92' lang='lat' dir='ltr'><strong>in</strong></span> <span class='ocrx_word' id='word_1_743' title='bbox 1313 5133 1570 5189; x_wconf 87' lang='lat' dir='ltr'><strong>Ecclesiis</strong></span> <span class='ocrx_word' id='word_1_744' title='bbox 1599 5133 1769 5189; x_wconf 86' lang='lat' dir='ltr'><strong>disse-</strong></span> 
     </span>
    </p>
   </div>
   <div class='ocr_carea' id='block_1_99' title="bbox 187 5224 1764 5297">
    <p class='ocr_par' dir='ltr' id='par_1_99' title="bbox 187 5224 1764 5297">
     <span class='ocr_line' id='line_1_99' title="bbox 187 5224 1764 5297; baseline -0.002 -16"><span class='ocrx_word' id='word_1_745' title='bbox 187 5226 364 5293; x_wconf 79' lang='lat' dir='ltr'><strong>rebat,</strong></span> <span class='ocrx_word' id='word_1_746' title='bbox 391 5243 422 5281; x_wconf 90' lang='lat' dir='ltr'><strong>a</strong></span> <span class='ocrx_word' id='word_1_747' title='bbox 451 5227 675 5282; x_wconf 90' lang='lat' dir='ltr'><strong>notariis</strong></span> <span class='ocrx_word' id='word_1_748' title='bbox 702 5227 898 5296; x_wconf 81' lang='lat' dir='ltr'><strong>excipi,</strong></span> <span class='ocrx_word' id='word_1_749' title='bbox 923 5226 1028 5281; x_wconf 89' lang='lat' dir='ltr'><strong>nisi</strong></span> <span class='ocrx_word' id='word_1_750' title='bbox 1065 5227 1312 5297; x_wconf 87' lang='lat' dir='ltr'><strong>quando,</strong></span> <span class='ocrx_word' id='word_1_751' title='bbox 1339 5224 1450 5294; x_wconf 86' lang='lat' dir='ltr'><strong>jam</strong></span> <span class='ocrx_word' id='word_1_752' title='bbox 1490 5224 1764 5296; x_wconf 78' lang='lat' dir='ltr'><strong>Sexagesi-</strong></span> 
     </span>
    </p>
   </div>
   <div class='ocr_carea' id='block_1_100' title="bbox 186 5314 1762 5392">
    <p class='ocr_par' dir='ltr' id='par_1_100' title="bbox 186 5314 1762 5392">
     <span class='ocr_line' id='line_1_100' title="bbox 186 5314 1762 5392; baseline 0 -19"><span class='ocrx_word' id='word_1_753' title='bbox 186 5314 335 5374; x_wconf 83' lang='lat' dir='ltr'><strong>nnnn</strong></span> <span class='ocrx_word' id='word_1_754' title='bbox 379 5322 581 5385; x_wconf 69' lang='lat' dir='ltr'><strong>aetatis,</strong></span> <span class='ocrx_word' id='word_1_755' title='bbox 615 5336 780 5392; x_wconf 81' lang='lat' dir='ltr'><strong>agens</strong></span> <span class='ocrx_word' id='word_1_756' title='bbox 827 5335 1058 5386; x_wconf 89' lang='lat' dir='ltr'><strong>annum,</strong></span> <span class='ocrx_word' id='word_1_757' title='bbox 1109 5319 1279 5374; x_wconf 90' lang='lat' dir='ltr'><strong>multo</strong></span> <span class='ocrx_word' id='word_1_758' title='bbox 1332 5335 1431 5375; x_wconf 91' lang='lat' dir='ltr'><strong>usu</strong></span> <span class='ocrx_word' id='word_1_759' title='bbox 1474 5327 1531 5372; x_wconf 89' lang='lat' dir='ltr'><strong>et</strong></span> <span class='ocrx_word' id='word_1_760' title='bbox 1576 5317 1762 5373; x_wconf 89' lang='lat' dir='ltr'><strong>labore</strong></span> 
     </span>
    </p>
   </div>
   <div class='ocr_carea' id='block_1_101' title="bbox 184 5408 1766 5484">
    <p class='ocr_par' dir='ltr' id='par_1_101' title="bbox 184 5408 1766 5484">
     <span class='ocr_line' id='line_1_101' title="bbox 184 5408 1766 5484; baseline -0.001 -20"><span class='ocrx_word' id='word_1_761' title='bbox 184 5410 477 5484; x_wconf 88' lang='lat' dir='ltr'><strong>plurimum</strong></span> <span class='ocrx_word' id='word_1_762' title='bbox 515 5413 720 5467; x_wconf 68' lang='lat' dir='ltr'><strong>fiduciae</strong></span> <span class='ocrx_word' id='word_1_763' title='bbox 750 5412 802 5465; x_wconf 91' lang='lat' dir='ltr'><strong>in</strong></span> <span class='ocrx_word' id='word_1_764' title='bbox 833 5410 994 5465; x_wconf 83' lang='lat' dir='ltr'><strong>verbo</strong></span> <span class='ocrx_word' id='word_1_765' title='bbox 1022 5410 1114 5466; x_wconf 91' lang='lat' dir='ltr'><strong>Dei</strong></span> <span class='ocrx_word' id='word_1_766' title='bbox 1160 5419 1465 5481; x_wconf 84' lang='lat' dir='ltr'><strong>acceperat,</strong></span> <span class='ocrx_word' id='word_1_767' title='bbox 1501 5408 1617 5478; x_wconf 90' lang='lat' dir='ltr'><strong>jam</strong></span> <span class='ocrx_word' id='word_1_768' title='bbox 1662 5408 1766 5463; x_wconf 89' lang='lat' dir='ltr'><strong>sci-</strong></span> 
     </span>
    </p>
   </div>
   <div class='ocr_carea' id='block_1_102' title="bbox 184 5499 1768 5573">
    <p class='ocr_par' dir='ltr' id='par_1_102' title="bbox 184 5499 1768 5573">
     <span class='ocr_line' id='line_1_102' title="bbox 184 5499 1768 5573; baseline 0 -17"><span class='ocrx_word' id='word_1_769' title='bbox 184 5499 316 5557; x_wconf 87' lang='lat' dir='ltr'><strong>licet</strong></span> <span class='ocrx_word' id='word_1_770' title='bbox 343 5505 557 5573; x_wconf 88' lang='lat' dir='ltr'><strong>quando</strong></span> <span class='ocrx_word' id='word_1_771' title='bbox 586 5505 639 5559; x_wconf 91' lang='lat' dir='ltr'><strong>in</strong></span> <span class='ocrx_word' id='word_1_772' title='bbox 683 5517 748 5558; x_wconf 89' lang='lat' dir='ltr'><strong>eo</strong></span> <span class='ocrx_word' id='word_1_773' title='bbox 776 5510 895 5557; x_wconf 89' lang='lat' dir='ltr'><strong>erat</strong></span> <span class='ocrx_word' id='word_1_774' title='bbox 937 5502 1061 5556; x_wconf 77' lang='lat' dir='ltr'><strong>vitae</strong></span> <span class='ocrx_word' id='word_1_775' title='bbox 1090 5503 1358 5572; x_wconf 87' lang='lat' dir='ltr'><strong>gravitas,</strong></span> <span class='ocrx_word' id='word_1_776' title='bbox 1386 5511 1442 5556; x_wconf 92' lang='lat' dir='ltr'><strong>et</strong></span> <span class='ocrx_word' id='word_1_777' title='bbox 1482 5502 1768 5556; x_wconf 87' lang='lat' dir='ltr'><strong>maturitas</strong></span> 
     </span>
    </p>
   </div>
   <div class='ocr_carea' id='block_1_103' title="bbox 182 5595 1770 5666">
    <p class='ocr_par' dir='ltr' id='par_1_103' title="bbox 182 5595 1770 5666">
     <span class='ocr_line' id='line_1_103' title="bbox 182 5595 1770 5666; baseline 0.001 -17"><span class='ocrx_word' id='word_1_778' title='bbox 182 5595 386 5660; x_wconf 61' lang='lat' dir='ltr'><strong>atatis,</strong></span> <span class='ocrx_word' id='word_1_779' title='bbox 410 5604 465 5650; x_wconf 91' lang='lat' dir='ltr'><strong>et</strong></span> <span class='ocrx_word' id='word_1_780' title='bbox 486 5596 666 5651; x_wconf 85' lang='lat' dir='ltr'><strong>multae</strong></span> <span class='ocrx_word' id='word_1_781' title='bbox 686 5595 1028 5666; x_wconf 69' lang='lat' dir='ltr'><strong>experientia:</strong></span> <span class='ocrx_word' id='word_1_782' title='bbox 1054 5597 1367 5652; x_wconf 88' lang='lat' dir='ltr'><strong>auctoritas.</strong></span> <span class='ocrx_word' id='word_1_783' title='bbox 1392 5596 1538 5651; x_wconf 83' lang='lat' dir='ltr'><strong>Inter</strong></span> <span class='ocrx_word' id='word_1_784' title='bbox 1555 5611 1770 5666; x_wconf 90' lang='lat' dir='ltr'><strong>quoque</strong></span> 
     </span>
    </p>
   </div>
   <div class='ocr_carea' id='block_1_104' title="bbox 182 5687 1771 5758">
    <p class='ocr_par' dir='ltr' id='par_1_104' title="bbox 182 5687 1771 5758">
     <span class='ocr_line' id='line_1_104' title="bbox 182 5687 1771 5758; baseline 0.002 -17"><span class='ocrx_word' id='word_1_785' title='bbox 182 5687 548 5742; x_wconf 86' lang='lat' dir='ltr'><strong>eruditionum</strong></span> <span class='ocrx_word' id='word_1_786' title='bbox 582 5704 804 5744; x_wconf 87' lang='lat' dir='ltr'><strong>suarum</strong></span> <span class='ocrx_word' id='word_1_787' title='bbox 846 5687 1019 5742; x_wconf 89' lang='lat' dir='ltr'><strong>studia</strong></span> <span class='ocrx_word' id='word_1_788' title='bbox 1041 5729 1056 5751; x_wconf 95' lang='lat'><strong>,</strong></span> <span class='ocrx_word' id='word_1_789' title='bbox 1094 5703 1161 5742; x_wconf 91' lang='lat' dir='ltr'><strong>ne</strong></span> <span class='ocrx_word' id='word_1_790' title='bbox 1189 5687 1317 5749; x_wconf 84' lang='lat' dir='ltr'><strong>illud</strong></span> <span class='ocrx_word' id='word_1_791' title='bbox 1347 5688 1562 5758; x_wconf 89' lang='lat' dir='ltr'><strong>quidem</strong></span> <span class='ocrx_word' id='word_1_792' title='bbox 1587 5689 1771 5744; x_wconf 89' lang='lat' dir='ltr'><strong>omisit</strong></span> 
     </span>
    </p>
   </div>
   <div class='ocr_carea' id='block_1_105' title="bbox 184 5774 1769 5852">
    <p class='ocr_par' dir='ltr' id='par_1_105' title="bbox 184 5774 1769 5852">
     <span class='ocr_line' id='line_1_105' title="bbox 184 5774 1769 5852; baseline 0.001 -19"><span class='ocrx_word' id='word_1_793' title='bbox 184 5774 467 5850; x_wconf 81' lang='lat' dir='ltr'><strong>Origenes,</strong></span> <span class='ocrx_word' id='word_1_794' title='bbox 494 5780 822 5852; x_wconf 89' lang='lat' dir='ltr'><strong>perscrutari</strong></span> <span class='ocrx_word' id='word_1_795' title='bbox 869 5789 923 5837; x_wconf 90' lang='lat' dir='ltr'><strong>et</strong></span> <span class='ocrx_word' id='word_1_796' title='bbox 962 5778 1241 5836; x_wconf 88' lang='lat' dir='ltr'><strong>addiscere</strong></span> <span class='ocrx_word' id='word_1_797' title='bbox 1282 5779 1524 5837; x_wconf 78' lang='lat' dir='ltr'><strong>Hebraea:</strong></span> <span class='ocrx_word' id='word_1_798' title='bbox 1572 5780 1769 5852; x_wconf 66' lang='lat' dir='ltr'><strong>linguai</strong></span> 
     </span>
    </p>
   </div>
   <div class='ocr_carea' id='block_1_106' title="bbox 1876 4660 3458 4757">
    <p class='ocr_par' dir='ltr' id='par_1_106' title="bbox 1876 4660 3458 4757">
     <span class='ocr_line' id='line_1_106' title="bbox 1876 4660 3458 4757; baseline -0.003 -21"><span class='ocrx_word' id='word_1_799' title='bbox 1876 4674 2127 4757; x_wconf 80' lang='lat' dir='ltr'><strong>Origene,</strong></span> <span class='ocrx_word' id='word_1_800' title='bbox 2154 4690 2209 4734; x_wconf 91' lang='lat' dir='ltr'><strong>et</strong></span> <span class='ocrx_word' id='word_1_801' title='bbox 2235 4686 2425 4734; x_wconf 90' lang='lat' dir='ltr'><strong>contra</strong></span> <span class='ocrx_word' id='word_1_802' title='bbox 2449 4660 2804 4733; x_wconf 75' lang='lat' dir='ltr'><strong>orthodoxam</strong></span> <span class='ocrx_word' id='word_1_803' title='bbox 2830 4675 2990 4731; x_wconf 78' lang='lat' dir='ltr'><strong>fidem</strong></span> <span class='ocrx_word' id='word_1_804' title='bbox 3019 4675 3221 4746; x_wconf 89' lang='lat' dir='ltr'><strong>aliquid</strong></span> <span class='ocrx_word' id='word_1_805' title='bbox 3260 4676 3458 4732; x_wconf 88' lang='lat' dir='ltr'><strong>descri-</strong></span> 
     </span>
    </p>
   </div>
   <div class='ocr_carea' id='block_1_107' title="bbox 1872 4764 3457 4849">
    <p class='ocr_par' dir='ltr' id='par_1_107' title="bbox 1872 4764 3457 4849">
     <span class='ocr_line' id='line_1_107' title="bbox 1872 4764 3457 4849; baseline -0.004 -20"><span class='ocrx_word' id='word_1_806' title='bbox 1872 4784 2045 4845; x_wconf 90' lang='lat' dir='ltr'><strong>ptum,</strong></span> <span class='ocrx_word' id='word_1_807' title='bbox 2074 4772 2268 4849; x_wconf 80' lang='lat' dir='ltr'><strong>opinor</strong></span> <span class='ocrx_word' id='word_1_808' title='bbox 2308 4771 2409 4825; x_wconf 85' lang='lat' dir='ltr'><strong>hoc</strong></span> <span class='ocrx_word' id='word_1_809' title='bbox 2441 4769 2492 4824; x_wconf 92' lang='lat' dir='ltr'><strong>ei</strong></span> <span class='ocrx_word' id='word_1_810' title='bbox 2521 4766 2819 4835; x_wconf 78' lang='lat' dir='ltr'><strong>accidisSe,</strong></span> <span class='ocrx_word' id='word_1_811' title='bbox 2847 4769 2970 4839; x_wconf 90' lang='lat' dir='ltr'><strong>quia</strong></span> <span class='ocrx_word' id='word_1_812' title='bbox 3014 4766 3181 4823; x_wconf 92' lang='lat' dir='ltr'><strong>nimio</strong></span> <span class='ocrx_word' id='word_1_813' title='bbox 3210 4764 3457 4823; x_wconf 87' lang='lat' dir='ltr'><strong>lectionis</strong></span> 
     </span>
    </p>
   </div>
   <div class='ocr_carea' id='block_1_108' title="bbox 1874 4861 3456 4935">
    <p class='ocr_par' dir='ltr' id='par_1_108' title="bbox 1874 4861 3456 4935">
     <span class='ocr_line' id='line_1_108' title="bbox 1874 4861 3456 4935; baseline -0.004 -15"><span class='ocrx_word' id='word_1_814' title='bbox 1874 4865 2054 4922; x_wconf 87' lang='lat' dir='ltr'><strong>studio</strong></span> <span class='ocrx_word' id='word_1_815' title='bbox 2079 4863 2429 4935; x_wconf 88' lang='lat' dir='ltr'><strong>philosophos</strong></span> <span class='ocrx_word' id='word_1_816' title='bbox 2465 4871 2548 4918; x_wconf 90' lang='lat' dir='ltr'><strong>est</strong></span> <span class='ocrx_word' id='word_1_817' title='bbox 2591 4862 2890 4932; x_wconf 80' lang='lat' dir='ltr'><strong>amplexus.</strong></span> <span class='ocrx_word' id='word_1_818' title='bbox 2927 4861 3194 4932; x_wconf 84' lang='lat' dir='ltr'><strong>Attigerat</strong></span> <span class='ocrx_word' id='word_1_819' title='bbox 3226 4861 3371 4916; x_wconf 90' lang='lat' dir='ltr'><strong>enim</strong></span> <span class='ocrx_word' id='word_1_820' title='bbox 3400 4868 3456 4916; x_wconf 90' lang='lat' dir='ltr'><strong>et</strong></span> 
     </span>
    </p>
   </div>
   <div class='ocr_carea' id='block_1_109' title="bbox 1874 4952 3452 5026">
    <p class='ocr_par' dir='ltr' id='par_1_109' title="bbox 1874 4952 3452 5026">
     <span class='ocr_line' id='line_1_109' title="bbox 1874 4952 3452 5026; baseline -0.002 -13"><span class='ocrx_word' id='word_1_821' title='bbox 1874 4957 2095 5013; x_wconf 89' lang='lat' dir='ltr'><strong>omnino</strong></span> <span class='ocrx_word' id='word_1_822' title='bbox 2120 4964 2398 5011; x_wconf 88' lang='lat' dir='ltr'><strong>assecutus</strong></span> <span class='ocrx_word' id='word_1_823' title='bbox 2424 4953 2597 5010; x_wconf 90' lang='lat' dir='ltr'><strong>fuerat</strong></span> <span class='ocrx_word' id='word_1_824' title='bbox 2627 4961 2833 5009; x_wconf 89' lang='lat' dir='ltr'><strong>secreta</strong></span> <span class='ocrx_word' id='word_1_825' title='bbox 2860 4953 3130 5019; x_wconf 88' lang='lat' dir='ltr'><strong>Platonis,</strong></span> <span class='ocrx_word' id='word_1_826' title='bbox 3162 4962 3218 5009; x_wconf 91' lang='lat' dir='ltr'><strong>et</strong></span> <span class='ocrx_word' id='word_1_827' title='bbox 3249 4952 3452 5026; x_wconf 82' lang='lat' dir='ltr'><strong>Pytha-</strong></span> 
     </span>
    </p>
   </div>
   <div class='ocr_carea' id='block_1_110' title="bbox 1876 5041 3454 5118">
    <p class='ocr_par' dir='ltr' id='par_1_110' title="bbox 1876 5041 3454 5118">
     <span class='ocr_line' id='line_1_110' title="bbox 1876 5041 3454 5118; baseline -0.001 -18"><span class='ocrx_word' id='word_1_828' title='bbox 1876 5062 2039 5118; x_wconf 72' lang='lat' dir='ltr'><strong>gorae,</strong></span> <span class='ocrx_word' id='word_1_829' title='bbox 2068 5045 2407 5115; x_wconf 88' lang='lat' dir='ltr'><strong>Zenonisque</strong></span> <span class='ocrx_word' id='word_1_830' title='bbox 2427 5045 2602 5107; x_wconf 92' lang='lat' dir='ltr'><strong>stoici,</strong></span> <span class='ocrx_word' id='word_1_831' title='bbox 2629 5052 2684 5098; x_wconf 90' lang='lat' dir='ltr'><strong>et</strong></span> <span class='ocrx_word' id='word_1_832' title='bbox 2709 5041 2948 5098; x_wconf 83' lang='lat' dir='ltr'><strong>Cerinthi</strong></span> <span class='ocrx_word' id='word_1_833' title='bbox 2972 5043 3266 5109; x_wconf 90' lang='lat' dir='ltr'><strong>volumina,</strong></span> <span class='ocrx_word' id='word_1_834' title='bbox 3294 5054 3454 5099; x_wconf 71' lang='lat' dir='ltr'><strong>ciete-</strong></span> 
     </span>
    </p>
   </div>
   <div class='ocr_carea' id='block_1_111' title="bbox 1874 5135 3473 5209">
    <p class='ocr_par' dir='ltr' id='par_1_111' title="bbox 1874 5135 3473 5209">
     <span class='ocr_line' id='line_1_111' title="bbox 1874 5135 3473 5209; baseline 0 -16"><span class='ocrx_word' id='word_1_835' title='bbox 1874 5152 2168 5207; x_wconf 90' lang='lat' dir='ltr'><strong>rorumque</strong></span> <span class='ocrx_word' id='word_1_836' title='bbox 2196 5136 2666 5209; x_wconf 83' lang='lat' dir='ltr'><strong>philosophorum;</strong></span> <span class='ocrx_word' id='word_1_837' title='bbox 2695 5144 2749 5190; x_wconf 90' lang='lat' dir='ltr'><strong>et</strong></span> <span class='ocrx_word' id='word_1_838' title='bbox 2774 5135 3008 5191; x_wconf 88' lang='lat' dir='ltr'><strong>fortasse</strong></span> <span class='ocrx_word' id='word_1_839' title='bbox 3034 5137 3161 5207; x_wconf 91' lang='lat' dir='ltr'><strong>quia</strong></span> <span class='ocrx_word' id='word_1_840' title='bbox 3188 5136 3348 5192; x_wconf 90' lang='lat' dir='ltr'><strong>nimis</strong></span> <span class='ocrx_word' id='word_1_841' title='bbox 3368 5150 3473 5207; x_wconf 77' lang='lat' dir='ltr'><strong>est</strong></span> 
     </span>
    </p>
   </div>
   <div class='ocr_carea' id='block_1_112' title="bbox 1874 5226 3451 5302">
    <p class='ocr_par' dir='ltr' id='par_1_112' title="bbox 1874 5226 3451 5302">
     <span class='ocr_line' id='line_1_112' title="bbox 1874 5226 3451 5302; baseline 0 -19"><span class='ocrx_word' id='word_1_842' title='bbox 1874 5227 2222 5296; x_wconf 88' lang='lat' dir='ltr'><strong>immoratus,</strong></span> <span class='ocrx_word' id='word_1_843' title='bbox 2273 5240 2328 5284; x_wconf 88' lang='lat' dir='ltr'><strong>et</strong></span> <span class='ocrx_word' id='word_1_844' title='bbox 2371 5228 2571 5284; x_wconf 90' lang='lat' dir='ltr'><strong>diutius</strong></span> <span class='ocrx_word' id='word_1_845' title='bbox 2615 5226 2786 5284; x_wconf 89' lang='lat' dir='ltr'><strong>ebibit</strong></span> <span class='ocrx_word' id='word_1_846' title='bbox 2832 5226 2899 5282; x_wconf 90' lang='lat' dir='ltr'><strong>de</strong></span> <span class='ocrx_word' id='word_1_847' title='bbox 2945 5228 3115 5285; x_wconf 87' lang='lat' dir='ltr'><strong>calice</strong></span> <span class='ocrx_word' id='word_1_848' title='bbox 3161 5230 3451 5302; x_wconf 87' lang='lat' dir='ltr'><strong>Babylonis</strong></span> 
     </span>
    </p>
   </div>
   <div class='ocr_carea' id='block_1_113' title="bbox 1874 5317 3450 5390">
    <p class='ocr_par' dir='ltr' id='par_1_113' title="bbox 1874 5317 3450 5390">
     <span class='ocr_line' id='line_1_113' title="bbox 1874 5317 3450 5390; baseline 0 -17"><span class='ocrx_word' id='word_1_849' title='bbox 1874 5320 2140 5385; x_wconf 86' lang='lat' dir='ltr'><strong>inaurato,</strong></span> <span class='ocrx_word' id='word_1_850' title='bbox 2186 5318 2582 5390; x_wconf 89' lang='lat' dir='ltr'><strong>quodammodo</strong></span> <span class='ocrx_word' id='word_1_851' title='bbox 2628 5326 2847 5373; x_wconf 86' lang='lat' dir='ltr'><strong>coactus</strong></span> <span class='ocrx_word' id='word_1_852' title='bbox 2878 5327 2962 5375; x_wconf 92' lang='lat' dir='ltr'><strong>est</strong></span> <span class='ocrx_word' id='word_1_853' title='bbox 2992 5321 3059 5375; x_wconf 87' lang='lat' dir='ltr'><strong>de</strong></span> <span class='ocrx_word' id='word_1_854' title='bbox 3091 5317 3207 5389; x_wconf 89' lang='lat' dir='ltr'><strong>ejus</strong></span> <span class='ocrx_word' id='word_1_855' title='bbox 3234 5318 3366 5375; x_wconf 72' lang='lat' dir='ltr'><strong>faece</strong></span> <span class='ocrx_word' id='word_1_856' title='bbox 3396 5319 3450 5373; x_wconf 92' lang='lat' dir='ltr'><strong>in</strong></span> 
     </span>
    </p>
   </div>
   <div class='ocr_carea' id='block_1_114' title="bbox 1875 5409 3450 5482">
    <p class='ocr_par' dir='ltr' id='par_1_114' title="bbox 1875 5409 3450 5482">
     <span class='ocr_line' id='line_1_114' title="bbox 1875 5409 3450 5482; baseline -0.001 -15"><span class='ocrx_word' id='word_1_857' title='bbox 1875 5427 2082 5467; x_wconf 85' lang='lat' dir='ltr'><strong>sacram</strong></span> <span class='ocrx_word' id='word_1_858' title='bbox 2115 5412 2448 5482; x_wconf 90' lang='lat' dir='ltr'><strong>Scripturam</strong></span> <span class='ocrx_word' id='word_1_859' title='bbox 2486 5410 2686 5481; x_wconf 91' lang='lat' dir='ltr'><strong>aliquid</strong></span> <span class='ocrx_word' id='word_1_860' title='bbox 2717 5411 3009 5477; x_wconf 79' lang='lat' dir='ltr'><strong>effundere.</strong></span> <span class='ocrx_word' id='word_1_861' title='bbox 3041 5411 3121 5467; x_wconf 79' lang='lat' dir='ltr'><strong>Ex</strong></span> <span class='ocrx_word' id='word_1_862' title='bbox 3149 5426 3256 5482; x_wconf 91' lang='lat' dir='ltr'><strong>quo</strong></span> <span class='ocrx_word' id='word_1_863' title='bbox 3296 5409 3450 5466; x_wconf 84' lang='lat' dir='ltr'><strong>valde</strong></span> 
     </span>
    </p>
   </div>
   <div class='ocr_carea' id='block_1_115' title="bbox 1872 5499 3450 5575">
    <p class='ocr_par' dir='ltr' id='par_1_115' title="bbox 1872 5499 3450 5575">
     <span class='ocr_line' id='line_1_115' title="bbox 1872 5499 3450 5575; baseline -0.002 -19"><span class='ocrx_word' id='word_1_864' title='bbox 1872 5509 1928 5556; x_wconf 90' lang='lat' dir='ltr'><strong>et</strong></span> <span class='ocrx_word' id='word_1_865' title='bbox 1955 5501 2243 5575; x_wconf 79' lang='lat' dir='ltr'><strong>vigilanter</strong></span> <span class='ocrx_word' id='word_1_866' title='bbox 2281 5500 2579 5555; x_wconf 85' lang='lat' dir='ltr'><strong>cavendum</strong></span> <span class='ocrx_word' id='word_1_867' title='bbox 2627 5510 2711 5556; x_wconf 88' lang='lat' dir='ltr'><strong>est</strong></span> <span class='ocrx_word' id='word_1_868' title='bbox 2755 5501 3137 5557; x_wconf 85' lang='lat' dir='ltr'><strong>ecclesiasticis</strong></span> <span class='ocrx_word' id='word_1_869' title='bbox 3185 5499 3335 5564; x_wconf 91' lang='lat' dir='ltr'><strong>viris,</strong></span> <span class='ocrx_word' id='word_1_870' title='bbox 3380 5513 3450 5555; x_wconf 89' lang='lat' dir='ltr'><strong>ne</strong></span> 
     </span>
    </p>
   </div>
   <div class='ocr_carea' id='block_1_116' title="bbox 1870 5587 3447 5662">
    <p class='ocr_par' dir='ltr' id='par_1_116' title="bbox 1870 5587 3447 5662">
     <span class='ocr_line' id='line_1_116' title="bbox 1870 5587 3447 5662; baseline -0.001 -15"><span class='ocrx_word' id='word_1_871' title='bbox 1870 5592 2034 5647; x_wconf 91' lang='lat' dir='ltr'><strong>nimis</strong></span> <span class='ocrx_word' id='word_1_872' title='bbox 2058 5591 2444 5662; x_wconf 85' lang='lat' dir='ltr'><strong>pllilosophicis</strong></span> <span class='ocrx_word' id='word_1_873' title='bbox 2473 5592 2731 5648; x_wconf 89' lang='lat' dir='ltr'><strong>institutis</strong></span> <span class='ocrx_word' id='word_1_874' title='bbox 2758 5594 2885 5648; x_wconf 92' lang='lat' dir='ltr'><strong>dent</strong></span> <span class='ocrx_word' id='word_1_875' title='bbox 2918 5606 3158 5662; x_wconf 89' lang='lat' dir='ltr'><strong>operam,</strong></span> <span class='ocrx_word' id='word_1_876' title='bbox 3188 5605 3257 5645; x_wconf 89' lang='lat' dir='ltr'><strong>ne</strong></span> <span class='ocrx_word' id='word_1_877' title='bbox 3283 5587 3447 5655; x_wconf 88' lang='lat' dir='ltr'><strong>forte,</strong></span> 
     </span>
    </p>
   </div>
   <div class='ocr_carea' id='block_1_117' title="bbox 1871 5683 3448 5754">
    <p class='ocr_par' dir='ltr' id='par_1_117' title="bbox 1871 5683 3448 5754">
     <span class='ocr_line' id='line_1_117' title="bbox 1871 5683 3448 5754; baseline -0.001 -13"><span class='ocrx_word' id='word_1_878' title='bbox 1871 5701 1993 5741; x_wconf 90' lang='lat' dir='ltr'><strong>cum</strong></span> <span class='ocrx_word' id='word_1_879' title='bbox 2048 5685 2297 5740; x_wconf 90' lang='lat' dir='ltr'><strong>inebriati</strong></span> <span class='ocrx_word' id='word_1_880' title='bbox 2331 5684 2529 5741; x_wconf 90' lang='lat' dir='ltr'><strong>fuerint</strong></span> <span class='ocrx_word' id='word_1_881' title='bbox 2560 5685 2810 5740; x_wconf 88' lang='lat' dir='ltr'><strong>inanibus</strong></span> <span class='ocrx_word' id='word_1_882' title='bbox 2854 5683 3088 5754; x_wconf 90' lang='lat' dir='ltr'><strong>poculis,</strong></span> <span class='ocrx_word' id='word_1_883' title='bbox 3134 5691 3188 5739; x_wconf 90' lang='lat' dir='ltr'><strong>et</strong></span> <span class='ocrx_word' id='word_1_884' title='bbox 3229 5683 3448 5739; x_wconf 85' lang='lat' dir='ltr'><strong>tumidis</strong></span> 
     </span>
    </p>
   </div>
   <div class='ocr_carea' id='block_1_118' title="bbox 1871 5760 3456 5845">
    <p class='ocr_par' dir='ltr' id='par_1_118' title="bbox 1871 5760 3456 5845">
     <span class='ocr_line' id='line_1_118' title="bbox 1871 5760 3456 5845; baseline -0.003 -10"><span class='ocrx_word' id='word_1_885' title='bbox 1871 5779 2261 5835; x_wconf 88' lang='lat' dir='ltr'><strong>assertionibus</strong></span> <span class='ocrx_word' id='word_1_886' title='bbox 2290 5777 2479 5845; x_wconf 78' lang='lat' dir='ltr'><strong>inflati,</strong></span> <span class='ocrx_word' id='word_1_887' title='bbox 2504 5775 2787 5844; x_wconf 71' lang='lat' dir='ltr'><strong>difﬁcilius,</strong></span> <span class='ocrx_word' id='word_1_888' title='bbox 2810 5783 3046 5831; x_wconf 89' lang='lat' dir='ltr'><strong>retracto</strong></span> <span class='ocrx_word' id='word_1_889' title='bbox 3077 5775 3231 5845; x_wconf 89' lang='lat' dir='ltr'><strong>pede,</strong></span> <span class='ocrx_word' id='word_1_890' title='bbox 3256 5760 3325 5831; x_wconf 79' lang='lat' dir='ltr'><strong>ad</strong></span> <span class='ocrx_word' id='word_1_891' title='bbox 3350 5776 3456 5831; x_wconf 86' lang='lat' dir='ltr'><strong>hu-</strong></span> 
     </span>
    </p>
   </div>
  </div>
