4002 6348
587 318 686 375 851

1086 306 1439 374 HAYMONIS
1474 314 1953 399 HALBERSTAT.
1998 316 2207 372 EPISC.
2247 317 2397 372 OPP.
2438 258 2617 374 PAR’S
2654 318 2741 375 Ill.
2778 350 2851 362 —
2891 319 3388 378 MISCELLANEA.

586 408 876 515 militatem
907 431 1107 489 Christi
1130 439 1476 496 revocentur,
1507 437 1562 485 et
1589 431 1794 485 tardius
1822 429 1945 484 fidei
1975 437 2173 483 nostra).
2276 429 2600 485 venerabilis
2649 428 3144 503 Hierosolymorum
3191 434 3503 504 episcopus,
3556 434 3618 487 in
3693 434 3873 490 biblio-

588 527 959 598 acquiescant,
1008 524 1440 596 quandoquidem
1487 525 1663 580 edocti
1709 533 1836 580 sunt
1877 522 2168 580 contraria.

586 616 700 674 Nec
728 619 831 674 hoc
860 616 1085 673 dicendo
1112 616 1310 671 artium
1342 615 1573 672 lectores
1620 617 1939 670 damnamus
1970 614 2057 669 vel
2086 628 2174 668 aru-

588 719 709 777 tes;
738 724 863 765 nam
892 716 948 763 et
986 708 1116 780 ipsa}
1138 723 1244 764 non
1279 707 1545 763 inutiliter
1565 707 1835 779 leguntur,
1860 706 1928 761 ad
1953 703 2175 777 profun-

586 800 684 857 das
704 800 1029 870 quaestiones
1043 799 1376 865 enodandas,
1396 807 1452 855 et
1470 799 1883 869 pertractandas
1903 797 2170 854 rationes:

585 894 782 966 quippe
806 892 923 964 ipsa
952 901 1039 949 est
1066 892 1283 948 domina
1312 892 1529 957 artium,
1562 901 1619 948 et
1655 891 1704 948 ei
1744 897 1973 954 casteraa,
1998 899 2060 943 ut
2081 903 2176 959 pe-

586 988 847 1058 disequae,
895 984 1244 1042 famulantur.
1279 966 1479 1042 Verum
1521 985 1783 1055 quosdam
1824 982 2177 1040 scholasticos

584 1096 693 1136 non
722 1079 1069 1134 mediocriter
1090 1078 1536 1149 reprehendimus
1563 1096 1575 1131 :
1607 1078 1697 1147 qui
1720 1077 1872 1132 libris
1896 1076 2173 1146 gentilium

588 1180 695 1226 tam
736 1169 1081 1225 familiariter
1110 1170 1421 1235 adbmrent,
1460 1180 1515 1224 et
1556 1178 1697 1224 totos
1727 1185 1786 1224 se
1828 1170 2173 1241 immergunt,

584 1271 647 1317 ut
669 1270 839 1317 totum
865 1276 1005 1334 pene
1031 1262 1083 1317 in
1113 1262 1194 1317 eis
1225 1262 1345 1317 vita:
1372 1276 1485 1317 suae
1514 1271 1569 1317 et
1608 1262 1930 1322 eruditionis
1958 1275 2177 1317 cursum

593 1365 935 1413 consumant.
988 1356 1160 1424 Quam
1190 1355 1472 1411 honestius
1505 1364 1621 1410 erat
1672 1354 2052 1410 ecclesiasticae
2099 1354 2178 1409 in-

588 1446 811 1502 tendere
841 1446 1169 1527 disciplinazl
1215 1461 1377 1516 quam
1402 1447 1602 1502 rectius
1641 1454 1694 1502 et
1735 1445 1973 1501 facilius!
2009 1458 2179 1499 sacra:

586 1537 886 1609 Scriptum
930 1538 1098 1593 libros
1129 1538 1409 1594 addiscere
1439 1538 1633 1607 quibus
1656 1537 1894 1608 legendis
1920 1537 1966 1590 si
1990 1536 2180 1590 darent

585 1644 828 1701 operam,
856 1629 1206 1699 paucioribus
1241 1638 1389 1685 certe
1421 1630 1681 1699 temporis
1708 1628 1896 1698 spatiis
1925 1637 2092 1681 totam
2122 1627 2175 1683 in

2276 521 2430 577 theca
2462 520 2975 594 Hierosolymorum,
3002 538 3164 594 quam
3211 534 3267 579 et
3311 526 3426 596 ipse
3468 525 3664 580 multo
3699 525 3870 585 labore

2274 624 2329 671 et
2351 615 2652 685 sumptibus
2672 616 2739 671 ad
2761 617 3125 686 posteriorum
3145 618 3434 673 utilitatem
3458 629 3866 687 construxerat,

2274 704 2404 762 facit
2429 706 2713 779 diligenter
2741 708 2951 778 reponi.
2975 708 3198 779 Agimus
3219 709 3416 779 gratias
3442 718 3625 764 tanta:
3655 708 3864 766 Patrum

2274 799 2587 871 diligentiae,
2616 815 2845 871 quorum
2876 803 3021 857 circa
3050 816 3236 858 sacras
3262 800 3590 873 Scripturas
3628 811 3745 857 tam
3776 802 3866 860 fer-

2272 893 2586 948 ventissima
2616 895 2902 965 occupatio
2932 902 2987 949 et
3010 905 3119 949 tam
3145 892 3290 966 jugis
3316 894 3645 951 sollicitudo
3675 895 3794 961 fuit,
3820 908 3866 952 ut

2274 999 2381 1039 non
2429 984 2602 1039 solum
2641 985 2946 1041 scriberent
2993 986 3161 1043 libros
3210 985 3295 1041 vel
3342 986 3748 1057 explanarent,
3787 990 3862 1043 sed

2276 1076 2438 1131 etiam
2466 1077 2666 1148 scripta
2698 1076 3063 1147 quorumlibet
3105 1077 3351 1134 virorum
3396 1076 3707 1133 illustrium
3743 1079 3862 1133 divi-

2277 1168 2422 1223 nitus
2478 1168 2768 1238 inspirata,
2820 1167 3002 1223 multis
3056 1167 3356 1235 laboribus,
3419 1170 3622 1225 multis
3673 1185 3859 1243 quiaque

2277 1257 2528 1327 expensis
2561 1258 2619 1311 in'
2658 1273 2794 1328 Opus
2838 1259 3175 1314 notariorum
3210 1259 3311 1313 sibi
3351 1271 3776 1327 coacervarent,
3804 1264 3858 1317 ad

2276 1350 2579 1420 profectum
2616 1350 2938 1408 universalis
2956 1352 3235 1409 Ecclesiae.
3260 1352 3387 1409 Haec
3409 1370 3553 1426 ergo
3592 1357 3856 1411 mercimo-

2280 1441 2366 1495 nia
2397 1442 2655 1510 pretiosa,
2682 1442 2771 1498 hic
2788 1443 2945 1499 vivus
2973 1444 3182 1500 exstitit
3207 1446 3528 1512 thesaurus,
3563 1462 3856 1517 comparare

2279 1534 2381 1589 sibi
2409 1535 2611 1605 scripta
2651 1534 2935 1605 majorum,
2980 1544 3036 1591 et
3074 1538 3307 1593 condere
3344 1538 3763 1607 bibliothecam,
3782 1556 3853 1612 εει

2279 1642 2505 1699 gregare
2531 1628 2696 1683 libros
2738 1630 2792 1683 in
2837 1629 3073 1685 archivis
3114 1631 3465 1701 templorum,
3515 1633 3849 1705 magisquam

588 1743 647 1782 se
689 1725 1068 1781 bibliothecam
1100 1724 1574 1787 transfunderent,
1622 1740 1784 1795 quam
1830 1738 2020 1777 omnes
2056 1721 2217 1795 illas;
2281 1734 2531 1775 nummos
2576 1719 2629 1774 in
2660 1733 2806 1775 arca.
2839 1719 3075 1774 Audiant
3103 1720 3264 1790 hujus
3305 1723 3584 1793 temporis
3620 1724 3848 1779 ecclesia-

586 1816 813 1873 frivolas
837 1828 893 1873 et
920 1832 1055 1887 pene
1090 1816 1310 1872 inutiles
1345 1793 1656 1871 scientiolas
1682 1814 1878 1884 quibus
1907 1828 2178 1883 occupan-
2205 1793 2253 1855 Β
2282 1808 2432 1863 sticze
2470 1824 2735 1880 personae,
2760 1817 2816 1865 et
2840 1810 3039 1864 rubore
3061 1809 3492 1877 confundantur,
3528 1813 3626 1883 qui
3659 1829 3689 1867 a
3714 1814 3847 1869 vesti-

590 1919 692 1966 tur.
739 1909 846 1966 Sed
876 1927 1037 1977 ecce,
1078 1911 1205 1965 dum
1250 1909 1411 1965 nimis
1450 1908 1668 1979 Origeni
1710 1906 2072 1971 intendimus,
2121 1914 2177 1960 et

583 2003 702 2074 ejus
726 2004 1011 2059 occasione
1034 2004 1177 2058 hunc
1203 2001 1432 2057 facimus
1453 2017 1763 2065 excursum,
1787 2009 1973 2055 contra
2000 1999 2173 2071 legem

583 2093 927 2164 compendii,
958 2108 1096 2163 pene
1136 2102 1457 2148 cmterorum
1505 2091 1596 2164 qui
1637 2108 1733 2160 per
1778 2091 1917 2145 idem
1962 2098 2174 2160 tempus

581 2186 838 2252 fuerunt,
871 2194 925 2240 et
964 2185 1127 2239 verbo
1155 2195 1209 2240 et
1251 2185 1497 2254 exemplo
1538 2184 1796 2251 juverunt
1842 2182 2170 2250 Ecclesiam,

581 2276 735 2333 obliti
765 2291 952 2332 sumus
981 2293 996 2330 :
1023 2277 1165 2331 unde
1192 2292 1337 2331 nunc
1367 2275 1432 2329 ad
1462 2275 1794 2330 narrationis
1819 2276 2063 2331 ordinem
2089 2290 2174 2330 re-

578 2380 879 2427 vertamur.
1566 2372 1571 2377 ‘

1236 2478 1407 2518 CAPUT
1446 2476 1520 2515 ιγ.

990 2578 1211 2637 Severus
1239 2586 1419 2649 regnat
1450 2576 1602 2630 annis
1630 2589 1783 2630 xvnt.

648 2692 865 2761 (Euseb.
898 2691 990 2745 lib.
1021 2706 1106 2756 v1,
1146 2706 1261 2761 cap.
1298 2687 1350 2753 7,
1383 2686 1524 2741 Hist.
1550 2684 1720 2757 Eccl.)
1744 2684 1929 2753 Itaque
1965 2682 2169 2738 Severo

578 2785 910 2854 imperatore
938 2781 1235 2837 octodecim
1263 2778 1420 2833 annis
1451 2778 1637 2832 functo
1667 2775 1914 2846 imperio,
1942 2783 1999 2830 et
2039 2783 2167 2830 tunc

579 2875 780 2929 tradito
803 2874 915 2929 filio
938 2871 1077 2942 ejus,
1100 2870 1404 2927 Alexander
1424 2870 1662 2939 quidem,
1690 2868 1757 2923 de
1780 2882 1886 2937 quo
1913 2876 2039 2921 ante
2060 2880 2167 2922 me-

581 2965 935 3028 moravimus,
967 2962 1324 3019 confessionis
1356 2961 1512 3016 titulo
1534 2962 1669 3016 satis
1694 2960 1898 3024 clarus,
1916 2957 2166 3014 Hieroso-

579 3058 847 3129 lymorum
876 3058 1133 3113 Ecclesiae
1173 3057 1497 3126 subrogatur
1536 3055 1841 3125 episcopus,
1871 3068 1992 3108 cum
2025 3052 2164 3108 forte

576 3163 644 3204 ex
683 3157 843 3221 gente
867 3149 1269 3220 Cappadocum,
1296 3148 1384 3204 ubi
1414 3156 1533 3203 erat
1560 3146 1837 3218 praeclarae
1868 3144 2020 3201 urbis
2046 3145 2165 3215 epi-
2191 3158 2237 3222 ο

575 3254 803 3310 scopus,
853 3238 1283 3312 Hierolosymam
1330 3237 1520 3294 orandi
1564 3237 1736 3308 gratia
1791 3237 2056 3300 venisset,
2107 3246 2164 3295 et

575 3328 827 3387 omnibus
848 3331 1031 3386 divino
1052 3329 1271 3386 oraculo
1294 3329 1639 3393 innotuisset,
1678 3327 1768 3383 tali
1793 3343 1925 3383 voce
1950 3327 2164 3385 caelitus

573 3422 772 3477 emissa
803 3439 817 3475 :
853 3419 1124 3493 Suscipite
1150 3423 1461 3491 episc0pum
1486 3423 1580 3491 qui
1608 3422 1763 3476 vobis
1792 3436 1821 3475 a
1863 3420 1975 3476 Deo
1997 3420 2164 3476 desti-

574 3522 736 3569 natus
761 3523 863 3570 est.
900 3514 1102 3585 Captus
1138 3529 1269 3585 ergo
1298 3528 1401 3567 non
1431 3513 1629 3567 sinitur
1653 3513 1719 3567 ad
1745 3514 2023 3583 proprium
2050 3512 2162 3584 epi-

574 3611 855 3675 scopatum
897 3605 1127 3669 reverti,
1152 3603 1245 3660 sed
1274 3603 1471 3659 ibidem
1503 3604 1743 3659 residere
1781 3605 2009 3672 cogitur,
2039 3618 2162 3662 cum

577 3705 755 3752 tamen
780 3695 957 3752 adhuc
985 3707 1293 3767 superesset
1319 3696 1609 3766 praedictus
1633 3696 1873 3767 ejusdem
1913 3696 2013 3751 loci
2044 3697 2161 3767 epi-

575 3801 770 3856 scopas
799 3785 1114 3853 Narcissus,
1141 3788 1235 3843 sed
1278 3788 1450 3843 fessus
1476 3788 1648 3848 senio.
1678 3786 1974 3857 pontificali
2006 3788 2163 3843 mini-

572 3880 742 3934 sterio
764 3878 1012 3935 sufficere
1039 3896 1146 3935 non
1178 3888 1387 3949 potens.
1414 3882 1622 3936 Interea
1643 3878 1904 3950 Serapion
1926 3896 2160 3951 quoque,

574 3970 877 4025 Antiochiae
903 3970 1213 4040 episcopus,
1246 3972 1328 4025 vir
1373 3985 1583 4041 magnae
1621 3971 1976 4037 eruditionis,
2013 3970 2165 4040 cujus

575 4061 746 4116 multa
778 4062 1047 4118 habentur
1089 4063 1368 4131 opuscula,
1415 4062 1759 4134 defungitur;
1806 4064 1893 4119 cui
1926 4064 2166 4120 succedit

578 4152 941 4224 Asclepiades,
966 4163 1020 4211 et
1050 4155 1166 4227 ipse
1194 4170 1334 4211 unus
1363 4171 1430 4211 ex
1467 4154 1735 4225 praeclaro
1764 4171 1989 4212 numero
2031 4172 2164 4212 con-

576 4246 868 4305 fessorum.

1243 4357 1416 4398 CAPUT
1449 4356 1504 4397 Ὗ.

662 4431 959 4487 Antoninus
990 4439 1173 4503 regnat
1206 4442 1399 4502 septem
1428 4432 1582 4486 annis
1603 4440 1651 4486 et
1682 4446 1773 4504 sea:
1801 4432 2081 4486 mensibus.

645 4544 752 4602 Sed
768 4554 821 4602 et
835 4546 1144 4602 Antoninus
1165 4546 1459 4616 imperator
1473 4545 1614 4600 diem
1637 4545 1771 4601 obiit
1788 4562 1803 4609 ;
1819 4545 1904 4600 cui
1924 4544 2167 4600 succedit
2192 4518 2246 4579 D

573 4638 861 4694 Macrinus.
893 4636 1011 4705 Quo
1039 4636 1091 4691 in
1119 4635 1272 4692 brevi
1303 4645 1703 4705 consummato,
1730 4636 1782 4691 id
1814 4644 1898 4691 est
1922 4646 2042 4707 post
2068 4652 2166 4691 an-

575 4744 734 4792 num,
774 4727 1036 4783 successit
1079 4727 1375 4798 imperator
1414 4727 1755 4793 Antoninus;
1795 4728 1949 4799 cujus
1986 4728 2165 4799 primo

576 4816 790 4886 imperii
812 4834 955 4873 anno
971 4816 1309 4889 Zephyrinus
1323 4835 1581 4881 romanus
1595 4817 1833 4890 pontifex
1849 4819 1988 4874 diem
2004 4818 2160 4886 obiit,

575 4907 776 4962 Calisto
818 4910 1161 4964 succedente.
1216 4910 1557 4981 Zephyrinus
1607 4910 1751 4982 Papa
1811 4912 1950 4966 sedit
2006 4911 2166 4968 annis

572 5008 732 5064 octo;
766 4990 885 5069 quo'
915 5000 1078 5056 etiam
1111 5000 1274 5056 finem
1319 5000 1575 5068 faciente,
1606 5002 1860 5075 praesidet
1886 5001 2160 5071 Urbanus,

571 5090 666 5160 qui
695 5098 749 5144 et
772 5090 885 5160 ipse
909 5100 1031 5162 post
1063 5099 1185 5146 octo
1223 5108 1393 5148 annos
1422 5094 1602 5148 sedem
1642 5093 1861 5163 reliquit
1896 5092 2163 5148 Pontiano

574 5179 792 5254 (Euseb.
827 5180 916 5235 lib.
944 5197 1032 5248 vi,
1062 5200 1177 5254 cap.
1222 5184 1310 5249 l6,
1336 5181 1475 5237 Hist.
1520 5182 1715 5253 Eccl.).
1750 5181 1856 5238 Sed
1902 5191 1956 5238 et
1990 5183 2165 5238 Anto-

576 5274 728 5339 nino,
758 5280 994 5365 quatuor
1037 5276 1193 5332 anuis
1233 5274 1420 5331 functo
1468 5274 1728 5345 imperio,
1766 5274 2009 5331 succedit
2034 5274 2165 5331 Ale-

572 5365 796 5422 sander.

1229 5472 1402 5513 CAPUT
1435 5473 1511 5512 Vl.

647 5572 909 5648 (Ηηιο.)
939 5573 1045 5630 Per
1072 5572 1213 5628 idem
1247 5579 1457 5642 tempus
1488 5569 1682 5628 florent
1724 5572 1777 5628 in
1808 5571 2051 5630 Ecclesia
2083 5574 2169 5649 di:

573 5664 863 5720 sertissimi
885 5663 1022 5731 viri;
1046 5677 1277 5734 quorum
1298 5660 1577 5731 epistolas,
1599 5677 1735 5733 quas
1753 5663 1821 5719 ad
1845 5678 1905 5720 se
1929 5664 2164 5721 invicem

574 5755 809 5831 dabant,
857 5765 969 5817 tam
1013 5755 1277 5814 facundas
1311 5768 1473 5831 quam
1502 5753 1794 5825 fecundas,
1833 5754 2163 5833 Alexander,

2280 1899 2382 1971 giis
2403 1910 2617 1970 patrum
2650 1908 2759 1955 tam
2787 1901 3128 1971 impudenter
3150 1911 3206 1957 et
3228 1903 3616 1973 imprudenter
3640 1920 3844 1960 recesse-

2279 2000 2426 2055 runt,
2454 1992 2597 2063 quod
2625 1992 2766 2047 servi
2797 1992 2924 2048 facti
2953 2003 3081 2049 sunt
3103 1993 3445 2060 ancillarum,
3474 1996 3780 2051 ambitionis
3799 2006 3841 2052 et

2276 2085 2550 2154 pecunias;
2574 2093 2650 2151 et,
2675 2084 2765 2153 qui
2791 2094 3082 2156 potuerunt
3109 2086 3370 2142 sublimes
3390 2088 3703 2157 scripturas
3727 2088 3840 2141 iuda-

2277 2189 2407 2247 gare
2454 2173 2702 2230 fortassis
2734 2174 2964 2241 facilius,
3000 2191 3164 2246 quam
3215 2174 3448 2246 majores
3478 2177 3664 2232 nostri
3705 2179 3833 2247 (cum,

2278 2264 2513 2330 illorum,
2532 2265 2831 2335 diligentia,
2850 2264 3247 2337 exemplaribus
3260 2265 3546 2335 copiosius
3557 2268 3833 2336 abundent),

2275 2359 2411 2428 prob
2460 2357 2665 2428 pudor!
2716 2373 2861 2413 nunc
2905 2357 2973 2411 ad
3008 2356 3191 2413 intima
3223 2371 3423 2413 rerum
3446 2367 3505 2413 et
3545 2357 3829 2428 contempti-

2273 2451 2422 2512 hilia,
2457 2451 2523 2505 ad
2546 2450 2733 2506 civiles
2757 2466 2968 2514 causas,
2995 2458 3051 2505 et
3080 2449 3283 2505 loculos
3309 2460 3725 2505 convertuntur.
3748 2449 3831 2506 Sed

2273 2542 2389 2598 hate
2426 2541 2705 2598 hactenus.
2736 2542 2793 2596 ln
2838 2540 2941 2596 illis
2978 2540 3169 2595 diebus
3196 2538 3525 2613 Hippolytus
3561 2542 3825 2614 episcopus,

2272 2638 2568 2695 multorum
2612 2636 2861 2692 conditor
2883 2635 3295 2706 opusculorum,
3337 2635 3483 2690 inter
3530 2645 3717 2692 caetera
3751 2649 3826 2691 sua

2270 2728 2509 2784 libellum
2537 2728 2602 2784 de
2633 2727 2842 2784 Pascha
2884 2727 3086 2792 edidit,
3114 2727 3169 2783 in
3209 2742 3317 2798 quo
3361 2728 3532 2782 etiam
3564 2736 3823 2799 temporum

2270 2837 2533 2878 canonem
2555 2830 2611 2877 et
2634 2821 3051 2891 descriptionem
3074 2821 3370 2891 quamdam
3398 2821 3624 2891 pulchra
3651 2822 3821 2876 ratione

2270 2912 2527 2984 depingit.
2581 2912 2764 2985 (Beda
2794 2913 2842 2984 :)
2881 2912 3010 2976 llic,
3058 2913 3551 2970 decennovenalem
3595 2912 3818 2969 circulum

2268 3002 2492 3058 Pascha:
2519 3004 2819 3074 reperiens,
2840 3004 3047 3075 primus
3069 3004 3216 3060 dedit
3233 3004 3578 3061 occasionem
3598 3004 3816 3069 Eusebio,

2268 3095 2360 3166 qui
2391 3096 2460 3151 de
2488 3095 2677 3152 eodem
2705 3096 3122 3169 decennovenali
3148 3096 3356 3154 circulo
3389 3105 3657 3153 tractatum
3680 3110 3810 3152 eom-

2268 3189 2467 3262 posuit.

2904 3319 3077 3361 CAPUT
3111 3320 3210 3361 νη.

2737 3396 3037 3453 Alexander
3063 3408 3244 3469 regnat
3271 3414 3389 3454 nx.

2334 3511 2562 3576 Interea,
2596 3511 2906 3570 Alexandro
2936 3516 3267 3586 imperatore
3292 3514 3577 3580 defuncto,
3604 3513 3805 3570 Maximi-

2265 3620 2367 3661 nus
2402 3604 2585 3663 Czesar
2607 3608 2867 3663 succedit.
2900 3607 3008 3664 Iste
3031 3609 3239 3680 primus
3263 3623 3329 3665 ex
3358 3610 3587 3665 militari
3609 3621 3808 3679 corpore,

2265 3697 2468 3768 absque
2515 3698 2732 3755 decreto
2754 3707 3005 3765 senatus,
3043 3700 3336 3773 imperator
3371 3701 3626 3759 efﬁcitur.
3656 3701 3806 3773 (Idea,

2265 3787 2419 3859 ibid.)
2470 3788 2572 3856 Qui
2603 3790 2729 3845 dum
2774 3790 2901 3845 odio
2930 3790 3192 3847 adversus
3233 3793 3589 3863 prmcessoris
3617 3792 3688 3849 sui
3717 3789 3809 3845 Ale-

2266 3882 2458 3937 xandri
2487 3884 2723 3945 domum.
2752 3893 2808 3940 et
2845 3893 3074 3940 matrem
3104 3884 3247 3954 ejus,
3280 3884 3642 3949 Mammmam,
3663 3895 3813 3955 proco

2267 3977 2500 4031 maxime
2540 3977 2683 4048 quod
2705 3975 3014 4036 Christiana
3043 3988 3188 4046 erat,
3232 3989 3287 4036 et
3315 3977 3610 4051 Origenem
3638 3978 3815 4050 presby-

2268 4074 2474 4132 terum,
2503 4083 2663 4139 quem
2684 4110 2699 4135 ,
2743 4068 2929 4126 Romae
2959 4070 3191 4126 accitum
3210 4112 3224 4137 ,
3271 4079 3326 4127 et
3365 4070 3667 4126 honorifice
3695 4066 3815 4123 babi-

2268 4165 2402 4221 tum,
2439 4158 2552 4229 ipse
2581 4158 2845 4223 audierat,
2876 4160 2967 4231 qui
3000 4169 3127 4217 tunc
3153 4176 3259 4216 non
3288 4160 3463 4216 solum
3494 4160 3814 4217 Alexandrir,

2268 4250 2360 4304 sed
2390 4256 2505 4305 toto
2545 4251 2678 4307 orbe
2726 4250 2905 4307 clarus
2932 4252 3255 4317 habebatur,
3290 4251 3540 4317 infestat;
3599 4253 3717 4315 hac,
3754 4249 3819 4302 in-

2269 4358 2452 4415 quam,
2484 4346 2769 4402 occasione
2815 4347 3248 4418 persecutionem
3278 4355 3595 4402 commovet
3637 4360 3722 4415 per
3744 4340 3821 4396 Ec-

2268 4434 2484 4503 clesias,
2512 4438 2748 4494 maxime
2774 4438 3034 4494 adversus
3057 4439 3307 4495 doctores
3335 4437 3706 4495 ecclesiarum.

2896 4567 3067 4608 CAPUT
3104 4568 3224 4608 VIII.

2592 4641 2915 4699 Maximinus
2950 4656 3128 4716 regnat
3153 4644 3319 4701 tribus
3360 4644 3533 4699 annis.

2341 4753 2449 4811 Sed
2472 4769 2573 4825 per
2608 4755 2704 4810 Dei
2734 4756 3129 4826 providentiam
3164 4755 3218 4811 in
3250 4755 3401 4812 brevi
3424 4759 3828 4815 consummata.

2270 4847 2431 4905 simul
2467 4846 2631 4905 finem
2663 4849 2785 4905 vitae
2807 4857 2863 4905 et
2887 4849 3283 4918 persecutionis
3310 4848 3464 4907 facit.

2915 4978 3088 5021 CAPUT
3126 4979 3203 5020 IX.

2606 5071 2738 5131 Post
2765 5092 2917 5147 quem
2947 5077 3166 5147 imperat
3196 5073 3523 5132 Gordianus.

2338 5188 2605 5245 Pontiano
2656 5204 2820 5256 vero,
2870 5178 3115 5245 Romano
3164 5176 3457 5256 Pontifice,
3518 5199 3651 5247 tunc
3698 5188 3834 5244 ﬁne:

2271 5278 2540 5348 faciente,
2571 5280 2816 5336 succedit
2837 5280 3141 5347 Antherns;
3184 5282 3276 5352 qui
3313 5297 3435 5337 cum
3471 5298 3581 5337 non
3628 5279 3834 5352 amplius

2270 5387 2434 5442 quam
2463 5387 2648 5429 mense
2681 5387 2789 5429 uno
2824 5371 3212 5439 ministrasset,
3244 5372 3617 5429 sacerdotium
3646 5366 3835 5443 reliquit

2273 5462 2532 5520 Fabiano.

2934 5568 3105 5610 CAPUT
3143 5570 3197 5609 ι.

2344 5666 2563 5739 (Beda.)
2596 5664 2697 5721 Hic
2716 5706 2732 5731 ,
2763 5665 3074 5721 testimonio
3102 5664 3339 5737 Spiritus
3385 5666 3559 5722 sancti
3598 5667 3651 5721 in
3679 5660 3838 5734 specie

2276 5756 2543 5817 columba
2576 5770 2739 5836 super
2773 5764 2936 5837 caput
2970 5754 3087 5837 ejus
3127 5755 3494 5815 descendente
3515 5797 3531 5828 ,
3572 5757 3840 5835 episcoqu
