4002 6348
92 398 214 453 855

1030 394 1378 452 HISTORIA]
1423 393 1672 450 SACIUE
1715 391 2036 449 EPITOME.
2078 425 2145 434 --
2184 393 2311 449 LIB.
2354 394 2457 449 VII.

3272 394 3383 453 85].

89 512 434 575 ordinatur;
477 510 621 582 quod
664 508 755 564 alii
784 509 851 564 de
876 524 974 575 eo,
1010 508 1101 563 alii
1141 510 1207 564 de
1236 507 1533 577 Zephiriuo
1570 506 1687 575 epi-
1722 510 1773 568 Α
1799 502 1950 560 Tunc
1987 513 2205 560 sanctus
2250 505 2515 559 Antonius
2562 503 2858 560 monachus
2902 500 3134 575 Egypto
3178 474 3379 559 dicitur

90 616 275 671 scopo
327 600 530 659 factum
566 600 733 657 fuisse
768 600 986 655 tradunt
1011 599 1227 671 (Euseb.
1265 599 1357 653 tib.
1399 614 1481 662 vt,
1518 615 1563 652 ο.
1590 598 1691 663 91;

94 692 342 763 Niceph.
370 692 462 747 lib.
489 708 553 758 ν,
577 710 625 749 c.
654 692 755 758 26,
788 691 928 747 Hist.
961 690 1155 763 Each).
1188 689 1291 746 Per
1318 690 1457 749 idem
1486 698 1697 758 tempus

87 783 408 841 Africanus
433 784 576 841 inter
613 768 908 856 scriptores
942 784 1340 841 ecclesiasticos
1379 782 1573 837 nobilis
1602 781 1696 835 ha-

91 871 290 930 betur.
336 876 437 932 llic
476 876 674 932 multos
703 876 891 932 scribit
926 876 1091 931 libros
1134 884 1189 930 et
1232 874 1507 947 epistolas,
1557 872 1698 929 inter

92 983 246 1038 quos
271 966 357 1021 Ma
367 966 511 1025 ubaei
539 976 595 1023 et
620 966 780 1023 Luca:
807 968 862 1024 in
883 967 1229 1038 generatione
1251 966 1453 1022 Christi
1481 964 1698 1020 eviden-

95 1057 325 1114 tissime
352 1059 591 1117 ostendit
631 1059 1080 1116 consonantiam:
1122 1067 1178 1113 et
1217 1057 1542 1114 Chronicam
1583 1056 1700 1127 ipse

92 1156 410 1229 componit.

761 1265 933 1305 CAPUT
971 1265 1046 1303 Il.

472 1357 775 1416 Gordianus
802 1362 1017 1431 imperat
1044 1375 1137 1415 sea:
1168 1360 1342 1415 annis.

173 1475 439 1540 Interea,
490 1471 765 1530 Gordiano
830 1475 1156 1544 imperatore
1209 1473 1369 1529 finem
1429 1472 1696 1538 faciente,

96 1564 395 1635 Philippus
429 1553 551 1622 cum
588 1564 833 1637 Philippo
862 1565 974 1620 lilio
1006 1581 1105 1622 suo
1136 1566 1412 1631 succedit;
1453 1564 1543 1619 hic
1587 1563 1703 1635 prie

104 1672 228 1711 mus
253 1647 501 1712 omnium
532 1659 918 1728 imperatorum
950 1658 1293 1715 Christianus
1327 1659 1429 1713 fuit
1470 1657 1692 1722 (Euseb.

111 1763 148 1802 ε.
174 1746 276 1813 25,
303 1748 441 1819 ejus.
464 1749 599 1822 lib.).
625 1749 722 1805 Cui
744 1750 938 1805 volenti
961 1750 1222 1806 interesse
1242 1752 1436 1821 vigiliis
1455 1750 1694 1818 Paschze,

104 1851 159 1896 et
185 1843 600 1899 communicare
628 1836 932 1915 mysteriis,
978 1845 1178 1899 restitit
1218 1843 1488 1899 Fabianus
1531 1842 1675 1912 Papa

101 1948 210 1989 nec
239 1933 511 2003 permisit,
540 1934 712 1991 donec
736 1936 1088 1991 confiteretur
1110 1944 1326 2005 peccata
1357 1949 1474 1998 sua,
1508 1941 1562 1988 et
1590 1942 1700 1989 sta-

103 2035 190 2081 ret
225 2027 375 2083 inter
417 2027 767 2098 pmnitentes.
815 2027 914 2084 llic
954 2037 1079 2099 post
1118 2028 1336 2083 tertium
1377 2027 1458 2082 sui
1490 2024 1700 2095 imperii

102 2112 338 2188 annum,
374 2137 497 2176 cum
526 2123 845 2178 millesimus
879 2138 909 2177 a
958 2124 1263 2178 conditione
1302 2121 1487 2177 Romae
1527 2134 1703 2175 anuus

108 2220 259 2263 esset
288 2209 569 2279 expletus,
610 2210 911 2283 magniﬁcis
960 2212 1103 2268 ludis
1141 2213 1379 2268 celebrat
1414 2210 1576 2267 Urbis
1608 2225 1704 2275 na-

120 2300 301 2356 talem.

756 2412 928 2452 CAPUT
965 2413 1064 2452 Ill.

460 2504 739 2579 Philippus
768 2519 947 2580 regnat
985 2510 1136 2565 annis
1160 2519 1373 2581 septem.

190 2616 390 2689 (Idem,
418 2618 532 2689 29.)
573 2619 701 2677 Post
720 2620 866 2677 hunc
909 2622 1106 2677 Decius
1145 2622 1403 2679 succedit.
1436 2621 1535 2677 Hic
1578 2638 1705 2679 cum

110 2708 424 2779 Philippum
447 2720 679 2779 patrem,
698 2720 753 2766 et
774 2711 943 2767 lilium
965 2713 1346 2779 interfecisset,
1368 2722 1422 2769 et
1436 2715 1504 2769 ob
1518 2714 1702 2768 odium

113 2815 306 2857 eorum
336 2800 567 2857 infestus
592 2810 737 2858 esset
762 2802 1110 2866 Christianis.
1134 2804 1566 2874 persecutionem
1590 2819 1706 2859 mo-

116 2901 207 2949 vet
229 2892 523 2950 Ecclesiis:
558 2893 612 2948 in
634 2909 738 2963 qua
766 2894 1041 2950 Fabianus
1062 2896 1114 2949 in
1139 2896 1270 2952 urbe
1300 2896 1468 2951 Reum
1494 2904 1703 2966 marty-

118 2984 201 3039 rio
222 2991 542 3048 coronatur;
566 2983 818 3039 Cornelio
840 2984 1187 3050 succedente,
1208 2985 1301 3056 qui
1321 2993 1377 3040 et
1400 2985 1512 3054 ipse
1535 2983 1705 3040 resol-

118 3076 262 3129 vitur
299 3074 581 3146 martyrio.
620 3073 674 3131 lu
703 3073 1093 3146 Hierosolymis
1134 3090 1347 3145 quoque
1375 3075 1700 3143 Alexander,

121 3167 206 3222 vir
248 3166 679 3233 eruditissimus,
729 3166 1015 3237 episcopus
1059 3166 1385 3236 prazclarus,
1416 3182 1448 3222 e
1477 3182 1704 3226 numero

1801 604 2039 650 exortus.
2088 594 2298 649 Interea
2348 596 2447 650 sub
2490 594 2651 651 Decio
2697 595 3005 667 persecutio
3051 594 3374 650 Christianis

1802 688 1949 743 illata
1993 690 2341 744 vehementer
2382 688 2603 755 exarsit,
2647 696 2704 744 et
2743 686 3163 743 innumerabiles
3202 686 3378 743 sancti

1803 781 1868 836 de
1897 789 2126 852 utroque
2145 796 2299 846 sexu,
2322 781 2559 836 maxime
2578 781 2717 852 apud
2738 780 3122 836 Alexandriam
3139 820 3154 845 ,
3177 793 3380 850 agones

1804 872 2102 939 desudant;
2164 874 2239 928 ita
2291 881 2351 927 ut
2408 874 2660 928 crederes
2715 874 2889 943 prima
2939 871 3383 944 persecutionum
3472 922 3492 941 ,

1806 972 2047 1033 tempora
2070 964 2337 1028 renovari,
2358 963 2426 1017 de
2437 963 2633 1033 quibus
2649 962 2958 1034 Dionysius,
2979 959 3383 1016 Alexandrinus

1804 1056 2103 1127 episcopus,
2138 1058 2191 1113 in
2223 1056 2466 1127 epistolis
2499 1056 2612 1111 suis
2637 1054 2706 1109 ad
2744 1053 3038 1110 Fabianum
3064 1053 3382 1125 episcopum

1804 1150 2117 1221 plenissime
2145 1149 2339 1216 refert;
2368 1150 2460 1220 qui
2490 1157 2545 1205 et
2575 1149 2690 1219 ipse
2720 1147 3006 1218 Dionysius
3030 1145 3384 1217 postmodum

1806 1242 2001 1312 capitis
2022 1240 2277 1311 plectitur
2312 1239 2603 1295 sententia.

1876 1332 1985 1387 Sed
2017 1332 2145 1403 quia
2172 1332 2227 1386 in
2263 1346 2387 1387 area
2428 1330 2637 1387 Domini
2678 1330 2841 1386 etiam
2881 1330 3048 1401 paleae
3077 1338 3386 1387 erantcum

1808 1427 2019 1491 tritico,
2067 1426 2328 1499 aliquanti
2388 1436 2514 1481 tunc
2560 1427 2628 1481 ad
2675 1427 2902 1495 primam
2944 1426 3139 1497 judicis
3189 1427 3385 1485 faciem

1805 1518 2078 1576 Christum
2109 1528 2327 1588 negant,
2358 1517 2423 1573 ad
2450 1533 2572 1573 aras
2596 1518 2901 1587 prosiliunt,
2932 1518 3184 1575 timentes
3212 1520 3388 1591 magis

1804 1613 2069 1668 bonorum
2098 1612 2472 1683 temporalium
2500 1612 2854 1681 direptionem
2875 1651 2888 1674 ,
2918 1626 3079 1681 quam
3111 1626 3387 1668 summum

1803 1706 2005 1760 bonum
2030 1712 2293 1759 amantes.
2340 1704 2415 1758 De
2463 1703 2657 1773 quibus
2701 1703 3027 1773 prredixerat
3073 1702 3333 1758 Dominus
3366 1720 3389 1757 :

1804 1796 2056 1864 quoniam
2073 1794 2164 1864 qui
2186 1794 2467 1865 pecuniam
2490 1802 2692 1859 amant,
2714 1794 2853 1847 haud
2878 1791 3088 1848 dillicile
3109 1792 3381 1848 labuntur.

1679 1884 1694 1909 ’
1730 1873 1775 1932 Β
1803 1886 1921 1954 Quo
1951 1894 2190 1956 tempore
2223 1883 2482 1950 Novatus,
2513 1884 2765 1955 Cypriani
2797 1885 3034 1954 episcopi
3068 1887 3379 1957 presbyter,

1800 1978 2061 2050 exsurgit.
2109 1977 2337 2050 (Cornel.
2374 1980 2425 2031 in
2454 1980 2601 2046 epist.
2650 1976 2717 2029 ad
2759 1976 3053 2030 Fabianum
3094 1978 3387 2031 Antiochus

1804 2069 2145 2141 episcopum.)
2170 2067 2284 2132 Hic,
2318 2084 2347 2122 a
2372 2067 2655 2137 juventute
2682 2067 2874 2137 spiritu
2902 2066 3181 2121 immundo
3210 2080 3379 2121 vexa-

1808 2167 1911 2224 tus,
1928 2174 2050 2214 cum
2074 2166 2282 2229 tempus
2309 2173 2339 2211 a
2360 2157 2584 2212 Domino
2628 2157 2766 2227 apud
2804 2155 3103 2212 exorcistas
3128 2172 3383 2212 consum-

1805 2250 2026 2318 psisset,
2050 2248 2420 2318 aagritudinem
2445 2247 2671 2302 incurrit
2690 2261 2930 2318 gravem,
2956 2246 3030 2302 ita
3050 2255 3109 2302 ut
3130 2248 3385 2318 despera-

1808 2348 1931 2394 ret:
1958 2338 2099 2394 unde
2132 2347 2186 2394 et
2226 2337 2416 2407 jaceus
2457 2338 2509 2391 in
2557 2336 2695 2393 lecto
2737 2352 2836 2407 pro
2877 2338 3201 2420 necessitate
3244 2353 3386 2409 aqua

1805 2432 2057 2502 perfusus
2082 2438 2189 2495 est,
2220 2444 2319 2485 nec
2348 2428 2553 2500 reliqua
2578 2430 2632 2484 in
2655 2442 2746 2494 eo,
2774 2444 2899 2499 qua:
2920 2430 3176 2501 baptizati
3200 2444 3391 2485 conse-

1807 2525 1897 2594 qui
1927 2524 2138 2587 solent,
2160 2524 2473 2578 solemniter
2507 2523 2797 2594 adimpleta
2827 2530 2986 2587 sunt,
3014 2524 3156 2577 unde
3180 2531 3239 2577 et
3269 2521 3389 2594 Spi-
3432 2584 3437 2588 ,

1809 2619 1969 2672 ritum
2028 2626 2271 2672 sanctum
2328 2632 2603 2686 nunquam
2668 2615 2842 2686 potuit
2903 2615 3225 2685 promereri.
3286 2612 3388 2670 Hic

1808 2711 2036 2767 Romam
2066 2711 2287 2765 veniens
2308 2710 2538 2764 elatione
2562 2709 2817 2772 tumidus,
2847 2723 2996 2779 spem
3024 2706 3215 2761 salutis
3237 2706 3387 2776 peni-

1810 2812 1927 2867 tus,
1977 2804 2144 2856 etiam
2192 2801 2238 2856 si
2288 2802 2446 2872 digne
2487 2800 2893 2870 pmnituissent,
2949 2814 3090 2855 novo
3138 2798 3392 2868 dogmate

1807 2902 2037 2950 conatur
2066 2894 2230 2962 lapsis
2256 2892 2494 2947 adimere
2512 2931 2527 2956 ,
2564 2907 2631 2946 ex
2655 2906 2763 2961 quo
2793 2900 2847 2946 et
2884 2890 3133 2961 princeps
3160 2887 3391 2944 edicitur

1808 2987 2185 3043 haereticorum
2222 2983 2674 3050 Novatianorum;
2706 2983 2834 3053 qui,
2865 2984 2933 3038 ab
2961 2981 3203 3037 Ecclesia
3228 2996 3387 3050 sepa-

1807 3080 1934 3144 rati,
1958 3093 2099 3134 novo
2121 3078 2337 3133 nomine
2362 3077 2636 3141 catharos,
2660 3075 2712 3130 id
2740 3083 2825 3130 est
2851 3074 3099 3139 mundos,
3125 3087 3183 3128 se
3204 3071 3391 3143 appel-

1808 3172 2083 3235 laverunt;
2114 3167 2182 3225 ob
2212 3184 2372 3240 quam
2407 3182 2523 3224 rem
2552 3152 2839 3224 concilium
2876 3164 3213 3219 sacerdotale
3243 3163 3385 3218 cele-

121 3258 527 3326 coufessorum,
557 3269 677 3330 post
703 3258 958 3329 longaeva:
985 3258 1109 3313 vita:
1142 3260 1504 3316 venerandam
1542 3262 1698 3316 cani-
1731 3228 1777 3290 Ο
1809 3265 2106 3322 berrimum
2144 3263 2200 3317 in
2237 3262 2368 3316 urbe
2415 3260 2583 3314 Roma
2630 3262 3017 3330 congregatur,
3066 3251 3220 3323 cujus
3263 3262 3388 3310 acta

124 3353 271 3419 tiem,
300 3360 423 3423 post
448 3350 647 3408 multos
666 3352 938 3409 cruciatus
962 3359 1018 3407 et
1045 3350 1282 3417 vincula,
1308 3353 1449 3408 inter
1473 3353 1589 3422 ipsa
1614 3353 1697 3407 vi-

122 3442 305 3500 cissim
347 3442 453 3502 sibi
501 3443 843 3501 succedentia
875 3451 1139 3499 tormenta
1166 3441 1365 3499 deficit.
1415 3440 1655 3515 (Beda.)
1682 3459 1700 3495 :

1808 3358 2021 3416 concilii
2055 3369 2289 3426 sequens
2315 3351 2526 3410 libellus
2557 3349 2870 3422 explicabit.

697 3606 3371 3646 ____________________________.______..__

1301 3761 1603 3845 LIBER
1656 3757 2200 3873 SEPTIMUS.

1553 3965 1831 3983 _

688 4136 862 4179 CAPUT
909 4133 1134 4178 1³111111.

204 4239 413 4314 (Euseb.
444 4238 535 4294 tib.
579 4252 667 4305 Vl,
688 4254 735 4294 ο.
769 4235 862 4305 ss,
888 4234 1029 4290 Hist.
1060 4232 1234 4306 Eccl.)
1265 4232 1498 4289 Sedente
1525 4231 1708 4303 itaque

141 4329 374 4391 Cornelio
401 4328 662 4387 Pontifice
698 4343 823 4386 cum
859 4325 1125 4398 episcopis
1149 4325 1431 4397 sexaginta
1458 4338 1706 4389 numero,

141 4424 457 4493 totidemque
474 4419 805 4494 presbyteris
825 4426 881 4473 et
899 4416 1144 4489 plurimis
1159 4415 1495 4481 diaconibus,
1516 4423 1708 4471 contra

138 4515 549 4571 Novatianorum
578 4506 830 4569 haeresim
860 4509 1145 4567 disseritur
1172 4508 1488 4582 vigilanter,
1516 4508 1708 4564 statui-

140 4618 343 4677 turque,
367 4602 783 4676 suﬂ‘ragantibus
820 4602 1097 4674 utriusque
1120 4602 1331 4676 paginae
1358 4602 1708 4672 testimoniis,

139 4713 233 4753 eos
255 4698 342 4769 qui
373 4696 509 4768 lapsi
538 4693 751 4750 fuerant
772 4692 1044 4749 curandos
1071 4707 1192 4748 esse
1212 4700 1269 4747 et
1294 4689 1556 4748 fomentis
1583 4705 1707 4763 pue-

142 4789 374 4845 nitentia:
402 4786 767 4865 medicandos,
811 4790 866 4839 et
894 4781 1193 4847 Novatum,
1240 4780 1374 4837 nihil
1421 4782 1709 4840 habentem

144 4879 411 4936 charitatis
438 4876 710 4942 fraternae,
734 4890 856 4933 cum
885 4872 1107 4944 reliquis
1136 4872 1459 4944 sequacibus
1488 4874 1605 4946 ejus
1641 4870 1710 4932 ab

147 4971 371 5030 ecclesia
398 4969 751 5041 sequestrari.
787 4966 979 5023 Exstat
1018 4965 1084 5020 de
1110 4964 1196 5019 bis
1222 4964 1446 5035 epistola
1476 4964 1711 5023 Cornelii

146 5060 212 5119 ad
238 5061 526 5115 Fabianum
559 5056 957 5113 Antiocheuum
999 5054 1348 5124 episcopum,
1398 5063 1456 5110 et
1498 5053 1713 5114 libellus

148 5154 388 5226 Cypriani
432 5150 962 5224 magnificentissime
1019 5148 1232 5215 editus,
1277 5163 1385 5221 quo
1431 5158 1486 5206 et
1532 5150 1713 5223 lapsos

151 5246 403 5305 confortat
420 5286 437 5314 ,
463 5254 521 5302 et
541 5244 970 5302 contradicentes
989 5241 1429 5302 anathematizat.

777 5393 951 5436 ωρυτ
986 5394 1048 5437 Ι.

249 5491 430 5547 Decius
451 5500 630 5564 regnat
654 5492 806 5546 annis
833 5490 1035 5545 duobus
1056 5501 1105 5547 et
1133 5492 1299 5549 tribus
1327 5495 1609 5551 mensibus.

225 5604 410 5681 (Idem,
439 5605 531 5662 lib.
564 5622 659 5673 vn,
686 5622 733 5660 e.
760 5606 814 5672 l,
837 5605 894 5671 2,
915 5604 995 5676 '5.)
1022 5603 1232 5662 Interea
1264 5605 1478 5677 Decius,
1503 5612 1713 5671 duobus

174 5719 251 5761 .iec
277 5703 491 5778 integris
510 5705 665 5760 annis
692 5703 905 5759 functus
933 5705 1178 5776 imperio,
1210 5724 1331 5763 cum
1356 5709 1482 5765 filiis
1511 5710 1715 5781 pariter

170 5797 440 5867 occiditur;
482 5813 589 5873 quo
618 5807 856 5871 tempore
904 5797 1074 5854 fertur
1094 5800 1260 5855 etiam
1288 5802 1489 5860 obiisse
1536 5803 1710 5879 Origi-

1810 4133 1934 4173 nem
1957 4158 1972 4182 ,
2002 4132 2125 4173 cum
2148 4115 2340 4188 plenus
2357 4125 2503 4174 esset
2522 4116 2751 4183 dierum,
2780 4124 2835 4175 et
2857 4132 2998 4190 pene
3029 4126 3391 4195 septuagenae

1810 4209 1942 4264 rius.
1994 4207 2145 4263 Tunc
2168 4206 2353 4264 Gallus
2398 4223 2523 4264 eum
2568 4208 2861 4266 Volusiano
2892 4209 3005 4267 ﬁlio
3047 4226 3147 4270 suo
3173 4212 3391 4273 obtinet

1808 4297 2126 4368 imperium;
2168 4296 2321 4368 cujus
2345 4313 2466 4354 cum
2512 4312 2734 4369 regnum
2761 4297 2980 4356 floreret
3009 4300 3064 4355 in
3103 4301 3261 4358 initio
3283 4343 3298 4367 ,
3334 4311 3394 4360 et

1808 4396 2003 4443 cuncta
2029 4389 2080 4444 ei
2101 4403 2169 4444 ex
2197 4388 2467 4445 sententia
2492 4390 2766 4452 cederent,
2802 4390 2869 4445 ad
2899 4390 3204 4461 exemplum
3242 4392 3415 4453 Decii-

1808 4490 2026 4538 sanctos
2053 4482 2233 4548 viros,
2264 4483 2356 4552 qui
2386 4497 2486 4553 pro
2514 4491 2670 4553 parte
2706 4484 2858 4554 regni
2886 4482 3003 4553 ejus
3033 4483 3146 4542 Deo
3187 4484 3397 4555 suppli-

1809 4574 2025 4641 cabant,
2054 4583 2369 4644 persecutus
2395 4582 2499 4640 est,
2523 4589 2646 4630 cum
2675 4574 2871 4646 quibus
2892 4583 2950 4632 et
2970 4578 3389 4647 prosperitatem

1809 4681 1994 4732 suam,
2019 4674 2076 4721 et
2101 4679 2291 4736 pacem
2320 4664 2545 4737 fugavit.
2577 4666 2681 4723 Per
2720 4667 2861 4724 idem
2911 4678 3121 4739 tempus
3161 4673 3389 4740 quaestio

1809 4758 1984 4815 oritur
2006 4758 2062 4813 in
2087 4746 2286 4813 Africa:
2311 4756 2576 4828 partibus,
2600 4758 2668 4814 de
2694 4758 2964 4816 haereticis
2995 4760 3392 4831 rebaptizandis

1809 4848 1894 4905 vel
1937 4863 2077 4916 non;
2136 4847 2233 4907 sed
2279 4846 2532 4903 Cornelio
2580 4847 2902 4919 ueterisque
2963 4850 3391 4911 occidentalibus

1809 4943 2079 5015 episcopis
2100 4951 2285 4999 manet
2300 4941 2484 5012 potius
2511 4942 2628 4997 haec
2646 4942 2917 4999 sententia
2950 4961 2964 4998 :
2993 4953 3115 5013 post
3134 4945 3393 5016 abjectio-

1811 5049 1935 5092 nem
1986 5034 2279 5108 dogmatis,
2318 5033 2434 5091 sols
2480 5047 2575 5090 eos
2631 5049 2826 5092 manus
2872 5034 3219 5106 impositioue
3262 5052 3393 5109 pur-

1811 5128 2036 5200 gandos.
2078 5172 2084 5178 .

2444 5234 2615 5276 CAPUT
2663 5236 2748 5276 111.

2079 5327 2351 5385 Cornelius
2371 5329 2505 5385 sedit
2533 5331 2686 5385 annis
2708 5332 2917 5387 circiter
2933 5332 3119 5389 tribus.

1737 5408 1794 5470 D
1885 5439 2073 5513 Igitur,
2098 5438 2347 5496 Cornelio
2371 5455 2470 5511 per
2492 5442 2814 5514 martyrium
2840 5454 3236 5509 consummato,
3276 5443 3390 5529 Lu-f

1816 5532 1933 5587 cius
1963 5529 2231 5596 succedit;
2267 5545 2373 5600 quo
2401 5529 2532 5588 solis
2564 5533 2839 5588 mensibus
2870 5542 2991 5588 octo
3038 5531 3220 5589 functo
3264 5532 3395 5606 apii:

1817 5622 2037 5688 stolatu,
2069 5622 2382 5692 Stephanus
2406 5623 2615 5679 levatur
2643 5626 2694 5679 in
2722 5625 3042 5691 antistitem,
3071 5625 3163 5696 qui
3193 5625 3258 5682 de
3284 5640 3392 5683 non

1819 5714 2216 5786 rebaptizandis
2249 5714 2518 5772 haereticis
2569 5715 2800 5773 similem
2842 5715 3093 5772 Cornelio
3125 5714 3232 5773 fert
3275 5731 3398 5778 sen-

1818 5802 2059 5860 tentiam.
3370 5796 3383 5831 ’
