4020 6338
598 418 705 481 855

1250 554 1421 595 CAPUT
1464 553 1535 593 IV.

875 653 953 708 De
984 651 1251 721 Dionysio,
1287 647 1624 702 Alexandria:
1650 645 1909 718 episcopo.

667 765 749 823 Eo
768 773 1010 835 tempore
1030 761 1339 832 Dionysius,
1369 757 1711 814 Alexandriae
1733 756 1979 820 antistes,
2014 754 2182 810 famo-

500 920 512 934 .
599 873 697 917 sus
722 858 988 923 habetur;
1010 855 1104 934 qui
1128 854 1297 910 multa
1323 861 1378 909 et
1402 853 1552 907 varia
1576 852 1842 916 scribens,
1871 849 2183 905 instructio—

594 966 728 1007 num
765 949 922 1005 nobis
948 956 1003 1004 et
1031 932 1289 1019 doctrinae
1312 945 1589 1017 copiosam
1624 942 1909 999 materiam
1939 940 2179 1013 reliquit.

593 1039 990 1110 Exstathujus
1039 1038 1105 1092 ad
1153 1036 1487 1108 Stephanum
1536 1034 1740 1106 Papam
1793 1032 2059 1104 epistola,
2114 1032 2182 1088 de

592 1131 781 1189 multis
806 1130 1193 1187 ecclesiasticis
1209 1132 1481 1186 disserens
1516 1131 1712 1185 causis.
1737 1127 1964 1182 Exstant
1988 1133 2042 1181 et
2063 1127 2181 1197 ejus

590 1221 787 1278 littera:
814 1237 950 1293 quas
976 1231 1167 1277 contra
1199 1219 1561 1276 Sabellianam
1592 1218 1839 1274 haeresim
1861 1227 2182 1288 prosecutus

591 1324 694 1379 est,
721 1330 842 1385 quae
871 1329 970 1370 suo
998 1323 1242 1384 tempore
1267 1319 1454 1367 exorta
1480 1319 1563 1366 est
1581 1352 1595 1376 ,
1636 1310 1796 1380 plena
1826 1308 2179 1379 blasphemiis

592 1406 649 1473 in
673 1407 843 1461 Deum
866 1405 1106 1471 Patrem,
1136 1414 1192 1460 et
1221 1404 1504 1459 Dominum
1532 1410 1777 1457 nostrum
1799 1398 1983 1455 Jesum
2015 1399 2177 1454 Chri-

591 1509 737 1554 stum
768 1508 1121 1570 negans‘csse
1159 1512 1345 1552 verum
1373 1495 1593 1561 Filium,
1625 1510 1725 1549 nec
1753 1493 2176 1565 primogenitum

589 1590 770 1645 omnis
794 1599 1081 1655 creatura},
1101 1588 1264 1644 simul
1285 1596 1342 1642 et
1363 1586 1601 1657 Spiritus
1621 1585 1796 1642 sancti
1820 1583 2075 1640 auferens
2095 1584 2180 1639 in-

594 1680 911 1741 tellectum..

1255 1808 1425 1849 CAPUT
1460 1806 1513 1845 ν.

1094 423 1446 480 HAYMONIS
1484 418 1960 479 HALBERSTA'I‘.
2002 418 2213 477 EPISC.
2256 417 2406 476 OPP.
2440 418 2619 477 PARS
2654 416 2739 477 III.
2776 452 2846 466 --
2877 417 3375 481 MISCELLANEA.

2213 535 2263 594 Α
2292 546 2453 600 quam
2488 532 2662 587 oculis
2690 533 2892 588 nostris
2919 534 3275 603 inspeximus.
3310 534 3523 607 (Beda.)
3560 535 3738 595 Hunc
3761 558 3879 616 ergo

3783 428 3879 486 856

2288 621 2636 681 Valerianum
2669 626 2762 682 Dei
2794 626 3028 682 vindicta
3060 628 3245 683 statim
3272 630 3671 700 consequitur.
3706 651 3873 694 nam:

2285 713 2514 785 Sapore,
2545 732 2670 789 rege
2695 716 3016 783 Persarum,
3048 719 3293 788 capitur,
3327 719 3542 791 ibique:
3579 722 3877 786 luminibus

2282 808 2538 875 orbatus;
2556 818 2834 865 senectute
2872 809 3167 865 miserabili
3197 816 3565 870 consenescit.
3594 813 3868 886 Galienus,

2282 898 2397 968 ejus
2422 901 2582 967 filius,
2612 910 2895 973 postquam
2926 918 3195 959 summam
3221 921 3401 961 rerum
3431 908 3590 965 solus
3622 911 3870 981 obtinuit,

2282 1001 2394 1046 tam
2446 993 2593 1050 claro
2638 993 2731 1049 Dei
2771 993 2977 1063 judicio
3023 989 3266 1063 territus,
3319 994 3669 1057 moderatius
3717 1020 3869 1075 agens

2280 1082 2713 1152 persecutionem
2745 1083 2798 1137 in
2828 1092 3046 1138 nostros
3075 1099 3292 1140 cessare
3322 1084 3471 1142 facit.
3501 1086 3595 1143 0b
3624 1092 3864 1146 meritum

2283 1179 2462 1226 tamen
2490 1172 2571 1227 vel
2606 1181 2844 1242 paternae
2875 1173 3233 1230 theomacbia:
3252 1215 3268 1240 ,
3297 1175 3595 1232 innumera
3626 1178 3863 1237 Barbaris

2281 1264 2695 1335 assurgentibus
2716 1265 2868 1336 regni
2898 1266 3224 1322 detrimenta
3247 1268 3531 1324 sustinuit.
3562 1268 3724 1327 Tunc
3748 1281 3863 1328 tem-

2280 1358 2429 1427 poris
2451 1356 2770 1429 Cyprianus,
2795 1357 3240 1429 Carthaginensis
3265 1360 3587 1432 episcopus,
3610 1362 3763 1431 cujus
3781 1364 3856 1419 do-

2280 1449 2521 1503 ctissima
2549 1457 2766 1504 exstant
2792 1449 3070 1519 opuscula,
3102 1451 3365 1521 martyrio
3396 1463 3734 1519 coronatur;
3759 1456 3858 1511 Ste-

2279 1544 2492 1612 phanus
2516 1557 2731 1613 quoque
2750 1550 2806 1598 et
2826 1542 3029 1616 Xystus
3045 1583 3062 1607 ,
3097 1543 3284 1599 Romae
3302 1545 3590 1617 episcopi,
3616 1548 3853 1605 decedunt

2280 1628 2566 1706 martyrio.
3248 1626 3255 1634 ’
3532 1646 3619 1689 J-

2916 1720 3088 1762 CAPUT
3136 1721 3233 1760 VII.

2583 1795 2662 1850 De
2696 1794 2864 1851 Paulo
2894 1796 3269 1866 Samosateno,
3290 1800 3587 1856 heretico.

627 1905 814 1962 Gallus
835 1905 1133 1977 Imperator
1159 1914 1337 1976 regnat
1360 1903 1565 1958 duobus
1587 1902 1761 1967 annis,
1782 1916 1874 1956 nec
1896 1888 2131 1970 integris.
2203 1895 2251 1955 Β
2350 1904 2547 1976 (Idem,
2576 1922 2623 1959 ε.
2648 1904 2737 1969 24,
2765 1905 2857 1972 25,
2888 1905 3060 1976 ejusd.
3106 1907 3224 1981 lib.)
3251 1909 3440 1981 Itaque
3459 1922 3605 1989 post,
3630 1911 3843 1985 Xym,

613 2097 617 2100 ,
664 2036 859 2108 (Idem,
900 2053 947 2090 c.
975 2035 1031 2101 9,
1056 2035 1228 2106 ejusd.
1252 2032 1369 2105 lib.)
1404 2032 1614 2087 Interea
1650 2028 1834 2085 Gallus
1884 2028 2178 2099 imperator

593 2131 857 2196 moritur,
896 2128 1183 2184 Valeriano
1234 2127 1556 2182 succedente
1606 2138 1729 2179 cum
1777 2123 1889 2179 lilio
1929 2121 2172 2178 Galieno.

595 2219 903 2291 Stephanus
923 2219 1066 2275 diem
1088 2218 1243 2274 obiit.

1240 2345 1414 2387 CAPUT
1454 2345 1527 2384 VI.
1578 2372 1586 2380 .

998 2445 1196 2518 Xystus
1231 2446 1500 2516 episcopus
1539 2443 1767 2516 eligitur.

602 2554 609 2643 ξ
666 2565 980 2624 Valerianus
1017 2564 1253 2619 maxime
1280 2561 1627 2634 persequitur
1653 2556 2024 2624 Christianos,
2052 2573 2175 2614 cum

592 2668 773 2715 tamen
802 2659 1038 2729 primum
1060 2655 1327 2727 benignus
1351 2653 1514 2710 fuerit
1544 2662 1601 2709 et
1625 2652 1914 2718 humanus,
1944 2660 2177 2722 postmo-

591 2751 719 2805 dum
744 2763 875 2804 vero
907 2748 1162 2803 seductus
1190 2761 1288 2816 per
1311 2745 1601 2815 quemdam
1637 2744 1858 2813 magicae
1882 2742 2016 2796 artis
2054 2754 2173 2794 ma-

591 2843 851 2914 gistrum,
898 2848 954 2894 et
994 2837 1291 2909 principem
1335 2850 1616 2906 magorum
1653 2832 2053 2904 Egyptiorum.
2100 2831 2177 2885 De

594 2931 755 2999 hujus
782 2928 1155 3000 persecutione
1191 2926 1480 2995 Dionysius
1510 2924 1701 2979 scribit
1728 2923 1779 2977 in
1803 2921 2030 2977 diversis
2048 2935 2176 2991 ope-

591 3022 742 3078 ribus
769 3021 883 3075 suis
907 3018 984 3091 (in
1003 3016 1206 3088 epistol.
1237 3016 1305 3070 ad
1338 3013 1822 3085 Hermammonem)
1841 3052 1856 3078 ,
1884 3013 1938 3067 in
1981 3011 2176 3081 quibus

592 3120 782 3168 narrat
799 3110 1057 3184 pneclara
1075 3118 1224 3182 gesta
1251 3117 1573 3179 martyrum,
1598 3116 1655 3163 et
1683 3122 1835 3162 suam
1866 3106 2033 3176 ipsius
2053 3118 2176 3175 per-

590 3207 924 3263 secutionem
953 3203 1222 3268 meminit,
1251 3209 1306 3257 et
1332 3200 1614 3272 cujusdam
1642 3198 1842 3254 Asterii
1876 3199 2016 3253 inter
2048 3212 2173 3251 san-

588 3296 706 3354 clos
734 3305 1002 3367 martyres
1030 3292 1316 3350 clarissimi
1346 3291 1468 3356 viri,
1498 3299 1555 3346 et
1577 3289 1726 3345 urbis
1747 3289 1933 3345 Romae
1959 3295 2175 3344 senato-

589 3390 683 3445 ris.
710 3387 920 3443 Accidit
950 3387 1094 3442 hunc
1117 3383 1408 3455 aliquando
1437 3381 1579 3453 apud
1608 3380 1913 3436 Caesaream
1938 3378 2172 3449 Philippi

589 3480 958 3537 famosissima
979 3479 1105 3535 huic
1135 3460 1446 3549 spectaculo
1475 3476 1684 3539 adesse,
1712 3488 1820 3544 quo
1845 3472 1916 3528 ibi
1944 3481 2092 3528 certa
2118 3478 2176 3526 et

589 3572 816 3631 solemni
841 3572 929 3628 die
952 3569 1335 3627 immolabatur
1357 3565 1575 3621 victima
1600 3563 1666 3619 ad
1694 3561 1931 3618 radicem
1953 3559 2172 3626 montis,

591 3673 643 3721 et
665 3706 679 3730 ,
696 3672 814 3719 arte
825 3663 1057 3733 quadam
1074 3659 1335 3717 daemonis
1348 3670 1614 3729 nusquam
1635 3668 1975 3726 comparens,
1993 3651 2103 3707 tolli
2119 3651 2173 3705 in

592 3760 788 3815 uelum
815 3774 845 3812 a
875 3757 1124 3829 gentibus
1137 3754 1477 3811 credebatur.
1504 3749 1657 3806 Tunc
1671 3749 1887 3806 Asterio
1907 3749 2193 3804 humanos-

590 3853 883 3907 miserante
925 3860 1172 3913 errores,
1194 3855 1251 3901 et
1277 3860 1377 3915 pro
1398 3843 1484 3899 his
1509 3842 1578 3898 ad
1601 3842 1769 3898 Deum
1790 3839 1945 3896 valde
1973 3838 2174 3910 suppli-

594 3951 753 3997 cante
780 3980 795 4005 ,
828 3940 1009 3995 subito
1019 3938 1240 3994 victima
1260 3933 1640 4006 conspectibus
1651 3932 1892 3988 omnium
1908 3931 2172 3997 redditur,

593 4048 694 4090 nec
706 4025 845 4086 ult'ra
860 4031 913 4085 in
928 4030 1061 4085 locis
1074 4029 1178 4083 illis
1201 4029 1287 4084 hic
1299 4027 1509 4084 exstitit
1527 4041 1700 4081 error.
1722 4023 1935 4095 (Euseb.
1956 4021 2048 4077 lib.
2070 4038 2169 4090 vn,

590 4145 640 4183 ε.
668 4127 761 4192 15,
788 4126 872 4188 14,
902 4123 1044 4179 Ilist.
1074 4121 1430 4195 Eccl.)Hujus
1457 4119 1608 4176 urbis
1632 4120 1806 4175 civem
1830 4117 1996 4173 fuisse
2023 4117 2176 4172 aiunt

592 4217 878 4274 mulierem
921 4213 1067 4269 illam
1101 4227 1222 4283 quae
1250 4227 1280 4266 a
1313 4209 1594 4267 Salvatore
1629 4215 1815 4264 nostro
1841 4222 1874 4262 a
1903 4204 2173 4277 profluvio

589 4309 871 4382 sanguinis
920 4315 1110 4364 sanata
1153 4315 1257 4371 est,
1309 4306 1605 4374 domusque
1650 4301 1767 4372 ejus
1814 4317 1957 4357 nunc
2006 4301 2061 4355 in
2105 4315 2168 4355 ea

588 4395 913 4460 Ostenditur.
944 4400 1048 4455 Pro
1078 4398 1284 4455 foribus
1312 4396 1429 4467 ejus
1458 4396 1651 4451 domus
1674 4394 1822 4449 basis
1845 4393 2092 4462 qumdam
2116 4392 2171 4446 in

586 4496 709 4551 loco
728 4492 961 4549 editiore
989 4497 1344 4553 monstratur,
1376 4487 1431 4541 in
1457 4501 1564 4557 qua
1594 4484 1836 4540 mulieris
1858 4482 2003 4537 illius
2026 4482 2174 4537 velut

2278 1995 2584 2051 Romanum
2612 1995 2951 2063 Pontificem,
2979 1997 3267 2070 Dionysius
3288 2001 3659 2073 subrogatur;
3682 2003 3843 2059 Paulus

2277 2082 2344 2139 de
2383 2082 2666 2140 Samosata
2700 2088 2938 2155 suscepit
2964 2087 3363 2155 sacerdotium,
3392 2091 3484 2144 hic
3533 2091 3595 2146 in
3633 2093 3842 2149 heresim

2278 2175 2485 2232 devolvi
2495 2184 2601 2242 tur,
2618 2177 2801 2233 dicens
2813 2178 3087 2235 Christum
3100 2182 3402 2237 communis
3416 2192 3637 2240 natura:
3652 2195 3840 2242 tantum-

2277 2268 2438 2324 modo
2478 2269 2756 2324 hominem
2796 2269 2982 2326 fuisse.
3025 2271 3179 2327 Tunc
3223 2273 3542 2329 celebratur
3568 2277 3836 2343 concilium,

2277 2369 2607 2432 rogaturque
2637 2361 2927 2434 Dionysius
2957 2365 3179 2430 adesse;
3225 2366 3317 2435 qui
3356 2370 3667 2424 senectutis
3706 2385 3835 2425 causa

2275 2453 2617 2522 prohibetur,
2641 2454 2737 2510 sed
2759 2454 2926 2511 adest.
2940 2471 3039 2524 per
3062 2457 3373 2527 epistolam.
3407 2458 3691 2515 Statuitur
3713 2460 3830 2515 Pau-

2277 2543 2361 2599 lus
2388 2545 2442 2598 in
2467 2544 2666 2611 medio,
2695 2555 2750 2600 et
2777 2544 3047 2617 frequenti
3077 2555 3312 2604 tractatu
3332 2557 3387 2603 et
3410 2549 3833 2620 disputationibus

2278 2637 2546 2706 arguitur,
2590 2637 2997 2693 considentibus
3037 2639 3441 2695 venerabilibus
3476 2642 3829 2712 episcopis,et

2277 2728 2667 2799 blasphemiam
2707 2728 2823 2799 ejus
2858 2730 3277 2801 publicantibus,
3304 2731 3634 2789 Firmiliano
3658 2735 3828 2790 scilicet

2278 2835 2310 2876 a
2354 2819 2601 2877 Caesarea
2636 2820 2987 2892 Cappadociae
3009 2864 3023 2888 ,
3055 2813 3260 2880 Hefeno
3310 2824 3609 2893 Sardensi,
3642 2828 3826 2883 Nicon:

2280 2910 2345 2984 [ί.
2361 2910 2755 2985 Nichomacho]
2769 2912 2839 2966 ab
2860 2912 3063 2979 Iconio,
3079 2923 3135 2970 et
3163 2915 3456 2987 Hymenaeo
3472 2917 3828 2991 Hierosolymo-

2276 3019 2397 3058 rum
2418 3005 2688 3088 pmcipuo
2708 3005 3013 3085 sacerdote,
3034 3015 3089 3063 et
3107 3007 3298 3063 vicina:
3318 3009 3447 3088 huic
3467 3011 3587 3066 urbi
3606 3011 3827 3066 Casam:

2279 3084 2610 3162 Theotecno,
2640 3082 2987 3179 Athenodoro
3015 3107 3070 3154 et
3103 3082 3367 3171 Gregorio
3389 3101 3544 3157 Ponti
3560 3103 3818 3172 provincia:

2279 3187 2672 3244 sacerdotibus.
2708 3188 2809 3245 Hic
2846 3198 3030 3245 autem
3059 3189 3351 3262 Gregorius
3393 3202 3688 3249 cunctorum
3716 3207 3817 3248 ser-

2280 3293 2442 3334 mone
2469 3279 2855 3336 celeberrimus
2880 3280 3150 3347 habetur,
3177 3289 3231 3336 et
3256 3284 3453 3352 potens
3475 3284 3529 3338 in
3549 3283 3820 3354 operatione

2277 3370 2578 3441 signorum.
2628 3371 2728 3427 llic
2768 3370 2909 3428 forte
2954 3364 3165 3428 duobus
3225 3373 3489 3430 fratribus
3536 3374 3818 3431 habentibus

2274 3463 2677 3533 possessionem
2702 3463 2911 3535 stagni,
2937 3462 3084 3519 etde
3114 3471 3340 3534 captura
3366 3465 3603 3535 piscium
3630 3480 3751 3536 sxepe
3770 3464 3819 3519 li-

2275 3555 2576 3627 tigantibus
2617 3571 2787 3626 usque
2833 3557 2901 3612 ad
2940 3556 3159 3612 humani
3191 3558 3477 3627 sanguinis
3519 3558 3815 3621 effusionem,

2275 3645 2486 3702 medius
2548 3647 2869 3713 intervenit;
2932 3654 3006 3713 et,
3059 3646 3200 3703 facta
3266 3650 3514 3705 oratione
3581 3657 3815 3706 cruentam

2276 3736 2534 3807 deinceps
2590 3737 2842 3794 inhibens
2902 3738 3133 3795 fratrum
3186 3741 3598 3797 contentionem
3622 3783 3637 3807 ,
3687 3755 3816 3810 aquas

2275 3825 2427 3895 abire
2444 3825 2621 3897 jubet,
2653 3834 2710 3881 et
2746 3826 3029 3895 recedunt,
3055 3828 3221 3901 fitque
3247 3830 3421 3886 solum
3448 3829 3688 3903 frugum,
3708 3829 3818 3900 quod

2275 3929 2435 3976 antea
2462 3920 2642 3976 fuerat
2669 3924 2916 3990 navium,
2952 3926 3124 3979 ferax.
3157 3922 3264 3980 Sed
3289 3933 3346 3980 et
3370 3925 3424 3980 in
3468 3927 3697 3996 quodam
3729 3924 3818 3978 loco

2276 4027 2398 4068 cum
2459 4012 2525 4067 ad
2585 4014 3001 4070 construendam
3058 4015 3341 4072 ecclesiam
3399 4032 3571 4088 rupes
3627 4017 3818 4076 cmi.

2274 4114 2601 4175 pernoctans
2633 4107 2687 4161 in
2721 4107 2968 4175 oratione
3015 4107 3291 4164 transtulit
3326 4123 3538 4178 rupem.
3579 4109 3701 4184 Item
3724 4122 3817 4163 cum
3886 4108 3891 4113 ’

2273 4210 2373 4266 per
2419 4196 2579 4267 Alpes
2624 4197 2878 4253 transiret
2919 4198 3237 4268 aliquando,
3278 4201 3612 4256 necessitate
3657 4199 3818 4255 nivium

2275 4298 2525 4352 coactus,
2557 4286 2623 4343 ad
2654 4286 2834 4342 fanum
2864 4288 3082 4344 divertit
3108 4282 3407 4360 Apellinis,
3444 4291 3637 4362 ibique
3660 4304 3820 4362 perno-

2274 4388 2409 4437 ctat.
2442 4378 2561 4447 Quo
2591 4394 2750 4434 mane
2781 4380 3086 4445 recedente,
3113 4381 3317 4437 recedit
3340 4381 3553 4437 dzemon
3576 4401 3594 4447 ;
3621 4381 3821 4452 poscitur

2273 4474 2407 4527 dare
2442 4487 2702 4541 responsa
2729 4480 2789 4526 ut
2807 4471 2977 4544 prius,
3004 4472 3351 4537 obmutescit.
3380 4474 3685 4529 consulitur
3709 4489 3734 4526 a
3756 4486 3821 4526 sa.

587 4586 817 4660 genibus
839 4583 1139 4640 Salvatoris
1165 4579 1483 4652 provolutus,
1511 4576 1829 4648 palmasque
1857 4574 2170 4645 suppliciter
2193 4609 2248 4671 Β
2274 4562 2495 4618 cerdole
2513 4602 2528 4627 ι
2581 4563 2803 4633 Opponit
2851 4562 3068 4618 titulum
3111 4564 3375 4619 adventus
3418 4560 3689 4633 Gregorii.
3727 4561 3823 4615 llo:

590 4681 858 4736 tendentis
878 4720 893 4744 ,
927 4679 1102 4748 imago
1141 4690 1249 4731 sere
1277 4674 1489 4729 videtur
1523 4684 1800 4742 expressa.
1847 4668 2003 4724 Astat
2028 4682 2159 4739 vero

2271 4661 2528 4717 sacerdos
2555 4669 2783 4729 occupat
2809 4659 2949 4714 viam
2976 4658 3401 4729 perveniensque
3420 4657 3489 4713 ad
3509 4657 3823 4730 Gregorium,

588 4770 694 4825 alia
722 4786 829 4824 aere
844 4747 1200 4824 nihilominus
1221 4763 1342 4820 fusa
1366 4771 1565 4827 statua,
1595 4761 1650 4816 in
1681 4760 1869 4816 habitu
1894 4758 1999 4813 viri
2029 4757 2167 4814 stola
2269 4751 2546 4822 querelam
2568 4751 2778 4822 expulsi
2812 4751 3052 4806 numinis
3073 4751 3317 4821 exponit,
3346 4758 3722 4821 quaestumque
3746 4747 3822 4802 de.

586 4862 765 4930 capite
805 4856 1159 4920 circumdati,
1194 4863 1249 4910 et
1281 4854 1559 4909 dexteram
1586 4849 1799 4906 mulieri
1823 4849 2165 4919 porrigentis.

588 4950 755 5019 Cujus
780 4951 846 5004 ad
868 4949 1061 5019 pedem
1087 4953 1281 5024 statuae
1307 4953 1363 5000 et
1386 4943 1535 4998 basis
1573 4942 1743 4997 herba
1773 4940 2022 5011 quadam
2045 4951 2168 5007 spe-

587 5043 672 5098 cie
697 5056 834 5096 nova
859 5039 1131 5103 nascitur;
1153 5052 1275 5109 qua:
1293 5052 1415 5093 cum
1437 5045 1624 5091 exorta
1652 5032 1836 5097 fuerit,
1854 5046 2168 5087 excrescere

589 5133 726 5191 solet
749 5147 919 5203 usque
944 5131 1011 5186 ad
1039 5130 1308 5186 fimbriam
1329 5127 1480 5185 stola:
1505 5126 1649 5182 illius
1667 5124 1793 5180 aerei
1824 5123 2123 5180 indumenti
2149 5141 2162 5176 :

588 5241 752 5297 quam
790 5240 913 5279 cum
949 5223 1180 5278 maxime
1222 5233 1434 5277 summo
1461 5217 1667 5274 vertice
1710 5214 1877 5270 herba
1916 5226 2169 5268 crescens

591 5317 912 5389 contigerit,
945 5317 1089 5371 vires
1115 5314 1240 5371 inde
1265 5314 1332 5369 ad
1361 5308 1706 5380 depellendos
1734 5321 1922 5361 omnes
1947 5305 2170 5376 languo-

586 5426 678 5467 res
722 5410 1046 5479 morbosque
1092 5404 1386 5477 conquirit,
1427 5402 1501 5456 ita
1538 5409 1597 5454 ut
1626 5413 1960 5469 quaecunque
2005 5397 2204 5453 fuerit

587 5502 878 5559 infirmitas
900 5500 1176 5571 corporis,
1203 5499 1398 5552 haustu
1425 5492 1619 5561 exiguo
1651 5489 1939 5546 madefacti
1964 5489 2168 5561 grami-

586 5596 674 5651 nis
695 5594 1026 5667 depellatur,
1056 5588 1192 5646 nihil
1217 5586 1438 5642 omnino
1460 5584 1654 5637 virium
1682 5596 1878 5654 gerens
1896 5621 1912 5646 ,
1938 5581 1983 5635 si
2012 5588 2166 5636 ante-

588 5703 751 5758 quam
798 5686 1025 5740 flmlirize
1073 5679 1439 5738 summitatem
1468 5673 1782 5745 contigerit,
1822 5672 2167 5740 decerpatur.

586 5776 739 5833 Hanc
757 5786 990 5833 statuam
1011 5773 1077 5828 ad
1104 5766 1509 5827 similitudinem
1536 5764 1660 5822 Jesu
1681 5764 1860 5818 vultus
1881 5761 2170 5818 formatam

589 5873 914 5936 tradebant;
937 5884 1056 5940 quae
1084 5864 1377 5938 permansit
1407 5875 1574 5934 usque
1608 5860 1675 5917 ad
1698 5867 1939 5932 tempora
1961 5865 2167 5923 nostra,

2269 4840 2449 4913 plorat
2490 4842 2769 4896 amissum.
2822 4839 2893 4895 At
2938 4839 3026 4895 ille
3073 4839 3261 4894 scribit
3306 4839 3596 4910 epistolam
3643 4840 3693 4892 in
3734 4838 3825 4891 hac

2270 4933 2435 4989 verba
2474 4951 2488 4985 :
2522 4930 2817 5003 Gregorius
2863 4930 3133 5002 Appollini
3167 4948 3181 4985 :
3219 4928 3484 4986 Permitto
3523 4930 3629 4985 tibi
3681 4928 3826 4984 redire

2275 5026 2341 5081 ad
2380 5025 2556 5081 locum
2586 5033 2737 5080 tuum
2776 5032 2830 5078 et
2862 5039 3023 5094 agere
3048 5039 3168 5094 quae
3197 5024 3548 5079 consuevisti.
3586 5023 3731 5079 Hanc
3755 5035 3826 5075 sa-

2275 5118 2470 5174 cerdos
2498 5116 2565 5172 ad
2611 5116 2795 5171 fanum
2821 5115 2928 5169 fert
2954 5115 3239 5185 epistolam
3263 5157 3278 5181 ,
3308 5116 3569 5187 ponitque
3589 5117 3738 5184 juxta
3770 5111 3827 5166 si-

2276 5209 2574 5265 mulacrum
2611 5225 2625 5275 ;
2658 5210 2811 5263 adest
2850 5207 3048 5262 iterum
3097 5206 3338 5269 daemon,
3394 5207 3592 5262 itemm
3637 5206 3728 5260 dat
3763 5216 3830 5254 re.

2275 5316 2492 5372 sponsa.
2539 5300 2691 5355 Tunc
2721 5298 2995 5363 sacerdos,
3043 5299 3095 5353 in
3141 5298 3487 5369 semetipsum
3531 5308 3825 5352 conversus.

2277 5397 2392 5451 ait:
2422 5393 2701 5463 Quomodo
2730 5406 2836 5447 non
2871 5391 3039 5447 multo
3065 5391 3259 5446 melior
3289 5399 3373 5446 est
3418 5389 3713 5461 Gregorius
3743 5386 3828 5439 isIo

2280 5485 2525 5556 Apolline
2549 5524 2565 5549 ,
2622 5482 2777 5553 cujus
2816 5481 3156 5553 obtemperat
3190 5480 3397 5550 jussis?
3428 5489 3484 5536 et
3521 5479 3828 5535 descendens

2254 5578 2464 5632 'eadem
2502 5577 2635 5631 hora
2672 5575 2740 5630 ad
2777 5572 3116 5645 Gregorium,
3158 5572 3507 5641 referensque
3546 5569 3828 5643 epistolam.

2277 5685 2391 5724 rem
2406 5670 2595 5725 ordine
2614 5669 2820 5739 pandit,
2847 5678 3012 5738 utque
3036 5683 3095 5723 se
3118 5666 3309 5721 offerat
3330 5665 3463 5731 Deo,
3482 5673 3655 5737 rogat.
3680 5661 3829 5724 Tune,

2276 5761 2461 5816 relicta
2489 5762 2807 5833 gentilitate,
2843 5760 3016 5816 factus
3029 5768 3113 5815 est
3139 5759 3206 5813 ab
3232 5773 3296 5813 eo
3323 5757 3764 5817 catechumenos,
3786 5760 3833 5805 et

2277 5872 2401 5913 cum
2444 5872 2502 5913 se
2541 5858 2858 5912 rastissimm
2896 5856 3019 5909 vitae
3052 5863 3107 5909 et
3135 5851 3612 5908 abstinentissimi:
3640 5844 3833 5905 manci~
