4020 6338
169 385 279 447 857

1090 377 1434 440 HISTORIA?
1471 375 1720 435 SACRE
1759 374 2079 434 EPITOME.
2118 404 2189 415 —-
2225 373 2353 430 LIB.
2395 372 2507 429 VII.

3321 366 3446 424 858.

166 515 376 582 passet,
421 506 584 560 etiam
610 502 875 574 baptisma
913 499 1282 569 consequitur,
1326 507 1385 552 et
1426 497 1482 551 in
1527 488 1737 549 tantum
1768 494 1819 553 Α
1846 506 1970 556 cos,
1999 498 2054 545 et
2079 503 2251 559 nuper
2275 489 2522 543 inventos
2568 504 2581 540 :
2618 499 2715 556 per
2742 481 3091 552 semetipsum
3122 493 3252 535 vero
3277 494 3429 536 com-

166 600 280 656 ﬁde
310 605 365 654 et
385 597 584 651 virtute
603 594 835 666 prolicit,
857 590 999 662 quod
1021 589 1082 644 Β.
1111 587 1359 659 Gregorii
1388 599 1670 642 successor
1692 583 1746 637 in

166 684 766 762 episcopatu'eliicitur.
816 682 923 738 Sed
965 693 1021 738 et
1063 680 1188 736 inde
1223 676 1520 749 Gregorius
1547 673 1781 747 ingenii

166 782 257 839 sui
320 779 476 836 nobis
530 778 584 834 in
629 790 797 849 parvo
845 774 1084 830 maxima
1137 777 1487 828 monumenta
1548 765 1746 822 dereli-

166 876 313 949 quit.
893 888 897 895 ~

800 977 972 1018 CAPUT
1007 974 1124 1015 VIII.

167 1056 320 1113 Nota
355 1054 729 1128 metaphrasim
766 1050 1006 1128 Gregorii
1034 1063 1077 1128 ι-
1100 1047 1371 1119 martyris,
1412 1054 1463 1100 et
1501 1040 1751 1115 Episcopi

772 1122 826 1178 Ν
829 1122 1148 1178 eoctesariae.

188 1226 197 1321 ί
238 1240 300 1295 In
338 1237 704 1295 Ecclesiasten
732 1249 964 1305 namque
996 1229 1382 1303 metaphrasim
1417 1225 1607 1284 scribit
1637 1240 1754 1280 ma-

164 1320 634 1409 gnificentissime,
661 1341 719 1386 et
741 1329 1022 1386 catholicae
1047 1327 1172 1382 ﬁdei
1211 1322 1604 1395 expositionem
1626 1320 1751 1374 ιπε-

163 1431 310 1483 viter
336 1430 409 1482 ita
432 1425 800 1482 continentem
829 1437 844 1476 :
869 1420 1021 1478 Unus
1042 1419 1182 1473 Deus
1204 1417 1367 1472 Pater
1386 1412 1550 1469 Verbi
1574 1411 1757 1464 viven-

166 1522 261 1586 tis,
297 1517 574 1588 sapientia:
595 1512 958 1577 subsistentis,
986 1520 1042 1565 et
1070 1508 1291 1564 virtutis
1330 1520 1441 1561 suae
1469 1510 1523 1557 et
1548 1501 1749 1572 ﬁgurae,

163 1611 444 1683 perfectus
462 1608 696 1696 perfecti
719 1607 952 1678 genitor,
975 1604 1140 1659 Pater
1160 1600 1284 1656 Filii
1308 1595 1593 1669 unigeniti,
1616 1608 1756 1649 unus

165 1705 347 1770 Deus,
391 1686 538 1758 solus
574 1716 641 1755 ex
675 1698 790 1755 solo
829 1698 970 1762 Deo,
1004 1694 1175 1767 ﬁgura
1207 1700 1263 1747 et
1302 1691 1479 1760 imago
1513 1686 1752 1749 deitatis,

165 1796 397 1852 verbum
421 1801 734 1865 penetrans,
764 1789 1031 1862 sapientia
1055 1781 1522 1855 comprehendens
1547 1776 1751 1840 omnia,

1849 583 2072 655 positos,
2106 580 2295 636 diebus
2342 578 2563 634 Pascbm
2611 576 2664 632 in
2710 575 2888 631 medio
2936 570 3191 628 Ecclesiae
3233 586 3430 627 canere

1852 674 2072 730 fecisset
2099 671 2372 757 mulieres,
2401 684 2537 739 quas
2570 668 2686 739 ipse
2711 665 3081 739 (horrendum
3120 662 3325 736 auditu)
3365 663 3434 719 de

1851 785 1913 826 se
1937 769 2270 825 instituerat:
2298 764 2531 837 qualiter
2549 764 2737 827 etiam,
2766 761 3020 817 incedens
3047 776 3143 831 per
3175 759 3431 831 plateam,

1855 860 1951 916 tali
1979 860 2210 930 quadam
2250 856 2545 912 ambitione
2578 861 2826 909 uteretur
2858 861 2917 907 ut
2943 850 3155 921 publice
3176 838 3434 921 epistolas

1854 951 2141 1023 relegeret,
2172 959 2333 1021 atque
2354 949 2409 1003 in
2433 945 2619 1003 auditu
2641 944 2882 1000 omnium
2906 951 2961 1000 et
2983 942 3153 998 oculis
3180 942 3432 1009 dictaret,

1853 1042 2232 1103 assistentibus
2273 1039 2377 1095 sibi
2415 1038 2472 1093 in
2498 1036 2674 1107 platea
2702 1034 2965 1099 notariis,
3004 1047 3432 1103 quanquamsu-

1852 1134 2019 1205 perbe
2068 1132 2234 1187 etiam
2277 1126 2513 1184 tribunal
2568 1127 2624 1181 in
2663 1124 2891 1181 ecclesia
2931 1123 3033 1179 sibi
3072 1121 3242 1179 multo
3276 1120 3438 1176 altius

1853 1241 2014 1297 quam
2041 1224 2239 1290 fuerat,
2271 1223 2610 1287 collocasset,
2641 1227 2699 1275 et
2724 1220 2945 1274 verbum
2979 1216 3183 1272 faciens
3205 1216 3439 1286 jactaret

1856 1333 2018 1388 super
2041 1317 2259 1372 modum
2285 1316 2587 1378 dexteram,
2614 1327 2678 1367 ac
2695 1310 2927 1383 palmam
2957 1308 3146 1365 femori
3171 1309 3436 1377 illideret,

1856 1410 1993 1480 pede
2036 1421 2252 1478 quoque
2296 1405 2650 1469 subsultaret,
2697 1411 2755 1458 et
2803 1399 3096 1456 scabellum
3150 1399 3356 1463 feriret,
3383 1404 3441 1454 et

1856 1518 2009 1558 more
2049 1500 2302 1556 theatrali
2353 1500 2422 1555 ab
2480 1496 2818 1553 auditoribus
2868 1508 3029 1550 voces
3074 1493 3337 1549 clamosas
3383 1499 3439 1548 et

1855 1594 2103 1664 plausum
2124 1598 2405 1662 expeteret
2433 1608 2445 1644 :
2477 1589 2712 1645 maxime
2741 1587 3079 1659 impudenter
3114 1586 3279 1640 etiam
3318 1600 3439 1639 mu-

1857 1686 2018 1742 lieres
2042 1699 2226 1740 secum
2269 1681 2518 1738 babitare
2546 1679 2912 1750 permisisset,
2942 1690 2997 1733 et
3023 1676 3356 1748 presbyteris
3386 1683 3444 1729 et

1858 1776 2123 1841 dial-onis,
2148 1773 2241 1845 qui
2262 1772 2380 1842 ejus
2407 1785 2613 1826 morem
2641 1770 2920 1839 gerebant,
2950 1766 3182 1822 similem
3207 1763 3445 1821 dedisset

87 1883 95 1888 ’
167 1898 227 1942 et
248 1859 550 1957 virtus-qua
582 1893 692 1939 tota
718 1859 968 1938 creatura
1001 1876 1118 1932 ﬁeri
1152 1873 1348 1947 potuit.
1399 1870 1569 1925 Filius
1592 1883 1753 1923 verus
1781 1859 1831 1921 B
1854 1865 2153 1921 licentiam.

165 1974 311 2053 veri,
334 1984 390 2029 et
412 1971 696 2029 invisibilis
729 1985 797 2025 ex
834 1965 1129 2031 invisibili,
1155 1972 1210 2019 et
1236 1957 1662 2030 incorruptibilis
1685 1972 1754 2011 ex

168 2047 590 2147 incorruptibili,
620 2071 675 2120 et
697 2058 1021 2116 immortalis
1040 2072 1108 2112 ex
1138 2051 1452 2117 immortali,
1476 2058 1530 2106 et
1557 2047 1757 2117 sempi—

170 2140 359 2214 ternus
379 2172 447 2211 ex
473 2154 822 2223 sempiterno.
866 2147 1021 2203 Unus
1042 2144 1277 2215 Spiritus
1303 2148 1522 2197 sanctus
1548 2153 1615 2193 ex
1647 2138 1759 2191 Deo

170 2248 535 2305 substantiam
591 2244 829 2306 habens,
880 2247 935 2294 et
973 2237 1065 2307 qui
1111 2250 1208 2306 per
1250 2232 1446 2287 Filium
1488 2226 1757 2299 apparuit,

173 2339 359 2408 imago
380 2335 500 2390 Filii
523 2332 748 2404 perfecti
771 2328 1032 2400 perfecta,
1055 2324 1363 2381 viventibus
1382 2336 1544 2383 causa
1566 2317 1762 2374 sancti-

174 2428 331 2492 tatis,
368 2422 812 2482 sanctilicationis
835 2418 1158 2492 praestatrix,
1186 2432 1284 2487 per
1310 2430 1471 2485 quem
1498 2412 1640 2467 Deus
1668 2423 1762 2464 su-

172 2534 279 2589 per
303 2517 483 2571 omnia
512 2524 567 2570 et
603 2516 656 2570 in
691 2513 942 2569 omnibus
978 2509 1351 2580 cognoscitur,
1380 2514 1438 2560 et
1475 2501 1644 2558 Filius
1666 2514 1765 2570 per

175 2624 343 2679 quem
377 2607 579 2662 omnia.
630 2603 846 2677 (Euseb.
882 2601 974 2656 lib.
1008 2617 1121 2665 vn,
1153 2616 1200 2653 c.
1248 2598 1367 2669 25.)
1411 2595 1479 2650 Et
1522 2592 1766 2649 Trinitas

178 2703 285 2758 ista
314 2698 553 2771 perfecta
591 2695 902 2765 majestate,
927 2702 982 2748 et
1010 2690 1471 2761 sempiternitate,
1514 2694 1568 2740 et
1600 2696 1768 2754 regno

178 2793 406 2850 minime
460 2790 753 2854 dividitur,
814 2799 992 2854 neque
1043 2781 1397 2837 abalienatur.
1460 2776 1626 2849 Igitur
1677 2787 1769 2827 ne-

182 2898 292 2957 que
336 2882 539 2938 factum
586 2878 716 2950 quid
754 2885 846 2932 aut
881 2873 1125 2942 serviens
1154 2871 1211 2925 in
1259 2869 1546 2931 Trinitate,
1594 2876 1768 2930 neque

185 2956 666 3048 superinduetum,
703 2980 959 3038 tanquam
992 2964 1223 3019 antehac
1252 2961 1468 3032 quidem
1497 2972 1604 3012 non
1641 2956 1772 3011 sub-

188 3045 387 3123 sistens
405 3107 421 3130 ,
450 3072 635 3137 postea
663 3076 792 3117 vero
813 3057 1306 3128 superingressum.
1342 3050 1527 3120 Neque
1557 3048 1630 3102 ita
1670 3045 1767 3100 de-

188 3158 295 3215 fuit
326 3172 560 3230 unquam
583 3155 753 3212 Filius
793 3150 978 3214 Patri,
1014 3160 1189 3217 neque
1216 3144 1354 3199 Filio
1382 3141 1614 3212 Spiritus
1639 3155 1766 3194 san-

188 3236 365 3316 ctus,
396 3212 490 3308 sled
545 3212 1007 3308 inconvertibilis,
1068 3212 1524 3295 incommutabilis
1579 3234 1767 3288 eadem
1795 3212 1842 3275 Ο

190 3344 432 3402 Trinitas
451 3356 685 3414 semper.
713 3338 987 3394 Hactenus
1007 3333 1073 3389 de
1096 3329 1377 3402 Gregorio.

836 3464 1009 3507 CAPUT
1040 3459 1118 3501 IX.

338 3548 590 3606 Galienus
615 3546 904 3615 imperator
929 3546 1110 3610 regnat
1144 3534 1298 3591 annis
1318 3528 1634 3600 quindecim.

266 3664 476 3721 Interea
518 3658 809 3731 Dionysius
839 3654 979 3727 apud
1020 3648 1407 3709 Alexandriam
1447 3645 1502 3700 in
1530 3656 1664 3714 pace
1691 3654 1782 3695 ee-

194 3754 499 3815 clesiastica
527 3752 668 3808 diem
693 3749 857 3812 obiit,
887 3747 1071 3802 decem
1109 3751 1167 3799 et
1199 3748 1325 3797 octo
1367 3736 1525 3793 annis
1561 3732 1781 3789 functus

195 3845 523 3905 sacerdotio.
568 3842 836 3898 Maximus
857 3835 1127 3911 succedit,

856 3965 1029 4008 CAPUT
1066 3963 1127 4003 Χ.

555 4044 810 4105 Claudius
831 4050 1011 4114 regnat
1033 4039 1185 4094 annis
1206 4036 1433 4091 duobus.

272 4165 520 4241 (Niceph.
549 4162 641 4216 lib.
672 4175 746 4225 vr,
779 4175 827 4212 c.
859 4155 951 4220 28,
980 4152 1096 4226 29.)
1135 4150 1392 4207 Galienus
1420 4157 1634 4217 quoque
1669 4153 1785 4195 rno-

196 4263 351 4319 riens
376 4257 656 4315 Claudium
694 4253 860 4309 habet
881 4259 1267 4306 successorem,
1298 4240 1395 4312 qui
1418 4240 1470 4294 in
1495 4235 1644 4293 brevi
1666 4249 1784 4289 mo—

196 4353 365 4414 ritur,
398 4345 688 4404 Aureliano
713 4339 1057 4398 succedente.
1102 4333 1267 4400 Cujus
1300 4327 1630 4399 temporibus
1659 4337 1787 4377 con—

200 4412 428 4515 gregato
456 4436 596 4507 apud
628 4430 971 4488 Antiochiam
1010 4423 1241 4481 concilio
1262 4462 1275 4482 ,
1306 4416 1507 4474 Paulus
1532 4412 1790 4469 Samosa-

200 4507 363 4592 tenus
393 4530 579 4587 ultima
611 4519 1082 4582 animadversione
1121 4516 1427 4575 damnatur,
1479 4507 1790 4577 disputante

201 4642 331 4683 cum
379 4639 444 4679 eo
495 4618 800 4675 Malchione
846 4610 1112 4683 quodam,
1156 4603 1415 4676 perfectae
1466 4596 1788 4655 eruditionis

200 4719 360 4781 viro,
406 4710 905 4784 excipientibusque
934 4700 1177 4758 notariis.
1217 4696 1347 4766 Quae
1386 4690 1680 4764 disputatio
1709 4688 1787 4744 ita

203 4808 495 4882 magnifice
523 4806 591 4860 ab
637 4819 703 4859 eo
732 4811 789 4857 et
836 4802 1088 4853 accurate
1143 4790 1329 4847 habita
1373 4795 1486 4850 est,
1539 4792 1599 4838 ut
1643 4795 1791 4837 nunc

206 4872 425 4975 qudque
447 4896 748 4967 legentibus
774 4891 845 4947 sit
877 4889 928 4944 in
953 4882 1329 4942 admiratione.
1347 4879 1536 4948 Itaque
1559 4872 1794 4930 secundo

204 4963 637 5068 jam-manifeste
682 4982 882 5039 Paulus
924 4976 1209 5034 haereticus
1253 4970 1602 5033 confutatur,
1653 4963 1795 5020 datis

211 5055 456 5157 epistolis
478 5077 751 5150 Dionysio,
766 5075 1012 5130 Romano
1030 5062 1292 5138 pontifici,
1308 5061 1542 5116 Maximo
1566 5055 1796 5111 Alexan-

213 5148 373 5234 drino
401 5148 629 5247 (Euseb.
642 5169 732 5225 lib.
763 5183 861 5232 vn,
894 5182 940 5219 c.
972 5161 1096 5234 '50);
1125 5158 1279 5228 cujus
1309 5151 1532 5211 haeresis
1559 5158 1614 5205 et
1639 5148 1796 5203 dam-

215 5270 368 5327 natio
392 5243 679 5323 innotcscit
700 5302 715 5327 ,
746 5269 802 5315 et
828 5270 1007 5313 mores
1041 5273 1055 5309 :
1088 5252 1322 5325 qualiter
1348 5247 1542 5304 Filium
1573 5243 1670 5299 Dei
1700 5256 1800 5297 ne-

219 5369 376 5436 garet
422 5355 763 5415 descendisse
807 5350 873 5404 de
907 5345 1045 5403 ctelo
1069 5386 1084 5411 ,
1135 5344 1230 5400 sed
1273 5357 1306 5397 a
1352 5336 1519 5394 Maria
1571 5333 1803 5404 coepisse

222 5426 525 5518 assereret,
571 5458 628 5506 et
670 5446 881 5503 initium
922 5439 1178 5497 habuisse
1226 5437 1292 5491 de
1341 5442 1529 5489 terra:
1573 5426 1806 5499 qualiter

223 5550 388 5604 etiam
434 5542 703 5616 psalmos,
753 5534 846 5607 qui
902 5534 957 5588 in
1005 5531 1291 5586 Dominum
1343 5533 1591 5581 nostrum
1620 5518 1804 5574 Jesum

230 5643 501 5700 Clnistum
532 5635 868 5692 dicebantur,
892 5640 1107 5682 cessare
1130 5622 1368 5686 fecisset,
1401 5617 1547 5673 velut
1573 5611 1806 5669 neoteri-

222 5780 229 5783 Π
305 5831 329 5859 α
373 5815 447 5893 De
476 5774 577 5867 hoc
595 5805 858 5885 Gregorio
882 5809 967 5859 est
992 5800 1128 5856 liber
1154 5794 1402 5871 Gregorii
1428 5788 1678 5866 Nysseni.

2499 1969 2670 2008 CAPUT
2710 1968 2785 2007 XI.

1931 2069 2367 2143 (Euseb.lib.vn,
2393 2085 2441 2122 ο.
2468 2067 2557 2122 26.
2577 2065 2719 2121 Hist.
2735 2063 2909 2131 Each;
2935 2062 3155 2134 Nieeph.
3173 2062 3264 2117 lib.
3290 2078 3364 2127 γι,
3392 2080 3443 2141 e.

1862 2136 1974 2236 l9.)
2015 2164 2202 2236 Igitur,
2246 2162 2501 2216 damnato
2541 2167 2596 2213 et
2636 2158 2860 2230 expulso
2903 2156 2971 2212 ab
3015 2154 3292 2219 Ecclesia,
3320 2136 3448 2210 cum

1861 2256 2011 2311 exire
2050 2252 2236 2316 nollet,
2266 2251 2478 2322 publica
2524 2265 2718 2315 manu,
2764 2265 2829 2304 ex
2872 2247 3127 2302 mandato
3164 2242 3447 2300 Aureliani

1863 2346 2205 2418 imperatoris
2250 2344 2490 2400 Domnus
2518 2343 2737 2399 nomine
2765 2342 2819 2396 in
2848 2340 3088 2396 Ecclesia
3114 2337 3450 2393 Antiochena

1866 2439 2109 2494 succedit
2147 2437 2452 2508 episcopus.
2486 2435 2694 2491 Interea
2721 2433 2881 2489 malis
2923 2431 3167 2487 consiliis
3187 2430 3453 2500 deprava-

1867 2542 1953 2589 tus
1974 2530 2315 2595 Aurelianus,
2342 2529 2774 2601 persecutionem
2805 2526 3096 2601 meditatur
3120 2525 3175 2577 in
3206 2530 3446 2585 nostros,

1868 2618 2106 2692 eousque
2139 2630 2215 2686 ut,
2243 2620 2461 2690 scriptis
2480 2617 2678 2673 litteris
2705 2616 2901 2672 volenti
2926 2590 3293 2675 subscribere,
3325 2611 3454 2665 dex-

1870 2725 1985 2769 tera
2017 2712 2112 2787 Dei
2142 2709 2526 2775 intervenerit,
2555 2717 2611 2763 et
2643 2705 3098 2774 subscriptionem
3129 2701 3452 2757 deturbave-

1870 2806 1961 2871 rit,
1993 2803 2195 2858 fulmen
2222 2816 2435 2871 quoque
2479 2809 2605 2853 ante
2631 2813 2754 2854 eum
2787 2811 2981 2867 magno
3003 2808 3203 2865 pavore
3227 2793 3457 2847 circum-

1870 2896 2128 2952 stantium
2162 2895 2331 2949 ruerit
2364 2912 2376 2947 :
2410 2907 2474 2947 ac
2517 2888 2635 2946 non
2666 2889 2837 2944 multo
2879 2896 3004 2958 post
3051 2892 3226 2942 morte
3276 2882 3455 2939 subita

1871 2988 2282 3045 condemnatur.

2509 3091 2681 3133 CAPUT
2722 3091 2821 3130 XII.

2233 3189 2550 3245 Aurelianus
2578 3198 2757 3259 regnat
2790 3188 2941 3241 annis
2972 3202 3083 3240 sex.

1943 3285 2043 3342 Cui
2089 3285 2301 3340 Probus
2340 3282 2613 3346 succedit;
2649 3279 2733 3335 cui
2774 3289 2828 3334 et
2864 3278 3088 3332 totidem
3133 3275 3292 3330 annis
3333 3287 3464 3330 con-

1875 3384 2166 3442 summato,
2197 3373 2370 3430 Carus
2396 3388 2520 3438 cum
2546 3371 2669 3426 [iliis
2693 3369 3022 3424 Numeriano
3042 3376 3098 3422 et
3121 3365 3318 3422 Cariae
3342 3379 3465 3419 suo-

1879 3468 2040 3526 cedit.
2070 3468 2276 3535 Quibus
2306 3466 2360 3520 in
2386 3463 2537 3519 brevi
2565 3459 2956 3517 consummatis
2979 3498 2995 3525 ,
3025 3465 3217 3528 regnat
3256 3452 3466 3510 Diocle-

1880 3563 2110 3618 tianus:
2154 3562 2246 3618 sed
2295 3559 2454 3631 paulo
2500 3568 2625 3615 ante
2674 3557 2961 3629 imperium
3009 3554 3128 3625 ejus
3173 3550 3467 3625 Dionysius

1884 3670 2142 3712 romanus
2168 3651 2414 3725 pontifex
2439 3651 2593 3707 obiit.

2507 3779 2680 3821 CAPUT
2716 3777 2841 3818 XIII.

1882 3882 2168 3954 Dionysius
2216 3877 2367 3951 Papa
2406 3877 2537 3933 sedit
2568 3876 2721 3930 annis
2764 3890 2964 3929 norem.
2993 3870 3164 3927 Carus
3189 3884 3306 3924 cum
3345 3865 3472 3937 ﬁliis

2184 3979 2363 4041 regnat
2389 3968 2591 4023 duobus
2620 3968 2793 4031 annis,
2820 3981 2911 4020 nec
2933 3964 3170 4034 integris.

1957 4086 2154 4141 Beatus
2175 4096 2388 4153 quoque
2414 4081 2504 4151 qui
2546 4087 2673 4134 tunc
2698 4077 2898 4133 meruit
2920 4075 3035 4145 rapi
3059 4073 3124 4128 de
3157 4070 3378 4149 mundo,
3406 4082 3476 4123 ne

1888 4176 2095 4232 videret
2144 4172 2283 4229 mala
2310 4187 2430 4244 qua:
2472 4171 2576 4225 iste
2618 4167 2982 4223 Diocletianus
3012 4178 3136 4219 mox
3167 4160 3346 4216 intulit
3373 4158 3476 4214 Ec-

1890 4270 2070 4327 clesiis
2098 4266 2238 4322 ultra
2290 4279 2451 4335 quam
2506 4261 2651 4317 credi
2699 4266 2896 4330 potest.
2951 4254 3102 4309 Tunc
3149 4249 3475 4321 apostolatui

1891 4358 2134 4418 succedit
2158 4355 2330 4419 Felix,
2362 4369 2469 4423 quo
2500 4361 2741 4421 tempore
2784 4346 2968 4401 Manes
3014 4355 3205 4411 magus
3235 4337 3476 4409 quidam,

1893 4609 1947 4694 et
1981 4637 2229 4704 dogmata
2258 4626 2503 4700 quaedam
2524 4620 2751 4695 profert,
2787 4633 2819 4672 a
2848 4616 3077 4673 diversis
3105 4618 3344 4667 mutuata
3373 4609 3484 4663 hce-

1892 4699 2101 4791 reticis,
2128 4732 2183 4778 et
2209 4699 2353 4776 nunc
2378 4716 2653 4774 Christum
2684 4725 2742 4767 se
2772 4704 3194 4770 simulat,’nnnc
3226 4699 3482 4756 Paracle-

1893 4828 2009 4874 tum
2036 4789 2096 4870 se
2120 4811 2381 4875 nominat,
2405 4816 2461 4862 et
2482 4803 2648 4876 elegit
2669 4797 2951 4857 duodecim
2978 4794 3046 4850 ad
3072 4789 3478 4849 similitudinem

1897 4907 2097 4966 Christi
2126 4899 2441 4972 discipulos.

2528 5020 2701 5063 CAPUT
2738 5016 2849 5056 XIV.

2296 5120 2449 5177 Felix
2474 5074 2780 5189 Papa‘sedit
2805 5109 2958 5167 annis
2978 5123 3090 5164 sex.

1975 5242 2161 5315 Igitur,
2187 5236 2369 5294 Felice
2388 5233 2534 5303 Papa
2555 5233 2949 5289 consummato,
2971 5217 3341 5293 Eutycbianus
3363 5226 3491 5269 suc-

1908 5309 2094 5392 cedit:
2136 5344 2245 5401 quo
2277 5329 2333 5384 in
2361 5325 2512 5382 brevi
2555 5325 2949 5379 consummato,
2992 5312 3163 5368 Gaius
3202 5309 3494 5379 episcopus

1909 5394 2275 5496 digitum-Hic
2305 5418 2416 5489 iam
2452 5408 2947 5483 temporevEusebii
2989 5401 3300 5476 quindecim
3335 5394 3495 5449 anuis

1910 5491 2217 5575 sacerdotio
2256 5498 2940 5582 perfunctus,.Marcellum
2974 5491 3233 5561 relinquit
3275 5498 3497 5541 succes‘

1909 5622 2113 5672 sorem,
2161 5581 2322 5676 quem
2339 5601 2455 5674 jam
2475 5606 2688 5668 tempus
2705 5588 3099 5667 persecutionis
3126 5581 3352 5640 invenit.
