4020 6338
511 314 617 373 889
1042 308 1397 368 HAYMONIS
1432 300 1911 362 HALBERSTAT.
1949 296 2165 356 EPISC.
2206 295 2355 353 OPP.
2392 290 2575 351 PARS
2595 290 2680 350 Ill.
2704 286 3291 347 —MISCELLANEA.

2141 482 3829 513 Μ

525 497 2131 535 ____________________________.

1705 658 2004 741 LIBER
2078 651 2576 733 OCTAVUS.

1976 854 2330 873 —

2131 977 2186 1039 Α
2208 975 2361 1029 bant.
2390 974 2541 1031 Tunc
2570 975 2710 1046 apud
2744 974 3112 1041 Antiochiam,
3136 971 3282 1029 inter
3301 982 3541 1030 caeteros
3568 986 3840 1045 agones,

2204 1067 2475 1136 quoddam
2520 1066 2699 1122 nobile
2730 1066 2929 1123 factum
2965 1075 3050 1123 est
3079 1066 3223 1136 quod
3259 1065 3422 1121 silere
3464 1081 3585 1120 non
3621 1064 3827 1120 debeo.

2204 1158 2321 1212 Duo
2334 1156 2564 1225 juvenes
2581 1156 2958 1228 comprehensi
2979 1155 3263 1211 immolare
3292 1167 3593 1227 coguntur.
3614 1156 3827 1210 Aiunt:

2205 1248 2395 1303 Ducite
2422 1262 2521 1303 nos
2540 1248 2606 1302 ad
2636 1260 2780 1303 aras.
2800 1245 2901 1314 Qui
2929 1262 3050 1302 eum
3080 1246 3295 1301 abducti
3328 1246 3594 1307 fuissent,
3627 1260 3830 1300 manu

2205 1355 2333 1396 suas
2358 1347 2719 1410 supponentes
2744 1338 2851 1409 igni
2884 1355 2897 1391 :
2931 1336 2989 1392 Si
3021 1337 3457 1393 subtraxerimus
3479 1378 3493 1400 ,
3531 1336 3822 1404 inquiunt,

2207 1430 2547 1486 sacriﬁcasse
2572 1444 2672 1484 nos
2702 1429 2927 1485 credite.
2976 1427 3044 1483 Et
3070 1427 3425 1498 quoadusque
3466 1441 3613 1482 caro
3647 1424 3826 1480 omnis

1091 1005 1263 1049 CAPUT
1306 1003 1531 1046 PRIIUI.

823 1107 1186 1180 Eutychiauus
1214 1107 1343 1161 sedit
1371 1104 1523 1159 annis
1544 1102 1786 1175 quinque.

589 1226 796 1280 Interea
819 1236 995 1277 nouus
1025 1220 1266 1275 decimus
1294 1234 1466 1273 annus
1494 1214 1865 1287 erat-imperii
1896 1210 2105 1269 Diocle-

521 1315 675 1381 tiani,
714 1323 768 1370 et
800 1314 988 1383 incipit
1016 1313 1132 1368 fieri
1165 1312 1471 1383 persecutio
1499 1311 1551 1365 in
1582 1308 1921 1365 Christianos
1944 1307 2011 1361 ab
2038 1320 2104 1361 eo

517 1407 876 1480 permaxima,
901 1407 1052 1477 justo
1079 1405 1345 1475 siquidem
1372 1404 1467 1459 Dei
1490 1402 1694 1474 judicio
1721 1410 1777 1456 et
1797 1399 2104 1456 necessaria

519 1500 878 1562 correctione,
904 1513 1023 1554 cum
1056 1497 1167 1569 jam
1213 1497 1378 1552 multa
1415 1496 1696 1557 libertate,
1739 1492 1905 1548 'multa
1932 1489 2108 1546 indul-

521 1592 703 1664 gentia
735 1591 907 1646 vitiati
956 1599 1081 1646 sunt
1131 1605 1311 1645 mores
1356 1597 1695 1653 nostrorum,
1735 1595 1792 1642 et
1821 1583 2107 1653 disciplina

522 1682 886 1739 Ecclesiarum
915 1691 1165 1753 corrupta
1194 1681 1411 1754 (Euseb.
1446 1679 1537 1733 lib.
1566 1694 1685 1742 vm,
1713 1694 1760 1731 c.
1792 1678 1844 1742 l,
1881 1675 1935 1742 ‘2,
1966 1676 2020 1741 5,
2051 1674 2105 1738 4,

522 1791 642 1829 cum
687 1773 839 1844 πᾳ),
892 1774 1018 1827 dum
1069 1771 1200 1826 ﬁdes
1245 1778 1429 1825 nostra
1456 1784 1554 1838 per
1598 1769 1808 1823 diversa
1858 1766 2109 1837 dogmata

524 1861 808 1929 scinditur,
839 1865 999 1918 et'ob
1036 1863 1088 1917 id
1114 1862 1353 1927 vilescit;
1387 1861 1514 1915 dum
1542 1858 1747 1929 prmlati
1780 1865 1834 1913 et
1872 1865 2111 1911 rectores

522 1963 577 2008 et
602 1953 766 2009 duces
790 1950 992 2024 populi,
1018 1952 1340 2008 humilitatis
1361 1949 1685 2006 Christianus
1707 1956 1760 2003 et
1785 1946 2113 2004 sinceritatis

523 2044 703 2110 obliti,
742 2045 1028 2099 adversum
1077 2058 1135 2099 se
1174 2043 1313 2099 odiis
1341 2050 1396 2097 et
1434 2040 1871 2097 contentionibus
1900 2036 2111 2093 inﬂam-

522 2145 765 2192 mantur.
803 2135 956 2191 Tunc
981 2151 1110 2207 ergo
1137 2134 1367 2190 nefanda
1412 2134 1587 2188 edicta
1624 2132 1884 2204 principis
1916 2146 2114 2202 propo-

525 2235 748 2293 nuntur,
801 2236 861 2281 ut
915 2235 1123 2283 cuncta:
1167 2227 1423 2282 Ecclesia:
1468 2242 1641 2297 usque
1683 2226 1749 2279 ad
1800 2222 1971 2279 solum
2022 2222 2115 2276 de-

2208 1521 2262 1577 in
2305 1522 2480 1593 ignem
2526 1521 2816 1587 deﬂueret,
2848 1520 3199 1576 immobiliter
3225 1521 3555 1590 perdurant.
3611 1519 3817 1588 Itaque,

2207 1631 2331 1671 cum
2354 1613 2464 1682 jam
2483 1613 2803 1669 crudelitate
2828 1612 3057 1668 satiatus
3083 1613 3382 1682 imperator
3408 1609 3820 1679 aliquantulum

2209 1705 2569 1776 resipisceret,
2590 1705 2843 1775 proponit
2861 1706 3095 1761 edictum
3119 1704 3306 1773 ut.jam
3330 1701 3645 1758 Christiani
3668 1701 3819 1755 morti

2212 1810 2319 1850 non
2347 1795 2651 1878 tradantur,
2683 1795 2800 1860 sed,
2833 1795 3041 1850 dextris
3084 1794 3258 1850 oculis
3291 1792 3441 1849 ferro
3486 1792 3746 1855 effossis,
3770 1800 3820 1847 et

2213 1889 2447 1945 sinistra:
2488 1889 2681 1960 pollice
2725 1890 2986 1954 sauciato,
3019 1888 3100 1945 sic
3143 1895 3532 1959 permaneant.
3562 1885 3677 1939 Sed
3701 1902 3810 1941 cum

2213 1990 2411 2037 statum
2474 1981 2731 2037 Ecclesiae
2778 1981 2986 2038 crudeli
3040 1980 3525 2036 animadversione
3578 1978 3812 2044 vastari,

2214 2071 2363 2127 illum
2389 2080 2654 2127 atternum
2703 2088 2767 2127 ac
2812 2071 3129 2143 pervigilem
3176 2085 3282 2126 non
3333 2070 3542 2125 lateret
3589 2068 3805 2134 oculum,

2217 2163 2476 2235 castigata
2520 2164 2572 2218 in
2600 2164 2786 2236 paucis
2808 2163 3009 2219 familia
3031 2180 3150 2231 sua,
3181 2164 3333 2220 adest
3362 2164 3638 2219 continuo
3665 2162 3811 2216 ultrix

2150 2302 2151 2305 η
2217 2254 2315 2310 Dei
2344 2254 2564 2311 dextera
2612 2257 2667 2312 in
2715 2257 3072 2328 imperatores
3112 2255 3523 2311 Diocletianum
3566 2264 3622 2310 et
3664 2253 3811 2309 Maxi-

526 2327 831 2418 SPF‘m‘mur’
868 2333 1038 2375 530m
1085 2316 1381 2418 ScriPuf'm
1424 2319 1817 2418 comb“_m"wr
1845 2316 1966 2386 igne
1993 2332 2005 2367 ³
2036 2321 2113 2418 et?
2146 2330 2195 2392 Β
2225 2346 2450 2411 minum,
2483 2361 2713 2418 quorum
2743 2316 2882 2403 alter
2907 2347 2960 2402 in
2975 2346 3309 2412 Occidente,
3342 2346 3493 2401 alter
3522 2347 3581 2401 in
3610 2346 3810 2401 Oriente

527 2411 573 2467 si
598 2413 719 2482 quis
737 2421 1048 2468 nostrorum
1069 2422 1181 2468 stat
1206 2414 1259 2467 in
1284 2414 1510 2480 honore,
1546 2412 1790 2483 privatus
1813 2425 1879 2465 eo
1902 2416 2122 2463 maneat

526 2499 764 2557 infamis.
807 2502 1057 2573 Denique
1108 2503 1200 2574 qui
1245 2511 1483 2574 praesunt
1515 2501 1776 2573 iubentur
1815 2497 2121 2555 simulacris

530 2591 831 2656 immolare,
873 2592 1111 2663 alioquin
1154 2594 1346 2663 conjici
1387 2595 1441 2649 in
1485 2594 1722 2659 vincula,
1757 2608 1820 2648 ac
1856 2578 2118 2660 torqueri.

528 2681 697 2753 Igitur
719 2685 774 2739 in
793 2682 1126 2751 Nicomedia,
1156 2696 1211 2741 et
1241 2686 1535 2752 Thebaide,
1557 2694 1611 2740 et
1628 2685 1907 2748 Phoenice,
1924 2692 1978 2738 et
1999 2682 2123 2737 Ale-

532 2777 781 2842 xandria,
807 2777 1039 2847 denique
1065 2792 1162 2847 per
1183 2786 1348 2832 totam
1373 2777 1666 2849 Egyptum
1687 2818 1701 2843 ,
1733 2786 1788 2830 et
1810 2774 2119 2846 Phrygiam,

532 2876 588 2921 et
609 2864 844 2938 Syriam,
884 2878 941 2923 et
966 2868 1386 2938 Coppadociam,
1420 2880 1473 2923 et
1510 2879 1706 2923 czetcra
1739 2868 1976 2937 undique
2007 2865 2122 2921 loca

535 2959 697 3013 turbo
742 2960 1135 3028 persecutionis
1183 2969 1289 3014 tam
1326 2960 1623 3015 immensus
1664 2969 1720 3014 et
1768 2957 2126 3014 intolerabilis

533 3050 657 3119 fuit,
686 3060 743 3107 ut
770 3067 839 3107 ex
876 3053 989 3124 ipsa
1029 3054 1311 3109 nimietate
1338 3063 1393 3109 et
1419 3054 1703 3109 atrocitate
1727 3053 1892 3124 gestis
1917 3061 2125 3121 marty-

538 3160 659 3199 rum
684 3145 1098 3217 derogetﬁdem.
1125 3144 1369 3218 (Niceph.
1389 3146 1478 3201 lib.
1506 3162 1601 3211 vn,
1621 3163 1666 3201 ε.
1694 3145 1776 3200 l7.
1804 3145 1926 3200 Hist
1953 3142 2126 3213 Eccl.)

536 3238 641 3293 Alii
668 3238 852 3310 ﬂagris
890 3240 1291 3312 dlscerpuntur,
1332 3241 1419 3296 alii
1448 3241 1729 3295 fodiuntur
1763 3239 1997 3311 ungulis,
2035 3237 2125 3293 alii

537 3329 769 3387 ﬂammis
813 3332 996 3404 ignitis
1043 3341 1299 3400 uruntur,
1341 3333 1431 3388 alii
1482 3333 1659 3406 gladio
1704 3335 2125 3398 obtruncantur,

536 3422 625 3476 alii
671 3421 925 3492 patibulis
967 3422 1274 3496 aﬂiguntur,
1307 3422 1396 3480 alii
1422 3424 1831 3496 praecipitantur
1872 3423 1925 3476 in
1954 3436 2124 3492 mare,

538 3513 626 3566 alii
660 3522 784 3583 post
823 3524 1033 3585 tergum
1081 3516 1281 3572 vinctis
1325 3517 1576 3571 manibus
1624 3514 2024 3587 appenduntur,
2074 3521 2129 3569 et

540 3605 800 3661 trochleis
823 3608 1042 3664 distenti
1074 3609 1419 3665 membratim
1455 3610 1811 3675 divelluntur,
1856 3608 1944 3663 alii
1973 3607 2126 3665 testis

540 3696 787 3752 ﬁctilium
816 3700 1163 3757 vasculorum
1204 3701 1532 3769 lacerantur,
1562 3704 1735 3759 donec
1782 3710 1891 3757 tota
1936 3717 2126 3756 eorum
2154 3691 2202 3755 C

540 3787 798 3844 eradatur
816 3790 980 3857 cutis,
1004 3792 1091 3847 alii
1119 3793 1317 3848 dantur
1351 3795 1419 3849 ad
1458 3795 1683 3860 bestias,
1707 3794 1913 3859 leones,
1946 3809 2126 3859 ursos,

542 3878 763 3949 pardos,
794 3889 1008 3948 tauros,
1044 3898 1233 3954 apros,
1276 3892 1333 3939 et
1365 3886 1433 3941 ad
1469 3899 1629 3940 omne
1670 3884 1909 3940 ferarum
1936 3899 2126 3955 genus.

543 3971 650 4041 Ipsi
680 3973 994 4029 sacerdotes
1033 3975 1385 4030 ecclesiarum
1427 3972 1698 4031 nudantur
1746 3978 2130 4044 inverecunde,

548 4062 655 4115 huc
684 4072 844 4131 atque
866 4062 993 4118 illuc
1019 4064 1087 4119 ab
1110 4063 1291 4135 impiis
1315 4065 1622 4120 trahuntur.
1640 4065 1785 4121 Proh
1807 4066 1957 4122 nefas
1980 4068 1992 4121 ε
2014 4082 2134 4136 qua:

547 4152 854 4218 bomicidis,
885 4153 1167 4219 adulteris,
1192 4156 1518 4222 veneuariis,
1542 4171 1605 4211 ac
1629 4157 1996 4227 sepulcrorum
2018 4158 2135 4214 vio-

548 4246 813 4302 latoribus
841 4244 1054 4302 fuerant
1094 4245 1377 4315 fabricata,
1403 4262 1544 4304 nunc
1580 4249 1981 4320 episcoporum,
2014 4265 2135 4320 pre-

547 4339 911 4410 sbyterorum,
955 4338 1339 4405 diaconorum,
1385 4349 1815 4410 caaterorumque
1854 4341 2136 4411 religioso-

551 4445 669 4485 rum
693 4470 709 4495 ,
753 4429 891 4487 colla
933 4431 1342 4504 constringunt;
1377 4432 1447 4487 ita
1478 4440 1538 4486 ut
1566 4432 1875 4489 criminosis
1896 4450 1998 4490 nec
2026 4435 2138 4489 vin-

550 4518 672 4575 cula
718 4530 1104 4592 superessent,
1145 4536 1247 4579 nec
1299 4520 1450 4581 locus
1479 4523 1757 4595 ergastuli.
1804 4523 1979 4581 Tanta
2009 4540 2139 4595 ergo

551 4612 803 4668 scelerati
815 4613 1076 4684 principis
1096 4613 1415 4671 satellitibus
1440 4613 1616 4670 inerat
1635 4615 1802 4672 libido
1828 4616 2138 4686 torquendi,

552 4716 612 4762 ut
637 4713 895 4762 vacarent
921 4720 1021 4778 per
1042 4706 1209 4765 otium
1234 4707 1300 4761 ad
1324 4690 1710 4778 excogitandos
1732 4723 1901 4765 novos
1931 4708 2141 4764 crucia-

554 4808 662 4853 tus.
691 4799 1022 4867 Quibusdam
1050 4800 1150 4855 sub
1180 4801 1451 4871 unguibus
1487 4812 1677 4858 acutas
1716 4802 1945 4875 inﬁgunt
1977 4818 2143 4858 arun-

555 4892 711 4946 dines
735 4905 750 4944 :
777 4891 1100 4961 quibusdam
1140 4892 1419 4962 plumbum
1449 4893 1572 4967 igne
1598 4893 1947 4964 liquefactum
1982 4910 2142 4951 uorso

556 4982 897 5051 diﬂ'undunt,
926 5000 1095 5057 usque
1139 4986 1217 5043 ad'
1253 4986 1369 5044 loca
1413 4989 1661 5060 pudenda
1702 4990 1899 5061 quibus
1938 4990 2143 5063 egestio

560 5079 827 5135 naturalis
884 5083 1159 5151 procreari
1220 5084 1398 5149 solet;
1472 5084 1794 5155 feminisque
1860 5086 2144 5141 candentis

558 5170 688 5226 ferri
730 5181 787 5228 et
826 5174 1003 5231 exusti
1033 5170 1235 5246 plumbi
1275 5192 1490 5243 massae,
1515 5177 1719 5247 absque
1746 5175 1858 5232 ullo
1898 5178 2147 5232 humani-

559 5263 688 5319 tatis
711 5275 976 5335 respectu,
998 5282 1097 5337 per
1120 5269 1369 5338 pudenda
1395 5268 1694 5324 visceribus
1716 5277 2050 5339 merguntur.
2084 5268 2151 5325 Et

561 5355 608 5413 si
643 5363 877 5413 tortores
906 5357 1102 5413 alicubi
1124 5358 1263 5413 duas
1289 5358 1496 5413 vicinas
1525 5357 1748 5414 arbores
1777 5359 1877 5415 sibi
1912 5360 2151 5415 invenie-

560 5450 711 5517 bant,
746 5467 925 5508 ramos
947 5450 1016 5507 ad
1043 5466 1103 5507 se
1144 5448 1520 5517 inﬂectebant,
1551 5452 1741 5523 eisque
1782 5453 2008 5525 singulis
2036 5455 2155 5508 sin-

562 5542 714 5616 gulos
742 5553 1041 5617 martyrum
1082 5544 1250 5615 pedes
1292 5543 1558 5615 llgabant;
1607 5545 1697 5614 qui
1748 5546 1882 5601 rami
1932 5561 2052 5600 cum
2085 5546 2152 5601 ad

565 5638 727 5694 situm
771 5655 926 5694 suum
972 5638 1204 5693 naturali
1234 5640 1435 5709 impetu
1477 5637 1831 5707 referrentur,
1860 5642 2150 5710 discerptis

567 5733 895 5809 divulsisque
928 5734 1249 5805 visceribus,
1273 5733 1460 5791 avulsa
1487 5747 1674 5791 secum
1702 5735 1947 5793 membra
1975 5736 2152 5813 rapie-

2224 2451 2536 2499 vastaverat
2563 2443 2883 2510 Ecclesiam,
2914 2444 2989 2498 ita
3011 2453 3092 2510 ut,
3114 2451 3249 2498 nutu
3278 2442 3471 2497 divino
3500 2442 3687 2496 subito
3707 2455 3809 2510 per-

2224 2535 2453 2601 mutati,
2508 2535 2750 2606 deposita
2798 2549 3035 2605 purpura
3078 2533 3402 2602 ueterisque
3451 2530 3806 2602 imperialibm

2224 2625 2582 2690 ornamentis,
2612 2624 2809 2695 plebeii
2841 2624 2973 2678 ﬁant
3011 2638 3075 2679 ac
3119 2622 3315 2693 privati
3343 2631 3475 2690 post
3520 2620 3803 2690 imperium.

2226 2715 2377 2770 Tunc
2398 2730 2529 2787 ergo
2546 2715 2659 2784 jam
2680 2729 2777 2786 per
2800 2716 2910 2770 vim
2940 2726 2993 2768 et
3017 2714 3419 2769 contentionem
3450 2710 3699 2767 Romam
3724 2713 3807 2765 im-

2226 2806 2380 2877 perio
2424 2806 2478 2861 in
2528 2806 2661 2861 duas
2694 2805 3108 2876 procurationes
3155 2805 3333 2860 diviso
3357 2847 3375 2871 ,
3408 2803 3734 2858 Maximinus
3758 2801 3805 2855 in

2228 2900 2468 2957 Orientis
2491 2899 2736 2971 partibus
2761 2909 2967 2973 regnat,
3008 2900 3058 2954 vi
3100 2899 3316 2969 rapiens
3342 2912 3544 2953 nomen
3572 2894 3802 2967 Augusti,

2227 2990 2577 3048 Constantius
2605 2993 2658 3047 in
2698 2991 3010 3049 Occidente.
3049 2990 3147 3048 Hic
3174 2990 3523 3046 Constantius
3551 3003 3671 3058 erga
3699 3000 3795 3040 no-

2230 3091 2371 3139 stros
2397 3084 2696 3139 clementer
2739 3084 2868 3155 agit.
2919 3082 3026 3139 Sed
3061 3090 3118 3138 et
3164 3081 3485 3147 Maxentius,
3533 3078 3799 3135 laximini

2230 3177 2481 3234 Herculei
2529 3178 2693 3245 ﬁlius,
2734 3178 2952 3251 collega).
2987 3176 3342 3243 Diocletiani,
3386 3176 3443 3230 in
3472 3176 3607 3230 urbe
3644 3174 3803 3228 Rom

2231 3271 2527 3327 dominium
2557 3278 2803 3340 occupat,
2830 3276 2887 3325 et
2915 3278 3137 3325 exercet
3180 3267 3547 3340 tyrannidem.
3572 3265 3669 3321 llic
3704 3278 3799 3319 ma-

2229 3364 2405 3434 gicam
2432 3372 2650 3419 secutus
2675 3372 2849 3418 artem
2867 3403 2884 3429 ,
2916 3369 3080 3417 totam
3122 3360 3352 3416 Romam
3383 3359 3656 3415 scelerum
3674 3356 3799 3426 ﬂagi-

2230 3455 2323 3509 tiis
2342 3462 2398 3510 et
2425 3452 2560 3510 fasce
2586 3455 2918 3525 impuritatis
2949 3455 3148 3524 replet,
3177 3455 3409 3524 gloriam
3439 3452 3701 3510 nobilium
3724 3451 3801 3505 ob-

2232 3553 2457 3612 scurat,
2508 3554 2792 3603 senatores
2845 3546 3177 3617 proscribit,
3234 3546 3506 3603 matronis
3568 3543 3801 3602 nobilillts

2232 3639 2491 3697 abutitur.

2896 3745 3070 3793 CAPUT
3107 3744 3186 3785 Ill.

2548 3820 2785 3893 Regnum
2819 3820 3116 3879 Constantii
3139 3833 3187 3879 et
3226 3821 3537 3878 Maximini.

2306 3936 2365 3992 In
2389 3936 2633 3997 Orientis
2656 3951 2787 3997 vero
2821 3946 2987 4008 atque
3008 3936 3229 4011 Egypti
3255 3939 3508 4011 partibus
3538 3937 3724 3994 similis
3742 3942 3808 3991 est

2236 4029 2287 4097 ei
2314 4046 2414 4101 per
2440 4030 2619 4087 omnia
2652 4030 2996 4096 Maximinus,
3025 4041 3221 4087 exutus
3245 4033 3579 4104 principem,
3600 4031 3804 4088 rabidum

2238 4120 2415 4199 induit
2447 4130 2735 4193 tyrannum
2758 4163 2771 4186 ,
2803 4122 3095 4181 simulacra
3122 4122 3285 4187 colit,
3314 4124 3553 4194 auguria
3586 4131 3810 4185 sectatur,

2240 4212 2484 4283 impurus
2522 4213 2751 4268 conviva
2774 4221 2829 4269 et
2851 4213 3120 4279 ebriosus,
3149 4214 3404 4284 omnique
3444 4230 3653 4285 genere
3673 4214 3810 4293 disse

2240 4300 2505 4357 lutionum
2528 4300 2817 4369 ﬂuctuans,
2842 4304 3013 4361 hostis
3043 4304 3281 4360 maxime
3300 4304 3751 4366 Christianorum,
3768 4308 3808 4356 et

2240 4408 2589 4467 persecutor;
2621 4396 2818 4467 quibus
2860 4397 3040 4468 ignes,
3074 4397 3322 4465 laminas,
3367 4413 3573 4454 cruces
3599 4440 3616 4464 ,
3644 4407 3696 4454 et
3726 4395 3793 4450 sin

2244 4488 2382 4561 gulis
2423 4488 2681 4544 membris
2720 4489 2981 4561 specialia
3022 4489 3188 4545 infert
3232 4490 3516 4560 supplicia.
3549 4489 3716 4560 Igitur
3739 4484 3814 4539 dc-

2245 4595 2362 4639 cem
2404 4581 2562 4637 annis
2590 4581 2749 4650 hujus
2785 4584 3176 4652 persecutionis
3202 4583 3501 4648 devolutis,
3550 4585 3703 4638 adest
3735 4579 3811 4634 ite-

2245 4687 2366 4728 rum
2406 4672 2585 4728 divina
2631 4673 2968 4743 providentia
3014 4676 3252 4741 nostris,
3278 4684 3337 4739 et
3377 4690 3516 4746 quos
3544 4690 3652 4745 per
3672 4674 3817 4744 ignem

2244 4763 2586 4836 probaverat,
2622 4764 2803 4818 educit
2837 4765 2905 4819 ad
2953 4764 3317 4836 refrigerium.
3344 4764 3486 4821 Nam
3512 4764 3698 4819 divina
3720 4774 3816 4817 cer-

2249 4867 2435 4930 rcptus
2462 4859 2668 4913 ultione
2720 4858 2860 4914 idem
2907 4856 3250 4919 Maximinus,
3283 4858 3464 4913 subito
3493 4855 3731 4919 inﬂatus,
3751 4851 3819 4906 vi-

2249 4950 2493 5008 sceribus
2513 4950 2861 5015 distenditur,
2894 4949 3691 5027 putrefactisquepostmodum
3726 4942 3820 4998 vulc

2167 5056 2222 5118 ι)
2251 5044 2500 5119 neribus,
2532 5058 2744 5119 vermes
2792 5041 3024 5108 ebullit,
3073 5042 3409 5115 fetoremque
3449 5037 3822 5097 intolerabilem

2250 5131 2487 5191 exhalat.

2910 5262 3084 5302 CAPUT
3123 5260 3185 5300 ll.

2328 5362 2587 5436 (ΗΑγκο.)
2635 5359 2951 5417 Redivivum
2996 5362 3227 5432 quodam
3285 5360 3446 5416 modo
3480 5375 3587 5431 per
3621 5352 3823 5415 sintth

2259 5457 2506 5513 morbum
2542 5453 2804 5508 habemus
2852 5468 2995 5507 nunc
3040 5451 3329 5508 Herodem.
3361 5449 3453 5505 Ille
3479 5491 3495 5517 ,
3526 5450 3659 5521 quia
3698 5442 3824 5503 Chri-

2261 5559 2400 5605 stum
2425 5545 2786 5617 persequitur,
2831 5546 2972 5615 pube
3014 5552 3171 5599 tenus
3197 5542 3416 5598 inﬂatus
3446 5550 3625 5598 scatet
3653 5533 3821 5595 vermi-

2261 5642 2364 5696 bus
2392 5648 2473 5695 :et
2503 5640 2605 5694 iste
2629 5639 2891 5709 probroso
2913 5638 3105 5694 eodem
3130 5636 3343 5693 laborat
3376 5635 3549 5699 exitu,
3577 5635 3698 5705 quia
3720 5643 3823 5701 per-

2261 5731 2503 5809 sequitur
2523 5727 2882 5786 Cbristianos.
2899 5728 3097 5786 Actum
3118 5726 3386 5807 siquidem
3410 5725 3641 5805 pulchro
3659 5722 3823 5781 divina:
