4020 6338
49 288 178 344 861

1049 284 1393 347 HISTORUE
1432 286 1677 343 SACRxE
1718 284 2047 344 EPITOME.
2089 319 2161 330 —
2195 288 2323 345 LIB.
2367 288 2501 346 VIII.

3285 297 3392 354 689

56 404 580 463 considerationis
622 403 817 460 intuitu
843 444 859 471 ,
888 411 948 459 ut
984 406 1204 460 daretur
1251 403 1474 477 intelligi
1505 413 1706 476 quanta
1736 414 1787 477 Α
1813 408 1982 464 simus
2028 408 2350 479 imperator,
2402 409 2705 466 Constantii
2760 425 2914 482 aeque
2964 409 3388 471 moderatissimi

59 497 149 553 sit
191 496 419 566 capitis
445 504 500 552 et
527 495 889 572 membrorum
928 496 1211 562 connexio,
1244 504 1443 566 quanta
1468 505 1522 551 et
1542 511 1704 569 quam

65 587 358 647 indivisa
406 587 477 644 sit
514 586 714 644 Christi
758 587 997 643 charitas
1021 630 1036 655 ,
1074 588 1224 644 zelus
1257 588 1325 642 ad
1372 587 1707 655 Ecclesiam,

62 679 227 735 dum
259 679 526 734 eamdem
575 672 738 734 infert
774 678 1066 735 vindictam
1112 680 1548 751 persecutoribus
1587 694 1711 735 suo-

66 787 249 838 rum,
284 786 464 841 quam
494 769 576 824 sui
603 770 771 841 ipsius
797 772 1150 841 persecutori.
1179 771 1393 843 (Euseb.
1432 770 1523 824 lib.
1554 787 1631 838 rx,
1660 788 1709 826 c.

64 864 135 929 9,
174 861 352 917 Hist.
378 860 551 928 Eccl.)
577 860 784 930 Itaque,
813 877 936 916 cum
952 861 1065 933 jam
1086 862 1466 931 desperaretur
1490 876 1520 914 a
1550 861 1714 916 medi-

69 956 195 1020 eis,
236 970 378 1009 sera
406 955 599 1011 ductus
625 957 960 1027 pmnitentia,
988 957 1310 1013 Maximinus
1331 957 1501 1029 legem
1523 956 1715 1013 scribit

74 1055 147 1102 ut
181 1053 392 1102 cesset
412 1048 719 1116 persecutio
748 1045 1211 1114 Christianorum,
1242 1058 1297 1103 et
1320 1048 1714 1103 reaediﬁcentur

74 1138 387 1195 ecclesiae.
424 1137 594 1203 Tunc,
625 1138 769 1193 velut
808 1139 919 1195 sole
958 1139 1118 1193 terris
1140 1139 1368 1204 reddito,
1401 1138 1715 1195 relaxantur

77 1244 309 1284 omnes
349 1228 517 1283 vincti
545 1246 558 1281 :
591 1236 645 1283 et
668 1229 759 1298 qui
795 1229 1033 1283 damnati
1059 1236 1215 1284 erant
1245 1244 1342 1299 per
1366 1228 1600 1295 metalla,
1626 1243 1715 1283 re-

80 1323 422 1387 νθιιιιηῑιιιο,
474 1321 850 1376 instaurantur
897 1322 1160 1388 ecclesiae,
1210 1322 1509 1378 sacerdotia
1559 1336 1715 1393 repa-

84 1419 338 1474 rantur,
382 1409 723 1480 stupentibus
772 1409 1060 1480 gentilibus
1110 1412 1303 1466 turmis
1350 1411 1418 1467 de
1467 1420 1616 1466 tanta
1660 1418 1714 1467 et

87 1512 218 1557 tam
265 1501 460 1556 subita
486 1515 667 1556 rerum
700 1502 1017 1556 mutatione.
1064 1500 1172 1557 Sed
1198 1503 1338 1557 hanc
1370 1518 1557 1573 pacem
1588 1501 1712 1557 red-

90 1595 284 1649 ditam
314 1593 524 1649 nostris
551 1592 785 1648 Severus
818 1592 1144 1648 Maximinus
1163 1634 1179 1659 ,
1202 1592 1411 1664 praefati
1438 1592 1715 1648 Maximini

92 1685 354 1757 collega,
384 1684 439 1739 in
467 1684 704 1740 Orientis
730 1684 974 1755 partibus
1007 1692 1169 1755 atque
1208 1682 1441 1756 Egypto
1468 1684 1713 1756 tyranni-

1810 504 2085 575 principis,
2119 504 2185 560 de
2213 519 2321 575 quo
2347 506 2506 575 paulo
2527 515 2652 562 ante
2683 508 3102 565 memoravimus
3124 550 3139 575 ,
3164 486 3306 566 ﬁlius
3328 498 3393 567 'et

1811 590 2340 665 haeres,'Romanum
2369 600 2578 655 obtinet
2620 601 2927 671 imperium.
2973 586 3075 660 Hic
3110 605 3163 660 in
3204 606 3393 663 obser-

1811 689 1994 746 vantia
2015 689 2289 760 religionis
2315 705 2502 746 omnes
2529 701 2656 748 ante
2690 709 2750 750 se
2777 695 3132 767 imperatores
3160 712 3394 768 exsupe-

1814 787 1918 835 rat.
1964 778 2102 846 Hic,
2146 781 2351 837 ultimis
2396 785 2833 853 persecutionum
2874 789 3210 858 temporibus
3255 789 3388 855 fere,

1814 886 1938 925 cum
1960 871 2120 927 vellet
2145 871 2288 929 Deus
2322 874 2662 944 repropitiari
2690 878 2893 933 sanctis
2922 880 3064 944 suis,
3109 888 3165 935 et
3207 879 3393 936 Eccle-

1814 963 1949 1017 siam
1973 979 2127 1018 suam
2153 965 2439 1035 tranquilla
2469 968 2615 1036 pacis
2643 969 2912 1026 soliditate
2942 972 3203 1039 stabilire,
3226 971 3393 1029 ﬁbri-

1814 1056 2023 1111 stianus
2058 1055 2315 1123 effectus,
2363 1057 2635 1114 licentiam
2674 1059 2767 1114 dat
2808 1060 3132 1119 Christianis
3165 1063 3395 1119 concilia

1815 1144 1984 1200 libere
2003 1160 2354 1218 congregare,
2369 1156 2425 1203 et
2446 1148 2714 1204 aediﬁcare
2742 1149 3018 1213 ecclesias,
3047 1168 3185 1222 quas
3205 1161 3260 1207 et
3280 1152 3395 1221 ipse

1815 1233 2077 1303 plurimas
2092 1235 2468 1300 constituerat,
2481 1246 2535 1290 et
2547 1236 2775 1306 plurima
2792 1237 3041 1309 largitur,
3057 1240 3238 1294 divino
3252 1255 3394 1295 com-

1819 1327 2056 1382 monitus
2079 1326 2378 1397 Spiritu,et
2412 1328 2513 1381 hoc
2541 1327 2746 1382 cmlesti
2776 1328 3054 1384 miraculo.
3086 1329 3220 1386 Cum
3252 1338 3398 1386 esset

1815 1432 2148 1494 pugnaturus
2187 1430 2375 1477 contra
2418 1419 2744 1477 Maxentium
2784 1423 2937 1477 urbis
2981 1424 3165 1478 Romae
3213 1432 3398 1496 tyran-

1818 1530 1968 1581 num,
2020 1522 2073 1570 et
2102 1513 2224 1569 inde
2252 1513 2493 1569 divinum
2531 1513 2790 1568 auxilium
2835 1515 3237 1584 deprecaretur;
3264 1513 3401 1569 vidit

1816 1615 1973 1662 nocte
1996 1621 2093 1681 per
2120 1621 2369 1676 soporem
2396 1606 2607 1677 signum
2639 1606 2850 1677 igneum
2876 1606 2928 1659 iu
2957 1605 3117 1671 cmlo,
3146 1613 3200 1660 et
3222 1615 3399 1660 astare

1819 1696 2070 1767 angelum
2097 1697 2360 1753 dicentem
2388 1714 2401 1752 :
2434 1696 2805 1760 Constantine,
2831 1696 3005 1751 in.hoc
3033 1697 3180 1766 signa
3206 1697 3397 1751 vinces.

95 1779 238 1833 dem
291 1793 594 1843 exercens,
642 1778 824 1833 statim
868 1785 991 1849 post
1036 1792 1132 1834 sex
1173 1792 1388 1841 menses
1414 1777 1715 1848 perturbat.

1827 1790 2008 1859 Itaque
2044 1804 2168 1844 cum
2212 1789 2316 1845 hoc
2353 1789 2504 1859 signo
2541 1788 2596 1842 in
2636 1787 2888 1842 militaria
2916 1787 3107 1842 vexilla
3142 1785 3403 1842 transfor-

102 1870 365 1927 Rursum
422 1871 683 1927 adversus
728 1880 945 1927 nostros
1007 1870 1311 1942 persecutio
1356 1871 1710 1935 instauratur,

100 1963 474 2019 concitantur
498 1962 910 2019 simulacrorum
943 1960 1225 2032 pontiﬁces
1267 1961 1323 2016 in
1358 1961 1480 2016 odia
1515 1968 1572 2015 et
1616 1974 1717 2015 ne-

102 2070 237 2110 cem
282 2055 745 2110 Christianorum.
784 2054 938 2122 Quod
986 2061 1048 2109 ut
1092 2053 1273 2123 aliqua
1313 2052 1460 2122 justa
1509 2053 1719 2108 ratione

101 2148 381 2203 videatur
410 2146 548 2213 ﬁeri,
574 2146 957 2217 conﬁnguntur
986 2152 1105 2200 acta
1126 2146 1372 2215 quasdam
1403 2144 1551 2198 velut
1578 2142 1720 2214 apud

102 2239 366 2294 Pilatum
393 2239 461 2294 de
491 2237 775 2293 Saluatore
802 2245 991 2293 nostro
1010 2235 1218 2302 habita,
1239 2236 1294 2290 in
1316 2235 1512 2306 quibus
1536 2237 1722 2291 adver-

108 2344 218 2384 sus
235 2327 520 2383 Christum
545 2327 721 2383 omnis
748 2326 1075 2397 blasphemia
1110 2326 1489 2383 conscribitur.
1526 2324 1719 2398 (Idem,

112 2436 168 2472 c.
199 2419 261 2484 6,
292 2418 348 2484 7,
382 2417 438 2483 8,
467 2418 640 2489 ejusd.
665 2417 782 2489 lib.)
809 2416 958 2473 Tunc
988 2433 1204 2473 rursum
1247 2419 1387 2489 apud
1426 2417 1628 2490 Tyrum
1668 2424 1726 2472 et

113 2506 426 2563 thnicen
471 2507 627 2562 multi
674 2517 940 2581 martyres
972 2510 1300 2581 agonizant,
1328 2519 1382 2565 et
1422 2524 1519 2580 per
1553 2508 1722 2565 multa

113 2600 232 2656 alia
253 2599 396 2655 loca.
424 2599 592 2655 Addit
614 2615 827 2672 quoque
854 2600 1109 2672 praefatus
1138 2602 1371 2657 Severus
1399 2601 1724 2660 Maximinus

117 2692 401 2763 impietati
425 2707 558 2760 sum,
572 2693 715 2762 quod
735 2693 1020 2748 adversum
1055 2702 1269 2748 nostras
1289 2692 1433 2764 leges
1456 2692 1614 2748 aereis
1640 2701 1725 2749 ta-

121 2787 272 2843 bulis
315 2786 529 2851 scribit,
573 2794 827 2856 tanquam
880 2786 934 2840 in
986 2794 1245 2840 aeternum
1298 2801 1623 2852 mansuras,
1667 2786 1723 2841 in

123 2878 334 2950 quibus
364 2877 527 2947 impie
548 2886 604 2933 et
627 2879 860 2948 superbe
886 2885 1275 2933 commemorat
1299 2877 1443 2947 quod
1478 2892 1544 2932 ex
1568 2877 1723 2933 Chri-

125 2973 432 3027 stianorum
466 2970 844 3042 persecutione
879 2978 1024 3026 esset
1058 2970 1347 3041 temperies
1370 2977 1424 3025 et
1455 2977 1611 3025 terrae
1639 2969 1722 3025 fe-

129 3062 385 3118 cunditas
423 3061 806 3117 abundantior.
856 3061 1104 3133 (Nicepli.
1151 3060 1243 3115 lib.
1275 3075 1371 3126 vn,
1419 3079 1463 3116 ε.
1508 3061 1599 3127 2i,
1628 3059 1720 3127 22,

1819 1858 1968 1938 mato
1994 1881 2238 1953 procedit
2269 1881 2336 1936 ad
2362 1858 2584 1945 bellum,
2618 1879 2870 1949 idemque
2899 1877 3113 1948 signum
3154 1893 3220 1932 ex
3267 1891 3402 1933 auro
3497 1858 3507 1874 ’

1820 1973 2177 2030 fabrefactum
2202 1972 2422 2026 dextera
2452 1985 2616 2025 manu
2644 1984 2741 2025 sua
2767 1978 3009 2041 gestans,
3033 1978 3087 2023 et
3106 1966 3403 2035 deprecans

1822 2064 2010 2126 Deum,
2050 2071 2128 2128 ut,
2169 2062 2214 2119 si
2245 2062 2362 2116 ﬁeri
2394 2069 2594 2134 posset,
2625 2061 2772 2115 illam
2803 2061 3078 2116 dexteram
3107 2075 3260 2115 suam
3293 2074 3403 2114 non

1824 2157 2030 2212 sineret
2072 2155 2318 2211 Romano
2363 2155 2625 2226 sanguine
2666 2154 2956 2221 maculari;
2996 2162 3321 2226 praestatque
3351 2151 3404 2209 ei

1824 2248 1988 2314 Deus,
2021 2247 2455 2316 Maxentiumque
2482 2255 2786 2329 tyrannum,
2819 2246 3071 2316 congredi
3100 2255 3401 2318 parantem,

1824 2357 1945 2397 cum
1973 2340 2240 2397 universis
2268 2341 2495 2396 navibus
2522 2339 2719 2411 quibus
2744 2339 2962 2396 ﬂuvium
2992 2348 3275 2402 straverat,
3310 2339 3406 2396 de-

1824 2433 2020 2504 mergit
2045 2432 2097 2487 in
2126 2431 2469 2503 profundum.
2510 2431 2664 2488 Tunc
2686 2441 2905 2489 senatus
2925 2430 3262 2502 populusque
3291 2428 3403 2484 Ro-

1825 2540 2049 2591 manus,
2101 2525 2384 2595 tyrannica
2430 2533 2585 2593 peste
2621 2522 2853 2591 liberati,
2898 2521 3311 2580 Constantinum
3346 2524 3408 2575 ut

1825 2633 1936 2672 sure
1966 2617 2231 2672 libertatis
2259 2617 2629 2672 restitutorem
2668 2615 2973 2685 excipiunt,
3008 2614 3316 2684 faciuntque
3353 2612 3406 2669 ei

1826 2709 2115 2779 imaginem
2158 2709 2226 2763 ob
2274 2709 2537 2764 honorem
2581 2706 2854 2777 triumphi.
2908 2704 2964 2760 In
3013 2705 3167 2776 cujus
3214 2705 3406 2760 dextra

1826 2798 1968 2853 idem
2026 2798 2320 2868 imperator
2369 2798 2581 2868 signum
2637 2796 2815 2851 crucis
2868 2795 3083 2867 depiugi
3133 2793 3308 2864 jubet,
3351 2802 3409 2855 et

1826 2890 2013 2945 subter
2063 2889 2258 2945 ascribi
2298 2886 2456 2957 hujus
2485 2888 2688 2942 virtute
2718 2885 2914 2941 Urbem
2944 2886 3251 2941 restitutam
3286 2878 3408 2943 esse

1827 2980 2083 3036 libertati.
2117 2978 2268 3035 Tunc
2293 2979 2464 3050 legem
2490 2978 2711 3045 scribit,
2751 2978 3101 3046 conspirante
3129 2976 3293 3032 etiam
3321 2991 3411 3034 se-

1827 3088 1950 3129 cum
1980 3072 2034 3127 in
2065 3073 2169 3127 hoc
2196 3070 2424 3137 Licinio,
2464 3069 2669 3126 sororis
2698 3086 2809 3126 suae
2832 3068 3167 3143 Constantia;
3183 3068 3321 3135 viro,
3356 3075 3411 3127 et

130 3154 230 3221 ’λεν
261 3170 377 3210 cum
411 3153 544 3226 εειιο)
574 3151 682 3211 sed
725 3154 811 3210 his
839 3153 1087 3225 superbis
1130 3153 1339 3224 legibus
1375 3154 1562 3209 statim
1592 3169 1722 3209 con—
1749 3149 1794 3212 C
1826 3173 2076 3220 consorte
2105 3163 2274 3235 regni,
2300 3172 2362 3217 ut
2384 3162 2452 3217 ab
2470 3162 2739 3217 universis
2759 3162 2970 3217 colatur
2993 3160 3133 3217 Deus
3152 3159 3413 3219 Christia-

136 3246 426 3302 tradicitur
446 3260 479 3300 a
515 3246 647 3312 Deo,
677 3252 730 3301 et
765 3260 854 3301 res
883 3253 1171 3301 vertuntur
1196 3245 1251 3300 in
1274 3246 1606 3302 contrarium
1628 3287 1643 3313 ,
1671 3254 1729 3301 et

137 3351 240 3406 pro
267 3336 381 3406 ipsa
405 3343 717 3391 nostrorum
758 3334 1137 3406 persecutione
1182 3351 1309 3390 mox
1351 3335 1600 3392 restricto
1626 3336 1728 3391 im-

142 3428 329 3484 bribus
353 3428 507 3492 coelo,
540 3436 597 3483 et
623 3426 766 3484 facta
789 3427 1111 3484 intolerabili
1158 3427 1431 3495 ariditate,
1463 3427 1634 3484 fames
1653 3424 1728 3485 ibi

143 3518 263 3574 dira
303 3526 615 3590 grassatur;
646 3518 789 3574 aeris
833 3533 1047 3589 quoque
1088 3518 1376 3589 temperies
1422 3518 1477 3574 in
1520 3526 1729 3574 tantam

144 3609 372 3663 vertitur
392 3608 819 3679 corruptionem,
851 3617 912 3663 ut
948 3609 1183 3664 humana
1214 3624 1442 3681 corpora
1479 3610 1731 3680 pessimis

148 3699 416 3757 ulceribus
451 3702 837 3769 intumescant,
868 3718 990 3773 quae
1019 3704 1158 3775 ignis
1186 3719 1342 3760 sacer
1370 3704 1727 3775 appellantur.

149 3793 313 3864 Igitur
338 3796 454 3851 dua:
480 3796 826 3852 validissimae
850 3805 1033 3868 pestes
1056 3806 1111 3853 et
1137 3797 1253 3853 lues
1282 3797 1537 3869 populum
1571 3795 1733 3852 deva-

155 3895 316 3953 stant,
344 3903 464 3943 cum
496 3898 699 3952 tamen,
732 3890 878 3959 quod
907 3889 1189 3956 mirabile,
1219 3905 1319 3946 nec
1360 3889 1535 3946 fames
1558 3888 1609 3943 in
1637 3887 1733 3943 ali-

156 3994 280 4051 quo,
307 3994 404 4035 nec
424 3979 537 4036 lues
560 3981 761 4036 nostris
793 3980 1184 4038 dominaretur.
1212 3981 1365 4039 Unde
1390 3981 1733 4052 postmodum

158 4072 224 4127 ab
248 4072 491 4127 omnibus
515 4070 826 4128 Christiana
857 4072 1050 4145 religio
1090 4089 1222 4130 vera
1251 4082 1307 4130 et
1336 4072 1575 4145 perfecta
1614 4086 1735 4129 esse

159 4162 488 4230 inclamatur,
512 4164 823 4236 petiturque
849 4181 878 4220 a
908 4165 1109 4221 nostris
1134 4166 1435 4223 subsidium
1464 4163 1735 4220 alimonia:

158 4263 211 4311 et
240 4255 687 4312 orationis.Addit
706 4272 921 4329 quoque
944 4257 1087 4314 Deus
1114 4257 1406 4313 Maximino
1428 4258 1568 4313 hanc
1587 4258 1735 4328 justa

163 4345 502 4401 retributione
543 4346 958 4403 confusionem:
1000 4349 1266 4404 rebellant
1300 4348 1544 4403 Armenii
1586 4348 1735 4418 prius

166 4440 314 4496 amici
343 4439 727 4508 Romanorum,
749 4451 971 4513 propter
1002 4440 1210 4496 nefaria
1233 4441 1349 4510 ejus
1372 4440 1580 4507 edicta;
1600 4454 1734 4510 quo-

1829 3270 2047 3320 norum,
2073 3254 2164 3324 qui
2193 3252 2295 3308 sibi
2326 3252 2607 3308 victoriam
2641 3251 2788 3306 dedit
2813 3261 2868 3306 et
2907 3251 3037 3308 Urbi
3072 3250 3408 3316 libertatem;

1828 3359 1990 3415 quam
2016 3344 2189 3417 legem
2217 3352 2271 3399 et
2301 3358 2471 3413 usque
2496 3344 2564 3399 ad
2594 3342 2832 3398 Orientis
2860 3351 3040 3412 partes
3065 3341 3288 3407 emittit,
3318 3339 3414 3399 ubi

1830 3437 2007 3492 adhuc
2032 3435 2304 3492 ferbuerat
2333 3435 2658 3507 persecutio.
2694 3434 2845 3490 Tunc
2868 3434 3109 3505 apertius
3135 3433 3414 3504 indulgen-

1832 3530 1906 3585 tia
1951 3528 2173 3600 legitimi
2215 3526 2475 3600 principis
2516 3524 2801 3582 manifeste
2840 3534 3015 3581 status
3048 3523 3418 3583 Ecclesiarum

1831 3621 2074 3693 reparari
2101 3621 2320 3692 incipit,
2371 3621 2591 3677 verbum
2634 3629 2688 3677 et
2728 3620 2971 3677 doctrina
3012 3619 3212 3677 Christi
3247 3619 3420 3679 libere

1830 3699 2187 3789 propagatur,
2242 3715 2587 3771 celebrantur
2650 3714 2976 3773 festivitates
3004 3758 3018 3784 ,
3092 3716 3421 3773 conveniunt

1832 3810 2091 3881 episcopi,
2120 3809 2363 3866 ecclesia:
2387 3809 2722 3877 dedicantur,
2771 3819 3147 3880 persecutores
3181 3823 3419 3880 quoque.

1831 3918 1928 3975 per
1956 3918 2093 3974 quos
2124 3902 2449 3958 Maximinus
2477 3901 2769 3973 impietatis
2793 3900 3033 3958 fomenta
3059 3908 3418 3971 conceperat,

1827 3996 2051 4068 jubente
2072 3997 2333 4067 principe,
2364 3994 2638 4067 suppliciis
2659 3995 3071 4061 excruciantur;
3100 3995 3269 4066 ipsius
3289 4006 3423 4055 vero

1835 4086 2048 4160 tyranni
2092 4087 2359 4159 imagines
2398 4086 2619 4157 sculptae
2657 4086 2741 4141 vel
2777 4086 2936 4157 pictae
2974 4084 3299 4156 praecipitari
3327 4083 3420 4154 ju-

1833 4182 2048 4247 bentur,
2097 4181 2181 4237 vel
2227 4190 2348 4237 atro
2393 4179 2615 4247 fuscari,
2652 4188 2747 4236 aut
2787 4179 3061 4236 coloribus
3094 4176 3422 4235 oblitterari.

1835 4274 1972 4329 Dum
2001 4290 2133 4347 ergo
2160 4275 2240 4331 sic
2270 4274 2485 4345 proﬁcit
2514 4274 2753 4330 Ecclesia
2782 4274 2925 4344 apud
2965 4274 3133 4329 Deum
3162 4280 3217 4327 et
3241 4271 3422 4328 homi-

1835 4383 1953 4432 nes,
1981 4375 2039 4422 et
2063 4368 2219 4438 quasi
2257 4368 2503 4439 qumdam
2545 4367 2722 4438 imago
2764 4365 3069 4422 caelestium
3107 4363 3338 4419 habetur
3364 4362 3424 4427 in

1839 4458 2017 4524 terris,
2044 4458 2299 4528 praefatus
2328 4457 2588 4523 Licinius,
2611 4455 2855 4527 Augusto
2883 4455 3133 4510 invidens
3154 4452 3424 4511 Constan-

166 4552 279 4593 Tum
313 4537 362 4592 in
398 4537 540 4593 bello
568 4546 625 4594 εἴ
670 4538 785 4610 ipse
833 4538 1063 4610 ιιιτρίιεν
1116 4536 1348 4608 fultam",
1376 4545 1433 4592 ει
1463 4535 1736 4592 “melius
1763 4508 1813 4570 θ
1841 4549 1975 4614 tino,
2176 4550 2246 4604 ob
2275 4508 2588 4604 maximam,
2616 4508 2930 4617 religionem
2980 4545 3035 4601 in
3077 4544 3428 4605 veneratione

168 4628 358 4684 interiit
373 4643 501 4684 ense
528 4627 722 4702 (Idem,
761 4645 813 4687 c.
825 4628 915 4694 5i,
938 4627 1027 4695 59,
1051 4628 1222 4699 ejuad.
1246 4625 1362 4694 lib.)
1393 4626 1546 4681 Tunc
1565 4640 1741 4682 sacer-

169 4725 310 4778 dotes
333 4723 553 4779 deorum
583 4738 828 4788 suorum,
855 4731 912 4777 et
935 4721 1167 4787 divinos,
1200 4735 1429 4792 quorum
1461 4720 1736 4789 responsis

168 4813 298 4871 bella
315 4821 589 4881 moverat,
633 4813 862 4869 interlici
884 4810 1039 4882 jubet
1068 4820 1324 4882 tanquam
1359 4809 1599 4865 fallaces.
1632 4806 1736 4876 Qui

170 4914 223 4962 et
251 4904 454 4961 demum
482 4906 791 4961 vehementi
812 4903 1152 4974 aegritudine,
1180 4910 1235 4958 et
1265 4901 1541 4957 doloribus
1570 4900 1739 4954 inter-

173 5012 349 5053 norum
384 4996 652 5053 viscerum
692 5005 1009 5067 correptus,
1052 4994 1267 5051 amissis
1296 5010 1509 5064 quoque
1547 4992 1737 5049 morbo

174 5086 465 5153 luminibus,
499 5095 555 5143 et
602 5097 731 5145 tunc
776 5088 950 5160 magis
996 5088 1123 5158 quid
1164 5088 1422 5142 adversus
1464 5084 1736 5140 Christum

177 5179 486 5236 commiserit
511 5180 735 5246 videns,
762 5180 978 5235 vivendi
1012 5180 1176 5252 ﬁnem
1218 5179 1382 5246 facit,
1428 5177 1536 5231 lata
1588 5176 1739 5247 prius

179 5272 284 5341 lege
309 5285 397 5342 pro
432 5271 752 5353 liberatione
778 5272 1229 5328 Christianorum.

804 5400 975 5440 CAPUT
1013 5401 1087 5441 IV.

545 5476 620 5531 De
653 5474 995 5532 Constantino
1022 5476 1351 5543 imperatore.

250 5587 343 5648 Per
361 5590 501 5647 idem
534 5601 745 5663 tempus
771 5590 1013 5647 exoritur
1046 5588 1436 5645 Constantinus
1456 5586 1748 5658 religiosis-

254 5760 281 5797 ι
311 5745 539 5809 Subaudi
566 5765 677 5813 eas.

1840 4650 1986 4696 esset
2010 4640 2282 4705 omnibus,
2309 4648 2365 4694 et
2389 4639 2624 4695 maxime
2653 4637 2995 4703 Christianis,
3027 4637 3268 4695 occultas
3294 4637 3427 4694 insi-

1840 4731 1959 4786 dias
1989 4732 2222 4787 molitur.
2258 4730 2384 4796 Sed,
2411 4745 2602 4787 carens
2624 4729 2840 4798 effectu,
2872 4746 2996 4787 mox
3034 4738 3281 4801 apertum
3312 4729 3428 4786 bel-

1842 4822 1953 4891 lum
1983 4821 2198 4889 indicit,
2229 4822 2570 4878 Christianos
2596 4837 2754 4879 versa
2789 4822 2906 4878 vice
2946 4821 3310 4892 persequitur,
3349 4831 3425 4889 et,

1843 4927 1981 4968 nova
2008 4921 2063 4969 et
2092 4913 2331 4970 inaudita
2362 4912 2698 4979 crudelitate,
2736 4913 2918 4970 missis
2951 4916 3005 4968 in
3041 4929 3317 4970 carcerem
3353 4915 3431 4970 ci-

1844 5005 1971 5059 bum
2017 5014 2071 5058 et
2113 5013 2296 5075 potum
2342 5006 2620 5061 interdicit
2661 5023 2673 5059 :
2726 5005 3078 5076 nolentesque
3118 5006 3431 5061 sacriﬁcare

1845 5100 2001 5155 novis
2047 5114 2110 5154 ac
2158 5102 2518 5155 monstruosis
2563 5100 2881 5156 excruciaus
2923 5100 3221 5172 suppliciis,
3265 5099 3431 5154 tradit

1845 5195 2173 5261 lanionibus,
2207 5202 2284 5263 ut,
2321 5211 2608 5267 porcorum
2635 5212 2787 5253 more
2813 5211 3127 5269 suspensos,
3156 5203 3213 5252 et
3240 5192 3431 5252 caudi-

1845 5287 2001 5343 cibus
2030 5287 2418 5358 superpositos,
2448 5288 2657 5344 caedant
2686 5288 2742 5343 in
2770 5286 2974 5353 lrusta,
3010 5296 3069 5344 et
3095 5287 3152 5344 in
3177 5298 3332 5343 mare
3357 5282 3431 5339 ad

1824 5383 2102 5453 pabulum
2129 5384 2368 5454 piscibus
2393 5381 2698 5453 projiciant.
2731 5382 2922 5439 Missos
2950 5399 3080 5439 vero
3108 5384 3161 5437 in
3179 5379 3430 5437 exsilium

1846 5476 2099 5548 legitimis
2127 5477 2389 5531 uxoribus
2420 5475 2633 5545 spoliat,
2674 5492 2738 5532 ac
2769 5478 2883 5532 suis
2906 5488 2932 5516 ει
2963 5474 3287 5531 satellitibus
3305 5472 3430 5541 jun-

1846 5591 1942 5663 git.
1974 5590 2092 5647 Jam
2122 5605 2254 5646 vero
2290 5589 2547 5647 ecclesias
2578 5588 2837 5656 ﬁdelium,
2875 5603 3012 5660 quas
3048 5586 3198 5658 prius
3225 5582 3427 5641 exstrui
