4020 6338
124 338 231 397 865
1039 335 1385 395 HISTORIA]
1429 335 1679 395 SACRIE
1722 335 2048 394 EPITOME.
2088 368 2162 380 —
2187 340 2316 396 LIB.
2356 341 2449 397 1X.
3278 346 3385 404 ΒΜ)

124 451 331 506 obitum
360 447 478 518 ejus
503 448 650 504 venit
682 449 899 520 quidam
937 448 1153 513 dicens,
1194 463 1254 503 se
1297 448 1351 502 ei
1398 447 1702 517 depositum
1729 452 1778 512 Α
1806 447 2138 518 plantatione
2165 453 2403 523 quidem,
2435 453 2576 509 sicut
2610 467 2678 509 ex
2707 454 2889 511 radice
2914 468 3131 526 germen
3159 472 3173 509 :
3200 469 3267 511 ex
3292 457 3387 513 de-

125 540 562 604 commendasse;
603 554 715 594 rem
746 548 952 609 gestam
984 538 1326 609 ignoravcrat
1356 545 1511 607 pater
1537 554 1550 590 :
1583 551 1705 606 per-
1804 537 2006 592 cisione
2033 554 2181 605 vero,
2210 549 2267 593 ut
2288 556 2354 595 ex
2377 552 2531 610 patre
2559 542 2702 598 ﬁlius
2732 562 2744 598 :
2776 558 2843 598 ex
2867 544 3159 613 partitione
3181 554 3384 613 autem,

126 633 385 703 quisitum
422 631 477 685 in
517 640 628 686 tota
669 631 830 686 domo
869 629 1011 701 quod
1052 632 1396 702 poscebatur,
1436 624 1702 701 nusquam
1804 624 1945 681 sicut
1974 642 2043 682 ex
2076 643 2253 682 massa
2283 645 2448 684 aurea
2481 631 2663 686 annuli
2691 633 2840 687 aurei
2867 633 2974 688 duo
3008 632 3094 687 vel
3122 641 3264 699 tres;
3292 635 3387 691 sed

126 720 402 777 inventum
436 730 540 776 est.
587 721 918 778 Persistebat
956 723 1045 778 ille
1082 723 1174 794 qui
1208 723 1704 792 commendaverat,
1805 719 2099 773 secundum
2132 719 2333 773 nullum
2369 721 2585 786 horum,
2623 722 2905 793 inquiunt,
2954 731 3051 778 est-
3079 724 3247 781 Filius
3288 725 3386 782 Dei

122 823 180 870 et
202 813 326 869 ﬁetu
372 822 428 868 et
470 813 722 884 lacrymis
764 814 1117 884 perurgebat,
1161 815 1501 871 comminans
1540 815 1703 870 etiam
1804 808 2282 864 consubstantialis
2301 808 2775 881 Patri,proptcrea
2804 827 2937 883 ergo
2960 812 3012 866 in
3035 811 3139 867 ﬁde
3161 813 3390 869 consub-

121 908 229 963 sibi
256 915 507 971 mortem,
531 906 633 961 nisi
670 907 976 976 depositum
1002 907 1283 978 reciperet.
1320 906 1706 962 Permotusla-
1803 899 2178 955 Stantialilalis
2241 902 2685 956 consentiendum
2745 918 2850 957 non
2910 912 3015 957 est.
3066 902 3176 959 llos
3224 903 3390 975 igitur

121 999 328 1070 cry-mis
371 998 487 1069 ejus
531 1014 693 1053 senex
720 1039 734 1064 ,
784 1000 850 1053 ad
899 999 1203 1069 sepulcrum
1252 998 1374 1054 ﬁliae
1417 1009 1702 1070 properat,
1804 991 2028 1046 damnat
2064 993 2385 1049 universalis
2414 994 2809 1065 synodus-cum
2848 994 3192 1064 imperatore,
3222 1004 3277 1051 et
3308 1011 3388 1051 re-

121 1100 286 1161 atqne
320 1090 466 1145 illam
491 1091 708 1147 nomine
736 1090 979 1146 clamitat
1004 1106 1120 1147 suo.
1146 1090 1298 1146 Tunc
1328 1091 1415 1145 illa
1446 1091 1511 1146 de
1535 1085 1706 1162 sepul-

1803 1080 2151 1152 legatexsilio
2164 1100 2287 1140 cum
2311 1084 2462 1151 Ario,
2485 1093 2540 1140 et
2563 1085 2918 1140 sectatoribus
2941 1083 3077 1154 ejus.
3102 1085 3305 1155 (Ruﬁn.
3335 1103 3382 1141 c.

119 1196 219 1236 cro
249 1199 262 1234 :
294 1181 432 1248 Quid
455 1181 578 1236 vis?
624 1183 718 1248 ait,
768 1190 946 1251 pater.
978 1181 1462 1248 Commendatum,‘
1496 1181 1700 1252 inquit,

1804 1171 1857 1237 7,
1884 1170 2137 1242 8,‘ejusd.
2190 1174 2308 1245 lib.)
2338 1172 2442 1229 Per
2476 1174 2617 1229 idem
2665 1183 2877 1243 tempus
2910 1189 3046 1230 crux
3081 1174 3291 1230 Domini
3317 1176 3384 1232 ab

119 1272 267 1327 illius
294 1272 384 1327 ubi
412 1272 677 1342 posuisti?
706 1271 902 1339 Atilla,
932 1272 1107 1328 locum
1137 1272 1423 1343 designans
1449 1289 1461 1325 :
1493 1271 1600 1327 illic
1629 1271 1705 1326 in-

1803 1258 2004 1316 Helena
2032 1262 2372 1318 Constantini
2395 1272 2602 1329 matre,
2630 1262 2881 1333 religiosa
2910 1262 3108 1318 fentina
3127 1305 3143 1330 ,
3182 1266 3385 1334 reperi-

117 1362 308 1418 venies
342 1361 639 1417 defossum.
667 1362 969 1434 Regressus
1016 1363 1234 1417 domum
1263 1377 1448 1429 suam,
1492 1362 1704 1433 deposi-

1806 1362 1913 1420 tur,
1954 1356 2043 1409 ubi
2077 1356 2351 1425 quondam
2388 1355 2594 1426 antiqui
2643 1366 3018 1425 persecutores
3053 1357 3106 1411 in
3154 1358 3274 1414 loco
3306 1374 3387 1414 se-

120 1463 257 1518 tum,
288 1455 376 1511 ubi
408 1455 515 1510 ﬁlia
558 1456 624 1512 de
665 1456 916 1527 sepulcro
964 1458 1348 1537 responderat,
1394 1466 1701 1526 repertum,

1801 1445 1981 1529 pulcri
2005 1446 2354 1501 simulacrum
2383 1444 2613 1502 Veneris
2639 1446 3067 1513 collocaveram;
3097 1457 3156 1500 ut
3189 1448 3234 1503 si
3264 1449 3384 1518 quis

119 1548 287 1602 tradit
311 1549 633 1619 reposcenti.
683 1548 791 1605 Sed
831 1558 886 1604 et
927 1549 1091 1604 multa
1121 1534 1238 1621 ejus
1267 1547 1576 1603 referuntur
1598 1547 1702 1602 alia
1802 1534 1874 1589 ibi
1898 1535 2170 1590 Οιπίδιυῐη
2194 1536 2355 1591 Vellet
2379 1537 2627 1600 adorare,
2661 1535 2926 1593 Venerem
2953 1537 3133 1606 Ρυίίυε
3157 1539 3385 1594 adorare

115 1650 291 1709 gesta.
322 1639 408 1705 Hi,
438 1649 493 1694 ει
517 1638 824 1710 huiusmodi
852 1639 1286 1695 rcvcrcndissimi
1317 1638 1417 1694 viri
1447 1637 1706 1693 sederunt
1803 1623 2100 1681 videretur.
2145 1625 2422 1682 Invenitur
2456 1634 2511 1681 et
2546 1626 2636 1682 ille
2665 1626 2851 1682 titulus
2886 1640 2918 1681 a
2953 1626 3127 1683 Pilato
3152 1629 3387 1683 conscri-

115 1732 261 1801 apud
304 1729 558 1786 Νίαεωη,
602 1730 877 1804 (ωηο.)
916 1730 1070 1788 unde
1124 1730 1491 1785 indubitanter
1527 1728 1704 1785 credi-
1802 1722 1951 1786 ptus,
1978 1716 2071 1771 sed
2105 1724 2159 1772 et
2186 1717 2307 1772 aliae
2330 1717 2450 1772 duae
2473 1732 2680 1774 cruces.
2714 1718 2911 1775 Tribus
2944 1718 3108 1790 igitur
3134 1718 3385 1775 crucibus

114 1839 258 1889 ntus,
295 1825 608 1895 prtedictam
643 1825 842 1880 ibidem
882 1825 1143 1897 synodum
1188 1840 1219 1878 a
1265 1821 1699 1894 Spiritu‘sancto

1801 1805 2052 1875 repertis,
2076 1804 2345 1861 Macarius
2370 1805 2610 1876 ejusdem
2636 1807 2739 1863 loci
2769 1808 3078 1878 episcopus,
3111 1809 3301 1863 deﬁxis
3328 1809 3382 1865 in

111 1916 348 1986 quadam
371 1915 627 1971 divinitus
650 1896 1083 1971 consideratione
1105 1923 1484 1985 congregatam
1508 1913 1698 1980 fuisse,

1805 1904 1948 1951 terra
1970 1896 2229 1966 genibus,
2261 1912 2382 1951 cum
2426 1898 2605 1966 regina
2648 1898 2816 1953 Deum
2857 1898 3172 1967 suppliciter
3198 1898 3385 1968 depre-

114 2016 175 2061 ut
207 2006 414 2062 scilicet
441 2006 599 2062 nobis
628 2006 1040 2077 posterioribus,
1092 2021 1157 2061 ac
1196 2006 1422 2071 diurnis,
1466 2005 1549 2060 vel
1586 2019 1701 2059 mo-

1805 1997 1980 2053 catur,
2014 1998 2096 2054 ut,
2128 2003 2248 2059 quae
2276 1989 2489 2044 illarum
2520 2005 2655 2044 crux
2690 1990 2758 2045 ad
2794 1990 3130 2045 Dominicam
3157 1990 3382 2061 gloriam

113 2098 318 2161 demis’
350 2098 570 2163 dare“,
621 2096 848 2167 ίηιειιίεί
878 2096 1094 2151 ﬁrmum
1124 2110 1245 2152 esse
1272 2111 1333 2151 ac
1376 2096 1701 2151 catholicum
1804 2078 1997 2141 fuerit,
2025 2079 2346 2135 innotescat.
2379 2079 2549 2148 Tunc,
2594 2081 2849 2137 adhibitis
2884 2081 3096 2136 duabus
3126 2083 3384 2138 semineci

112 2186 376 2257 quidquid
424 2186 497 2242 ibi
542 2186 609 2241 de
657 2186 915 2256 mysterio
964 2186 1087 2241 ﬁdei
1144 2184 1539 2256 promulgatum
1593 2194 1699 2240 est.

1805 2167 2083 2236 cujusdam
2115 2178 2379 2226 matrona:
2409 2171 2824 2241 corpori,'nihil
2854 2181 3132 2243 operatur,
3168 2173 3386 2228 adhibet

115 2276 271 2343 Quod
299 2276 515 2345 quidem
544 2284 657 2329 tam
686 2274 873 2340 divini,
906 2283 1128 2345 tamque
1154 2274 1465 2347 spirituales
1492 2275 1594 2329 viri
1626 2274 1702 2331 lo-

1804 2259 2039 2324 tertiam,
2070 2269 2128 2314 et
2152 2276 2276 2316 mox
2298 2276 2595 2332 exsurgens
2622 2262 2834 2331 mulier,
2863 2263 3172 2333 magniﬁcat
3191 2264 3379 2319 Deum.

115 2367 229 2420 cuti
261 2375 407 2431 sunt,
456 2366 547 2437 qui
590 2382 698 2421 non
735 2375 895 2421 erant
939 2367 1146 2423 similes
1190 2368 1342 2423 nobis
1387 2367 1619 2439 indignis
1648 2377 1702 2424 et

1803 2347 2066 2422 Percepto
2110 2352 2294 2422 itaque
2338 2353 2574 2409 evidenti
2621 2353 2854 2420 indicio,
2902 2355 3086 2426 regina
3129 2355 3383 2425 templum

113 2462 536 2529 peccatoribus,
587 2463 679 2533 qui
726 2473 949 2536 propter
996 2463 1314 2534 injustitiam
1362 2475 1599 2522 nostram
1647 2469 1700 2522 in

1803 2443 2093 2498 miriﬁcum
2119 2443 2175 2498 in
2199 2458 2266 2500 eo
2288 2443 2408 2500 loco
2441 2445 2531 2501 ubi
2565 2460 2782 2501 crucem
2822 2454 3153 2517 repererat,.
3171 2446 3381 2502 statuit.

117 2556 415 2625 Scripturis
442 2529 645 2613 sanctis
671 2529 857 2613 fallere
884 2529 1199 2629 possumus,
1248 2568 1302 2614 et
1347 2558 1480 2614 falli.
1517 2558 1702 2630 Neque
1803 2529 1997 2630 CEVOS
2042 2547 2257 2602 quoque
2282 2574 2298 2601 ν
2584 2550 2782 2630 θῗτνυθ
2816 2536 3154 2630 θ⁰¹¹¹ί¹³ί⁰⁰¹¹¹
3212 2535 3387 2592 (“erm

111 2622 258 2702 enini
287 2650 459 2718 potuit
488 2648 725 2719 Spiritus
751 2622 971 2706 sanctus
999 2622 1265 2706 fallaciam
1292 2651 1563 2722 proferre,
1602 2622 1701 2723 per
1802 2622 2040 2723 animm’
2076 2634 2257 2694 pom“
2282 2626 2351 2723 ad
2380 2626 2572 2723 θίίυωῖ
2739 2629 3063 2723 9"il’"5_i!'e
3103 2630 3295 2723 ἕως
3322 2636 3388 2723 Αθι

110 2757 252 2812 quos
282 2713 424 2795 tanta
466 2713 685 2797 et'talia
712 2743 1039 2813 operabatur
1067 2713 1348 2798 miracula.
1382 2744 1569 2815 Igitur,
1598 2713 1703 2798 Do-
1736 2748 1737 2751 “
1802 2713 2009 2815 ⁸³¹θ²ξ¹¹¹
2036 2724 2203 2815 ,³9⁸⁸
2230 2718 2313 2815 ξίί
2356 2733 2513 2815 mium
2559 2713 3064 2815 Eclu’_adilnp‘ei_ls
3108 2720 3385 2815 zach‘ﬂ‘”

109 2807 263 2887 ﬁlim
296 2843 657 2904 cooperante,
698 2807 765 2889 el‘
790 2849 1094 2889 sermonem
1127 2807 1482 2890 conﬁrman'm
1511 2807 1699 2891 66mm
1800 2807 2162 2904 prophetiam,
2212 2809 2443 2904 dicentis
2482 2829 2506 2904 γε
2556 2811 2624 2866 Et
2668 2812 2774 2866 erit
2817 2814 2960 2883 quod
3001 2813 3056 2867 in
3098 2812 3254 2868 freno
3298 2819 3386 2867 est

108 2899 462 2995 sequentibus
488 2926 678 2998 signis,
717 2925 935 2996 quidam
966 2925 1225 2997 episcopi,
1272 2925 1437 2980 etiam
1482 2926 1536 2980 in
1584 2926 1700 2997 ipsa
1800 2899 2314 2998 sa'mmeomin
2346 2903 2731 2998 θωηίβθιθυβῄ
2768 2904 3089 2998 “Wigvem
3130 2905 3383 2961 salutari“

111 2990 346 3089 synodo,
372 3027 426 3072 et
456 2990 601 3072 circa
629 2990 920 3089 synodum,
950 2990 1183 3073 virtutes
1206 3016 1445 3088 aliquas,
1472 3024 1528 3072 et
1549 2990 1701 3089 signa
1792 3000 2008 3045 mne“)
2036 2990 2211 3048 dere”
2239 2992 2370 3058 θιίον
2399 3002 2608 3063 partem
2633 2996 2735 3051 Sibi
2765 2996 2995 3066 reponi“

107 3106 377 3162 fecerunt.
408 3105 605 3177 (Ruﬁn.
636 3106 728 3160 lib.
755 3123 809 3172 x,
853 3123 967 3177 cap.
1019 3105 1068 3169 5,
1120 3104 1263 3160 Hist.
1289 3104 1517 3176 Eccles.)
1565 3105 1700 3161 Nam
1731 3162 1770 3177 η
1799 3123 1807 3132 ’
2461 3119 2630 3161 cum
2671 3121 2724 3160 v.

1725 3162 1771 3226 C

108 3214 237 3256 cum
266 3200 337 3255 ibi
363 3198 727 3291 philosophus
742 3198 996 3291 quidam,
1022 3198 1226 3291 arte
1260 3196 1541 3251 dialectica
1568 3196 1694 3253 insi—
1725 3196 1771 3263 *τ
1872 3214 2109 3286 (Sozam,
2150 3214 2241 3269 ιω,
2303 3230 2373 3282 η’
2412 3233 2529 3282 cap.
2568 3217 2656 3283 ιε,
2704 3216 2847 3288 γάρ,
2896 3216 3125 3291 ωπον.)
3166 3219 3243 3274 De
3281 3220 3384 3277 hoc

106 3292 269 3362 guis,
291 3288 518 3359 objectis
543 3289 930 3360 quaestionibus
967 3287 1095 3342 ﬁdei
1129 3295 1330 3342 nostra:
1362 3297 1693 3353 occurreret,

1800 3307 1948 3378 ligno
1980 3306 2182 3378 Sibylla
2225 3306 2362 3362 dixit
2399 3310 2539 3379 apud
2568 3287 2805 3379 paganos
2835 3328 2847 3362 :
2886 3310 2932 3366 Ο
2957 3319 3041 3364 ter
3068 3287 3281 3365 beatum
3315 3305 3381 3367 li;

107 3396 219 3437 nec
242 3382 309 3436 ab
336 3381 517 3451 aliquo
538 3388 723 3451 posset
748 3377 1017 3445 concludi,
1044 3376 1263 3446 quidam
1290 3391 1357 3431 ex
1380 3374 1694 3439 confessori-

1797 3374 1982 3469 gnum,
2026 3374 2092 3451 in-
2118 3414 2226 3469 quo
2264 3397 2406 3455 Deus
2432 3374 2663 3455 iamx—us—
2683 3402 2796 3457 est!
2842 3400 3112 3457 Praeterea
3141 3403 3383 3473 prmdicti

104 3472 237 3535 bus,
266 3469 679 3539 simplicissima:
705 3477 911 3523 natura:
936 3467 1039 3532 vir,
1080 3474 1136 3522 et
1169 3465 1303 3520 nihil
1344 3465 1490 3520 aliud
1521 3467 1691 3522 sciens

1796 3476 2143 3559 imperatoris
2177 3499 2351 3544 mater
2375 3491 2705 3561 octogesimo
2735 3492 2912 3547 aetatis
2954 3508 3064 3548 sua:
3109 3507 3251 3548 anno
3295 3495 3383 3549 de;

105 3558 532 3615 nisi'Christum
576 3556 797 3624 Jesum,
837 3566 893 3612 et
935 3557 1080 3612 hunc
1122 3554 1468 3620 cruciﬁxum,
1514 3556 1692 3626 paucis

1797 3554 1963 3643 cedit,
1989 3578 2155 3633 multa
2180 3577 2290 3633 ﬁlio
2312 3554 2529 3649 pietatis
2553 3582 2805 3637 mandata
2831 3582 3227 3653 derelinquens.
3253 3583 3383 3650 Quae

105 3650 433 3724 philosopho
464 3649 744 3706 insultanti
772 3648 1141 3719 congreditur,
1181 3647 1532 3717 expositaque
1567 3646 1692 3701 sim-

1800 3670 1925 3723 ‘mox
1957 3668 2047 3722 ille
2075 3646 2425 3739 postponens,
2459 3671 2717 3727 seductus
2754 3687 2784 3726 a
2821 3688 3008 3729 sorore
3044 3646 3376 3741 Donstantia,

104 3744 356 3815 plicitate
392 3742 518 3797 ﬁdei
552 3741 810 3813 quadam,
851 3754 974 3796 eum
1022 3737 1281 3794 ineﬁ'abili
1326 3739 1530 3809 pietate
1572 3754 1691 3794 mox

1796 3769 1854 3818 ct
1876 3761 2059 3844 multis
2077 3737 2332 3832 precibus
2351 3764 2418 3819 ab
2447 3778 2510 3819 ea
2537 3764 2934 3835 interpellatus,
2948 3765 3135 3821 Arium
3158 3767 3225 3822 de
3246 3737 3383 3822 exsi-

103 3842 415 3908 permutat,
448 3843 505 3890 et
532 3833 696 3889 etﬁcit
724 3832 1114 3888 Christianum.
1149 3831 1218 3887 Et
1256 3840 1384 3886 tunc
1422 3838 1690 3887 ostensum

1794 3856 1872 3938 lio
1897 3831 2141 3910 revocari
2164 3854 2337 3925 jubet,
2384 3866 2439 3911 et
2486 3859 2627 3913 mitti
2670 3831 2737 3914 ad
2778 3860 3080 3930 episcopos,
3121 3861 3211 3931 qni
3251 3869 3381 3917 tunc

105 3935 200 4031 ξεί
223 3926 538 4031 illini)th
719 3939 944 3996 “38mm
968 3924 1063 3979 Dei
1084 3938 1191 3978 ¹¹⁰¹¹
1216 3923 1269 3978 ί¹¹
1298 3931 1569 3990 sermone,
1603 3922 1698 3979 sed
1793 3936 1936 4004 forte
1966 3922 2356 4021 Hierosolymis
2392 3951 2458 4005 ad
2491 3922 2883 4007 dedicationem
2914 3922 3161 4008 ecclesia:
3187 3968 3389 4008 conve«

106 4023 169 4075 in
197 4023 395 4073 virtute
421 4023 698 4073 consistit.
1202 4040 1207 4047 ~

1792 4050 2012 4121 nerant,
2045 4041 2314 4112 ﬁdemque
2349 4041 2464 4111 ejus
2487 4044 2725 4115 probari.
2756 4044 2909 4101 Tunc
2935 4045 3023 4101 ille
3052 4045 3209 4100 ﬁdem
3241 4046 3379 4100 scri-

762 4160 934 4200 cum.
975 4160 1048 4199 ιν,
1792 4132 1924 4223 psit,
1954 4147 2073 4202 qua:
2099 4133 2315 4202 quidem
2344 4149 2563 4190 sensum
2589 4148 2852 4202 nostrum,
2883 4146 2938 4192 et
2975 4139 3137 4193 verba
3171 4147 3378 4205 nostra,

225 4258 308 4314 Ea:
339 4256 624 4329 Tripartita
652 4258 894 4323 historia,
922 4266 1094 4311 actum
1122 4252 1590 4324 Constantinopoli.
1678 4266 1681 4269 '
1798 4223 2297 4295 professmncmque
2323 4235 2565 4282 nostram
2594 4228 2873 4285 continere
2902 4230 3199 4284 Viderewr'

188 4368 423 4438 (Sozam.
477 4367 569 4423 lib.
614 4384 666 4434 ι,
717 4385 832 4438 cap.
893 4366 953 4433 4,
1018 4365 1163 4436 Trip.
1215 4363 1445 4434 Hister.)
1494 4362 1603 4418 Sed
1646 4346 1701 4418 ei

106 4461 421 4519 Alexander
440 4457 1090 4539 Constantinopolitanus,
1117 4457 1201 4510 vir
1228 4454 1556 4510 admirandae
1575 4468 1693 4523 con-

1790 4490 1799 4498 .
1874 4440 2047 4513 (Socr.
2077 4443 2169 4499 lib.
2203 4460 2287 4513 nr,
2322 4462 2370 4500 ο.
2408 4445 2492 4510 10,
2535 4446 2678 4518 Trip.
2726 4446 2897 4521 Hist.)
2935 4448 3233 4520 Imperator
3277 4465 3373 4506 auo

109 4506 411 4519 ...νη--η-ν-
446 4506 1090 4528 -ν--η---ηντ---ν---ηι
1883 4506 1892 4513 η
2272 4506 2282 4513 .
2478 4506 2487 4510 -
2623 4506 2637 4518 .
2877 4506 2891 4521 ,
3014 4506 3029 4520 .

109 4553 460 4618 versationis,
491 4567 617 4609 cum
646 4526 865 4620 quidam
895 4546 1200 4620 philosophi
1230 4554 1589 4602 causarentur
1612 4506 1778 4603 διὰ-Ρ
1805 4541 1934 4600 tem.
1968 4535 2145 4590 adhuc
2188 4536 2255 4591 de
2299 4537 2431 4592 Δι’ίο
2469 4537 2705 4607 experiri
2750 4538 2963 4603 νοιθηε,
2995 4554 3118 4594 eum
3160 4548 3379 4597 revocat

108 4659 306 4703 versus
331 4644 734 4714 imperatorem,
762 4638 905 4709 quod
932 4651 1129 4693 novam
1157 4636 1212 4691 in
1237 4633 1511 4705 republica
1536 4635 1700 4689 intro-
1740 4636 1743 4641 ‘
1785 4627 1869 4703 'ad
1898 4628 2183 4698 palatium;
2235 4630 2348 4699 qui,
2389 4639 2771 4699 percunctatus
2799 4632 2864 4688 de
2896 4631 3002 4689 ﬁde
3036 4632 3275 4701 Nicaena,
3316 4634 3378 4689 ﬁ-

112 4738 341 4794 duceret
368 4735 666 4799 culturam,
712 4740 769 4787 et
806 4732 906 4801 ipsi
936 4714 1258 4785 .Alexandro
1286 4743 1563 4800 opponere
1593 4727 1702 4781 vel-
1787 4726 1888 4787 pete
1909 4716 2219 4782 subscribit,
2245 4726 2298 4773 et
2314 4728 2535 4788 prtestat
2554 4718 2940 4790 juramentum,
2960 4722 3191 4793 quodam
3218 4726 3378 4783 modo

111 4831 231 4887 ient
253 4830 320 4885 de
340 4828 617 4900 dOgmate,
650 4826 703 4880 in
735 4824 953 4879 nomine
992 4822 1194 4879 Christi
1238 4832 1493 4892 operatur
1532 4822 1698 4877 virtu-

1794 4805 2173 4875 jusjurandum
2201 4817 2318 4863 arte
2349 4810 2624 4889 deludens.
2673 4810 2973 4882 Ferturque
3003 4814 3258 4883 scriptam
3293 4831 3378 4871 se-

88 4928 227 4978 ‘tem
248 4961 264 4987 ,
295 4921 633 4991 imperatque
664 4916 899 4972 maximo
925 4930 1112 4970 eorum
1148 4912 1497 4984 philosopho,
1549 4920 1698 4967 tanta
1802 4909 1944 4956 ctam
1968 4916 2119 4955 suam
2141 4900 2395 4957 habuisse
2425 4902 2477 4956 in
2502 4903 2693 4958 charta
2721 4917 2882 4974 quam
2915 4905 3014 4960 sub
3039 4904 3121 4960 ala
3147 4905 3373 4963 ferebat.

112 5012 341 5086 spiritus
364 5013 594 5075 virtute,
636 5024 704 5064 ne
743 5007 1013 5079 loquatur,
1050 5014 1109 5060 ut
1150 5021 1254 5060 una
1287 5021 1409 5060 cum
1448 5003 1566 5073 ejus
1592 5019 1704 5059 ser-
1806 4993 1962 5086 Unde
1987 5010 2116 5049 vere
2142 4994 2331 5065 jurare
2378 5010 2436 5086 se
2466 4997 2728 5063 credidit,
2761 4998 2947 5055 dicens
2975 5015 3035 5055 se
3063 5000 3142 5056 sic
3187 5015 3378 5071 sapere

111 5085 279 5165 mone
318 5119 382 5159 os
425 5102 532 5158 illis
562 5101 774 5172 penitus
801 5099 1139 5155 obstructum
1191 5097 1283 5151 sit.
1332 5095 1441 5151 Sed
1481 5093 1593 5165 jam
1630 5095 1698 5150 ad
1786 5085 1948 5151 βίαια
1980 5086 2304 5155 εετίνδίεεειο
2356 5085 2596 5143 credens
2646 5103 2775 5160 ergo
2813 5088 3126 5160 imperator.
3175 5092 3376 5160 suscipi

112 5198 401 5257 historiam
438 5201 795 5251 revertamur.
835 5193 1043 5247 Dictata
1078 5188 1296 5245 Nicena
1323 5188 1460 5254 ﬁde,
1499 5195 1554 5241 et
1590 5196 1699 5242 tam
1804 5191 1928 5232 eum
1962 5177 2031 5231 ab
2077 5175 2413 5242 Alexandro.
2458 5175 3050 5248 Constantinopolitano
3090 5180 3371 5250 episcopo,

112 5289 187 5344 ab
208 5288 325 5357 ipso
348 5286 692 5354 imperatore,
716 5295 877 5350 quam
902 5280 970 5335 ab
989 5278 1258 5351 episcopis
1279 5275 1697 5342 communicata,
1788 5267 1859 5321 'in
1881 5266 2315 5322 communionem
2332 5264 2505 5334 jubet.
2525 5266 2644 5335 Quo
2668 5280 2928 5326 renuente
2962 5271 3138 5326 adhuc
3158 5281 3376 5341 prepter

112 5378 406 5445 Eusebius,
437 5374 762 5433 Nicomediae
800 5371 1016 5444 prtesul,
1046 5387 1169 5428 cum
1206 5369 1428 5439 reliquis
1472 5377 1699 5437 quatuor

1796 5359 2106 5445 infamiam,
2131 5368 2186 5415 et
2233 5359 2595 5431 suspicionem
2636 5362 2856 5417 haeresis
2898 5363 3197 5429 devitante,
3221 5364 3376 5434 jubet

114 5442 411 5543 episcopis,
440 5467 613 5535 magis
652 5442 896 5520 {aven—tes
937 5463 1089 5527 Ario,
1135 5461 1324 5516 nolunt
1360 5458 1699 5516 subscribere
1784 5442 2326 5525 Constantinopolim
2372 5456 2635 5528 synodum
2684 5459 3020 5530 congregari.
3064 5457 3203 5513 Ante
3246 5472 3373 5512 vero

114 5560 347 5618 verbum
376 5554 970 5620 consubstantialitatis,
1006 5554 1481 5624 reprehendentes,
1522 5550 1701 5606 dicen-
1787 5565 1970 5603 .unum
2019 5548 2230 5603 concilii
2284 5548 2426 5604 diem
2482 5550 2863 5614 constitutum,
2921 5559 3271 5621 prosternens
3315 5564 3375 5605 se

98 5664 314 5725 tesque
338 5645 797 5705 consubstantiale
824 5659 963 5707 esse,
998 5643 1140 5713 quod
1167 5658 1234 5696 ex
1264 5640 1444 5712 aliquo
1467 5647 1569 5703 est,
1608 5648 1701 5694 aut
1783 5639 2109 5725 Alexander
2134 5640 2235 5695 sub
2262 5639 2457 5707 altare,
2498 5648 2613 5696 tota
2657 5650 2814 5696 nocte
2839 5639 3037 5696 clamat
3077 5639 3146 5694 ad
3188 5637 3371 5694 Domi-

118 5760 192 5801 ex
226 5722 557 5815 partitione,
604 5746 696 5792 aut
741 5735 1033 5799 decisione,
1081 5742 1173 5789 aut
1219 5733 1549 5805 plantatione
1580 5750 1594 5785 :
1632 5746 1699 5788 ex
1783 5722 1957 5799 'num,
1983 5731 2209 5786 dicens:
2241 5728 2449 5799 Judica,
2482 5730 2733 5799 Domine,
2772 5729 2915 5784 inter
2936 5728 3152 5785 Eusebii
3198 5728 3346 5786 mina

2447 4352 2620 4393 CAPUT
2656 4352 2733 4392 Vl.
