4020 6338
597 364 701 448 έὸτ
1058 381 1410 439 HAYMONIS
1445 376 1926 435 HALBERSTAT.
1987 374 2202 431 EPISC.
2243 373 2393 429 OPP.
2438 377 2617 433 PARS
2650 373 3342 433 llI.—MISCELLANEA.
3425 413 3429 418 .
3801 379 3919 437 868

597 513 656 589 et
684 503 798 561 Arii
823 500 1205 589 juratnentum.
1232 494 1373 589 _Quo
1422 492 1577 547 valde
1628 491 1985 589 supplicante,
2035 506 2172 560 prte-
2200 494 2247 552 Α
2277 499 2329 544 et
2363 490 2500 545 malo
2526 490 2650 545 ﬁne.
2682 490 2814 569 Nam
2841 492 3018 561 primo
3049 490 3278 547 clericus
3307 500 3359 546 et
3400 491 3804 564 philosophus
3828 494 3917 549 in-

598 580 960 665 sumptionem
987 585 1183 665 Ariiet
1219 582 1589 651 juratnentum
1631 581 1861 634 mendax
1896 596 2017 633 mox
2056 579 2176 632 vin—
2280 583 2469 653 signis,
2504 585 2841 654 postmodum
2873 582 2937 637 ad
2982 582 3120 638 idola
3171 586 3530 640 convertitur.
3579 587 3661 641 Et
3714 589 3913 658 primo

601 686 749 743 dicta
800 681 897 741 Dei
921 675 1283 749 persequitur.
1318 674 1564 738 Etenim,
1596 688 1719 727 cum
1772 672 1826 725 in
1879 671 2176 725 crastinum
2277 674 2496 745 quidem
2542 675 2801 746 paciﬁcus
2845 675 3054 731 relaxat
3094 676 3375 747 episcopos
3421 678 3489 735 de
3538 678 3799 741 exsiliis,
3856 693 3907 735 et

600 774 921 841 matutinum
970 768 1037 823 ad
1086 765 1371 823 ecclesiam
1416 770 1763 834 properaret,
1802 762 2177 832 episcoporum
2278 765 2508 839 benigne
2533 767 2645 838 agit
2688 767 2948 821 adversus
2989 764 3233 831 nostros;
3264 766 3455 821 deinde
3495 768 3903 838 persequitur,

598 879 657 926 et
679 864 995 939 populorum
1018 858 1323 929 freqnenlia
1347 856 1700 925 εοηδῑίρίιίυει
1725 856 1972 909 humana?
1993 868 2180 909 116068·-
2278 867 2333 914 et
2358 857 2520 914 infert
2545 858 2823 930 supplicia.
2851 856 2966 924 Hic,
2994 857 3046 912 itt
3075 856 3256 912 odium
3280 856 3501 924 Christi,
3522 856 3751 913 Judaais
3776 874 3903 928 per-

595 957 774 1016 sitatis
800 968 962 1011 causa
1018 952 1084 1006 ad
1115 964 1389 1005 secessum
1423 946 1695 1012 declinat;
1736 945 1917 1015 ibique
1941 959 2061 999 cum
2096 958 2181 998 se-
2278 952 2444 1008 mittit
2475 967 2727 1023 reparare
2770 951 3027 1021 templum
3054 949 3474 1022 Hierosolymis;
3519 949 3617 1021 qui
3652 966 3733 1004 ex
3774 966 3899 1005 om-

597 1053 770 1129 tiei‘el.
804 1045 1057 1102 ἱηιεειίιιδ
1090 1041 1206 1111 eius
1232 1050 1394 1110 atque
1419 1038 1602 1094 omnia
1650 1038 1858 1093 Viscera
1893 1038 1946 1091 in
1997 1052 2178 1092 seces-
2280 1042 2442 1099 nibus
2484 1042 2773 1113 provinciis
2826 1040 3056 1107 collecti,
3109 1055 3246 1096 nova
3282 1039 3467 1111 templi
3512 1037 3895 1094 fundamenta

595 1128 714 1201 sum
763 1137 1135 1196 cuniculorum
1173 1133 1471 1190 deﬂuxere.
1525 1130 1677 1186 Tunc
1706 1130 1975 1186 Eusebius
2021 1129 2180 1184 Nico.
2272 1132 2502 1203 jacinnt,
2534 1150 2653 1205 quae
2695 1132 2876 1188 subito
2906 1141 3067 1188 terra:
3110 1140 3259 1187 motu
3282 1133 3553 1186 'corruunt
3583 1128 3892 1194 divinitus,

598 1233 789 1293 media:
812 1247 935 1303 cum
958 1226 1410 1285 cteteris-Arianis
1435 1224 1940 1290 confunditur,-nec
1960 1233 2183 1295 propter
2282 1227 2430 1280 saxis
2457 1225 2764 1296 ingentibus
2793 1223 2950 1297 longe
2977 1222 3193 1292 lateque
3238 1220 3516 1291 dispersis.
3559 1218 3633 1274 Et
3678 1234 3757 1275 ne
3780 1219 3893 1275 hoc

596 1336 816 1378 causam
838 1320 1098 1375 Arianum
1131 1318 1325 1387 dogma
1346 1313 1717 1381 confunditur,
1747 1315 1843 1371 sed
1868 1316 1937 1370 ad
1969 1324 2180 1385 tempus
2281 1333 2410 1372 casn
2434 1319 2746 1372 crederetur
2771 1314 2997 1379 factum,
3031 1311 3279 1382 sequenti
3308 1319 3467 1365 nocte
3491 1310 3552 1364 in
3578 1312 3890 1366 vestimen-

597 1413 922 1469 occultatur.

2294 1414 2351 1469 tis
2376 1421 2690 1468 cunctorum
2739 1411 2917 1466 crucis
2957 1407 3205 1479 apparuit
3233 1406 3464 1476 signum.
3490 1403 3615 1471 Quo
3659 1401 3885 1455 attoniti

2283 1503 2568 1568 miraculo,
2596 1499 2815 1573 plurimi
2837 1498 3054 1554 Christo
3075 1493 3438 1552 crediderunt.
3464 1491 3565 1546 Hic
3590 1489 3885 1546 etiamJu—

673 1628 699 1657 ι
732 1614 942 1669 [Mem
982 1610 1372 1668 Constantinus
1405 1610 1731 1679 imperator,
1771 1623 1894 1663 cum
1931 1607 1984 1662 in
2025 1606 2179 1661 Nico.
2283 1588 2459 1647 liauus
2488 1592 2549 1645 ad
2584 1586 2858 1645 cumulum
2899 1585 3153 1656 nequitia:
3190 1598 3414 1639 summa:
3437 1590 3635 1637 contra
3682 1579 3879 1643 Mm,

601 1705 776 1761 media
801 1703 1043 1773 degeret,
1071 1700 1330 1770 languore
1351 1672 1627 1768 gravatus,
1652 1672 1993 1753 inextremis
2012 1696 2182 1766 bapti-
2284 1683 2495 1755 insigne
2537 1682 2739 1738 Christi
2791 1678 3167 1741 simulacrum.
3209 1676 3352 1746 quod
3394 1672 3538 1745 apud
3566 1672 3879 1728 Caesaream

598 1806 783 1862 zatur;
825 1759 1107 1849 distulerat
1157 1759 1303 1846 enim
1347 1759 1518 1860 asque
1564 1759 1632 1844 ad
1672 1788 1801 1844 illud
1849 1759 2099 1859 tempus,-
2124 1788 2177 1842 in
2210 1814 2250 1862 \_
2286 1772 2480 1827 mulier
2534 1787 2565 1826 a
2615 1768 2894 1840 sanguinis
2926 1766 3154 1821 liberata
3197 1761 3460 1833 profluvio
3486 1759 3875 1821 collocarent.

600 1886 835 1943 Jordane
867 1886 971 1940 hoc
1005 1882 1306 1956 promereri
1329 1881 1667 1937 desiderans.
1700 1879 1822 1947 Qui,
1854 1853 2072 1935 condito
2102 1889 2178 1936 te-

2294 1866 2419 1921 satis
2443 1863 2782 1936 impudenter
2807 1859 3044 1931 deponit,
3083 1871 3344 1927 suamque
3383 1853 3582 1910 eodem
3615 1853 3746 1908 loco
3772 1853 3881 1908 co!o

1235 1513 1406 1555 CAPUT
1446 1513 1542 1552 VII.

596 1989 885 2045 etamento,
911 1986 968 2034 et
999 1978 1170 2032 tribus
1195 1974 1319 2029 ﬁliis
1351 1974 1656 2029 Incredihus
1698 1964 2038 2037 constitutis,
2068 1973 2180 2043 pri-

596 2087 706 2134 mo,
732 2070 942 2126 scilicet
961 2066 1336 2129 Constantino,
1366 2066 1419 2119 in
1450 2064 1740 2134 Hesperia;
1766 2064 2005 2118 secundo
2030 2078 2177 2128 vero,

596 2166 805 2222 scilicet
842 2162 1206 2227 Constantio,
1249 2161 1302 2214 in
1369 2158 1622 2225 Oriente;
1668 2158 1920 2228 juniore,
1973 2158 2181 2214 scilicet

598 2258 912 2321 Constante,
937 2254 1150 2310 Ctesare
1179 2252 1464 2318 ordinato;
1488 2260 1543 2306 et
1568 2252 1624 2306 in
1647 2250 1889 2321 partibus
1909 2248 2178 2305 Occiden-

600 2352 672 2407 tis
716 2359 841 2422 post
869 2347 1371 2419 quinquagesimum
1422 2345 1672 2416 quintutn
1721 2344 1898 2399 aetatis
1929 2358 2040 2398 sua:
2080 2357 2181 2396 an-

603 2461 753 2510 num,
800 2441 1014 2498 vivendi
1069 2440 1231 2495 ﬁnem
1274 2438 1426 2505 facit,
1480 2446 1733 2493 revocato
1787 2436 1937 2506 prius
1991 2434 2184 2506 Magno

599 2536 899 2594 Athanasio
945 2535 997 2589 in
1029 2531 1446 2596 Alexandriam,
1489 2538 1710 2600 propter
1749 2528 2183 2598 persecutionem

600 2629 925 2686 Arianorum
965 2625 1271 2681 exsulante.
1320 2622 1491 2696 lgiltu’r
1517 2620 1982 2677 Cbristianissimo
2009 2619 2185 2689 impe-

600 2729 786 2777 ratore
827 2719 1104 2784 defuncto,
1132 2717 1394 2772 Arianum
1423 2714 1617 2769 iterum
1648 2713 1840 2784 dogma
1878 2710 2182 2783 repullulat.

603 2813 956 2871 Constantius
1009 2813 1327 2881 imperator,
1380 2807 1634 2863 seductus
1678 2805 1747 2859 ab
1794 2803 2093 2869 haereticis,
2129 2802 2185 2857 in

601 2902 852 2959 eumdem
871 2914 1110 2955 errorem
1135 2896 1453 2959 devolvitur,
1472 2903 1526 2948 et
1552 2893 1801 2964 Magnum
1830 2892 2184 2947 Athanasium

600 2993 885 3048 veritatem
923 2991 1235 3045 edocentem
1283 2988 1625 3042 condemnat.
1669 2986 1727 3041 In
1752 2986 1906 3058 cujus
1936 2999 2188 3055 persecu-

603 3083 753 3137 tione
776 3080 1116 3153 postmodum
1141 3077 1379 3150 graviter
1420 3078 1854 3148 conspirantibus
1897 3074 2183 3141 ba:reticis,

2282 1954 2425 2012 locat
2450 1955 2763 2027 imaginem,
2790 1966 2909 2022 quae
2938 1950 3059 2021 igne
3095 1949 3160 2003 de
3194 1946 3333 2003 caelo
3359 1944 3594 2000 cadente
3632 1951 3876 2013 postmo-

2283 2049 2411 2104 dum
2442 2046 2723 2102 fulminata
2749 2053 2864 2109 est;
2892 2050 3052 2112 caput
3081 2054 3202 2095 cum
3224 2037 3438 2094 cervice
3456 2050 3571 2090 una
3599 2035 3656 2089 in
3679 2044 3875 2088 terra.

2282 2148 2367 2197 est
2413 2137 2717 2208 dejectum,
2767 2134 2973 2204 reliqua
3022 2146 3147 2202 pars
3188 2130 3455 2186 hactenus
3494 2125 3579 2180 ad‘
3616 2125 3873 2195 judicium

2283 2229 2525 2312 fulminis
2572 2236 2899 2284 reservatur.
2952 2223 3105 2279 Tunc
3149 2236 3282 2278 vero
3329 2217 3536 2290 Pagaui
3588 2216 3873 2306 imaginet:

2284 2306 2491 2376 Christi
2536 2316 2938 2395 confregeruut,
2985 2327 3146 2383 quam
3194 2307 3542 2381 postmodum
3586 2295 3874 2362 Christiani

2284 2409 2665 2483 recolligentes
2698 2405 3116 2464 recondiderunt
3144 2403 3198 2457 in
3224 2399 3535 2457 ecclesiam.

2924 2530 3099 2570 CAPUT
3136 2527 3214 2569 IX.

2624 2628 2710 2683 Ea:
2735 2626 2956 2682 concilio
2974 2624 3125 2697 apud
3147 2621 3551 2678 Alexandriam.

2361 2742 2597 2815 (Sozom.
2629 2757 2676 2796 r.
2707 2739 2792 2805 i9,
2837 2736 2985 2794 Socr.
3022 2755 3070 2791 c.
3097 2735 3189 2801 20,
3237 2734 3380 2804 Trip.
3432 2731 3614 2805 Hist.)
3653 2731 3870 2795 latam,

2285 2831 2631 2905 congregatis
2655 2828 2795 2901 apud
2827 2825 3211 2884 Alexandriam
3242 2824 3432 2896 paucis
3480 2837 3713 2878 numero
3755 2837 3871 2878 coo-

2287 2927 2607 2990 t‘essoribus,
2660 2924 2788 2980 licet
2833 2922 2953 2979 ﬁdei
2999 2919 3195 2976 merito
3242 2915 3451 2981 multis,
3501 2916 3568 2971 ad
3615 2914 3872 2970 sedanda

2292 3019 2672 3076 haereticorum
2703 3013 2967 3087 procellas
2986 3020 3277 3075 tractatur,
3299 3006 3623 3080 quihusdam
3662 3020 3869 3069 eorum,

2291 3112 2357 3168 ad
2390 3111 2625 3183 rigorem
2650 3105 2924 3171 Ecclesiae,
2965 3102 3270 3160 dicentibus
3298 3115 3410 3156 non
3431 3099 3617 3154 debere
3643 3110 3739 3150 eos
3778 3111 3868 3149 na-

605 3184 660 3230 et
713 3173 882 3277 multa
945 3170 1177 3233 crimina
1212 3168 1650 3271 intendentibus,
1697 3169 1983 3223 universus
2035 3166 2186 3222 orbis
2213 3217 2259 3280 Ο
2289 3166 2395 3274 οῖ’ρὶ
2422 3166 2477 3258 ὦ
2506 3198 2869 3257 sacerdotium
2899 3166 2993 3267 (iui
3020 3210 3081 3252 se
3116 3201 3395 3263 utcunque
3416 3184 3865 3259 contagione“

605 3263 927 3337 conjuravit,
953 3270 1008 3316 et
1026 3259 1282 3316 commoti
1309 3267 1436 3314 sunt
1464 3258 1737 3330 principes
1761 3267 1941 3324 terrae,
1973 3268 2181 3331 gentes,

603 3372 791 3430 regna,
822 3353 1116 3419 exercitus,
1168 3350 1416 3409 coierunt
1451 3353 1711 3404 adversus
1749 3364 1893 3403 eum.
1943 3347 2001 3402 ln
2032 3346 2185 3416 cujus

603 3449 951 3508 damnatione
982 3461 1106 3501 cum
1147 3443 1290 3515 apud
1326 3440 1685 3497 Mediolanum
1720 3439 2031 3511 congregati
2059 3440 2187 3494 sub-

603 3544 841 3600 scribere
870 3545 1194 3611 cogerentur
1220 3534 1481 3605 episcopi,
1527 3530 1848 3602 quihusdam
1876 3545 2067 3584 eorum
2094 3530 2187 3584 de-

602 3636 772 3704 ceptis
811 3674 827 3702 ,
892 3632 1247 3689 Pictaviensis
1307 3629 1532 3685 minime
1594 3625 1865 3683 consentit
1924 3624 2182 3680 Hilarius.

607 3723 760 3781 Unde
813 3731 867 3779 et
911 3738 1033 3779 cum
1090 3717 1414 3793 quibusdam
1471 3716 1592 3772 aliis
1640 3715 1908 3787 episcopis
1957 3714 2188 3769 traditur

603 3816 814 3872 exsilio.
842 3816 972 3872 Inde
1009 3814 1150 3885 apud
1184 3810 1488 3868 Ariminum
1520 3809 1756 3881 synodus
1802 3809 1871 3863 ab
1916 3808 2190 3864 hzcreticis

605 3916 985 3979 congregatur.
1030 3905 1108 3959 lbi
1153 3906 1452 3980 ὁμοσύσιον,
1498 3903 1654 3972 quasi
1697 3901 1938 3971 ignotum
1982 3915 2189 3956 sermo.

604 4013 751 4061 nem,
782 4007 838 4052 et
865 4014 896 4051 a
921 3996 1217 4065 Scripturis
1240 3994 1498 4059 alienum,
1529 4007 1560 4045 a
1589 3991 1711 4046 ﬁdei
1741 3990 2080 4061 expositione
2100 3991 2191 4046 de-

607 4096 858 4154 cernunt,
892 4085 1171 4140 ﬁrmantes
1215 4082 1318 4138 sibi
1350 4096 1652 4137 sermonem
1704 4095 1973 4150 nequam,
2016 4088 2073 4133 et
2112 4079 2192 4134 di-
2216 4076 2235 4092 '

606 4186 794 4234 centes
815 4176 913 4231 soli
946 4175 1161 4233 Christo
1182 4182 1442 4246 oportere
1465 4172 1648 4239 credi,
1682 4180 1738 4228 et
1772 4186 1878 4227 non
1918 4170 2190 4243 ὁμοούσιον

603 4270 942 4326 conﬁrmare.

1234 4372 1407 4415 CAPUT
1444 4373 1496 4413 νι
1507 4373 1565 4411 ΙΙ.

673 4476 880 4552 (Rufin.
899 4474 992 4530 lib.
1007 4448 1064 4541 ἱ,
1087 4471 1309 4552 capas,
1336 4469 1480 4527 Hist.
1496 4469 1721 4543 Eccles.)
1743 4472 1954 4525 Interea
1969 4468 2194 4525 liberius

2290 3295 2457 3352 retica
2486 3290 2916 3355 maculaverunt,
2948 3287 3071 3342 aliis
3096 3300 3263 3351 vero,
3311 3285 3382 3338 ad
3420 3279 3859 3351 conpassiouen.

2286 3384 2759 3460 promulgantibus
2786 3396 2894 3437 non
2937 3380 3134 3435 debere
3173 3375 3365 3448 negari
3385 3375 3600 3429 aditum
3634 3370 3861 3441 abjarato

2290 3493 2479 3535 errore
2505 3475 2744 3548 perﬁdiae
2770 3471 3143 3529 redeuntibus.
3186 3468 3420 3524 Additur
3446 3479 3677 3537 quoque
3716 3464 3764 3519 in
3782 3460 3861 3516 illo

2289 3568 2505 3625 concilii
2533 3570 2752 3623 decreto
2776 3564 2987 3636 plenior
3011 3563 3078 3619 de
3103 3561 3310 3632 Spiritu
3331 3566 3530 3614 sancto
3569 3555 3857 3627 disputatio,

2288 3673 2350 3718 ut
2368 3660 2613 3733 ejusdem
2636 3657 2955 3715 substantiae
2976 3670 3041 3712 ac
3081 3652 3297 3710 deitatis
3323 3649 3482 3721 cujus
3510 3648 3685 3705 Pater
3702 3658 3753 3703 et
3780 3647 3860 3703 Fi-

2289 3756 2395 3811 lius
2422 3754 2764 3818 crederetur;
2799 3766 2899 3806 nec
2940 3748 3234 3821 quidquam
3265 3757 3496 3816 prorsus
3529 3741 3589 3797 in
3626 3741 3856 3796 Trinitato

2291 3857 2384 3904 aut
2407 3855 2649 3903 creatum
2671 3853 2766 3898 aut
2790 3840 3017 3898 inferius
3039 3836 3418 3910 posteriusque
3444 3834 3756 3899 diceretur;
3781 3828 3861 3886 sed

2292 3941 2360 3996 de
2389 3935 2691 3995 diﬁ‘ereutia
2726 3930 3152 3989 substantiarum
3183 3938 3238 3984 et
3266 3925 3745 3983 subsistentiarum
3767 3936 3861 3977 εαε

2293 4048 2383 4087 mo
2400 4032 2479 4086 eis
2492 4044 2589 4101 per
2602 4026 2912 4097 Scripturas
2935 4032 3115 4079 motus
3140 4029 3245 4085 est,
3269 4034 3408 4091 quas
3427 4017 3614 4074 (ἓτωοί
3636 4017 3862 4076 οὗσῶςά

2292 4124 2605 4213 {poeticam
2630 4125 2846 4174 vocant.
2874 4116 3105 4184 Quidam
3129 4113 3383 4170 dicebant
3414 4110 3798 4170 substantiam,
3820 4112 3864 4158 et

2294 4204 2697 4272 subsistentiam
2720 4226 2886 4267 unum
2916 4210 3108 4275 videri,
3134 4208 3258 4279 quia
3286 4215 3397 4262 ttes
3418 4204 3761 4261 substantias
3778 4214 3865 4254 non

2294 4307 2521 4362 dicimus
2558 4305 2611 4359 in
2643 4305 2777 4369 Deo,
2799 4317 2901 4357 nec
2925 4311 3035 4356 tres
3062 4297 3439 4356 subsistentias
3467 4296 3662 4352 dicere
3696 4292 3867 4349 debea-

2297 4413 2435 4452 mus.
2466 4394 2573 4451 Alii
2603 4408 2755 4458 vero,
2781 4392 2977 4463 quibus
3017 4390 3173 4461 longe
3198 4387 3343 4443 aliud
3377 4384 3694 4442 substantia
3726 4393 3867 4453 quam

2295 4484 2640 4543 subsistentia
2668 4483 2970 4546 videbatur,
2995 4481 3247 4537 dicebant
3282 4478 3409 4550 quia
3435 4477 3747 4532 substantia
3770 4475 3869 4543 ipa

599 4570 747 4642 Papa
782 4567 1017 4624 traditur
1046 4565 1101 4621 in
1136 4550 1419 4629 'exsilium,
1464 4569 1519 4617 et
1543 4561 1719 4627 Felix,
1760 4561 2021 4616 diaconus
2054 4562 2191 4631 ejus,
2219 4581 2272 4641 Β
2297 4579 2378 4634 re;
2407 4574 2636 4646 alicujus
2672 4583 2926 4630 naturam
2973 4574 3347 4642 rationemque
3371 4584 3478 4640 qua
3525 4576 3768 4630 consul,
3792 4565 3869 4618 de.

602 4663 657 4718 in
689 4663 864 4717 locum
889 4660 1008 4729 ejus
1038 4656 1366 4728 subrogatur
1394 4654 1463 4710 ab
1484 4653 1775 4709 haereticis.
1805 4652 2194 4724 Hierosolymis

601 4753 831 4826 Cyrinus
859 4750 1094 4805 Maximo
1137 4747 1191 4801 in
1235 4747 1548 4816 episcopatu
1592 4744 1855 4809 succedit,
1906 4742 2194 4812 aliquando

603 4846 656 4900 in
687 4846 790 4898 ﬁde
814 4843 1033 4897 varians
1054 4881 1069 4906 ,
1101 4839 1394 4910 aliquando
1422 4838 1475 4892 in
1503 4834 1909 4891 communione.

675 4933 848 5005 (Socr.
902 4931 992 4985 lib.
1037 4945 1115 4996 vt,
1156 4946 1273 4999 cap.
1316 4927 1371 4994 1,
1418 4926 1475 4994 2,
1519 4924 1666 4982 Hist.
1698 4924 1869 4996 Trip.)
1895 4924 2000 4979 Per
2046 4924 2187 4979 idem

603 5034 818 5094 tempus
845 5021 1233 5078 Constantinus
1262 5021 1561 5092 imperator
1585 5016 1804 5073 vivendi
1832 5015 1992 5070 ﬁnem
2035 5013 2188 5080 facit,

602 5115 845 5171 Julianus
864 5127 995 5168 vero
1016 5112 1323 5169 succeditin
1344 5125 1591 5181 regnum,
1610 5108 1754 5164 bono
1778 5121 1911 5162 usus
1928 5104 2191 5177 principio

675 5283 704 5313 ι
743 5268 954 5325 Interea
996 5266 1367 5323 Constantinus
1414 5266 1720 5335 imperator.
1770 5259 2053 5335 Eusebius,
2088 5256 2191 5335 So:

604 5351 805 5407 crates,
864 5339 1220 5404 Sozomenes,
1265 5338 1358 5407 qui
1411 5330 1638 5407 haeresis
1684 5332 1903 5407 nomine
1951 5330 2187 5407 suspecti

606 5425 755 5478 sunt,
788 5402 848 5468 ut
885 5402 1215 5467 sacrosancti
1272 5402 1528 5478 concilii“
1550 5402 1769 5478 Nicaeni
1797 5402 2184 5478 auctoritatem

607 5473 992 5546 convellerent,
1017 5495 1080 5535 ea
1104 5479 1172 5534 de
1198 5477 1469 5547 baptismo
1489 5473 1830 5531 Constantini
1860 5486 2193 5547 commento:

606 5541 818 5621 rarum,
842 5568 961 5623 qua:
981 5541 1198 5608 illorum
1220 5541 1367 5623 certe
1390 5547 1637 5623 haeresim
1664 5553 1917 5623 arguunt.
1938 5541 2079 5623 Nam
2100 5541 2192 5623 qui

609 5628 663 5683 in
693 5614 940 5682 extremo
977 5623 1102 5679 vitat
1142 5618 1314 5690 spatio
1355 5618 1408 5673 in
1431 5617 1665 5690 Jordane
1691 5614 1853 5671 ﬂuvio
1887 5614 2195 5690 baptizatus

608 5708 691 5754 est
716 5697 781 5752 ah
808 5695 1034 5758 Ariano,
1060 5685 1447 5747 Constantinus
1476 5687 1618 5741 ﬁlius
1656 5697 1756 5750 est,
1789 5702 1896 5741 non
1918 5685 2195 5758 Constan-

611 5766 755 5823 tinus
797 5776 970 5833 pater,
1022 5754 1191 5833 quem
1234 5760 1435 5833 Romae
1469 5758 1796 5833 baptizatum
1840 5772 1868 5810 a
1912 5754 2192 5826 Sylvestro

610 5852 749 5904 esse,
796 5829 1055 5900 Damasi,’
1070 5831 1312 5901 Adriani,
1344 5830 1544 5887 Gelasii
1578 5839 1631 5884 et
1662 5829 1893 5884 aliorum
1947 5836 2191 5881 veterum

2299 4671 2516 4743 signet:
2558 4665 2916 4753 subsistentia
2957 4672 3135 4720 autem
3182 4661 3612 4731 uniuscujusque
3643 4660 3869 4730 persona

2296 4764 2400 4820 hoc
2430 4762 2606 4835 ipsum
2633 4760 2778 4832 quod
2807 4767 2987 4815 exstat
3012 4765 3070 4812 et
3097 4755 3362 4820 subsistit,
3389 4753 3674 4809 ostendat.

2947 4886 3120 4928 caru'r
3159 4886 3214 4924 ι.
3286 4862 3299 4877 '

2572 4988 2807 5047 Haereu'r
2836 4985 3052 5044 Sabellii
3074 4983 3297 5041 breviter
3319 4982 3599 5037 adnotata.

2366 5106 2598 5177 Ideoque
2652 5112 2877 5178 propter
2917 5100 3135 5158 Sabellii
3185 5100 3459 5164 haeresim,
3498 5094 3874 5154 confundentis

2294 5264 2609 5341 pontiﬁcum
2629 5262 2995 5341 Romanorum
3013 5255 3530 5341 littergedeclarant,
3543 5250 3873 5341 Graecorum:

2294 5322 2400 5410 que
2430 5322 2755 5406 Scriptorum
2802 5330 3064 5395 omnium,
3093 5329 3185 5400 qui
3215 5324 3657 5410 bene_§entiunt,
3693 5322 3873 5410 scripta

2293 5395 2455 5481 plane
2508 5395 3486 5481 testanturnehmonum‘enta‘illius
3670 5395 3872 5473 nomine

2296 5462 2489 5535 i'elicta
2535 5474 2759 5531 omnino
2784 5462 3071 5526 vindicant.
3122 5470 3255 5538 Quae
3298 5466 3408 5533 res,
3446 5466 3554 5522 etsi

2293 5560 2397 5615 est,
2445 5548 2580 5603 alias
2629 5554 2809 5600 tamen
2853 5541 3103 5597 dabimus
3143 5536 3365 5615 operam
3415 5546 3477 5591 ut
3526 5536 3730 5615 ordine
3775 5542 3869 5615 rent

2295 5604 2465 5691 ipsam
2504 5620 2964 5691 demonstremus,
2992 5620 3058 5691 _ut
3092 5604 3487 5691 qui'obstinato
3514 5607 3714 5691 animo
3742 5604 3868 5691 sint:

2294 5666 2875 5746 eiéi'c'edae'iénati
2918 5666 3210 5746 noluerint,
3238 5680 3525 5751 perspicue
3553 5686 3746 5732 tamen
3774 5666 3869 5725 tali

2295 5766 2708 5832 cognoscantur.
