4020 6338
107 323 217 382 869

1046 327 1393 387 HISTORLE
1434 326 1682 386 SACRzE
1724 326 2044 385 EPlTOME.
2083 357 2155 370 —-
2188 327 2319 386 LIB.
2355 328 2424 386 Χ.

3290 331 3403 391 επ

107 458 401 519 personas,
431 452 485 500 et
515 446 745 501 dicentis
774 446 898 517 quia
942 445 1084 501 idem
1114 445 1288 511 Deus,
1318 422 1534 514 quando
1565 442 1695 506 vult,
1728 446 1775 504 Α
1805 456 2033 511 poscens
2060 455 2341 511 responsa,
2373 454 2474 498 nec
2508 444 2755 515 suscipit.
2808 443 3155 502 Percunctati
3202 446 3402 504 daemo-

107 540 272 595 Pater
299 546 405 602 est,
436 538 649 607 quando
675 538 808 605 vult,
836 537 1007 593 Filius
1026 547 1131 602 est,
1160 538 1377 606 quando
1408 535 1540 599 vult,
1571 534 1693 605 Spi-

105 632 249 687 ritus
300 640 549 694 sanctus,
600 639 712 686 tres
753 630 1130 686 subsistentias
1162 644 1283 684 esse
1324 620 1692 691 conﬁtendas,

105 725 252 795 quod
277 723 433 794 quasi
464 730 574 778 tres
604 723 960 778 subsistentes
989 735 1251 793 personas
1289 721 1503 791 signare
1548 719 1698 772 vide-

105 825 279 881 retur,
311 830 379 871 ne
407 815 767 886 suspicionem
795 815 1077 879 daremus,
1111 821 1366 882 tanquam
1399 811 1541 866 illius
1573 809 1696 864 ﬁdei

105 915 428 972 sectatores,
462 906 552 977 qui
592 904 914 961 Trinitatem
948 904 1001 958 in
1034 902 1343 959 nominibus
1372 911 1578 957 tantum
1599 942 1614 966 ,
1641 906 1697 956 et

103 1015 215 1055 non
242 999 409 1053 rebus
438 1012 501 1053 ac
524 997 888 1053 subsistentiis
911 995 1257 1051 conﬁtentur.
1294 994 1399 1050 Sed
1424 994 1491 1049 de
1523 994 1697 1049 incar-

103 1090 331 1147 natione
357 1088 570 1145 Domini
593 1088 1045 1160 comprehensum
1068 1097 1155 1144 est
1181 1088 1305 1158 quia
1328 1101 1524 1156 corpus
1551 1086 1697 1156 quod

103 1189 436 1250 susceperat
462 1180 742 1246 Dominus,
768 1195 874 1236 non
898 1180 1015 1236 sine
1043 1194 1204 1237 sensu
1232 1194 1409 1251 neque
1434 1179 1551 1235 siue
1574 1177 1694 1233 ani-

103 1289 190 1327 ma
217 1272 570 1343 suscepisset.
622 1271 827 1340 Quibus
859 1282 1015 1326 caute
1049 1271 1435 1341 moderateque
1478 1285 1697 1340 compo-

101 1365 245 1429 sitis,
280 1364 461 1421 soluto
497 1364 748 1429 concilio,
803 1363 1066 1420 Eusebius
1100 1365 1183 1418 vir
1223 1364 1472 1427 illustris,
1503 1374 1697 1434 potens

101 1455 154 1510 in
188 1454 362 1511 verbo
389 1456 667 1521 doctrinae,
715 1455 995 1512 Orientem
1025 1456 1221 1510 circuit
1264 1463 1427 1527 atque
1456 1454 1692 1519 Italiam;

101 1557 155 1603 et
182 1548 329 1603 illius
358 1547 751 1604 circumferens
776 1548 1012 1613 decreta,
1042 1547 1282 1617 singulas
1320 1562 1562 1618 quasque
1595 1545 1694 1600 Ec-

101 1638 298 1696 clesias
319 1638 385 1693 ad
404 1640 690 1697 sanitatem
714 1648 874 1696 rectae
886 1639 1010 1695 ﬁdei
1029 1648 1266 1696 revocat.
1284 1638 1428 1694 Idem
1445 1638 1695 1694 moliente

99 1735 430 1791 Pietaviensi
471 1737 724 1807 episcopo
772 1735 997 1800 Hilario,
1045 1736 1160 1790 viro
1209 1732 1533 1790 naturaliter
1575 1747 1697 1788 eru-

1801 547 1897 587 nes
1952 532 2018 586 de
2076 548 2240 587 causa
2299 533 2537 599 silentii,
2602 536 2757 589 aiunt
2805 536 3115 607 sepulcrum
3176 537 3395 611 Babylte

1800 626 2060 696 martyris
2077 640 2244 696 prope
2270 626 2506 696 positum
2553 628 2834 698 impedire.
2878 629 3030 685 Tunc
3072 630 3164 687 ille
3208 632 3403 687 venire

1800 713 2051 770 Galilazos
2080 757 2093 782 ,
2128 715 2232 770 hoc
2259 715 2404 771 enim
2445 718 2668 773 nomine
2698 727 2914 776 nostros
2942 720 3136 778 solitus
3163 730 3284 778 erat
3304 738 3401 794 ap-

1799 807 2024 878 pellare,
2049 818 2101 864 et
2140 809 2358 865 auferre
2405 810 2712 879 sepulcrum
2753 814 3016 885 martyris
3056 815 3228 883 lubet.
3261 815 3397 871 Con-

1798 900 2130 971 veniuntque
2178 902 2349 957 nostri
2378 902 2672 972 psallentes
2699 918 2822 959 cum
2853 906 3218 961 exsultatione
3265 906 3397 961 illud

1798 994 2101 1069 Psalmistze
2136 995 2188 1050 in
2215 996 2436 1051 auribus
2482 994 2694 1067 profani
2723 997 3020 1068 principis:
3049 998 3399 1056 Confundanv

1800 1096 1888 1141 tur
1917 1101 2108 1141 omnes
2135 1086 2227 1156 qui
2252 1087 2479 1141 adorant
2508 1087 2783 1157 scuptilia,
2823 1096 2880 1143 et
2907 1090 2998 1159 qui
3035 1090 3313 1146 conﬁdunt
3340 1090 3396 1147 in

1798 1178 2103 1233 simulacris
2127 1178 2259 1233 suis.
2295 1177 2449 1234 Unde
2480 1177 2569 1234 ille
2604 1177 2670 1233 ad
2700 1180 3038 1236 iracundiam
3067 1189 3395 1253 provocatus

1798 1268 2140 1324 Christianos
2167 1270 2470 1325 incarcerat
2493 1279 2548 1325 et
2574 1269 2741 1325 infert
2778 1273 3066 1343 martyria,
3092 1274 3392 1329 commina-

1800 1370 1887 1416 tus
1936 1360 2140 1430 majora
2191 1370 2460 1417 tormenta
2505 1362 2796 1445 post_belli
2846 1364 3152 1421 victoriam.
3186 1365 3303 1445 Hoc
3328 1379 3395 1422 eo

1798 1456 2099 1525 cogitante,
2125 1470 2212 1510 res
2236 1455 2466 1512 vertitur
2487 1455 2539 1509 in
2571 1438 2931 1511 contrarium.
2956 1457 3090 1511 Nam
3116 1438 3394 1529 profectus

1797 1546 2015 1618 quidem
2044 1554 2147 1612 est,
2196 1545 2291 1600 sed
2320 1545 2525 1601 reditus
2571 1544 2751 1600 nullus
2800 1546 2931 1610 fuit;
2975 1547 3158 1617 ibique
3188 1547 3395 1603 incerto

1797 1652 2021 1692 suorum
2050 1648 2143 1693 aut
2193 1639 2433 1694 hostium
2474 1638 2657 1707 jaculo
2693 1640 3024 1697 confoditur.
3054 1642 3254 1697 Fertur
3296 1657 3393 1696 au-

1799 1738 1909 1785 tem
1931 1731 2081 1802 quia,
2106 1730 2233 1786 dum
2263 1731 2454 1788 fuisset
2483 1733 2818 1799 vulneratus,
2853 1750 2977 1789 mox
3006 1734 3266 1803 sanguine
3293 1748 3392 1789 suo

99 1827 250 1893 dito,
293 1836 351 1882 et
399 1827 841 1883 eommodissimo
891 1827 960 1881 ad
1004 1825 1439 1897 persuadendum
1460 1863 1477 1889 ,
1538 1821 1693 1891 cujus
1723 1810 1768 1872 Β
1796 1825 2147 1895 compleverit
2169 1842 2410 1891 manum,
2445 1834 2500 1881 et
2525 1826 2582 1882 in
2608 1841 2789 1883 aerem
2811 1823 3134 1897 projecerit,
3161 1824 3386 1880 dicens:

99 1919 269 1975 multa
317 1926 535 1975 exstant
573 1919 854 1990 opuscula,
898 1927 956 1975 et.
998 1918 1119 1972 libri
1170 1916 1237 1973 de
1285 1915 1388 1971 ﬁde
1438 1913 1693 1970 nobiliter

99 2009 235 2065 editi
262 2019 453 2065 contra
477 2009 747 2069 versutias
785 2009 1187 2066 hazreticorum.
1216 2006 1425 2061 Interea
1449 2003 1696 2060 Julianus

97 2100 397 2171 imperator
436 2108 644 2171 contra.
670 2100 870 2157 Persas
898 2106 1236 2171 pugnaturus
1284 2096 1405 2151 litat
1436 2095 1693 2166 Apollini,

1798 1918 2040 1983 Galilme,
2075 1919 2289 1984 vicisti;
2340 1927 2397 1975 et
2438 1918 2494 1973 in
2535 1934 2600 1975 eo
2641 1919 2761 1990 ipso
2807 1916 3088 1974 confessus
3128 1925 3218 1973 est
3265 1931 3390 1973 cum

1797 2009 2133 2081 blasphemia
2164 2009 2470 2065 victoriam.

1316 2350 1625 2438 LIBER
1697 2294 2195 2435 DECIMUS.»

661 2701 836 2743 CAPUT
885 2702 1109 2742 PRIMUM.

162 2821 388 2895 (Thcod.
425 2821 463 2876 Ι.
492 2838 530 2878 ι.
562 2839 611 2877 c.
644 2823 699 2887 1,
724 2822 779 2889 5,
817 2821 961 2894 Trip.
992 2822 1222 2895 Hister.)
1255 2823 1385 2878 Post
1411 2823 1679 2880 Julianutn

93 2914 409 2971 Iovinianus
438 2915 504 2969 ab
530 2913 775 2969 exercitu
807 2914 1044 2971 trahitur
1074 2916 1143 2968 ad
1173 2915 1385 2984 imperii
1409 2914 1675 2985 insignia;

93 3010 185 3077 qui
215 3016 440 3063 excusat
486 3022 543 3063 se
571 3005 852 3077 sacrilegis
893 3022 1001 3063 non
1027 3023 1187 3077 posse
1227 3007 1517 3078 imperare,
1553 3004 1679 3076 quia

91 3100 435 3156 Christianus
481 3108 649 3159 esset,
682 3113 782 3153 nec
826 3099 1148 3168 acquiescit,
1196 3099 1368 3155 donec
1413 3097 1678 3154 acclamat

91 3196 366 3253 exercitus
398 3214 411 3247 :
444 3194 512 3249 Et
532 3210 631 3250 nos
651 3192 947 3249 Christiani
974 3209 1179 3248 sumus.
1207 3193 1306 3267 llic
1332 3192 1680 3264 persequitur

91 3286 397 3352 haereticos,
428 3295 483 3341 et
513 3286 747 3341 honorat
768 3284 1092 3350 Ecclesiam,
1122 3285 1480 3339 Athanasium
1505 3284 1677 3354 requi-

91 3379 187 3444 rit,
213 3386 268 3432 et
293 3377 361 3433 ab
395 3377 514 3447 ipso
539 3376 765 3447 suscipit
787 3375 1019 3430 formam
1054 3375 1197 3441 ﬁdei,
1232 3384 1288 3432 et
1310 3375 1675 3432 Ecclesiarnm

91 3470 542 3541 disponendarum
568 3468 809 3523 modum.
842 3467 947 3523 Sed
974 3468 1089 3523 haec
1125 3475 1234 3522 tam
1265 3468 1384 3523 laeta
1413 3468 1677 3539 principia

91 3571 209 3618 orta
238 3576 383 3616 rnors
416 3560 707 3615 immatura
736 3574 861 3614 mox
890 3560 1134 3630 corripit.
1162 3559 1291 3615 Post
1312 3560 1456 3615 hunc
1483 3559 1678 3615 Valen-

91 3656 327 3713 tinianus
370 3669 492 3710 cum
553 3654 723 3709 fratre
783 3654 1008 3709 Valente
1065 3652 1293 3726 suscipit
1350 3654 1673 3726 imperium,

91 3748 344 3820 expulsus
372 3746 644 3817 quondam
668 3745 862 3801 militia
892 3762 920 3799 a
950 3744 1165 3801 Juliano
1187 3760 1285 3816 pro
1307 3746 1412 3801 ﬁde
1449 3754 1631 3800 nostra
1657 3761 1671 3809 ;

91 3853 141 3899 ct
190 3842 289 3898 sibi
341 3839 560 3912 quidem
612 3848 744 3895 tunc
792 3836 1166 3895 Occidentales
1215 3838 1412 3909 delegit
1459 3847 1671 3907 partes,

91 3934 244 3989 iratri
277 3939 455 3988 autem
483 3928 791 3986 Orientales
827 3929 1061 4000 reliquit.
1106 3927 1516 4003 Valentinianus
1541 3941 1673 3997 ergo

91 4030 137 4080 in
186 4024 288 4079 ﬁde
315 4034 369 4079 et
414 4022 675 4095 religione
717 4022 1018 4077 Romanam
1063 4020 1449 4091 rempublicam
1498 4021 1672 4075 admi-

92 4118 310 4182 nistrat;
342 4119 436 4172 sed
467 4115 685 4181 Valens,
712 4113 941 4170 favendo
960 4114 1254 4180 bmreticis,
1283 4113 1416 4169 abiit
1442 4112 1497 4167 in
1529 4113 1671 4167 viam

91 4219 300 4283 patrum
330 4222 572 4265 suorum.
612 4208 958 4265 Orthodoxos
1008 4223 1251 4280 quosque
1299 4207 1668 4278 persequitur,

91 4301 370 4358 tormentis
404 4301 701 4365 excruciat,
744 4302 968 4357 damnat
1012 4299 1237 4366 exsilio;
1274 4298 1370 4355 sed
1398 4299 1501 4354 hoc
1546 4307 1672 4369 post

91 4393 363 4449 Athanasii
385 4393 627 4461 obitum;
663 4408 812 4459 nam,
841 4392 933 4449 illo
963 4391 1275 4464 superstite,
1302 4390 1452 4446 velut
1489 4389 1669 4447 divina

91 4485 315 4556 quadam
343 4485 542 4541 virtute
568 4484 909 4556 prohibetur.

736 4635 909 4677 CAPUT
948 4636 1007 4676 ιι.

91 4735 427 4798 Athanasius,
454 4735 843 4789 Alexandrinus
870 4736 1159 4805 episcopus,
1179 4736 1581 4807 quadragesimo
1620 4750 1668 4794 et

363 4815 508 4861 sexto
539 4807 821 4861 sacerdotii
858 4807 944 4862 sui
966 4823 1105 4861 anno
1131 4808 1375 4862 moritur.

160 4936 360 5011 (Ruﬁn.
390 4937 482 4993 lib.
517 4953 570 5001 x,
609 4953 725 5009 cap.
757 4936 825 5004 '5,
855 4935 996 4991 Hist.
1044 4936 1219 5009 Eccl.)
1261 4939 1450 5009 igitur,
1483 4939 1669 4997 functo

91 5034 142 5085 in
166 5046 298 5100 pace
335 5030 633 5086 Athanasio
674 5038 797 5101 post
845 5029 1042 5085 multos
1088 5044 1313 5101 agones,
1340 5039 1395 5086 et
1427 5030 1589 5087 Petro
1614 5033 1669 5104 in

91 5140 261 5188 iocum
288 5121 405 5193 ejus
448 5123 762 5187 substituto,
811 5137 970 5192 quem
1019 5129 1073 5178 et
1103 5123 1217 5193 ipse
1268 5124 1572 5181 sciscitatus
1602 5126 1670 5182 de

91 5230 401 5273 successore
421 5216 678 5289 elegerat,
708 5214 892 5271 favore
922 5215 1179 5287 principis
1201 5218 1454 5273 concitati
1479 5218 1668 5275 adver-

1794 2661 2124 2733 aggreditur,
2149 2659 2446 2729 Patresque
2492 2656 2883 2712 monachorum
2926 2652 3172 2727 Egypti,
3204 2652 3384 2714 Maca-

1786 2754 1949 2818 rium,
1978 2745 2264 2817 lsidorum,
2298 2752 2570 2820 aliumque
2594 2750 2913 2815 Macarium,
2938 2747 3300 2816 Heraclidem,
3326 2755 3384 2806 et

1785 2843 2033 2905 Paulum,
2066 2844 2359 2913 discipulos
2387 2841 2628 2905 Antonii,
2656 2840 2877 2896 tradidit
2903 2840 3116 2904 exsilio,
3141 2840 3233 2910 qui
3257 2840 3381 2897 vitae

1784 2936 1981 2992 merito
2021 2934 2261 3005 insignes
2306 2943 2364 2988 et
2393 2932 2685 2986 virtutibus
2721 2926 3072 2986 admirabiles
3102 2926 3380 2985 habeban-

1786 3034 1896 3081 tur.
1932 3024 2037 3079 Pro
2068 3023 2339 3079 brevitate
2370 3020 2647 3091 proposita
2682 3031 2874 3075 caatera
2905 3019 3183 3085 amittens,
3214 3036 3381 3075 unum

1784 3117 2008 3173 Macarii
2042 3116 2253 3186 insigne
2277 3114 2457 3169 refero
2481 3113 2825 3168 miraculum.
2857 3112 3046 3171 Caecus
3066 3112 3284 3182 quidam
3312 3108 3381 3167 ad

1781 3210 1975 3268 cellam
2030 3209 2279 3270 Macarii,
2340 3223 2466 3263 cum
2519 3221 2628 3263 non
2683 3204 2978 3276 repe'risset
3028 3220 3153 3259 eum
3202 3204 3376 3270 domi,

1781 3311 2010 3361 maestus
2044 3302 2240 3372 primo,
2265 3300 2359 3355 sed
2385 3314 2510 3355 mox
2532 3297 2659 3352 ﬁdei
2688 3294 3186 3379 ardorelcalesceus
3210 3311 3225 3349 :
3270 3295 3381 3367 Ap-

1780 3395 1979 3467 plicatc
2002 3409 2108 3459 me,
2143 3392 2339 3463 inquit,
2365 3390 2434 3445 ad
2456 3388 2604 3444 illam
2644 3396 2854 3459 partem
2890 3384 3134 3459 parietis,
3165 3385 3255 3440 ubi
3284 3400 3380 3440 cu~

1779 3487 1911 3543 bare
1939 3485 2079 3541 solet
2113 3484 2319 3549 senior,
2370 3490 2426 3536 et
2455 3480 2724 3540 admotus.
2756 3492 3059 3557 parumque
3094 3475 3190 3540 luti
3236 3474 3376 3530 aridi

1779 3594 1888 3649 quo
1913 3578 2098 3648 paries
2127 3575 2327 3631 oblitus
2357 3582 2496 3638 erat,
2524 3572 2715 3651 palma:
2745 3586 2858 3627 suae
2885 3583 3287 3640 superponens,
3320 3574 3378 3621 et

1778 3672 1845 3728 de
1867 3685 2005 3739 aqua
2040 3668 2187 3739 putei
2219 3682 2287 3721 ex
2331 3680 2439 3737 quo
2485 3665 2600 3737 ipse
2651 3662 2821 3743 bibat,
2861 3659 3139 3717 resolvens
3185 3657 3372 3714 oculos

1777 3778 1927 3828 suos,
1951 3760 2223 3833 perunxit,
2249 3768 2304 3814 et
2331 3774 2458 3814 mox
2487 3757 2663 3829 visum
2703 3754 2926 3829 recepit.
2951 3751 3153 3826 (Ruﬁn.
3185 3750 3277 3806 lib.
3310 3767 3365 3816 x,

1774 3870 1895 3923 cap.
1931 3851 1989 3915 4,
2020 3849 2161 3905 Hist.
2194 3846 2422 3917 Eccles.)
2450 3845 2556 3902 Sed
2587 3856 2643 3901 et
2686 3845 2828 3900 idem
2853 3841 3123 3898 Macarius
3166 3839 3374 3896 catulos

1779 3945 1961 3999 leaena:
1981 3955 2178 4005 caecos,
2206 3955 2236 3995 a
2260 3948 2435 3994 matre
2461 3938 2562 3994 sibi
2599 3936 2865 4006 objectos,
2891 3951 3014 3991 cum
3042 3949 3140 4005 pro
3168 3933 3373 3987 eisdem

1774 4033 1949 4090 bestia
1979 4030 2284 4101 supplicare
2309 4029 2609 4093 videretur,
2637 4027 2832 4082 liberat
2860 4042 2889 4080 a
2918 4025 3179 4086 caecitate,
3208 4024 3374 4078 dona-

1775 4134 1973 4194 turque
2018 4139 2048 4176 a
2099 4121 2270 4177 bestia
2301 4120 2550 4191 plurimis
2576 4118 2805 4190 pellibus
2835 4116 3054 4171 laniatis
3098 4132 3198 4186 pro
3254 4130 3373 4169 mu-

1775 4230 1930 4280 nere,
1962 4230 2058 4270 ore
2097 4229 2194 4268 suo
2219 4212 2443 4274 enectis,
2472 4219 2526 4267 et
2559 4218 2687 4266 ante
2725 4210 2914 4266 cellam
2950 4205 3069 4278 ejus
3088 4207 3368 4279 depositis.

1776 4310 1884 4364 Sed
1914 4310 1999 4364 his
2031 4307 2195 4362 tantis
2220 4306 2421 4360 virtute
2452 4304 2793 4359 mirabilibus
2833 4317 2940 4356 non
2967 4298 3371 4360 defert_Lucius
3474 4302 3485 4313 ‘

1772 4400 2047 4465 Arianus;
2076 4399 2322 4469 quinimo
2340 4396 2497 4466 jubet
2520 4396 2667 4466 ipsos
2692 4393 2984 4465 praedictos
3009 4399 3194 4462 patres
3220 4390 3368 4445 clam

1775 4489 2064 4562 raptos,1in
2100 4489 2323 4559 ignitam
2350 4485 2573 4556 [Egypti
2603 4483 2833 4539 insulam
2862 4480 3161 4551 deportari,
3192 4479 3288 4535 ubi
3312 4485 3369 4532 et

1776 4584 1942 4638 multa
1966 4590 2263 4652 operantur
2285 4577 2567 4643 miracula,
2595 4585 2652 4631 et
2678 4582 3005 4632 convertunt
3036 4571 3365 4628 incredulos.

1773 4674 1927 4742 Quod
1958 4687 2329 4743 expavescens
2354 4669 2571 4733 Lucius,
2608 4668 2812 4723 veritus
2856 4664 3111 4737 populum
3143 4673 3367 4734 propter

1764 4765 1945 4837 justos
1969 4762 2408 4827 tumultuantem,
2443 4769 2660 4816 revocat
2681 4774 2799 4823 eos,
2828 4767 2885 4813 et
2911 4758 2977 4812 ad
2998 4770 3241 4811 eremum
3275 4769 3366 4813 re-

1774 4855 1960 4910 mittit.
1987 4855 2187 4909 Verum
2219 4854 2344 4906 dum
2374 4853 2476 4906 hoc
2500 4849 2702 4907 Lucius
2736 4849 2847 4921 agit
2879 4849 2933 4903 in
2965 4845 3223 4918 Egypto,
3260 4847 3365 4903 Va-

1764 4947 1889 5003 ‘lens
1914 4947 2240 5001 Arianorum
2289 4946 2588 5015 imperator
2613 4956 2712 5014 per
2742 4942 2846 4996 alia
2888 4940 3004 4995 loca
3047 4955 3154 4994 non
3184 4940 3364 4995 minus

1773 5042 2036 5095 adversus
2066 5049 2282 5094 nostros
2316 5037 2591 5103 insanivit,
2641 5035 2875 5090 maxime
2925 5033 3064 5103 apud
3093 5032 3359 5099 Edissam,

1773 5131 2174 5203 Mesopotamiae
2212 5130 2422 5194 urbem,
2459 5128 2684 5183 Thema:
2709 5126 2950 5198 Apostoli
2980 5125 3228 5196 reliquiis
3269 5126 3355 5181 de-

1772 5231 2015 5279 coratam
2048 5240 2060 5277 :
2099 5221 2191 5277 ubi
2220 5221 2288 5276 de
2332 5219 2573 5275 Ecclesia
2605 5218 2885 5274 catholicis
2927 5217 3136 5284 electis,
3166 5231 3263 5272 nec
3303 5214 3361 5271 in

91 5323 206 5363 sum
246 5315 460 5365 nostros
499 5308 686 5362 Ariani
737 5306 1021 5380 insurgunt
1072 5309 1463 5365 vehementius.
1516 5310 1667 5368 Tunc
1698 5352 1748 5412 Β
1773 5331 1966 5386 campo
1993 5314 2258 5385 permittit
2284 5313 2487 5369 habere
2515 5321 2859 5367 conventum.
2910 5310 3063 5367 Tunc
3091 5310 3239 5365 velut
3265 5323 3361 5362 au‘

91 5401 306 5469 Lucius,
332 5401 546 5458 Arianae
566 5402 735 5475 pestis
762 5402 1061 5474 episcopus,
1083 5402 1267 5476 fugato
1299 5403 1477 5467 Petro,
1505 5422 1665 5479 supra

91 5498 487 5567 persecutiones
529 5497 812 5572 gentilium
854 5507 1033 5552 vastat
1058 5497 1379 5565 Ecclesiam,
1415 5509 1588 5555 vastat
1614 5511 1668 5557 et
1704 5508 1707 5511 '

91 5604 349 5653 ercmum,
380 5599 435 5645 et
455 5589 655 5645 bellum
677 5589 1085 5660 quiescentibus
1111 5589 1316 5645 indicit.
1349 5589 1534 5661 Itaque
1562 5591 1662 5653 tria

91 5682 252 5737 millia
288 5693 341 5737 et
367 5700 432 5747 eo
461 5684 692 5757 amplius
716 5684 863 5738 viros
883 5724 898 5748 ,
946 5698 1043 5752 per
1070 5690 1236 5736 totam
1264 5698 1504 5738 eremum
1538 5685 1666 5739 soli-

91 5777 227 5833 taria
257 5774 587 5833 habitatione
616 5777 911 5851 dispersos,
932 5784 1140 5832 armata
1169 5792 1331 5832 manu
1352 5792 1663 5852 oppugnare

1775 5424 1892 5462 rum
1948 5408 2002 5462 in
2048 5406 2272 5463 fornace
2321 5408 2626 5477 probatum,
2668 5408 2721 5461 in
2766 5407 3144 5478 persecutione
3192 5402 3359 5473 fulget

1770 5499 2045 5567 Ecclesia;
2073 5501 2213 5555 unde
2237 5514 2339 5554 non
2369 5500 2422 5554 in
2450 5498 2889 5564 verbis'tantum,
2929 5497 3023 5551 sed
3076 5496 3130 5549 in
3173 5507 3358 5548 carce-

1770 5595 1920 5649 ribus
1950 5603 2006 5649 et
2031 5593 2236 5650 exsiliis
2260 5592 2595 5664 vinculisque
2620 5591 2754 5647 ﬁdes
2774 5589 3120 5660 approbatur.
3145 5584 3354 5641 interea

1770 5704 1891 5744 cum
1944 5689 2082 5759 apud
2126 5687 2511 5743 Alexandriam
2554 5686 2850 5742 nebulosus
2900 5681 3116 5751 quidam
3167 5680 3358 5736 doctor

1768 5781 1966 5841 Lucius
1994 5782 2374 5838 obtenebraret
2397 5779 2646 5854 populos,
2670 5776 2815 5830 velut
2842 5772 3146 5845 lampadem
3171 5786 3355 5847 quam-
