4020 6338
565 303 664 361 871
1026 300 1409 364 -ΗΑΥΜοΝιε
1446 252 1922 356 llALBEBSTAT.
1964 294 2175 352 EPISC.

2285 295 2363 350 ’P.
2404 293 2583 351 PARS
2619 293 2704 350 Ill.
2744 321 2816 334 -—-
2847 289 3343 347 MISCELLANEA.

572 420 698 476 dam
742 418 938 473 divinae
994 415 1162 480 lucis;
1217 413 1499 490 Dydimuin
1563 410 1823 464 Dominus
1882 407 2148 463 accendit.
2181 418 2233 476 Α

574 513 773 586 (Idem,
803 529 919 581 cap.
958 511 1012 570 l,
1047 507 1371 579 ejusd.'lib.)
1404 505 1498 559 llic
1529 520 1558 557 a
1580 502 1825 574 pueritia
1861 500 2155 556 luminibus

569 609 812 670 orbatus,
837 620 936 659 nec
966 603 1085 658 ideo
1107 602 1285 656 minus
1316 599 1513 653 litteris
1543 612 1600 652 se
1628 595 1922 666 applicans,
1956 594 2153 687 mirum
2334 613 2528 687 (Mem,
2577 629 2624 666 ε,
2657 612 2781 680 ιε.)
2827 611 3036 665 interea
3086 611 3495 665 Valentinianus
3548 611 3890 680 impean

575 700 746 762 diem.
789 697 842 750 ίιι
882 703 1088 750 “Nam
1130 692 1530 762 scripturarum
1575 688 1936 743 θτυδίιίοηεω
1971 685 2154 740 dim“)
2253 685 2397 760 diem
2423 705 2573 769 obiit,
2601 703 2726 758 filiis
2751 703 2863 758 suis
2891 702 3152 758 Gratiano
3173 713 3228 757 et
3255 703 3648 758 Valentiniano
3699 704 3886 758 relin-

569 787 820 860 pervenit
865 782 1158 849 miraculo,
1219 795 1278 835 ut
1326 780 1523 836 scholae
1569 777 1963 834 ecclesiasticae.
2012 774 2155 830 illius
2254 794 3157 868 quensimperium.sedclfraler
3183 793 3540 862 ejus,colhis
3571 795 3888 865 insurge“.

2910 420 3080 459 CAPUT
3119 420 3172 457 ν.

2551 497 2941 552 Valentinianus
2976 508 3153 566 regnat
3183 497 3355 550 decem
3377 497 3556 551 annis.

569 877 832 947 temporis
852 876 1123 929 maximus
1152 874 1339 928 doctor
1367 873 1646 928 existeret.
1679 868 2157 924 HuncbeatusAn-

572 971 771 1033 tonius,
807 983 929 1023 eum
956 966 1080 1021 fidei
1107 965 1393 1020 Athanasii
1424 963 1792 1018 testimonium
1825 961 2032 1016 laturus
2056 961 2156 1014 ad-

567 1073 784 1116 versum
808 1057 1040 1111 Arianos
1067 1054 1136 1111 de
1178 1054 1455 1110 Thebaide
1501 1052 1906 1116 descendisset,
1943 1050 2155 1120 magni-

571 1148 688 1206 ficis
711 1146 1020 1202 consolatus
1045 1153 1128 1201 est
1165 1145 1344 1200 verbis
1370 1162 1383 1197 :
1414 1143 1556 1198 Nihil
1587 1152 1660 1208 te,
1678 1142 1869 1212 inquit,
1895 1139 2155 1205 offendat,

569 1225 812 1311 Didyme,
846 1239 987 1309 quod
1018 1236 1322 1293 carnalibus
1344 1235 1514 1290 oculis
1543 1234 1740 1289 videris
1761 1235 2005 1288 orbatus.
2055 1232 2157 1285 De-

569 1340 695 1387 sunt
726 1330 820 1384 tibi
867 1328 1006 1385 oculi
1041 1344 1177 1398 quos
1203 1342 1414 1391 mures,
1454 1340 1689 1390 muscae,
1723 1334 1778 1379 et
1820 1323 2034 1377 lacertae
2064 1322 2159 1375 ha-

571 1422 730 1486 bent;
757 1420 851 1474 sed
880 1419 1084 1484 laetare,
1115 1418 1240 1487 quia
1268 1418 1434 1472 habes
1470 1417 1655 1471 oculos
1695 1431 1830 1485 aluos
1857 1413 2031 1485 angeli
2063 1413 2159 1466 ha-

571 1513 718 1578 bent,
765 1511 962 1581 quibus
991 1510 1134 1564 Deus
1173 1499 1418 1573 videtur',
1458 1521 1557 1577 per
1602 1521 1738 1576 quos
1767 1504 1862 1559 tibi
1901 1517 2159 1570 magnum

571 1605 813 1662 scientiae
843 1603 1023 1657 lumen
1047 1600 1388 1658 accenditur.

1201 1727 1374 1768 CAPUT
1411 1727 1494 1766 ιη.

760 1829 837 1884 De
864 1827 1157 1883 illustribus
1184 1827 1334 1894 viris,
1372 1823 1575 1878 Basilio
1604 1831 1650 1876 et
1688 1820 1958 1893 Gregorio.

647 1941 839 2015 (Idem,
883 1958 930 1995 c.
953 1939 1009 2006 7,
1056 1939 1291 2010 ejusdem
1320 1936 1437 2009 lib.)
1470 1937 1544 1990 Ea
1581 1944 1902 2005 tempestate
1931 1933 2162 1989 Basilius

574 2044 630 2090 et
655 2034 969 2104 Gregorius,
997 2030 1369 2102 Cappadociae,
1403 2030 1574 2084 instar
1603 2029 1830 2083 duorum
1867 2027 2166 2098 coelLlumi-

577 2126 790 2182 narium
822 2123 1106 2194 refulgent,
1146 2121 1304 2176 ambo
1332 2120 1560 2186 nobiles,
1605 2120 1765 2174 ambo
1792 2119 2015 2174 Athenis
2054 2117 2167 2174 suf-

581 2216 948 2274 ficientissime
989 2214 1223 2279 eruditi;
1265 2213 1378 2282 qui,
1425 2212 1647 2268 remotis
1673 2211 1903 2281 denique
1937 2211 2163 2267 Saecula-

582 2307 721 2364 rium
753 2305 1067 2361 Graecorum
1111 2303 1282 2369 libris,
1319 2302 1705 2358 [nonasterium
1738 2310 2019 2372 expetunt,
2068 2300 2167 2356 soli

582 2398 778 2454 divinae
809 2398 1103 2466 Scriptura:
1141 2395 1504 2450 attendentes.
1550 2394 1782 2448 Basilius
1832 2392 2165 2462 contempla-

585 2491 716 2547 tioni
743 2491 1054 2545 monasticae
1075 2489 1322 2552 inhaeret,
1349 2496 1661 2557 contemptu
1689 2486 1867 2540 saeculi
1893 2485 2167 2549 humilior;

584 2584 880 2655 Gregorius
901 2580 1282 2636 ecclesiasticae
1309 2579 1530 2644 actioni,
1559 2578 1611 2631 in
1636 2576 2019 2647 praedicatione
2042 2575 2174 2629 libe-

589 2678 720 2733 rior.
761 2676 990 2731 Basilius
1019 2675 1202 2744 itaque
1229 2673 1478 2728 Caesarie:
1499 2669 1853 2740 Cappadocia:
1875 2669 1935 2723 fit
1963 2667 2175 2737 episco-

586 2785 706 2838 pus.
741 2767 842 2834 Qui
889 2780 1012 2821 cum
1060 2780 1089 2818 a
1139 2763 1362 2817 Valente
1408 2763 1460 2814 in
1502 2761 1750 2815 exsilium
1789 2766 2094 2828 cogeretur,
2127 2763 2180 2810 et

590 2869 758 2915 staret
785 2859 851 2911 ad
875 2855 1128 2920 tribunal,
1161 2853 1416 2923 praefecto
1464 2851 1734 2905 minitanti
1762 2849 1938 2903 fertur
1963 2847 2178 2916 elegan-

595 2959 680 3006 ter
726 2942 1392 3019 respondissez'Utinam,
1429 2943 1623 3012 inquit,
1655 2943 1872 3011 dignum
1923 2939 2176 2994 haberem

595 3041 813 3110 aliquod
845 3053 1059 3104 munus,
1091 3035 1234 3106 quod
1266 3037 1314 3089 ei
1342 3033 1626 3098 offerrem,
1659 3031 1751 3102 qui
1779 3030 2036 3086 Basilium
2067 3043 2179 3082 nia-

596 3132 773 3188 turius
796 3131 861 3186 de
886 3129 1028 3184 nodo
1063 3129 1221 3199 hujus
1251 3126 1393 3181 follis
1411 3125 1772 3218 absolveret!
1798 3121 2039 3218 cumque
2079 3121 2176 3218 da-
2205 3153 2252 3218 Ο

594 3232 746 3278 retur
769 3221 818 3277 ei
851 3220 1083 3292 spatium
1109 3217 1444 3274 deliberandi
1477 3237 1491 3269 :
1524 3215 1657 3288 Ego,
1697 3215 1794 3282 ait,
1845 3215 1898 3269 in
1937 3213 2178 3268 crastino

593 3324 833 3386 tempore
872 3329 988 3379 ero,
1034 3312 1124 3382 qui
1157 3311 1314 3367 hodie
1344 3330 1355 3364 :
1389 3320 1445 3366 tu
1487 3319 1540 3365 te
1589 3311 1796 3364 utinam
1831 3323 1936 3363 non
1963 3309 2175 3363 mutes!

594 3405 660 3460 Et
700 3403 788 3459 illa
832 3403 1048 3474 quidem
1089 3409 1249 3456 nocte
1294 3416 1416 3456 cum
1465 3415 1601 3474 uxor
1631 3398 1970 3470 imperatoris
2011 3398 2177 3452 vehe-

597 3503 809 3550 menter
861 3494 1228 3558 cruciaretur,
1287 3499 1343 3545 et
1397 3490 1538 3546 lilius
1561 3467 1708 3561 .ejus
1754 3490 1946 3544 unicus
1999 3489 2179 3544 divina

595 3587 1032 3658 exstingueretur
1052 3584 1258 3640 ultione
1273 3623 1289 3650 ,
1317 3592 1536 3655 rogatur
1556 3583 1806 3648 Basilius,
1835 3591 1890 3636 et
1911 3583 2181 3637 detinetur

596 3678 662 3732 ad
696 3677 1160 3741 intercessionem,
1210 3675 1301 3744 qui
1351 3674 1511 3745 paulo
1558 3684 1684 3728 ante
1715 3673 2084 3743 cxpellebatur
2110 3673 2180 3728 ad

594 3779 832 3838 pinnam.
880 3767 1084 3835 Itaque,
1129 3765 1382 3820 omnibus
1422 3764 1707 3818 eatliolicis
1744 3763 1982 3833 expulsis
2011 3779 2041 3816 a
2076 3761 2182 3816 Va-

595 3859 780 3924 lente,
839 3859 985 3913 solus
1043 3873 1213 3926 usque
1283 3857 1350 3911 ad
1407 3857 1532 3910 vitae
1586 3856 1791 3910 exitum
1857 3856 2181 3911 intemerato

597 3953 992 4008 communionis
1024 3961 1368 4006 sacramento
1395 3952 1450 4005 in
1481 3950 1722 4006 Ecclesia
1758 3952 2038 4021 perdurat.

1246 4100 1415 4140 CAPUT
1456 4099 1530 4139 ιν.

599 4173 882 4248 Gregorius
928 4173 1302 4231 Nazianzenus
1344 4175 1855 4301 Cainstantinopolim
1891 4177 2184 4233 translatus

1342 4265 1395 4301 es
1423 4286 1438 4301 .

1342 4265 1438 4302 εει.

674 4363 971 4434 Gregorius
1001 4364 1142 4436 apud
1171 4362 1426 4419 Nazianzi
1461 4365 1714 4435 oppidum
1739 4367 1794 4420 in
1820 4366 1996 4421 locum
2019 4367 2188 4436 patris

601 4457 844 4530 episcopi
895 4458 1241 4529 subrogatur,
1275 4458 1670 4514 famosissimus
1713 4459 1768 4513 in
1810 4457 2082 4523 doctrina,
2130 4467 2187 4512 et

601 4549 978 4604 haereticorum
1007 4549 1368 4604 validissimus
1395 4559 1752 4620 Oppngnator.
1783 4548 1938 4604 Unde
1966 4559 2021 4603 et
2045 4547 2186 4604 Con—
2210 4531 2264 4588 Π

607 4639 1014 4710 stantinopolim
1063 4639 1128 4694 ad
1179 4639 1475 4694 docendum
1498 4640 1797 4694 Ecclesiam
1842 4638 2185 4694 transfertur.

604 4731 806 4803 (Ruﬁn.
831 4731 1016 4795 lib.xr,
1039 4747 1153 4800 cap.
1176 4729 1261 4784 10.
1289 4729 1426 4784 Hist.
1445 4729 1651 4783 Eccles.
1679 4729 1909 4796 Idem,c.
1931 4731 1990 4784 11
2016 4731 2186 4801 ejusd.

603 4821 720 4893 lib.)
748 4821 853 4877 Per
878 4822 1018 4876 idem
1049 4829 1257 4891 tempus
1293 4820 1478 4894 functo
1507 4820 1723 4875 Liberio
1748 4819 1989 4875 Romano
2015 4820 2192 4890 ponti-

606 4914 731 4978 tice,
754 4914 1015 4968 Damasus
1044 4912 1282 4966 succedit
1314 4912 1368 4964 in
1395 4910 1779 4981 apostolatum,
1812 4919 1999 4965 contra
2029 4924 2192 4979 quem

606 5003 836 5059 Ursinus
877 5003 1253 5057 schisniaticus
1293 5002 1570 5072 praesumit
1594 5001 1942 5072 apostolicam
1973 5002 2181 5064 sedem,

609 5092 1015 5149 defendentibus
1041 5093 1313 5148 alterutris
1338 5103 1392 5148 et
1418 5093 1559 5149 bella
1582 5093 1946 5156 moventibus,
1970 5093 2105 5145 adeo
2128 5098 2187 5144 ut

606 5185 845 5239 bumano
887 5184 1146 5255 sanguine
1194 5185 1548 5256 iniplerentur
1571 5184 1874 5238 orationum
1910 5183 2045 5238 low.
2081 5182 2189 5237 Sed

606 5273 762 5330 adest
784 5283 1022 5329 assertor
1042 5275 1362 5330 innocentiae
1385 5275 1524 5328 Deus
1560 5274 1811 5338 Damaso,
1841 5273 2092 5343 prudenti
2134 5279 2188 5327 et

614 5365 886 5420 innocenti
945 5365 1079 5420 viro.
1139 5366 1244 5420 Sed
1307 5365 1449 5435 apud
1503 5363 1862 5420 Mediolanum
1933 5363 2188 5419 defuncto

611 5459 897 5522 Auxentio,
966 5460 1216 5529 episcopo
1267 5458 1666 5524 haereticorum,
1717 5458 2052 5521 Ambrosius,
2110 5457 2195 5511 vir

610 5553 786 5624 primo
830 5553 1153 5616 consularis,
1201 5551 1380 5606 subito
1425 5551 1603 5622 populi
1643 5551 1880 5608 clamore
1910 5551 2196 5621 episcopus

612 5643 851 5714 eligitur,
877 5645 1054 5698 adhuc
1084 5651 1262 5697 tamen
1292 5643 1732 5708 catechumenus,
1777 5643 1873 5698 sed
1911 5656 2031 5697 mox
2071 5648 2196 5695 ante

614 5735 1007 5792 ordinationem
1028 5751 1181 5792 suam
1205 5734 1530 5806 baptizatur.

2257 893 2420 958 tibus,
2453 891 2665 963 fugiens
2693 905 2725 945 e
2748 889 2889 946 bello
2920 888 3151 943 flammis
3171 897 3396 943 exustus
3419 897 3526 942 est.

2901 1015 3073 1054 CAPUT
3111 1014 3187 1052 VL

2569 1093 2647 1149 De
2680 1089 2934 1147 Gratiano
2972 1091 3165 1145 illustri
3200 1094 3537 1160 imperatore.

2329 1206 2498 1276 Igitur
2543 1203 2833 1260 Gratianus
2872 1217 2995 1257 cum
3045 1201 3214 1255 fratre
3272 1201 3571 1254 admodum
3631 1201 3886 1271 parvulo

2258 1306 2381 1368 post
2412 1296 2688 1351 Valentem
2718 1307 2932 1364 quoque
2975 1291 3214 1347 Orientis
3272 1292 3496 1360 suscipit
3540 1293 3878 1360 imperium.

2260 1387 2358 1442 Hic
2383 1387 2504 1456 pius
2533 1385 2634 1439 fuit
2656 1400 2718 1439 ac
2747 1384 3046 1454 religiosus,
3076 1383 3242 1436 armis
3269 1392 3552 1446 strenuus,
3596 1381 3773 1436 velox
3825 1384 3876 1435 in

2259 1491 2510 1546 corpore,
2555 1474 2770 1544 ingenio
2826 1472 3018 1536 bonus,
3067 1480 3122 1525 et
3151 1471 3270 1540 plus
3313 1471 3672 1526 verecundus
3708 1487 3878 1540 quam

2259 1568 2568 1639 reipublicae
2619 1567 2902 1620 intererat.
2936 1562 3090 1620 Unde
3120 1571 3174 1617 et
3211 1563 3276 1616 ad
3307 1578 3496 1617 curam
3536 1572 3595 1618 et
3623 1563 3872 1617 admini-

2260 1662 2579 1717 strationem
2610 1675 2793 1715 rerum
2823 1657 3182 1711 Theodosium
3206 1656 3427 1721 accivit,
3459 1657 3651 1710 virum
3683 1658 3874 1710 utilem

2186 1763 2234 1824 Β
2261 1765 2316 1811 et
2344 1755 2511 1809 armis
2554 1762 2851 1817 maturum,
2911 1749 3153 1806 Orientis
3195 1750 3244 1804 ei
3306 1751 3716 1818 procuratione
3755 1766 3874 1820 per-

2263 1847 2451 1902 missa.
2495 1844 2600 1912 Qui
2642 1843 2934 1900 Gratianus
2983 1850 3269 1911 postquam
3316 1841 3484 1896 multa
3531 1841 3874 1910 religioseet

2263 1937 2477 1993 fortiter
2507 1937 2694 2007 gessit,
2726 1945 2782 1990 et
2827 1951 2857 1989 a
2907 1934 3143 1988 Maximo
3192 1933 3588 1988 Britannorum
3638 1947 3870 2006 tyranno

2265 2039 2580 2100 peremptus
2607 2035 2710 2092 est,
2733 2035 2857 2098 post
2885 2042 2944 2081 se
2991 2027 3043 2081 in
3070 2025 3323 2081 Occiduis
3343 2026 3603 2095 partibus
3617 2027 3868 2097 relinquit

2266 2121 2730 2184 Valentinianum,
2763 2117 2917 2187 cujus
2959 2119 3176 2173 interim
3208 2127 3384 2172 mater
3410 2117 3636 2173 Justina
3678 2119 3864 2175 Ariana

2266 2215 2612 2286 persequitur
2686 2212 3021 2277 Ecclesiam,
3077 2212 3417 2266 comminans
3488 2213 3866 2268 sacerdotibus

2266 2307 2477 2368 exsilia,
2514 2304 2619 2360 nisi
2656 2303 2976 2359 Arianensia
3008 2299 3307 2374 suscipiant
3356 2305 3610 2359 decreta.
3666 2306 3776 2360 Sed
3821 2317 3866 2358 et

2269 2397 2639 2462 Ambrosium,
2693 2396 2885 2450 turrim
2933 2396 3194 2451 adversus
3260 2397 3555 2451 haereticos
3611 2396 3864 2451 validissio

2271 2506 2436 2553 mam,
2461 2490 2626 2544 multa
2655 2490 3053 2560 oppugnatione
3080 2491 3297 2560 fatigat;
3332 2504 3496 2559 quem
3515 2499 3598 2554 et,
3618 2505 3865 2560 persuaso

2274 2585 2402 2648 filio,
2437 2591 2596 2653 parat
2622 2581 2816 2636 exsilio
2843 2579 3226 2645 condemnare,
3256 2581 3350 2636 sed
3385 2597 3412 2633 a
3435 2581 3682 2650 populis,
3701 2583 3862 2636 incre-

2275 2678 2513 2733 dibiliter
2544 2676 2850 2730 amantibus
2872 2675 3242 2740 Ambrosium,
3271 2675 3597 2746 impeditur.
3627 2675 3731 2742 Qui
3753 2676 3866 2728 Am-

2275 2769 2491 2823 brosius
2516 2770 2777 2822 adversus
2809 2767 3050 2836 reginam
3086 2783 3193 2820 non
3238 2782 3297 2820 se
3336 2782 3504 2821 manu
3535 2769 3789 2822 defensat
3813 2785 3866 2821 ac

2278 2858 2417 2923 telis,
2449 2855 2780 2926 sedjejuniis
2807 2867 2858 2912 et
2885 2857 3358 2912 obsecrationibus
3395 2858 3778 2914 indesinenter
3797 2861 3867 2913 in-

2279 2954 2443 3018 sistit,
2474 2953 2643 3006 donec
2691 2950 2902 3006 vindice
2952 2950 3082 3014 Deo,
3141 2959 3372 3023 tyranno
3419 2951 3664 3006 Maximo
3685 2969 3872 3023 perur-

2281 3055 2462 3118 gente,
2496 3059 2652 3100 versa
2684 3045 2737 3099 in
2765 3044 2965 3116 fugam,
2988 3061 3112 3101 cum
3143 3045 3253 3101 filio
3274 3047 3521 3102 exsilium
3541 3050 3785 3102 sortitur.

2930 3175 3104 3216 CAPUT
3144 3175 3244 3215 νη.

2466 3251 2546 3306 De
2574 3250 2866 3306 Theodosio
2893 3253 2980 3322 pio
3011 3268 3073 3305 ac
3097 3251 3344 3321 religioso
3365 3253 3695 3322 imperatore.

2355 3363 2564 3419 Interea
2611 3361 2966 3426 Theodosius,
3019 3360 3409 3418 beneﬁciorum
3471 3362 3715 3418 Gratiani
3765 3379 3863 3418 me-

2284 3469 2426 3520 mor,
2454 3454 2521 3509 ad
2549 3454 2845 3508 vindictam
2873 3453 2991 3524 ejus
3017 3453 3143 3508 lotis
3186 3453 3394 3507 viribus
3421 3451 3672 3508 Orientis
3699 3455 3861 3506 insur—

2283 3562 2435 3618 gens,
2461 3547 2778 3617 sanguinem
2806 3547 3014 3616 justum
3043 3544 3345 3609 ulciscitur,
3388 3560 3626 3614 regnum
3664 3559 3863 3614 recupe-

2284 3647 2392 3702 rat,
2418 3637 2580 3692 lidem
2620 3636 2947 3692 catholicam
2987 3635 3243 3699 restituit,
3274 3651 3439 3705 quam
3471 3633 3693 3690 Iustina
3719 3636 3861 3690 viola-

2284 3736 2458 3793 verat,
2491 3736 2545 3782 et
2582 3728 2707 3781 inde
2732 3730 2800 3782 ad
2825 3726 3101 3783 Orientem
3126 3741 3424 3795 regressus,
3453 3726 3605 3782 sicut
3636 3729 3702 3781 ab
3723 3741 3860 3780 erat.

2285 3819 2375 3874 dio
2401 3819 2551 3889 regni
2575 3817 2930 3888 praecipitatis
2953 3817 3166 3888 penitus
3188 3816 3366 3881 idolis,
3385 3817 3564 3888 pulsis
3593 3816 3860 3879 haereticis,

2284 3911 2626 3982 congregatis
2638 3910 3001 3975 catholicis,in
3020 3909 3124 3964 fide
3137 3918 3193 3964 et
3206 3909 3472 3981 religione
3486 3919 3545 3964 et
3561 3911 3859 3965 muniﬁceuc

2288 4002 2364 4057 tia
2397 4010 2730 4070 perseverat.
2785 3999 2886 4056 llic
2919 4001 3067 4070 piam
3115 4000 3397 4056 constituit
3443 4000 3656 4072 legem,
3692 4013 3864 4054 etsen-

2285 4092 2469 4148 tentiaa
2491 4091 2796 4162 principum
2844 4107 3009 4162 super
3033 4091 3510 4147 animadversione
3550 4094 3792 4162 prolatae,
3820 4092 3863 4145 in

2286 4182 2426 4237 diem
2459 4181 2796 4236 tricesimum
2823 4183 2892 4236 ab
2921 4181 3332 4237 exsecutoribus
3356 4180 3742 4248 differrentur,
3778 4195 3867 4251 quo

2287 4271 2438 4328 locus
2475 4272 2878 4338 misericordiae,
2911 4272 3018 4338 vel,
3051 4273 3099 4329 si
3145 4287 3232 4328 res
3268 4272 3507 4340 tulisset,
3554 4274 3871 4344 paenitendas

2288 4379 2396 4419 non
2425 4363 2649 4434 periret.

2942 4449 3118 4489 CAPUT
3156 4449 3272 4488 VH1.

2587 4521 2870 4577 Variarum
2909 4539 3082 4577 rerum
3107 4525 3327 4594 insignis
3352 4523 3607 4578 historia.

2367 4637 2482 4694 Sub
2503 4638 2696 4693 eodem
2747 4645 2990 4707 tempore
3019 4637 3160 4706 apud
3205 4635 3533 4691 Laodiceam
3563 4635 3878 4707 Apollinaris

2298 4729 2605 4798 episcopus,
2639 4727 2724 4780 vir
2763 4742 2894 4782 sane
2929 4727 2982 4780 in
3011 4726 3222 4781 caeteris
3267 4726 3594 4789 instructus.
3649 4728 3878 4784 heresim

2298 4827 2546 4890 generat,
2571 4834 2638 4872 ex
2671 4817 3020 4872 contentione
3046 4833 3299 4872 asserens
3325 4818 3500 4872 solum
3532 4833 3766 4889 corpus,
3791 4831 3878 4870 non

2298 4912 2462 4967 etiam
2519 4911 2779 4974 animam,
2817 4926 2847 4964 a
2879 4909 3108 4964 Domino
3149 4911 3202 4965 in
3249 4911 3678 4980 dispensatione
3722 4928 3881 4967 susce—

2297 5012 2471 5073 ptum,
2501 5011 2557 5054 et
2579 5017 2677 5071 pro
2702 5001 3080 5070 supplemento
3127 5000 3273 5055 illius
3319 5002 3676 5058 rationabilis
3712 5002 3879 5074 partis,

2291 5102 2463 5162 ipsum
2479 5089 2824 5160 DeiVerbum
2845 5090 3007 5144 fuisse
3030 5091 3371 5159 perhibebat.
3390 5091 3530 5146 Hinc
3556 5093 3883 5149 descendunt

2290 5181 2684 5252 Apollinaristae
2706 5181 2965 5244 haeretici,
2984 5182 3230 5250 proprias
3247 5182 3510 5237 habentes
3533 5198 3730 5240 sectas
3743 5197 3793 5239 et
3807 5187 3882 5238 do-

2291 5282 2490 5344 gmata.
2511 5271 2661 5325 Tunc
2678 5270 2965 5326 concilium
2989 5270 3172 5326 Romae
3189 5283 3550 5344 congregatur
3575 5293 3611 5329 a
3649 5277 3882 5335 Damaso,

2293 5373 2349 5418 et
2385 5363 2545 5418 Petro
2571 5361 2955 5426 Alexandrino,
2997 5371 3053 5416 et
3094 5361 3420 5419 damnantur
3467 5365 3882 5436 Apollinaristx,

2297 5456 2422 5510 data
2451 5455 2554 5508 hac
2581 5452 2839 5508 decretali
2869 5454 3270 5521 sententia,ut,
3317 5456 3362 5511 si
3393 5458 3518 5526 quis
3558 5458 3772 5514 Filium
3810 5458 3883 5512 Dei

2298 5545 2649 5601 humanitatis
2689 5544 2776 5599 vel
2819 5545 3037 5600 deitatis
3087 5547 3288 5602 diceret
3336 5550 3521 5604 minus
3563 5551 3781 5622 aliquid
3811 5552 3886 5604 ha-

2298 5639 2504 5703 buisse,
2535 5638 2602 5692 ab
2632 5636 2873 5692 Ecclesia
2900 5639 3055 5692 fieret
3092 5637 3322 5692 alienus.
3364 5638 3473 5693 Sed
3503 5650 3561 5694 et
3587 5641 3887 5699 Constanti-

2303 5734 2480 5805 n0poli
2508 5734 2606 5789 sub
2635 5734 2890 5789 trecentis
2919 5734 3308 5806 quinquaginta
3354 5733 3619 5792 Patribus
3666 5734 3890 5806 synodus
