4020 6338
606 357 715 417 s75
813 336 819 340 ’

1047 360 1403 417 HAYMONIS
1442 354 1923 415 HALBERSTAT.
1981 352 2195 415 EPISC.
2239 352 2389 414 OPP.
2428 356 2608 413 PARS
2655 357 2740 411 ιιι.
2775 386 2849 401 --
2880 350 3374 412 IIISCELLANEA.

3776 347 3871 404 επ

609 558 3867 595 W

1585 763 2888 910 HAYMONIS

1714 1046 2374 1106 RALBERSTATENSIS
2411 1045 2722 1105 EPISCOPI

964 1260 1221 1465 DE
1301 1252 2397 1417 VARIETATE
2509 1249 3490 1407 LIBRORUM

2170 1562 2308 1612 sm

1447 1747 1579 1826 DE
1637 1746 1979 1826 AMORE
2046 1741 2560 1823 C(ELESTIS
2615 1734 3013 1820 PATRIE

1894 1956 2195 2029 LIBRI
2274 1955 2589 2049 TRES,

1003 2134 1188 2200 Nunc
1214 2133 1499 2214 primum
1526 2175 1546 2207 ,
1584 2150 1662 2194 ex
1701 2129 1974 2192 editione
2008 2127 2366 2193 Coloniensi
2394 2128 2547 2188 anni
2578 2126 2756 2202 1531,
2786 2124 2873 2190 ad
2898 2126 3142 2210 prelum
3173 2128 3478 2195 revocati.

2532 2243 2563 2265 κ

1680 2398 2213 2499 PROLOGUS
2271 2415 2838 2500 HAYMONIS.

669 2738 804 2792 Cum
836 2735 914 2789 sis
940 2733 1161 2789 unicum
1190 2739 1245 2786 et
1273 2728 1674 2785 sanctissimum
1705 2741 1846 2781 vera:
1870 2725 2187 2783 humilitatis
2213 2734 2266 2795 Α
2290 2730 2489 2785 mundo
2526 2742 2650 2787 esse
2694 2730 3075 2788 mortificatam
3094 2771 3110 2799 ,
3138 2738 3198 2787 et
3221 2745 3251 2787 a
3278 2731 3499 2789 cunctis
3532 2734 3765 2790 exterius
3783 2733 3851 2788 is.

605 2840 657 2883 et
694 2823 1129 2896 compunctiouis
1171 2821 1466 2890 exemplar,
1522 2828 1579 2873 et
1615 2818 1743 2873 huic
1788 2817 1988 2873 mundo
2016 2817 2190 2873 cruci-

605 2921 765 2981 ﬁxus,
809 2916 1015 2984 tibique
1043 2913 1276 2966 mundus
1298 2910 1369 2965 sit
1397 2908 1712 2979 crucifixus,
1748 2907 1944 2977 petiisti
1976 2909 2188 2973 crebro,

606 3009 676 3063 mi
707 3005 922 3063 domine
952 3000 1402 3059 reverendissime
1428 2997 1922 3066 PaterGuilhelme,
1954 3006 2013 3053 ut
2035 3008 2189 3070 prata

607 3110 886 3155 sacrarum
919 3096 1323 3165 Scripturarum
1349 3092 1496 3147 omni
1525 3107 1647 3147 cum
1666 3091 1947 3146 velocitate
1974 3106 2190 3163 percur-

608 3202 806 3253 rerem,
827 3194 883 3241 et
907 3202 972 3241 ex
999 3184 1094 3239 tibi
1119 3183 1202 3239 his
1213 3181 1465 3237 ﬂosculos
1479 3191 1765 3252 perpetuos
1781 3182 1846 3235 ad
1869 3180 2062 3235 anima:
2087 3188 2192 3235 tua:

608 3281 836 3337 salutem
856 3276 1155 3349 prolicuos,
1185 3284 1291 3329 tam
1322 3275 1391 3329 de
1414 3288 1600 3329 amore
1630 3273 1867 3330 cmlestis
1887 3274 2104 3345 patriae,
2137 3282 2190 3330 et

606 3374 798 3443 quibus
833 3371 901 3427 ad
929 3386 1052 3426 eam
1084 3370 1348 3424 bonorum
1384 3380 1609 3437 operum
1635 3366 1883 3436 passibus
1910 3366 2194 3436 pervenia-

608 3474 714 3526 tur,
759 3476 923 3532 quam
966 3460 1130 3514 etiam
1181 3460 1246 3513 de
1292 3458 1486 3511 timore
1529 3464 1584 3511 et
1637 3454 1899 3524 qualitate
1943 3454 2191 3525 supplicii

607 3554 973 3623 perquirerem
1013 3568 1026 3605 :
1065 3558 1333 3620 quatenus
1376 3547 1848 3603 mortificationem
1895 3546 2191 3601 carnalium

607 3643 999 3699 desideriorum
1046 3640 1331 3710 fontesque
1380 3640 1777 3710 lacrymarum,
1826 3638 2194 3709 compunctio-

608 3751 836 3805 nemque
864 3734 1197 3797 continuam,
1226 3732 1491 3804 largiente
1521 3734 1784 3786 bonorum
1808 3731 2051 3787 omnium
2088 3731 2196 3785 lar-

609 3828 823 3897 gilore,
873 3825 1070 3880 divinis
1133 3825 1402 3880 excitatus
1447 3824 1862 3893 admonitusque
1913 3823 2194 3878 sententiis

609 3918 808 3972 habere
834 3917 1010 3985 possis
1037 3916 1270 3971 assidue.
1315 3916 1529 3970 Scimus
1555 3916 1699 3969 enim
1729 3929 1919 3970 omnes
1945 3915 2037 3985 qui
2064 3929 2193 3969 cru-

611 4004 825 4058 cifixum
874 4004 1040 4058 vitam
1082 4012 1230 4058 tuam
1269 4019 1375 4058 non
1404 4004 1730 4075 incognitam
1754 4004 2035 4068 habemus,
2067 4006 2194 4074 quia

2292 2820 2569 2890 teriusque
2612 2819 2760 2876 vitiis
2800 2830 3150 2891 expurgatam
3174 2862 3189 2886 ,
3219 2834 3429 2878 necnon
3463 2832 3522 2879 et
3547 2823 3618 2878 ab
3637 2824 3853 2879 omnium

2290 2911 2637 2985 saecularibus
2694 2912 2842 2967 curis
2896 2912 3283 2984 desideriisque
3330 2914 3647 2970 carnalibus
3698 2914 3856 2969 divino

2290 3000 2358 3055 ab
2388 3000 2513 3072 igne
2547 3000 2778 3070 pleniter
2803 3012 3106 3067 excoctam,
3154 3010 3209 3056 et
3238 3002 3357 3058 sine
3390 3002 3568 3073 aliqua
3601 3002 3856 3057 intermis-

2291 3089 2444 3146 sione
2469 3105 2592 3146 cum
2629 3090 2901 3147 continuis
2939 3088 3231 3163 gemitibus
3251 3100 3309 3149 et
3336 3093 3579 3164 lacrymis
3600 3100 3651 3146 te
3676 3092 3746 3144 ad
3768 3106 3859 3162 pa-

2293 3184 2452 3237 triam
2477 3197 2639 3238 cursu
2666 3183 3008 3238 velocissimo
3028 3181 3286 3239 festinare
3307 3195 3634 3256 perpetuam.
3671 3182 3856 3253 Igitur,

2290 3275 2602 3331 beatissime
2627 3282 2832 3340 sancte,
2853 3273 3084 3343 jussioni
3115 3282 3219 3330 tua:
3245 3275 3565 3331 inobediens
3582 3290 3686 3329 non
3715 3288 3857 3328 ausis

2292 3368 2368 3424 fui
2393 3369 2630 3424 existere
2656 3387 2668 3423 :
2698 3383 2799 3424 nec
2819 3367 2963 3423 volui
2992 3369 3216 3424 omnino
3241 3382 3343 3425 nec
3371 3368 3568 3433 debui,
3598 3368 3722 3422 licet
3749 3366 3858 3421 elin-

2292 3460 2412 3532 guis
2440 3460 2696 3530 omnique
2742 3475 2807 3515 ex
2854 3468 3007 3531 parte
3048 3461 3159 3516 vita
3192 3469 3249 3516 et
3273 3472 3534 3516 sermone
3564 3457 3850 3515 ineruditus.

2295 3559 2473 3605 tamen
2500 3548 2939 3605 luculentissima:
2968 3548 3255 3605 Sanctitati
3278 3549 3443 3614 Tuas,
3495 3556 3664 3618 prout
3695 3556 3855 3600 auctor

2292 3650 2343 3712 et
2376 3639 2497 3696 fons
2523 3640 2739 3695 luminis
2767 3641 2972 3696 donare
2995 3641 3246 3712 dignatus
3269 3647 3384 3703 est,
3416 3650 3623 3710 parere
3646 3652 3742 3693 non
3764 3636 3853 3689 dis-

2296 3732 2425 3800 tuli,
2452 3734 2545 3790 sed
2578 3733 2631 3788 in
2674 3742 2782 3787 tres
2806 3731 2975 3787 libros
3001 3729 3284 3786 nonnullas
3316 3731 3633 3785 sententias
3664 3744 3721 3784 ex
3749 3741 3856 3781 sas-

2295 3834 2502 3881 ctorum
2526 3824 2749 3880 Patrum
2773 3823 3049 3893 opusculis
3073 3830 3358 3892 excerptas
3386 3821 3644 3877 distinxi.
3682 3819 3857 3875 Prima

2295 3931 2527 3987 namque
2554 3915 2796 3971 continet
2836 3914 3048 3970 libellus
3089 3914 3157 3969 de
3199 3912 3475 3980 Qualitate
3511 3910 3748 3968 celestis
3783 3921 3859 3977 με

2266 4009 2447 4073 ,ιι-ἰως
2490 4007 2759 4063 secundus
2787 4020 2936 4071 vero,
2974 4005 3170 4073 quibus
3204 4003 3411 4059 sanctis
3442 4003 3571 4057 haec
3604 4003 3709 4056 vita
3735 4001 3860 4054 litata

612 4103 896 4165 postquam
932 4110 961 4147 a
990 4094 1276 4149 mundanis
1299 4103 1354 4149 et
1376 4092 1629 4164 palatinis
1655 4093 1880 4149 vinculis
1919 4093 2195 4148 absolutus
2225 4107 2270 4167 Β
2299 4100 2609 4169 acquiratur
2649 4097 2946 4168 Operibus;
2978 4096 3191 4160 tertius,
3234 4096 3302 4151 de
3339 4092 3627 4161 Qualitate
3655 4086 3863 4163 supplici

611 4198 697 4247 es,
733 4192 787 4237 et
819 4192 1032 4238 terrena
1063 4189 1116 4237 et
1138 4182 1380 4253 peritura
1407 4181 1705 4253 reliquisti,
1732 4191 1787 4237 et
1808 4183 1876 4237 ad
1905 4192 2196 4253 pauperta-

613 4283 720 4328 tem
772 4273 1001 4329 feliciter
1059 4275 1325 4330 advolasti
1352 4312 1367 4340 ,
1429 4288 1648 4330 omnem
1686 4275 1850 4330 vitam
1893 4282 2038 4329 tuam
2072 4273 2200 4329 huic

2304 4190 2583 4262 pinnisque
2607 4188 2901 4260 perpetuis.

623 4447 3871 4477 W

1856 4603 2155 4682 LIBER
2220 4600 2639 4679 PRIMUS.

1133 4930 1360 4989 CAPUT
1392 4930 1681 4989 PRIMUM.

856 5066 934 5121 De
957 5066 1209 5137 qualitate
1236 5066 1429 5135 {omne
1450 5083 1512 5123 ac
1534 5076 1793 5136 perpetua:
1822 5067 1961 5122 vitae.

701 5201 773 5258 De
802 5200 979 5256 futura
1007 5200 1149 5255 enim
1173 5201 1283 5255 vita
1312 5200 1430 5270 plus
1453 5200 1777 5255 credendum
1793 5210 2050 5271 estquam
2076 5202 2208 5255 scri-

624 5298 793 5350 bitur.
817 5292 951 5361 Quia
980 5308 1077 5347 uec
1098 5301 1273 5363 potest
1300 5299 1506 5345 tantum
1532 5290 1653 5344 inde
1681 5290 1905 5361 proferri
1930 5306 2201 5356 sermone,

628 5392 885 5452 quantum
913 5389 1091 5451 potest
1115 5389 1295 5432 mente
1315 5375 1618 5446 complecti.
1651 5376 1888 5448 (Prosp.)
1937 5377 2001 5431 Et
2028 5378 2205 5434 minus

622 5476 853 5545 ('Ollclpll
880 5473 1071 5527 mentis
1093 5469 1388 5538 quamlibet
1410 5466 1671 5537 profunda
1701 5469 2020 5539 complexio,
2043 5486 2202 5539 quam

625 5582 683 5621 se
708 5568 872 5621 habet
904 5566 978 5617 rei
1009 5564 1175 5633 ipsius
1208 5560 1540 5629 magnitudo.
1583 5561 1724 5632 Ergo
1745 5560 1923 5617 futura
1959 5563 2067 5617 vita
2095 5577 2209 5619 cre-

629 5658 771 5712 ditur
797 5660 954 5712 beate
982 5654 1304 5725 sempiterna
1324 5693 1337 5716 ,
1366 5661 1421 5706 et
1446 5653 1771 5723 sempiterne
1791 5654 1947 5709 beata
1964 5695 1979 5719 ,
2010 5656 2100 5710 ubi
2126 5667 2209 5712 est

632 5757 773 5802 certa
808 5747 1072 5802 securitas
1098 5786 1110 5808 ,
1154 5758 1343 5798 secura
1388 5742 1777 5811 tranquillitas,
1818 5745 2101 5814 tranquilla
2123 5745 2207 5813 ju-

2301 4927 2568 4992 cunditas,
2616 4925 2744 4981 felix
2765 4925 3071 4992 aeternitas,
3113 4933 3312 4982 aeterna
3338 4925 3618 4996 felicitas;
3654 4931 3730 4986 ibi
3763 4942 3887 4984 arm

2302 5017 2601 5089 perfectus,
2631 5016 2795 5072 timor
2822 5016 3024 5082 nullus,
3054 5016 3173 5072 dies
3196 5028 3454 5085 internus,
3482 5020 3695 5079 alacer
3717 5032 3885 5084 metm.

2306 5117 2359 5163 et
2387 5122 2526 5163 unus
2540 5106 2782 5162 omnium
2798 5104 3020 5178 spiritus
3040 5107 3109 5163 de
3122 5110 3591 5180 contemplatione
3608 5114 3713 5170 Dei
3728 5117 3822 5178 sui,
3844 5129 3890 5166 ac

2306 5201 2371 5256 de
2394 5216 2488 5254 sua
2533 5215 2656 5255 eum
2689 5199 2782 5255 illo
2826 5201 3211 5269 permansione
3239 5217 3480 5259 securus.
3530 5184 3660 5262 .Ubi
3700 5206 3891 5278 ipsacio

2308 5293 2450 5347 vitas
2472 5333 2486 5355 ,
2540 5306 2661 5361 qua:
2710 5301 2795 5346 est
2830 5292 3172 5363 angelorum,
3204 5303 3520 5350 sanctorum
3549 5308 3616 5354 et
3645 5302 3895 5357 hominm

2312 5382 2662 5454 congregatio
2689 5382 2846 5438 beata
2869 5423 2883 5447 ,
2922 5383 3133 5438 meritis
3162 5381 3488 5456 fulgentibus
3518 5391 3709 5446 micat
3725 5401 3895 5446 atem

2308 5474 2456 5529 salus
2496 5475 2797 5539 exuberat,
2827 5475 3030 5529 veritas
3060 5486 3272 5547 regnat.
3316 5477 3417 5534 Ubi
3450 5495 3563 5536 nec
3608 5483 3899 5554 fallitqnis-

2308 5573 2472 5636 quam
2494 5581 2597 5622 nec
2623 5565 2826 5621 fallitur
2849 5582 2863 5621 :
2896 5568 3041 5622 unde
3081 5568 3259 5624 nullus
3284 5569 3476 5626 beatus
3504 5574 3767 5644 ejicitur,
3793 5588 3899 5642 quo-

2311 5660 2455 5711 niam
2488 5657 2662 5711 nullus
2683 5656 2848 5712 miser
2872 5657 3192 5712 admittitur.
3230 5658 3311 5713 Ad
3333 5675 3498 5739 quam
3524 5664 3635 5733 qui
3665 5667 3905 5721 bonum

2312 5762 2538 5818 operum
2580 5750 3047 5805 consummatione
3096 5752 3442 5819 pervenerint
3486 5753 3693 5813 beatis
3732 5757 3903 5826 επιεῶ
3976 5820 3977 5843 χ
