4020 6338
135 400 242 455 877

1101 392 1187 452 DE
1224 393 1614 453 VARIETATE
1651 390 2028 449 LIBRORUM.
2068 420 2138 432 -ο
2176 389 2304 446 LIB.
2344 390 2390 447 1.

3298 389 3399 448 87R

136 498 347 566 similes
376 519 556 572 erunt,
587 518 642 563 et
664 509 821 563 simul
839 524 961 563 cum
994 510 1101 563 Deo
1125 525 1225 565 suo
1251 510 1368 564 sine
1390 509 1494 562 line
1530 520 1720 578 regna-
1748 496 1799 567 Α
1821 506 1922 561 bus
1957 506 2133 561 unitas
2176 500 2474 561 cbaritatis.
2504 503 2707 575 (Greg.)
2745 502 3004 572 Quamvis
3042 506 3094 559 in
3124 505 3211 559 illa
3244 508 3397 561 retri-

139 602 298 655 bunt.
331 598 481 666 Quod
506 600 594 655 hic
622 600 986 663 crediderunt,
1025 602 1096 655 ibi
1126 602 1402 666 videbunt,
1432 601 1514 655 sui
1547 600 1717 656 Crea-
1820 593 2041 652 butione
2060 604 2320 667 perpetua
2342 611 2404 650 ea
2426 594 2659 665 dignitas
2676 595 2931 650 omnibus
2947 600 3056 650 non
3081 596 3174 658 sit,
3190 606 3293 651 una
3319 605 3399 651 ta-

139 690 277 743 taris
326 687 679 744 substantiam
722 689 937 744 mundis
978 690 1230 745 cordibus
1269 688 1745 760 contemplantes,

137 790 346 835 (eterna
368 780 724 837 exsultatione
752 782 1077 853 gaudebunt.
1119 781 1411 837 Dilectione
1446 782 1627 837 divina
1656 797 1724 837 ac
1748 816 1749 819 η

140 880 337 926 mutua
356 870 710 925 delectatione
742 871 974 941 posscssi
1002 871 1112 926 Deo
1138 887 1237 927 suo
1256 872 1310 926 in
1339 880 1630 937 aeternum,
1670 880 1724 927 et

139 960 378 1016 invicem
422 960 527 1015 sibi
559 960 787 1016 feliciter
814 962 1194 1028 adhaerebunt,
1238 972 1296 1018 et
1327 963 1379 1018 in
1404 962 1491 1016 illa
1517 971 1721 1018 interna

138 1054 259 1108 vita
281 1064 473 1108 omnes
498 1053 672 1108 sancti
703 1053 869 1108 Deum
898 1053 1177 1119 videbunt,
1203 1052 1293 1109 ubi
1313 1053 1432 1109 sine
1462 1052 1567 1109 line
1590 1069 1726 1125 gau-

139 1145 370 1202 debunt.
412 1145 489 1201 lbi
520 1146 858 1216 gaudebunt,
886 1146 977 1202 ubi
1006 1147 1282 1217 praemium
1322 1148 1677 1217 reportabuut
1706 1163 1720 1200 :
1748 1176 1755 1187 ι

140 1240 219 1296 ibi
242 1240 513 1311 recepturi
539 1249 663 1296 sunt
689 1242 988 1311 praemium,
1023 1241 1111 1296 ubi
1144 1256 1252 1297 non
1277 1242 1450 1297 solum
1476 1242 1723 1305 devictis,

141 1331 239 1387 sed
280 1332 446 1388 etiam
478 1330 645 1388 (initis
678 1332 921 1389 hostibus
951 1333 1358 1403 triumphabant
1391 1352 1403 1389 :
1435 1335 1507 1391 ibi
1531 1337 1723 1392 trium—

139 1424 394 1497 phabant
418 1421 510 1479 ubi
541 1422 771 1480 ulterius
795 1425 1165 1480 adversarium
1193 1440 1299 1481 non
1326 1425 1611 1484 timebunt.
1650 1428 1726 1484 lbi

140 1512 505 1568 humanorum
530 1521 878 1583 peccatorum
908 1522 1056 1569 tanta
1104 1522 1177 1579 et.
1205 1524 1315 1570 tam
1354 1517 1592 1586 perlecta
1624 1518 1727 1573 erit

141 1602 442 1667 munditia,
474 1613 534 1658 ut
575 1602 811 1658 habeant
836 1604 975 1660 unde
1002 1605 1309 1661 ntundatori
1340 1621 1439 1661 suo
1467 1608 1576 1663 Deo
1606 1622 1730 1679 gra-

140 1696 252 1752 tias
285 1704 480 1767 agant,
521 1710 627 1750 non
676 1696 818 1751 unde
844 1693 1033 1751 oﬁ‘ensi
1074 1696 1342 1766 aliquibus
1387 1706 1727 1768 peccatorum

140 1786 395 1843 sordibus
430 1786 772 1842 erubescant.
804 1785 1008 1858 (Greg.)
1048 1786 1185 1854 Quia
1230 1788 1300 1845 ibi
1345 1804 1446 1843 nec
1474 1789 1579 1845 ulla
1602 1805 1729 1860 pec-

141 1887 267 1935 cata
292 1918 307 1943 ,
355 1894 457 1934 nec
496 1887 808 1949 peccatores
846 1887 1045 1945 erunt,
1087 1887 1142 1934 et
1164 1879 1257 1949 qui
1289 1880 1358 1936 ibi
1398 1880 1598 1936 fuerint
1613 1880 1727 1950 jam
1759 1861 1810 1923 Β

140 1984 372 2042 peccare
392 1986 499 2025 non
526 1978 798 2041 poterunt.
835 1970 910 2026 lbi
937 1972 1082 2026 enim
1109 1973 1364 2043 gaudent,
1399 1986 1455 2029 et
1476 1974 1729 2030 sine‘tine

140 2063 473 2134 gaudebunt.
514 2063 587 2117 1ὺί
634 2061 928 2133 hymnidici
969 2063 1283 2134 angelorum
1333 2065 1510 2131 chori,
1561 2067 1632 2121 ibi
1676 2075 1733 2121 et

141 2153 378 2209 societas
404 2166 759 2221 supernorum
788 2152 985 2206 civium
1003 2193 1018 2215 ,
1050 2151 1123 2206 ibi
1154 2153 1329 2208 dulcis
1354 2155 1670 2212 solemnitas
1700 2171 1729 2211 a

143 2245 606 2316 peregrinationis
652 2245 813 2314 hujus
856 2244 993 2299 tristi
1033 2243 1218 2300 labore
1250 2246 1611 2302 redeuntium.
1654 2249 1729 2305 lbi

146 2335 358 2405 providi
408 2336 789 2405 prophetarum
832 2335 1014 2399 chori,
1066 2335 1137 2389 ibi
1170 2335 1337 2406 judex
1369 2338 1731 2408 apostolorum

146 2441 432 2491 numerus,
463 2426 534 2480 ibi
555 2425 1028 2481 innumerabilium
1053 2436 1354 2500 martyrum
1386 2430 1560 2486 victor
1580 2447 1735 2487 exer-

145 2514 310 2577 citus,
341 2523 491 2570 tanto
538 2515 646 2570 illic
691 2515 882 2581 laetior,
912 2526 1119 2587 quanto
1144 2518 1231 2573 hic
1266 2519 1454 2575 durius
1486 2519 1729 2578 alllictus.

144 2604 224 2658 1ὺί
266 2605 638 2660 confessorem
685 2607 992 2663 constantia
1034 2609 1240 2677 praemii
1285 2610 1367 2666 sui
1392 2613 1736 2683 perceptione

148 2696 453 2752 eonsolata.
490 2698 567 2752 lbi
598 2698 783 2755 lideles
828 2702 929 2755 viri
976 2717 1114 2771 quos
1148 2718 1177 2757 a
1204 2704 1494 2761 viriditatis
1523 2723 1734 2769 suoro~

151 2789 288 2845 bore
311 2790 558 2860 voluptas
590 2792 769 2847 steculi
795 2793 1038 2848 emollire
1066 2810 1172 2849 non
1203 2798 1395 2865 potuit.
1429 2798 1503 2853 lbi
1536 2809 1735 2855 sanctae

150 2880 407 2938 mulieres
436 2898 557 2953 quae
577 2899 697 2938 cum
713 2885 912 2940 saeculo
924 2901 1110 2940 sexum
1128 2888 1389 2942 vicerunt.
1411 2888 1647 2961 (Prosp.)
1662 2890 1734 2944 1ὺί

152 2973 334 3044 pueri,
359 2974 452 3044 qui
477 2974 566 3031 hic
584 2990 756 3030 annos
772 2991 899 3031 suos
926 2976 1167 3032 moribus
1181 2980 1643 3034 transcenderunt.
1660 2980 1736 3034 1ὺί

161 3082 342 3131 senes,
372 3083 507 3137 quos
532 3068 619 3123 hic
645 3078 778 3124 aetas
806 3068 1010 3125 debiles
1034 3069 1297 3136 reddidit,
1327 3078 1383 3127 et
1409 3072 1582 3127 virtus
1604 3088 1735 3141 ope-

153 3158 234 3213 ris
262 3174 368 3213 non
399 3160 634 3229 reliquit.
692 3160 767 3216 ibi
800 3162 1109 3233 quicunque
1129 3171 1317 3229 erunt,
1353 3164 1457 3220 etsi
1479 3164 1734 3220 differen-

157 3248 301 3306 tibus
344 3251 551 3307 meritis
598 3252 667 3307 ab
708 3253 939 3309 invicem
988 3253 1299 3319 distabant,
1343 3270 1532 3310 omnes
1561 3266 1740 3311 tamen

156 3357 267 3396 una
296 3342 629 3413 perfectione
669 3344 814 3399 beati
845 3355 1024 3408 erunt.
1082 3344 1217 3413 Quia
1258 3346 1485 3417 singulis
1521 3349 1744 3417 praemia

156 3447 258 3487 sua
296 3432 610 3489 sullicientia
649 3444 848 3500 erunt,
898 3444 955 3490 et
997 3450 1192 3506 capere
1240 3436 1470 3506 amplius
1508 3438 1763 3509 praemiis

157 3522 274 3576 suis
290 3522 402 3593 jam
435 3522 660 3594 perfecti
686 3539 795 3578 non
819 3534 1075 3595 poterunt
1105 3543 1117 3580 :
1144 3534 1199 3580 et
1234 3527 1287 3582 in
1328 3527 1416 3583 illa
1447 3535 1593 3583 tanta
1621 3529 1748 3583 bea-

161 3613 408 3670 titudinis
448 3615 668 3686 regione
704 3631 807 3672 nec
852 3615 1055 3686 majora
1087 3619 1283 3674 merita
1308 3620 1412 3676 sibi
1440 3620 1636 3690 aliquis
1661 3637 1748 3675 ar-

159 3705 392 3779 rogabit,
420 3707 548 3779 quia
574 3709 885 3781 arrogantia
918 3708 991 3764 ibi
1017 3710 1159 3765 nulla
1184 3711 1288 3766 erit
1315 3730 1329 3765 :
1361 3728 1462 3768 nec
1483 3713 1746 3783 superiori

161 3798 389 3853 inferior
414 3799 706 3864 invidebit,
749 3800 874 3869 quia
902 3800 1104 3857 invidia
1136 3802 1207 3858 ibi
1234 3818 1354 3860 esse
1387 3820 1493 3859 non
1527 3805 1746 3875 poterit.

162 3889 232 3944 Et
257 3888 371 3944 ideo
399 3889 444 3944 si
482 3889 554 3944 ibi
600 3891 702 3945 erit
752 3891 1007 3946 distantia
1052 3896 1414 3961 mansionum,
1454 3912 1661 3952 summa
1695 3898 1749 3953 in

164 3980 276 4035 illis
312 3981 414 4037 erit
461 3981 620 4037 unius
655 3980 1001 4051 perfectionis
1045 3985 1361 4054 aequalitas,
1414 3988 1608 4058 quibus
1648 3990 1753 4044 erit

169 4072 323 4143 regni
370 4071 609 4127 caelestis
665 4088 770 4127 una
821 4072 1065 4130 felicitas.
1099 4074 1361 4133 Denarius
1411 4078 1625 4148 quidem
1665 4078 1754 4135 ille

169 4162 395 4232 :rqualis
424 4173 513 4218 est
537 4162 643 4220 illis
676 4165 925 4221 omnibus
958 4159 1116 4237 quem
1142 4168 1532 4237 paterfamilias
1558 4171 1637 4225 eis
1663 4171 1753 4241 qui

167 4255 380 4327 operati
403 4264 529 4312 sunt
553 4256 605 4312 in
630 4256 1175 4329 vineajnbet'donari
1213 4248 1481 4329 omnibus,
1513 4258 1757 4320 nonideo

170 4348 487 4403 discernens
528 4347 620 4417 qui
665 4348 844 4404 minus
882 4358 937 4404 et
970 4350 1060 4420 qui
1105 4350 1336 4421 amplius
1376 4351 1759 4409 laboraverunt

171 4439 389 4506 (Matth.
420 4440 535 4513 xx).
555 4437 741 4512 [Aug]
764 4435 881 4508 Quo
910 4441 1093 4511 utique
1117 4442 1336 4498 denario
1352 4444 1458 4498 vita
1488 4444 1761 4515 significa-

174 4543 265 4585 tur
284 4544 505 4597 aeterna,
529 4532 619 4587 ubi
644 4531 873 4601 amplius
901 4533 1007 4587 alio
1030 4547 1189 4589 nemo
1215 4535 1364 4599 vivit,
1390 4536 1644 4607 quoniam
1673 4536 1755 4590 vi-

172 4627 332 4681 vendi
361 4642 467 4680 non
506 4634 589 4680 est
612 4625 864 4682 distantia
887 4668 901 4691 ,
936 4642 1037 4682 nec
1067 4627 1119 4682 in
1153 4629 1453 4684 aeternitate
1479 4642 1755 4694 mansura,

172 4717 273 4773 sed
319 4718 495 4775 multae
540 4720 846 4775 mansiones
863 4720 1106 4775 diversas
1139 4721 1450 4777 meritorum
1476 4723 1529 4777 in
1556 4724 1760 4779 unitate

176 4820 379 4865 :rterna
408 4810 679 4883 signiﬁcat
720 4811 1030 4881 dignitates.
1098 4811 1217 4866 Alia
1246 4813 1388 4866 enim
1419 4813 1585 4884 gloria
1611 4813 1757 4878 solis,

178 4901 288 4954 alia
310 4900 475 4970 gloria
525 4902 663 4957 (ante
685 4945 698 4968 ,
750 4902 856 4957 alia
900 4902 1068 4973 gloria
1106 4902 1419 4958 stellarum:
1449 4904 1599 4960 stella
1625 4906 1762 4960 enim

180 5007 213 5044 a
263 4988 408 5043 stella
454 4991 631 5061 differt
660 4993 713 5046 in
744 4991 945 5062 gloria;
986 4993 1061 5047 sic
1103 5001 1147 5046 et
1179 4995 1486 5049 resurrectio
1531 5003 1764 5049 mortuo-

185 5097 303 5136 rum
345 5081 394 5151 (Ι
428 5082 550 5138 Cor.
584 5084 695 5156 tv).
769 5084 1049 5155 Tanquam
1091 5085 1259 5141 stellae
1300 5087 1473 5142 sancti
1521 5087 1765 5143 diversas

186 5174 496 5230 mansiones
520 5176 747 5231 diversae
776 5176 1038 5233 claritatis
1058 5218 1072 5243 ,
1120 5184 1377 5249 tanquam
1407 5180 1459 5233 in
1481 5179 1620 5234 coelo
1648 5194 1766 5234 sor-

188 5268 397 5321 tiuntur
426 5266 479 5321 itt
508 5278 690 5339 regno,
721 5269 815 5323 sed
842 5278 1060 5338 propter
1083 5284 1246 5323 unum
1273 5269 1554 5324 denarium
1586 5268 1765 5327 nullus

189 5364 471 5427 separatur
512 5370 541 5411 a
580 5372 782 5429 regno:
815 5366 975 5427 atque
1018 5359 1090 5414 ita
1137 5360 1244 5415 erit
1290 5356 1431 5415 Deus
1474 5360 1653 5415 omnia
1708 5360 1763 5415 in

191 5449 475 5505 omnibus:
510 5458 570 5505 ut
606 5450 858 5521 quoniam
886 5450 1024 5505 Deus
1051 5452 1287 5507 charitas
1309 5461 1418 5514 est,
1463 5467 1559 5522 per
1587 5453 1766 5508 chari-

196 5548 357 5595 tatem
388 5539 515 5596 facit
542 5582 556 5605 ,
596 5549 657 5596 ut
701 5542 842 5611 quod
874 5542 1074 5596 habent
1107 5543 1338 5613 singuli,
1384 5559 1671 5599 commune
1701 5545 1774 5601 sit

198 5634 466 5689 omnibus.
504 5632 595 5689 Sic
624 5634 765 5689 enim
798 5634 1028 5704 quisque
1070 5635 1234 5689 etiam
1267 5636 1377 5705 ipse
1408 5635 1570 5690 habet
1595 5677 1607 5699 ,
1648 5652 1771 5691 cum

201 5734 343 5781 amat
370 5726 423 5780 in
448 5727 637 5791 altero,
664 5726 803 5796 quod
835 5729 947 5796 ipse
970 5740 1074 5780 non
1104 5727 1282 5781 habet.
1324 5726 1435 5781 Non
1460 5729 1564 5783 erit
1591 5730 1774 5799 itaque

204 5817 398 5872 invidia
432 5819 651 5888 imparis
680 5818 963 5881 claritatis.
1004 5833 1125 5872 eum
1172 5821 1477 5888 regnaverit
1517 5820 1567 5873 in
1600 5820 1776 5874 omni-

1766 3216 1812 3279 C

1825 702 1950 743 men
1966 688 2070 742 erit
2088 686 2338 742 omnibus
2358 686 2466 740 vita
2482 686 2847 742 beatitudinis.
2865 685 3018 742 Unde
3042 696 3097 742 et
3122 702 3219 757 per
3234 703 3407 745 seme-
3466 724 3473 729 ι

1826 780 2022 849 tipsum
2048 779 2310 834 Dominus
2332 778 2489 833 dicit:
2519 777 2586 832 1n
2606 778 2758 832 domo
2782 776 2963 834 Patris
2982 779 3083 833 mei
3110 781 3405 834 mansiones

1824 869 2003 925 multis
2046 880 2165 925 sunt
2193 868 2376 939 (Joan.
2404 868 2536 939 xiv),
2577 874 2671 925 sed
2712 877 2890 924 tamen
2915 869 3007 939 qui
3045 870 3100 923 in
3129 885 3250 924 eam
3279 885 3405 926 eon-

1827 961 1973 1016 ducti
2006 971 2147 1024 sunt,
2170 962 2421 1031 quamvis
2441 960 2670 1016 diversis
2692 962 2842 1017 horis
2854 962 3120 1026 venerint,
3145 978 3309 1017 unum
3333 973 3406 1019 ta-

1828 1068 1949 1109 men
1968 1054 2248 1110 denarium
2270 1063 2645 1125 perceperunt.
2664 1054 2780 1122 Qua
2797 1056 2979 1126 itaque
2992 1058 3202 1113 ratione
3211 1072 3408 1118 conve-

1826 1146 2299 1202 niantmansiones
2313 1146 2494 1201 multae
2513 1161 2637 1202 cum
2652 1162 2763 1202 uno
2789 1144 3043 1204 denario?
3061 1149 3165 1205 nisi
3177 1150 3306 1220 quia
3328 1153 3411 1206 di-

1827 1251 1999 1291 versae
2021 1237 2238 1306 quidem
2260 1240 2541 1292 beatorum
2564 1237 2762 1292 civium
2786 1238 3073 1309 dignitates
3094 1250 3289 1306 erunt,
3318 1243 3410 1296 sed

1831 1337 2010 1383 tamen
2026 1343 2132 1383 una
2151 1330 2366 1399 requies
2375 1338 2593 1385 aeternae
2606 1329 2997 1386 retributionis.
3016 1330 3153 1387 Nam
3175 1334 3275 1388 etsi
3299 1335 3409 1389 dis-

1827 1432 1928 1487 par
1947 1418 2051 1474 erit
2068 1419 2320 1474 meritum
2342 1420 2697 1491 singulorum,
2721 1435 2827 1477 non
2852 1422 2960 1477 erit
2979 1421 3266 1478 diversitas
3285 1439 3413 1493 gau-

1830 1509 2061 1566 diorum.
2114 1510 2247 1575 Quia
2297 1510 2400 1567 etsi
2428 1510 2566 1567 alter
2587 1512 2787 1578 minus,
2832 1522 2994 1583 atque
3018 1514 3157 1569 alius
3184 1516 3417 1586 amplius

1828 1599 2122 1667 exaltatur,
2149 1612 2338 1656 omnes
2364 1608 2545 1657 tamen
2559 1617 2725 1657 unum
2744 1602 3090 1675 gaudium‘de
3109 1602 3419 1660 Conditoris

1831 1689 1914 1745 sui
1936 1690 2139 1746 visione
2159 1690 2396 1746 laetiﬁcat
2430 1709 2442 1745 :
2482 1700 2534 1748 et
2561 1691 2729 1753 semel
2757 1692 2902 1749 illius
2933 1693 3107 1749 beata).
3140 1694 3263 1749 vitae
3292 1694 3420 1749 facti

1830 1784 2147 1853 participes,
2183 1785 2578 1855 inexplebiliter
2614 1795 2894 1844 auctorem
2922 1787 3274 1844 beatitudinis
3312 1803 3422 1842 suae

1834 1875 2189 1945 conspiciunt.
2244 1876 2310 1930 Et
2344 1876 2539 1931 merito
2572 1893 2683 1933 sua:
2727 1878 3036 1934 stabilitatis
3073 1880 3128 1933 in
3155 1888 3422 1934 mternum

1832 1965 2014 2021 felices
2042 1964 2214 2022 effecti
2234 2007 2248 2031 ,
2275 1967 2341 2021 de
2366 1982 2462 2021 sua
2488 1968 2869 2037 permansione
2913 1969 3091 2023 securi
3137 1979 3284 2034 sunt,
3332 1970 3425 2039 qui

1832 2049 2100 2114 summitm
2150 2056 2486 2129 solidumque
2530 2060 2818 2132 gaudium,
2873 2077 2980 2131 quo
3031 2061 3427 2132 inexplebiliter

1832 2148 2183 2220 perfruuntur
2209 2191 2223 2215 ,
2266 2152 2334 2205 de
2379 2149 2559 2205 divina
2609 2151 3060 2224 contemplatione
3099 2153 3424 2224 percipiunt,

1834 2254 1897 2294 ac
1927 2239 2036 2294 Deo
2060 2255 2158 2295 suo
2188 2239 2594 2313 infatigabiliter
2621 2250 2675 2297 et
2706 2253 2953 2299 amanter
2983 2242 3304 2300 inserviunt.
3348 2246 3426 2300 Ita

1834 2332 2072 2403 perfecte
2100 2332 2269 2397 beati,
2319 2343 2373 2388 ut
2413 2350 2513 2390 nec
2552 2334 2772 2406 cupiant
2809 2336 3078 2392 beatiores
3127 2334 3242 2391 fieri
3288 2337 3428 2392 ultra

1836 2438 1935 2477 nec
1964 2422 2194 2479 valeant.
2242 2423 2357 2478 Erit
2396 2425 2537 2480 enim
2571 2423 2676 2480 illis
2713 2423 2768 2479 in
2809 2423 2897 2480 illa
2922 2423 3080 2480 beata
3111 2424 3310 2497 patria,
3348 2425 3428 2480 in-

1838 2510 2080 2571 tellectus
2104 2514 2221 2571 sine
2248 2524 2486 2583 terrore,
2519 2516 2780 2572 memoria
2818 2516 2934 2572 sine
2960 2515 3251 2583 oblivione,
3278 2516 3428 2589 cogi-

1839 2604 1969 2660 tatio
2012 2604 2130 2661 sine
2171 2606 2583 2677 pervagalione,
2621 2605 2863 2662 charitas
2900 2606 3018 2663 sine
3065 2607 3430 2676 simulatione,

1837 2711 2029 2753 sensus
2069 2698 2187 2752 sine
2214 2697 2542 2763 oll‘ensione,
2580 2697 2923 2753 incolumitas
2971 2696 3087 2754 sine
3134 2698 3428 2764 debilitate,

1837 2787 1983 2844 sa‘lus
2018 2789 2134 2845 sine
2179 2789 2381 2854 dolore,
2414 2790 2520 2844 vita
2560 2789 2676 2844 sine
2706 2800 2899 2856 morte,
2928 2789 3163 2846 facilitas
3188 2791 3304 2847 sine
3331 2792 3433 2846 im-

1836 2879 2168 2950 pedimento,
2217 2880 2474 2937 saturitas
2514 2881 2631 2935 sine
2673 2876 2909 2946 fastidio,
2972 2891 3026 2936 et
3078 2890 3188 2937 tota
3229 2882 3434 2938 sanitas

1838 2972 1954 3026 sine
1983 2970 2189 3026 morbo.
2235 2971 2309 3026 1ὺί
2348 2989 2447 3028 nec
2466 2972 2623 3029 ﬂetus
2646 2972 2787 3030 ullus
2821 2983 2999 3045 potest
3036 2991 3176 3041 esse,
3214 2991 3315 3031 nec
3341 2991 3436 3047 ge-

1839 3061 2023 3116 mitus.
2076 3059 2364 3117 Habebunt
2414 3063 2486 3117 ibi
2530 3078 2720 3119 omnes
2759 3066 2933 3120 sancti
2973 3080 3215 3120 amorem
3258 3064 3437 3135 perfe-

1842 3160 2008 3216 ctum,
2044 3152 2292 3207 timorem
2329 3151 2554 3219 nullum,
2600 3155 2854 3226 gaudium
2894 3158 3305 3227 sempiternum.
3358 3156 3436 3213 Ibi

1843 3242 1951 3297 erit
1971 3241 2219 3299 voluntas
2242 3252 2409 3309 recta,
2439 3245 2706 3316 cupiditas
2730 3246 2892 3302 nulla.
2918 3248 3184 3317 Quoniam
3209 3249 3438 3306 fruendo

1845 3332 2155 3389 cmicstibus
2190 3334 2376 3401 bouis,
2406 3337 2473 3391 ad
2502 3354 2620 3408 quae
2647 3322 2933 3408 pervenire
2963 3339 3271 3410 cupiebant,
3300 3339 3438 3395 nihil

1846 3423 1925 3480 eis
1947 3426 2121 3481 deerit
2144 3427 2286 3498 quod
2314 3426 2539 3484 ulterius
2560 3431 2970 3499 concupiscant,
2996 3439 3049 3486 et
3078 3430 3151 3486 illi
3177 3441 3438 3503 perpetua

1848 3518 2067 3591 regione
2101 3520 2407 3576 securitatis
2433 3538 2495 3578 ac
2523 3524 2673 3593 pacis
2697 3523 2934 3595 perfecte
2956 3525 3119 3590 beati,
3149 3541 3250 3581 nec
3277 3526 3434 3581 timo-
3451 3508 3478 3528 ‘

1851 3598 1926 3663 ris
1962 3608 2209 3665 stimulos
2244 3612 2459 3680 passuri
2490 3621 2635 3678 sunt,
2667 3629 2765 3670 nec
2794 3612 3012 3671 doloris.
3056 3612 3133 3670 lbi
3177 3616 3283 3671 erit
3328 3633 3438 3673 om-

1852 3700 2000 3755 nium
2030 3701 2267 3780 ﬁdelium
2304 3704 2700 3762 catholicorum
2728 3707 2874 3764 salus
2893 3708 3074 3780 plena,
3112 3712 3441 3784 corruptibi-

1851 3793 1975 3849 Iitas
2024 3795 2188 3863 nulla,
2236 3806 2291 3853 et
2330 3799 2706 3857 immortalitas
2744 3803 2922 3859 beata.
2969 3802 3045 3859 lbi
3076 3806 3178 3861 erit
3204 3807 3440 3878 pruden-

1854 3886 1941 3941 tia:
1976 3903 2040 3943 ac
2070 3889 2348 3960 sapientiae
2389 3892 2652 3963 perfectio
2681 3910 2829 3963 vera,
2866 3912 3046 3953 rerum
3075 3899 3317 3955 omnium
3348 3916 3441 3957 co—

1853 3977 2020 4049 gnitio
2047 3988 2176 4035 tota.
2205 3980 2280 4038 lbi
2310 3984 2617 4056 quicunque
2647 3986 2825 4042 salvus
2863 3986 3052 4055 fuerit,
3081 3992 3260 4061 perire
3279 3993 3441 4060 ultra,

1855 4080 1961 4125 non
1998 4074 2217 4141 poterit,
2247 4075 2340 4129 sed
2367 4074 2578 4133 animus
2614 4076 2730 4135 Deo
2771 4082 3067 4152 subjectus,
3116 4100 3240 4140 cum
3278 4102 3444 4142 carne

1857 4161 1960 4217 sibi
1977 4164 2219 4235 subjecta
2239 4168 2484 4238 regnabit
2509 4169 2561 4223 in
2588 4185 2721 4240 pace
2743 4173 3089 4243 sempiterna.
3106 4175 3236 4242 Qua:
3264 4185 3443 4232 autem

1859 4252 2038 4324 lingua
2075 4257 2274 4324 dicere,
2304 4259 2390 4315 vel
2419 4261 2542 4331 quis
2568 4261 2871 4318 intellectus
2896 4279 3090 4335 capere
3128 4265 3321 4321 sullicit
3357 4267 3443 4321 illa

1860 4362 2107 4417 superna:
2134 4352 2368 4408 civitatis
2398 4364 2602 4425 quanta
2633 4358 2966 4427 sintgaudia,
2984 4358 3295 4429 angelorum
3314 4362 3443 4416 cho-

1863 4438 1938 4494 ris
1955 4440 2235 4508 interesse,
2253 4441 2457 4517 (Greg.)
2479 4462 2601 4500 cum
2622 4447 2949 4502 beatissimis
2971 4448 3250 4517 spiritibus
3265 4450 3446 4520 gloriae

1861 4531 2167 4588 Conditoris
2195 4536 2277 4589 sui
2305 4537 2580 4604 assistere,
2608 4548 2929 4608 praesentem
2970 4542 3176 4597 vultum
3210 4542 3300 4598 Dei
3328 4560 3447 4599 cer-

1862 4637 2013 4687 nere,
2057 4623 2579 4696 ineircumscriptum
2624 4629 2803 4686 lumen
2832 4631 3038 4699 videre,
3072 4632 3214 4687 nullo
3255 4636 3446 4690 mortis

1866 4723 2009 4770 metu
2031 4716 2189 4781 allici,
2218 4718 2636 4789 incorruptionis
2655 4733 2926 4794 perpetuae
2945 4742 3168 4781 munere
3192 4726 3361 4781 lretari
3377 4732 3439 4781 ?..

1868 4801 2036 4860 Nemo
2070 4820 2303 4876 namque
2329 4809 2637 4865 mortalium
2660 4811 2839 4868 dicere
2861 4822 2954 4870 aut
2979 4817 3218 4887 cogitare
3249 4827 3445 4886 potest,

1868 4906 2067 4963 quanta
2090 4897 2144 4952 in
2165 4897 2251 4951 illa
2279 4910 2537 4972 perpetua
2568 4905 2785 4976 regione
2814 4908 2921 4962 sint
2943 4910 3131 4978 gaudia
3153 4912 3446 4982 jnslorum,

1870 4988 2081 5044 dicente
2109 4990 2387 5065 Scriptura
2420 5013 2433 5049 :
2468 4994 2667 5052 Oculus
2695 5014 2798 5054 non
2824 5001 2971 5066 vidit,
3004 5019 3095 5057 nec
3116 5006 3264 5060 auris
3293 5006 3448 5061 audi-

1871 5083 1963 5146 vit,
1993 5099 2085 5138 nec
2113 5083 2168 5139 in
2195 5100 2287 5140 cor
2313 5087 2536 5141 hominis
2566 5090 2798 5144 ascendit
2820 5108 2936 5161 qua:
2959 5088 3275 5164 praeparauit
3311 5095 3451 5153 Deus

1870 5171 2206 5243 diligentibus
2260 5193 2315 5231 se
2362 5176 2415 5250 (1
2462 5176 2586 5233 Cor.
2631 5178 2714 5250 rt).
2754 5181 3045 5254 Diligamus
3092 5201 3222 5258 ergo
3260 5187 3452 5252 Deum,

1874 5263 2070 5323 fratres
2116 5268 2443 5336 cbarissimi,
2494 5269 2611 5340 ejus
2663 5272 2909 5329 videlicet
2957 5277 3210 5332 mandata
3276 5288 3454 5333 custo-

1872 5358 2085 5415 diendo.

1946 5451 2176 5522 Diligere
2208 5456 2353 5508 enim
2395 5454 2583 5521 Deum,
2614 5457 2866 5513 mandata
2892 5459 3007 5529 ejus
3044 5461 3319 5515 custodire
3352 5471 3454 5514 est.

1875 5545 1993 5615 Ipse
2020 5547 2161 5602 enim
2204 5547 2325 5602 ait:
2360 5548 2420 5603 Si
2464 5551 2580 5620 quis
2624 5550 2794 5622 diligit
2842 5569 2943 5619 me,
2993 5569 3254 5607 sermones
3312 5569 3451 5607 meos

1875 5640 2095 5694 servabit
2124 5640 2304 5711 (Joan.
2340 5648 2469 5710 xiv).
2526 5643 2590 5697 Et
2615 5641 2850 5699 Joannes
2874 5644 2928 5698 in
2958 5644 3192 5714 Epistula
3222 5661 3316 5699 sua
3343 5646 3454 5699 ait:

1880 5730 1984 5796 Qui
2020 5732 2183 5785 dicit:
2216 5732 2355 5798 Quia
2394 5722 2564 5806 diligit
2600 5736 2788 5802 Deum,
2832 5746 2878 5790 et
2909 5740 3155 5791 mandata
3190 5743 3303 5809 ejus
3357 5757 3461 5794 non

1878 5825 2121 5889 custodit,
2156 5826 2377 5879 mendax
2398 5839 2469 5882 es!
2494 5827 2542 5898 (l
2568 5829 2727 5883 Joau.
2755 5832 2835 5901 tt).
2866 5830 3130 5887 Curemus
3154 5847 3253 5905 per
3280 5832 3460 5888 omnia
