4020 6338
608 460 713 518 879

1104 458 1456 517 HAYMONIS
1493 458 1972 517 HALBERSTAT.
2013 456 2173 515 EPlSt

2276 457 2417 515 DPP.
2454 457 2635 515 PARS
2670 455 2759 515 ιιι.
2796 482 2870 500 ιη-
2906 456 3410 549 MlSCELLANEA.

3774 463 3867 519 880

607 575 856 630 mandata
904 573 1038 639 Dei,
1065 574 1135 639 [in
1173 584 1433 645 quantum
1480 574 1596 644 ipse
1650 574 1857 629 dederit
1892 572 2185 637 custodire,
2214 573 2267 635 Α
2292 572 2704 642 contemplativa
2737 571 2866 639 vita,
2899 573 2953 627 in
2980 588 3086 643 qua
3107 571 3418 628 Creatorem
3444 566 3600 627 suum
3627 583 3863 632 creatura

603 667 974 736 eleemosynas
998 663 1268 729 faciendo,
1294 665 1655 727 orationibus,
1686 663 1963 735 lacrymis,
1991 663 2189 733 vigiliis

599 753 919 824 jejuniisque
948 754 1265 810 insistendo.
1314 754 1461 810 Bona
1484 755 1893 825 quibuseunque
1920 754 2190 824 possimus

602 844 894 916 operando,
944 861 1008 901 ea
1054 862 1175 915 qum
1220 845 1361 900 mala
1406 855 1536 899 sunt
1579 844 1917 910 declinando,
1965 853 2020 899 et
2070 860 2190 915 quae

601 948 788 995 sancta
825 947 883 994 et
913 940 1024 994 Deo
1048 938 1247 1009 placita
1276 948 1422 1001 sunt,
1456 939 1573 1009 ipso
1601 939 1885 1009 adjuvante
1912 937 2039 993 totis
2062 937 2193 992 viri-

599 1030 702 1086 bus
741 1029 1039 1101 operando,
1083 1038 1140 1084 ut
1171 1031 1457 1100 pervenire
1492 1044 1798 1084 mereamur
1834 1029 1901 1083 ad
1943 1037 2188 1083 sanctam

599 1121 912 1177 societatem
934 1120 1248 1191 angelorum
1280 1121 1499 1186 civium,
1528 1129 1785 1175 aeternam
1814 1119 2183 1175 Hierusalem:

597 1214 655 1270 in
699 1230 805 1284 qua
849 1222 935 1270 est
984 1212 1277 1269 electorum
1313 1214 1552 1267 omnium
1598 1213 1830 1268 societas
1861 1221 2067 1276 sancta,
2100 1227 2187 1266 so-

594 1304 846 1361 lemnitas
887 1316 1071 1370 certa,
1104 1306 1321 1375 requies
1356 1321 1580 1369 secura,
1615 1322 1720 1376 pax
1753 1320 1901 1371 vera,
1936 1306 2043 1360 vita
2070 1319 2188 1376 per-

595 1407 775 1469 petua.
821 1397 903 1453 Ad
948 1413 1112 1469 quam
1159 1397 1372 1452 illorum
1420 1399 1664 1453 omnium
1704 1399 1796 1468 qui
1841 1398 1898 1453 in
1948 1414 2013 1453 ea
2058 1404 2185 1453 sunt

594 1490 802 1546 meritis
840 1500 896 1545 et
940 1490 1192 1561 precibus
1222 1489 1388 1559 adjuti
1432 1505 1740 1546 mereamur
1775 1490 2088 1559 ascendere,
2118 1503 2184 1545 eo

594 1581 826 1638 donante
852 1582 944 1652 qui
977 1596 1075 1651 per
1099 1581 1308 1636 inﬁnita
1330 1582 1463 1636 vivit
1492 1581 1711 1637 szecula.
1756 1581 1955 1637 Amen.

1206 1696 1433 1753 CAPUT
1485 1696 1549 1751 II.

749 1788 961 1857 Quanta
997 1790 1280 1845 electorum
1306 1789 1372 1844 sit
1400 1780 1594 1860 gloria,
1625 1790 1797 1845 videre
1833 1789 2022 1845 Deum.

659 1902 873 1974 (Beda.)
904 1904 1094 1960 Nullus
1131 1920 1312 1961 sermo
1349 1904 1644 1974 esplicare,

595 2010 678 2051 sus
725 1996 1202 2065 comprehendere,
1260 2006 1464 2065 quanta
1516 1996 1627 2050 sint
1664 1996 1859 2065 gaudia
1906 1995 2179 2066 justorum

583 2105 709 2145 cum
736 2088 1065 2144 accesserint
1096 2089 1163 2144 ad
1196 2088 1326 2144 Sion
1367 2098 1634 2153 montem,
1673 2099 1730 2143 et
1762 2089 2037 2144 civitatem
2083 2088 2179 2143 Dei

581 2181 816 2236 viventis
846 2180 1183 2235 Hierusalem
1213 2179 1511 2243 caelestem,
1544 2189 1599 2234 et
1624 2180 1917 2234 multorum
1950 2176 2177 2234 millium

583 2271 903 2338 angelorum
938 2270 1323 2341 frequentiam,
1365 2272 1647 2342 ipsumque
1680 2272 1915 2326 civitatis
1936 2271 2176 2342 ejusdem

587 2364 855 2419 artificem
904 2371 959 2418 et
1007 2364 1340 2419 conditorem
1380 2361 1572 2427 Deum,
1612 2378 1718 2418 non
1754 2378 1853 2432 per
1899 2362 2176 2433 speculum

585 2465 641 2512 et
672 2456 724 2510 in
754 2456 1064 2528 anigmate,
1089 2456 1227 2510 sicut
1260 2472 1423 2521 nunc,
1452 2458 1547 2511 sed
1568 2455 1705 2511 facie
1731 2457 1797 2510 ad
1820 2455 2010 2510 faciem
2043 2471 2174 2511 con-

580 2548 880 2617 spexerint.
930 2548 1006 2602 De
1057 2562 1163 2617 qua
1206 2547 1413 2603 visione
1457 2547 1587 2602 dicit
1632 2548 1823 2603 beatus
1872 2546 2064 2602 Petrus
2098 2545 2177 2602 lo-

578 2654 754 2708 quens
794 2639 859 2692 de
900 2638 1126 2693 Domino
1176 2637 1423 2694 ﬁdelibus
1452 2656 1466 2692 :
1494 2637 1562 2692 In
1593 2655 1746 2708 quem
1795 2656 1933 2692 nunc
1973 2655 2176 2711 quoque

578 2746 684 2785 non
719 2731 947 2785 videntes
977 2729 1229 2783 creditis:
1259 2747 1411 2800 quem
1451 2746 1570 2783 cum
1610 2730 1842 2784 videritis
1878 2728 2176 2783 exaltubitis

578 2819 761 2875 ltetitia
797 2818 1138 2874 inenarrabili
1178 2830 1225 2872 et
1265 2818 1563 2889 gloriﬁcata
1609 2819 1659 2887 (1
1701 2820 1846 2874 Petr.
1893 2821 1956 2889 ι).
1988 2819 2172 2891 (Joan.

583 2908 798 2979 Chrys.)
824 2908 1095 2978 Explicari
1118 2923 1222 2961 non
1246 2917 1423 2976 potest
1444 2908 1588 2962 illius
1618 2908 1818 2964 laetitia:
1838 2909 2174 2979 magnitudo,

580 3001 672 3055 ubi
699 3000 877 3054 anima
909 3000 975 3054 ad
1007 2999 1278 3070 propriam
1306 2999 1721 3070 generositatem
1754 3015 2018 3071 regressa,
2050 3015 2175 3055 cum

582 3094 781 3161 fiducia
812 3091 1168 3164 cmperitjam
1194 3092 1376 3147 videre
1404 3091 1571 3147 Deum
1603 3107 1779 3157 suum,
1819 3092 1906 3146 cui
1951 3106 2176 3161 congre-

577 3186 723 3257 gatio
749 3194 929 3239 sancta
960 3200 1028 3237 ex
1056 3183 1261 3255 angelis
1289 3191 1453 3251 atque
1477 3180 1812 3251 arcliangelis
1831 3221 1847 3246 ,
1882 3180 2091 3235 thronis
2119 3187 2176 3235 et

2294 662 2669 718 intellectualis
2716 664 2786 718 ab
2831 663 2979 718 omni
3027 671 3254 734 peccato
3304 671 3551 735 purgata,
3601 675 3768 735 atque
3807 682 3862 723 ex

2292 754 2437 808 omni
2468 762 2622 823 parte
2662 762 2852 809 sanata
2887 755 3069 809 visura
3116 764 3222 819 est,
3269 769 3300 808 a
3340 755 3775 826 contemplando,
3816 757 3861 813 id

2291 857 2373 903 est
2405 849 2634 904 videndo
2661 864 2858 904 nomen
2885 848 3112 918 accepit.
3149 847 3302 914 Quod
3330 847 3374 902 si
3404 847 3477 902 ita
3505 856 3591 902 est
3627 847 3720 901 illa
3745 848 3857 915 vita,

2291 939 2382 995 ubi
2425 940 2566 995 Deus
2589 940 2760 995 videri
2793 946 2990 1010 potest,
3023 939 3139 1009 ipsa
3166 936 3585 1009 contemplativa
3622 939 3733 992 vita
3754 954 3857 995 ore-

2291 1032 2463 1087 denda
2485 1041 2585 1088 est.
2612 1031 2668 1087 ln
2690 1032 2942 1103 praesenti
2963 1040 3144 1086 autem
3171 1031 3279 1085 vita
3310 1031 3547 1087 miseriis
3569 1032 3854 1088 erroribus-

2290 1137 2393 1191 que
2420 1122 2751 1194 plenissima,
2792 1122 2963 1177 Deum
2996 1120 3166 1176 videri
3199 1119 3360 1175 sicuti
3407 1128 3493 1176 est
3540 1135 3652 1175 non
3696 1136 3853 1191 pose,

2289 1212 2510 1267 dubium
2562 1228 2668 1269 non
2708 1221 2810 1269 est.
2866 1210 2977 1267 Nec
3026 1218 3245 1266 moveat
3280 1210 3423 1280 quod
3464 1209 3561 1265 hic
3600 1226 3850 1281 quoque:

2281 1301 2442 1377 justis
2464 1303 2702 1373 antiquis
2723 1303 2896 1359 visum
2926 1302 3154 1374 legimus
3186 1303 3379 1369 Deum,
3405 1303 3537 1374 quia
3568 1317 3679 1357 non
3711 1313 3786 1358 est
3809 1304 3849 1358 in

2287 1396 2390 1450 hac
2420 1395 2790 1452 humiliatione
2812 1405 2996 1450 nostra
3026 1395 3105 1450 sic
3140 1393 3305 1458 visus,
3329 1394 3471 1449 sicut
3505 1393 3565 1448 in
3591 1393 3683 1448 illa
3713 1393 3847 1448 clari-

2286 1494 2399 1541 tate
2437 1485 2702 1541 videndus
2737 1494 2844 1542 est.
2895 1484 3343 1555 Quandoquidem
3382 1484 3436 1539 in
3473 1483 3658 1539 forma
3695 1484 3847 1538 visibi-

2283 1578 2352 1634 lis
2378 1588 2639 1634 creaturze
2665 1579 2719 1633 in
2742 1594 2847 1649 qua
2873 1593 2972 1648 pro
2998 1577 3401 1647 dispensatione
3427 1587 3750 1646 temporum,
3775 1575 3843 1629 ubi

2282 1672 2473 1739 voluit,
2502 1682 2558 1727 et
2585 1672 2781 1742 quibus
2812 1671 3002 1735 voluit,
3025 1669 3189 1741 justis
3226 1668 3478 1739 apparuit
3500 1707 3521 1735 ,
3566 1682 3671 1723 nec
3705 1666 3842 1736 potuit

2283 1782 2384 1822 nec
2416 1774 2592 1836 potest
2612 1764 2805 1830 videri,
2832 1764 2926 1820 sed
2952 1763 3151 1834 poterit
3177 1776 3300 1817 cum
3344 1762 3411 1817 ad
3451 1775 3744 1832 supernam
3766 1776 3837 1829 ps-

2284 1858 2443 1911 triam
2468 1855 2837 1927 peregrinatio
2863 1863 3045 1909 nostra
3076 1852 3403 1924 pervenerit,
3430 1860 3487 1907 et
3526 1850 3750 1905 mortale
3768 1866 3839 1904 no-

1682 1905 1860 2013 """HS
1888 1906 2180 2013 “his”?
2207 1934 2256 1996 Β
2283 1957 2453 2003 strum
2470 1905 2869 2001 rimni’ortalitas
2897 1945 3057 2001 beata
3076 1905 3367 2008 rvestierit,
3389 1905 3587 2013 ’διέλυε
3635 1943 3699 1998 ad
3740 1956 3837 1997 cott-

2284 2038 2687 2108 templationem
2733 2036 2969 2095 divinam
3000 2032 3086 2089 vel
3117 2034 3527 2105 perceptionem
3573 2031 3832 2088 celestitnn

2279 2127 2646 2199 praemiorum,
2669 2140 2858 2181 omnes
2882 2138 3009 2180 vere
3044 2123 3249 2187 ﬁdeles,
3294 2123 3427 2178 tides
3454 2123 3602 2193 ipsa,
3629 2137 3740 2194 qua:
3770 2121 3832 2176 hic

2280 2216 2460 2272 futura
2486 2217 2866 2282 credebantur,
2896 2213 3116 2285 impleta
3147 2214 3483 2284 perduxerit.

2889 2326 3114 2383 CAPUT
3150 2325 3238 2382 ιν.

2283 2422 2435 2491 Quod
2479 2423 2563 2477 hic
2604 2421 3109 2495 per_ﬁdemipotest.
3142 2421 3197 2475 in
3227 2420 3408 2495 futuro
3454 2430 3636 2477 autem
3678 2432 3827 2495 potent

2690 2492 2834 2548 Deus
2873 2493 3032 2547 videri
3067 2509 3161 2561 per
3201 2493 3441 2561 speciem.

2350 2606 2645 2679 (Prosper.)
2677 2607 2765 2662 Ait
2794 2608 2939 2662 enim
2962 2615 3181 2661 sanctus
3204 2603 3494 2676 Apostolus
3533 2620 3550 2661 :
3586 2603 3686 2661 Per
3702 2607 3824 2677 ﬁdem

2279 2703 2630 2768 ambulamus,
2670 2718 2775 2756 non
2799 2717 2891 2772 per
2918 2699 3138 2770 speciem
3162 2697 3246 2771 (11
3274 2697 3398 2754 Cor.
3425 2702 3504 2768 v).
3543 2698 3695 2755 Fides
3728 2716 3823 2770 ergo

2278 2803 2360 2850 est
2402 2810 2498 2864 per
2535 2808 2695 2864 quam
2747 2791 3074 2856 ambulatur,
3110 2800 3167 2844 et
3216 2791 3424 2860 species
3461 2806 3588 2860 qua:
3629 2792 3819 2845 videtur.

2278 2885 2413 2954 Quia
2441 2886 2494 2939 in
2528 2887 2628 2940 hac
2660 2885 2771 2938 vita
2802 2883 2890 2938 ubi
2919 2899 3013 2953 per
3044 2881 3202 2936 fidem
3231 2883 3367 2936 bene
3391 2882 3623 2937 vivendo
3641 2880 3821 2951 proﬁcio

2279 2993 2421 3043 mus,
2454 2976 2719 3031 bonorum
2748 2990 2974 3044 operum
3011 2974 3410 3044 quodammodo
3456 2975 3690 3044 passibus
3726 2988 3821 3028 ain-

2277 3067 2556 3132 bulamus;
2600 3065 2655 3120 in
2696 3063 2879 3120 futuro
2907 3073 3086 3118 autem
3118 3063 3495 3133 pervenientes
3522 3064 3587 3117 ad
3612 3063 3812 3132 speciem

2270 3158 2384 3230 jam
2413 3174 2518 3212 non
2548 3158 2652 3211 erit
2673 3172 2781 3227 quo
2805 3156 2947 3211 velut
2976 3155 3307 3237 proficiendo
3353 3155 3561 3211 ulterius
3597 3151 3804 3207 ambule-

578 3245 1052 3339 dominationibus,
1082 3245 1475 3345 principatibus
1522 3287 1586 3327 ac
1634 3245 1993 3342 pdtestatibus
2039 3270 2173 3326 assi-

2278 3267 2416 3316 tnus,
2443 3249 2535 3306 sed
2564 3249 2737 3321 ipsam
2760 3249 3017 3319 speciem,
3043 3250 3107 3303 ad
3138 3263 3299 3319 quam
3329 3264 3428 3318 per
3458 3248 3606 3302 ﬁdem
3627 3245 3813 3316 Spirita-

2281 3342 2377 3362 1-..-
2414 3342 2745 3362 -..-ι.--Ι-...---
2798 3342 3136 3362 --..----ξ..---
3192 3340 3479 3362 :_--.:-L:l:
3519 3336 3811 3362 ,1-1--ι-ι2-.ρ

578 3376 684 3423 stet
709 3386 723 3423 :
752 3367 929 3437 qualis
957 3366 1127 3437 gloria
1166 3376 1426 3421 mternum
1469 3379 1652 3435 regem
1678 3363 1865 3418 videre
1903 3363 2171 3432 placatqu

575 3459 722 3514 nulla
755 3475 860 3513 vox
889 3458 1072 3513 dicere
1094 3456 1309 3522 sufﬁcit,
1339 3455 1484 3510 nulla
1530 3454 1785 3528 cogitatio
1817 3455 2175 3524 comprehen-

576 3555 704 3610 dere
730 3562 926 3625 potest.
980 3552 1181 3624 Etl'ugit
1216 3553 1362 3609 enim
1406 3568 1624 3607 omnem
1654 3564 1983 3615 sermonem,
2013 3560 2175 3621 atque

574 3662 790 3703 omnem
820 3664 1041 3704 sensum
1076 3651 1326 3705 humanm
1351 3646 1551 3701 mentis
1579 3645 1795 3701 excedit
1825 3645 1990 3700 decus
2018 3645 2167 3711 illud,

574 3736 664 3794 illa
693 3738 1063 3810 pulchritudo,
1098 3738 1187 3794 illa
1218 3739 1415 3804 virtus,
1446 3738 1535 3792 illa
1573 3737 1765 3808 gloria,
1799 3736 1887 3791 illa
1927 3737 2172 3808 magnifi-

576 3833 779 3896 centia,
812 3832 899 3886 illa
928 3831 1204 3901 majestas.
1257 3831 1301 3887 Ο
1344 3848 1507 3899 quam
1551 3830 1890 3886 inelfabiliter
1931 3829 2060 3885 felix
2090 3830 2172 3884 ni-

573 3925 852 3993 miumque
879 3922 1103 3987 beatus,
1140 3925 1231 3993 qui
1264 3923 1434 3977 Deum
1467 3924 1520 3977 in
1547 3924 1635 3977 illa
1663 3934 1920 3994 perpetua
1951 3922 2170 3992 regione

571 4014 760 4069 videre
790 4014 1072 4078 meruerit,
1098 4013 1191 4068 ubi
1219 4014 1335 4069 sine
1359 4014 1464 4070 line
1491 4029 1615 4070 cum
1636 4016 1842 4087 angelis
1863 4026 1920 4072 et
1941 4017 2172 4071 archan-

572 4106 708 4179 gelis
738 4107 966 4165 feliciter
987 4108 1259 4180 gaudebit.

1192 4218 1419 4276 CAPUT
1455 4219 1540 4275 lll.

580 4311 735 4380 Quod
775 4322 1055 4384 antequam
1095 4312 1266 4384 sancti
1313 4311 1386 4384 ad
1438 4312 1673 4381 futuram
1710 4312 2009 4383 perveniant
2049 4313 2170 4368 bea-

687 4381 961 4438 titudinem
984 4424 999 4450 ,
1039 4383 1263 4455 perfecte
1300 4381 1469 4436 Deum
1507 4384 1681 4437 ridere
1712 4381 1820 4436 non
1854 4384 2075 4452 possint.

642 4495 886 4571 (Prosp.)
915 4496 973 4552 ln
1007 4496 1095 4551 illa
1128 4496 1286 4553 beata
1317 4497 1427 4551 vita
1465 4512 1585 4567 qua:
1629 4496 1807 4553 futura
1849 4508 1952 4564 est,
1999 4500 2165 4554 Deum

570 4591 730 4648 sicuti
772 4600 855 4646 est
897 4590 1134 4661 perfecte
1164 4591 1426 4644 videbunt
1454 4592 1648 4655 sancti,
1681 4593 1769 4646 tibi
1794 4602 1847 4648 et
1876 4594 1977 4663 ipsi
2007 4603 2169 4650 erunt

2278 3342 2383 3397 lem
2411 3342 2769 3407 ambulamus,
2798 3342 3159 3411 pervenimus,
3191 3340 3480 3395 insatiabili
3513 3336 3811 3394 delectatione

2276 3431 2599 3487 videbimus.
2631 3430 2689 3486 In
2716 3439 2979 3501 quantum
3016 3440 3194 3486 autem
3232 3430 3372 3486 valet
3409 3432 3640 3487 humana
3678 3443 3808 3491 metu,

2276 3539 2435 3593 quam
2466 3538 2596 3578 suus
2619 3521 2848 3579 Creator
2878 3522 2945 3577 ad
2968 3537 3122 3577 suam
3145 3520 3273 3577 fecit
3301 3522 3616 3592 imaginem,
3644 3521 3807 3577 studeat

2274 3620 2437 3674 etiam
2465 3619 2554 3674 hic
2577 3617 2984 3689 intelligibiliter
3014 3616 3182 3672 Deum
3228 3616 3415 3671 videre
3450 3631 3555 3686 per
3586 3616 3739 3677 fidem,
3767 3623 3809 3666 ut

2275 3729 2398 3768 eum
2441 3713 2651 3785 plenius
2688 3712 2871 3767 videat
2913 3726 3034 3766 cum
3081 3711 3389 3783 pervenerit
3435 3727 3659 3767 munere
3686 3706 3805 3779 ipsius

2274 3803 2585 3862 Conditoris
2631 3804 2717 3861 sui
2756 3803 2825 3859 ad
2875 3804 3133 3875 speciem.

2895 3944 3127 4001 CAPUT
3167 3945 3228 4000 V.

2274 4040 2341 4094 lu
2368 4048 2566 4109 quanta
2609 4039 2849 4095 claritate
2883 4040 2949 4094 ab
2981 4040 3156 4095 electis
3192 4042 3305 4097 suis
3346 4041 3609 4098 videbitur
3643 4039 3811 4096 Bessis

2915 4128 3072 4182 regno
3101 4129 3218 4167 sua.
3292 4136 3309 4151 ο

2345 4224 2366 4295 (
2379 4223 2584 4297 Beda.)
2640 4223 2699 4279 1η
2741 4239 2808 4281 ea
2862 4223 3109 4279 claritate
3156 4239 3263 4296 qua
3311 4224 3571 4296 discipuli
3608 4224 3814 4280 viderunt

2270 4314 2557 4369 Dominum
2603 4314 2893 4386 fulgentem
2936 4315 2989 4370 in
3034 4323 3219 4371 monte
3257 4313 3474 4387 (Matth.
3518 4320 3677 4380 xvnl,
3708 4314 3815 4368 inea

2270 4415 2490 4475 peracto
2502 4404 2706 4473 judicio
2721 4405 2789 4461 ah
2809 4405 3061 4461 omnibus
3083 4406 3289 4462 sanctis
3311 4406 3366 4461 in
3396 4421 3573 4479 regno
3597 4422 3685 4463 suo
3699 4403 3818 4459 vide-

2270 4496 2437 4550 bitur.
2465 4494 2572 4551 Sed
2604 4495 2744 4565 quod
2768 4495 3024 4551 mortales
3046 4495 3258 4562 adhuc,
3291 4496 3674 4566 corruptibiles
3695 4492 3821 4549 disci-

2270 4588 2519 4657 pulorum
2550 4588 2692 4643 oculi
2724 4587 2953 4643 sufferre
2980 4587 3358 4658 nequiverunt,
3395 4596 3529 4643 tunc
3560 4603 3655 4660 per
3679 4599 3822 4640 resur-

570 4685 696 4740 vita:
730 4693 946 4739 aeternae
972 4701 1037 4739 ac
1066 4685 1215 4755 regni
1250 4684 1487 4740 etelestis
1510 4687 1892 4742 consecutione
1918 4688 2159 4758 perfecti.

2276 4681 2561 4735 rectionem
2588 4677 2701 4748 jam
2735 4679 2876 4734 facta
2913 4680 3357 4752 incorruptibilis,
3382 4689 3643 4752 potenter
3663 4675 3822 4737 inmitti

566 4775 838 4832 Caeterum
866 4777 913 4831 si
943 4776 1032 4830 hic
1065 4776 1302 4845 perfecte
1350 4777 1613 4846 potuisset
1668 4779 2023 4833 substantiam
2068 4778 2164 4834 Dei

571 4868 808 4923 humana
864 4865 1131 4938 fragilitas
1185 4871 1571 4940 tontemplari,
1623 4888 1897 4941 nunquam
1947 4881 2165 4928 sanctus

567 4959 901 5029 evangelista
960 4959 1185 5014 dixisset
1233 4979 1246 5014 :
1297 4961 1464 5015 Deum
1526 4981 1676 5018 nemo
1740 4965 1865 5018 vidit
1935 4980 2162 5035 unquam

569 5048 752 5120 (Joan.
806 5050 917 5122 νι);
973 5068 1077 5106 non
1129 5054 1265 5107 dixit
1299 5071 1311 5106 :
1355 5054 1525 5109 Nemo
1567 5056 1786 5110 videbit.
1828 5055 2070 5127 Denique
2108 5064 2168 5112 ut

568 5142 849 5196 evidenter
875 5145 1177 5199 ostenderet
1216 5147 1476 5200 visionem
1508 5146 1601 5199 Dt'i
1631 5163 1733 5201 non
1764 5159 2010 5219 negatam
2046 5164 2167 5203 san-

567 5233 671 5287 etis
703 5233 1032 5299 hominibus,
1063 5237 1156 5289 sed
1181 5236 1424 5301 dilatam,
1468 5238 1611 5307 quod
1642 5238 1693 5291 in
1723 5239 1977 5307 praesenti
2023 5250 2161 5295 tem-

561 5338 697 5395 pore
724 5326 957 5397 negavit,
981 5326 1034 5380 in
1056 5327 1236 5381 futuro
1265 5328 1531 5397 promisit,
1561 5329 1943 5384 dicens:Beati
1965 5332 2161 5385 mundo

565 5416 746 5483 corde,
786 5419 1036 5489 quoniam
1066 5419 1165 5489 ipsi
1194 5418 1363 5471 Deum
1394 5419 1638 5474 videbunt
1679 5420 1895 5491 (Matth.
1924 5422 2001 5495 v).
2050 5422 2162 5479 Nec

564 5507 657 5563 hic
696 5508 854 5577 dixit,
885 5508 1155 5577 Quoniam
1196 5509 1297 5577 ipsi
1334 5508 1503 5564 Deum
1535 5510 1735 5566 vident.
1795 5512 1962 5583 Igitur
1994 5513 2159 5580 Deus,

562 5600 654 5670 qui
704 5601 758 5656 in
804 5601 907 5656 hac
954 5602 1064 5657 vita
1115 5600 1233 5657 sine
1275 5600 1501 5671 alicujus
1525 5601 1765 5660 alimenti
1793 5602 2161 5677 assumptione

564 5706 665 5748 nec
695 5696 870 5765 potuit
899 5694 1069 5749 videri
1100 5708 1202 5750 nec
1232 5701 1429 5764 potest,
1460 5694 1513 5750 in
1544 5694 1723 5751 futura
1753 5696 1865 5751 vita
1895 5697 2159 5753 videndus

561 5791 666 5839 est.
717 5783 795 5841 lbi
841 5795 924 5841 est
969 5784 1437 5855 contemplationis
1467 5787 1661 5844 divinae
1687 5789 1955 5860 speranda
1986 5789 2159 5861 perfe-

560 5876 695 5942 ctio,
725 5876 817 5933 ubi
843 5878 947 5934 erit
976 5878 1239 5936 bonorum
1276 5880 1514 5937 omnium
1558 5880 1853 5952 plenitudo.
1916 5880 1982 5937 Et
2032 5881 2154 5938 ideo

2271 4770 2464 4826 sufﬁcit
2501 4772 2679 4827 omnis
2708 4771 2947 4827 Ecclesia
2978 4780 3312 4839 sanctorum,
3360 4773 3428 4828 de
3455 4788 3566 4842 qua
3599 4773 3823 4842 scriptum

2270 4875 2387 4919 est:
2420 4863 2606 4935 Regem
2657 4865 2713 4917 in
2756 4864 2940 4919 decore
2990 4880 3087 4919 suo
3116 4864 3362 4919 videbunt
3388 4865 3534 4919 oculi
3569 4865 3681 4935 ejus
3715 4861 3823 4935 (lu.

2272 4956 2487 5025 χχχιιι).
2531 4956 2788 5012 Decorum
2827 4958 3005 5021 illum,
3040 4957 3265 5026 gloriam
3303 4956 3469 5022 illam,
3502 4954 3827 5027 pulchritudi-

2272 5065 2393 5103 nem
2432 5048 2598 5113 illam,
2653 5051 3104 5122 nniguitieentiatn
3157 5052 3329 5115 illam,
3380 5052 3643 5108 virtutem
3690 5050 3826 5110 illam,

2270 5141 2572 5198 claritatem
2612 5140 2784 5205 illam,
2816 5139 3158 5211 maiestatem
3192 5142 3362 5208 illam,
3408 5143 3591 5214 qualis
3620 5158 3714 5215 per
3734 5154 3829 5196 om.

2266 5235 2354 5288 nia
2382 5233 2475 5299 sit,
2507 5233 2652 5288 nulla
2683 5248 2781 5289 vox
2821 5233 3099 5288 hominum
3131 5234 3315 5290 dicere
3339 5234 3515 5306 potuit
3543 5241 3642 5289 aut
3660 5236 3829 5304 potest.

2266 5326 2447 5398 (Joan.
2490 5326 2701 5398 Chrys.)
2738 5326 3090 5384 Conferamus
3118 5328 3307 5385 oculos
3338 5328 3404 5384 ad
3434 5328 3591 5383 illum
3622 5334 3831 5383 montem

2265 5418 2319 5472 in
2369 5433 2477 5488 quo
2531 5419 2949 5476 transformatus
2998 5427 3084 5476 est
3137 5417 3409 5483 Christus,
3461 5427 3519 5475 et
3580 5419 3833 5474 videamus

2263 5510 2608 5581 splendorem
2641 5512 2779 5584 ejus,
2834 5511 2985 5567 illum
3033 5527 3144 5582 quo
3192 5520 3324 5568 tunc
3378 5509 3833 5567 transformatione

2264 5601 2598 5672 resplenduit
2625 5643 2640 5669 ,
2689 5618 2791 5659 nec
2839 5605 2919 5659 sic
2966 5604 3186 5675 quidem
3226 5605 3570 5660 inveniemus
3604 5607 3832 5658 cunctam

2265 5696 2418 5749 nobis
2444 5694 2586 5750 illius
2614 5693 2922 5751 claritatem
2964 5694 3241 5765 futurique
3288 5694 3471 5752 saeculi
3498 5694 3731 5766 gloriam
3751 5703 3833 5762 pl-

2261 5786 2532 5856 tefactam.
2566 5789 2657 5844 llla
2699 5788 2845 5844 enim
2897 5788 3306 5848 transformatio
3335 5789 3481 5848 facta
3520 5795 3611 5845 est
3649 5800 3753 5843 non
3790 5782 3833 5836 in

2259 5889 2522 5953 quantum
2584 5880 2846 5938 bonorum
2911 5879 3215 5938 futurorum
3269 5880 3473 5938 veritas
3519 5879 3712 5945 habet,
3757 5869 3837 5929 Sed
