4020 6338
228 433 327 492 881

1189 430 1270 486 nn
1309 386 1711 487 umerus
1737 389 2119 488 arenosum.
2161 460 2229 470 —
2269 429 2397 486 un.
2432 429 2471 484 ι.

3395 432 3499 488 88%

236 558 494 623 quantum
525 550 667 603 ferre
701 548 842 604 oculi
863 557 1114 619 poterant
1148 548 1421 602 intuitum.
1466 546 1557 602 Sic
1584 548 1730 602 enim
1756 548 1810 602 in
1836 562 1886 624 Α
1915 546 2010 602 sed
2037 560 2198 600 omne
2224 544 2480 615 quidquid
2508 534 2871 618 corruptionis
2890 557 2974 601 est
2996 546 3229 613 exsulat,
3248 555 3306 603 et
3328 546 3498 617 gloria

236 643 535 721 Evangelia!
552 641 715 707 dicit,
771 641 896 711 quia
936 640 1252 713 resplenduit
1298 640 1431 695 sicut
1461 640 1540 694 sol
1589 638 1802 712 (Matth.

235 736 395 810 xvu).
424 734 862 806 lncorruptorum
901 741 1083 788 autem
1122 731 1291 803 gloria
1341 746 1660 801 corporum,
1703 744 1811 784 non

232 828 340 885 hoc
364 833 572 882 tantum
603 824 903 897 splendoris
929 822 1146 888 emittit,
1176 830 1436 892 quantum
1465 836 1531 876 ex
1560 822 1663 876 ista
1693 834 1811 876 cor-

233 919 476 992 ruptibili
527 919 647 975 luce
692 917 958 989 procedit,
993 931 1094 973 nec
1140 915 1305 970 talem
1342 913 1518 970 lucem
1545 954 1561 981 ,
1599 912 1811 985 qualem

233 1030 382 1070 nunc
407 1011 664 1069 mortales
695 1010 837 1067 oculi
875 1025 1065 1081 capere
1093 1017 1334 1080 possunt,
1368 1008 1462 1063 sed
1493 1015 1674 1062 tantus
1710 1007 1815 1063 erit

234 1106 429 1162 futura:
454 1106 588 1163 lucis
614 1102 886 1175 splendor,
914 1111 1176 1174 quantum
1216 1117 1509 1173 corporeus
1540 1101 1680 1157 ferre
1707 1117 1812 1158 non

234 1200 410 1273 possit
461 1206 730 1268 aspectus,
785 1212 905 1252 cum
950 1204 1127 1251 tamen
1180 1194 1328 1249 illum
1379 1193 1563 1249 tulerit
1616 1194 1707 1263 qui
1759 1194 1813 1248 in

235 1292 436 1348 montis
483 1289 954 1346 transformatione
983 1287 1334 1359 resplenduit.
1376 1285 1530 1341 Unde
1578 1285 1816 1343 ostendi-

238 1396 349 1449 tur,
378 1384 503 1455 quia
542 1392 749 1439 tantum
780 1381 1075 1437 revelatum
1102 1381 1193 1446 sit,
1219 1387 1477 1451 quantum
1500 1377 1644 1435 ferre
1682 1394 1818 1437 mor-

238 1476 425 1532 talium
467 1474 608 1530 oculi
639 1481 947 1545 potuerunt.
1003 1472 1113 1527 Nec
1142 1480 1319 1527 tamen
1367 1471 1607 1527 tulerunt
1630 1488 1697 1526 ex
1736 1471 1818 1526 in—

236 1578 409 1639 tegro,
442 1567 537 1623 sed
571 1566 904 1631 ceciderunt,
936 1564 1130 1635 inquit,
1152 1565 1209 1619 in
1235 1564 1432 1620 faciem
1471 1579 1625 1619 suam
1656 1578 1819 1634 super

237 1665 463 1713 terram.

857 1746 1082 1804 CAPUT
1118 1745 1204 1801 Vl.

514 1883 594 1940 De
617 1885 992 1940 resurrectione
1017 1893 1066 1940 et
1089 1886 1194 1940 vita
1217 1893 1542 1940 sanctorum.
1844 1920 1894 1981 Β

309 2016 610 2088 Resurgent
633 2016 797 2088 igitur
818 2027 1126 2072 sanctorum
1142 2029 1368 2086 corpora
1394 2015 1511 2070 sine
1534 2013 1643 2068 ullo
1661 2014 1815 2081 vitio,

238 2108 356 2163 sine
403 2107 506 2160 ulla
542 2106 904 2169 deformitate,
953 2107 1093 2160 sicut
1148 2106 1264 2159 sine
1294 2104 1413 2157 ulla.
1452 2105 1846 2180 corruptione“

237 2212 424 2260 onere,
457 2196 786 2251 difﬁcultate.
832 2195 890 2249 In
930 2196 1126 2265 quibus
1165 2204 1311 2249 tanta
1342 2194 1574 2250 facilitas
1620 2204 1819 2265 quanta

239 2288 476 2346 felicitas
503 2290 625 2342 erit.
669 2289 920 2358 Receptis
942 2304 1066 2343 cum
1098 2288 1499 2357 incorruptione
1536 2298 1697 2357 atque
1727 2289 1824 2342 im-

240 2378 570 2434 mortalitate
596 2379 936 2448 corporibus,
957 2378 1342 2448 municipatum
1373 2378 1560 2446 patriae
1587 2378 1823 2433 caelestis

241 2472 529 2542 accipient,
555 2479 715 2542 atque
740 2472 857 2542 ejus
885 2472 938 2526 iu
975 2479 1236 2526 aeternum
1276 2470 1423 2525 cives
1464 2470 1660 2533 effecti,
1692 2486 1817 2540 pro-

239 2561 406 2616 missa
437 2561 654 2632 praemia
684 2561 1052 2632 reportabunt.
1097 2561 1174 2615 Ibi
1200 2561 1280 2614 eis
1310 2560 1629 2615 exuberabit
1673 2568 1822 2614 tanta

242 2648 447 2714 laetitia,
486 2660 632 2705 tanta
662 2649 963 2704 ctelestium
991 2650 1172 2720 gratia‘
1192 2650 1530 2720 gaudiorum,
1556 2659 1615 2704 ut
1645 2665 1822 2705 remu-

240 2740 479 2796 neratori
507 2756 605 2796 suo
635 2756 731 2811 pro
769 2740 931 2795 tantis
964 2740 1277 2794 muneribus
1323 2741 1524 2811 gratias
1556 2750 1735 2811 agant,
1767 2748 1824 2796 et

242 2831 447 2886 nullum
484 2831 755 2887 fastidiunt
786 2845 852 2885 ex
900 2831 1009 2900 ipsa
1046 2829 1316 2885 afﬂuentia
1342 2831 1603 2886 bonorum
1632 2846 1820 2902 peree-

243 2922 424 2994 ptione
450 2921 768 2979 sustineant.
793 2920 867 2975 lbi
899 2937 1002 2975 non
1030 2920 1216 2975 latebit
1240 2921 1480 2992 perfecte
1511 2924 1697 2977 beatos
1725 2921 1823 2977 ali-

244 3011 370 3082 quid
397 3021 747 3074 secretorum,
803 3011 893 3080 qui
941 3012 1083 3082 quod
1134 3020 1221 3067 est
1267 3012 1424 3083 longe
1452 3013 1818 3083 praestantius,

242 3101 416 3174 ipsum
446 3102 613 3158 visuri
659 3110 785 3157 sunt
823 3104 1035 3157 mundis
1062 3104 1312 3158 cordibus
1343 3103 1530 3159 Deum.
1572 3102 1827 3172 Quando-

242 3193 456 3263 quidem
482 3193 713 3248 humana
741 3202 993 3248 creatura
1026 3193 1096 3247 ita
1122 3192 1360 3264 perfecta
1391 3198 1514 3260 erit,
1544 3203 1606 3249 ut
1632 3193 1686 3249 in
1711 3208 1824 3250 me-

242 3284 348 3341 lius
376 3293 470 3340 aut
512 3285 752 3341 deterius
779 3284 916 3339 ultra
956 3284 1151 3339 mutari
1180 3300 1287 3340 non
1315 3286 1505 3356 possit.
1548 3285 1821 3357 Quidquid
1848 3281 1894 3345 C

238 3377 332 3434 hic
355 3376 604 3432 humanis
627 3376 942 3447 corporibus
965 3374 1238 3441 vitiandis,
1269 3384 1363 3431 aut
1392 3374 1633 3430 ferarum
1667 3391 1817 3431 mor-

243 3484 334 3528 sus
371 3467 655 3533 ademerit,
712 3476 804 3522 aut
842 3467 1133 3539 improviso
1174 3482 1331 3523 casus
1375 3467 1676 3533 abstulerit,
1727 3473 1820 3522 aut

244 3562 506 3619 malarum
553 3562 919 3618 valetudinum
948 3578 1142 3633 genera
1190 3564 1403 3619 diversa
1431 3564 1818 3634 decerpserint,

246 3665 337 3713 aut
360 3658 594 3712 humana
637 3654 929 3712 crudelitas
957 3656 1339 3727 amputaverit,
1386 3664 1481 3711 aut
1508 3657 1551 3712 si
1576 3644 1714 3728 ignis
1736 3653 1820 3710 vel

246 3747 490 3820 quaelibet
542 3745 643 3802 alia
682 3761 771 3802 res
816 3747 1015 3818 aliquid
1066 3747 1359 3803 debilitatis
1408 3748 1681 3813 intulerit,
1729 3754 1822 3802 aut

247 3842 359 3912 ipsa
403 3846 651 3895 senectus
679 3838 839 3892 etiam
888 3838 1037 3893 sanis
1085 3854 1311 3895 onerosa
1357 3839 1652 3910 negaverit,
1704 3838 1823 3894 luce

247 3943 408 4002 atque
436 3932 519 3987 his
540 3930 735 3986 similia
765 3945 1050 4001 corporum
1083 3932 1298 3997 damna,
1324 3946 1431 3985 una
1463 3931 1537 3985 ibi
1578 3944 1821 3986 resurre-

248 4027 357 4081 ctio
402 4023 697 4095 reparabit,
740 4033 901 4093 atque
949 4039 1013 4078 ea
1036 4038 1263 4092 corpora
1292 4023 1549 4077 membris
1572 4023 1824 4078 omnibus

248 4116 542 4171 instaurata
596 4113 1018 4182 incorruptibilis
1041 4115 1246 4169 sanitas
1273 4115 1560 4169 obtinebit.
1612 4114 1823 4169 Statum

247 4207 408 4261 etiam
436 4204 578 4260 illius
598 4212 801 4260 sancta:
848 4205 1262 4259 resurrectionis
1292 4220 1357 4259 ac
1386 4212 1658 4273 perpetuae
1703 4205 1824 4259 vita:

246 4296 672 4360 consideremus,
702 4296 756 4351 in
785 4305 1046 4368 quantum
1072 4295 1228 4351 nobis
1264 4295 1608 4350 considerare
1650 4295 1824 4364 possi-

247 4384 355 4442 bile
382 4393 485 4447 est,
530 4392 664 4439 etut
691 4385 853 4439 etiam
881 4399 1007 4439 vere
1041 4391 1146 4447 est,
1198 4382 1657 4453 comprehendere
1705 4382 1826 4461 nul-

250 4478 333 4532 lus
370 4492 550 4532 sermo
598 4474 840 4541 sufﬁciet,
898 4476 991 4531 Sed
1021 4484 1277 4545 quantum
1319 4475 1588 4544 possimus
1631 4488 1697 4528 ex
1745 4474 1829 4529 his

249 4587 371 4643 qua:
408 4570 657 4641 legimus,
712 4578 768 4625 et
797 4584 896 4639 per
947 4569 1233 4640 tenigmata
1280 4569 1577 4639 accipimus
1612 4577 1828 4625 tenuem

1919 634 2339 706 incorruptionis
2374 643 2565 690 cuneta
2614 636 2933 692 circumdat.
2968 634 3121 691 Unde
3150 650 3247 707 per
3272 633 3499 692 Paulum

1918 725 2152 781 dicitur:
2189 722 2316 794 Ipsa
2340 734 2580 780 creatura
2633 725 2940 781 liberabitur
2961 745 2994 781 a
3042 728 3284 783 servitute
3314 744 3500 783 corru—

1917 820 2133 894 ptionis,
2174 818 2228 872 in
2257 817 2544 872 libertatem
2564 818 2745 888 gloria:
2773 818 3008 888 ﬁliorum
3026 818 3123 874 Dei
3152 818 3332 891 (Rom.
3357 819 3499 894 vm).

1921 888 2125 981 (Graj)
2155 909 2370 965 Eiectos
2394 909 2537 963 enim
2568 926 2711 964 nunc
2739 926 2898 979 pmna
2924 888 3288 982 corruptionis
3311 888 3503 984 aggra-

1920 1008 2030 1063 vat,
2073 1000 2168 1055 sed
2198 1009 2322 1055 tunc
2352 1000 2768 1070 incorruptionis
2797 1000 2963 1071 gloria
2993 1001 3193 1056 exaltat
3228 1011 3283 1056 et
3332 1019 3507 1072 quan-

1922 1098 2034 1145 tum
2070 1091 2135 1145 ad
2168 1091 2447 1161 praesentis
2475 1090 2814 1145 necessitatis
2866 1093 3102 1162 pondera
3131 1108 3275 1147 nunc
3307 1094 3359 1147 in
3406 1093 3505 1150 Dei

1920 1182 2045 1238 ﬁliis
2088 1184 2156 1239 de
2180 1183 2430 1238 libertate
2483 1183 2615 1238 nihil
2645 1184 2896 1237 ostendit.
2952 1183 3223 1252 Quantum
3261 1200 3387 1241 vero
3437 1186 3507 1241 ad

1920 1277 2299 1346 subsequentis
2333 1276 2599 1331 libertatis
2628 1276 2875 1347 gloriam,
2920 1284 3046 1332 tunc
3077 1278 3127 1332 in
3162 1279 3256 1333 Dei
3291 1277 3508 1335 famulis

1920 1368 1988 1424 de
2025 1370 2287 1425 servitute
2341 1369 2473 1424 nihil
2505 1369 2803 1440 apparebit.
2854 1368 3113 1424 Creatura
3152 1386 3282 1442 ergo
3339 1373 3509 1427 servi-

1921 1468 2035 1515 tute
2054 1459 2418 1529 corruptionis
2457 1469 2617 1515 exuta
2661 1470 2714 1513 et
2751 1459 3012 1529 dignitate
3054 1459 3319 1515 libertatis
3352 1476 3510 1517 acce-

1919 1562 2011 1625 pta
2030 1594 2044 1618 ,
2074 1552 2125 1606 in
2152 1551 2381 1606 filiorum
2401 1552 2495 1606 Dei
2531 1551 2754 1622 gloriam
2787 1552 3035 1617 vertitur,
3067 1552 3190 1620 quia
3217 1552 3368 1606 unita
3397 1554 3508 1607 Deo

1920 1658 2018 1714 per
2063 1641 2330 1712 spiritum,
2383 1641 2537 1712 quasi
2591 1642 2692 1696 hoc
2736 1641 2906 1709 ipsum
2946 1632 3095 1712 quod
3128 1648 3377 1696 creatura
3401 1649 3506 1706 est,

1923 1734 2184 1789 transisse
2214 1748 2278 1787 ac
2311 1733 2586 1804 subegisse
2609 1732 2933 1787 declaratur.

2520 1865 2746 1921 CAPUT
2797 1865 2906 1920 VII.

1924 1961 2077 2028 Quod
2114 1960 2423 2015 detrimenta
2448 1959 2698 2027 angelica:
2737 1957 2903 2028 ruinae
2929 1972 2995 2009 ea:
3020 1957 3215 2010 sanctis
3260 1972 3511 2025 reparan-

2034 2042 2045 2057 '
2492 2026 2579 2082 tur
2615 2026 2936 2083 hominibus.

1995 2139 2179 2212 (Aug.)
2207 2139 2285 2194 Ex
2313 2139 2683 2210 redemptione
2729 2138 3002 2194 hominum
3044 2138 3214 2193 ruinae
3243 2136 3386 2193 illius
3410 2154 3509 2192 an-

1923 2232 2108 2303 gelicm
2158 2233 2484 2287 detrimenta
2533 2240 2873 2301 reparantur.
2923 2231 2988 2285 Et
3038 2230 3222 2299 utique
3247 2240 3513 2285 noverunt

1923 2321 2099 2391 angeli
2147 2322 2319 2376 sancti
2368 2322 2510 2376 docti
2553 2323 2619 2377 de
2668 2322 2798 2387 Deo,
2849 2320 3001 2389 cujus
3029 2322 3273 2377 veritatis
3297 2333 3513 2377 aeternae

1924 2414 2376 2485 contemplatione
2427 2415 2569 2469 beati
2610 2423 2759 2480 sunt,
2809 2415 2997 2485 quanti
3047 2415 3257 2469 numeri
3302 2413 3514 2484 supple-

1924 2515 2162 2561 mentum
2193 2506 2260 2561 de
2285 2522 2481 2578 genere
2514 2507 2752 2561 humano
2790 2506 3072 2577 integritas
3103 2506 3245 2561 illius
3273 2507 3511 2561 civitatis

1923 2608 2217 2669 exspectet.
2239 2598 2468 2669 Propter
2489 2600 2591 2653 hoc
2620 2598 3005 2668 aitApostolus
3031 2616 3043 2653 :
3072 2597 3372 2652 Instaurari
3401 2615 3513 2652 om-

1926 2692 2014 2745 nia
2061 2692 2113 2744 in
2144 2689 2352 2746 Christo
2378 2708 2495 2761 qua:
2545 2691 2598 2744 in
2649 2690 2788 2745 caelis
2836 2703 2956 2745 sunt
2987 2701 3035 2745 et
3080 2708 3199 2761 qua:
3245 2692 3301 2745 in
3356 2692 3511 2745 terris

1926 2784 2140 2856 (Ephes.
2168 2786 2228 2853 ι).
2258 2784 2315 2837 In
2349 2785 2464 2853 ipso
2490 2785 2862 2838 instaurantur
2886 2784 3081 2854 quippe
3107 2800 3227 2853 quae
3272 2784 3325 2837 in
3360 2763 3529 2837 uelis.

1924 2857 2069 2938 sunt,
2096 2890 2218 2929 cum
2247 2874 2297 2927 id
2336 2874 2479 2943 quod
2512 2875 2564 2927 in
2586 2875 2793 2944 angelis
2816 2874 3021 2944 lapsum
3052 2883 3156 2960 esti
3193 2889 3257 2928 ex
3284 2874 3515 2927 homini-

1923 2967 2025 3022 bus
2049 2966 2311 3021 redditur.
2342 2965 2716 3020 lnstaurantur
2746 2976 2923 3020 autem
2953 2982 3071 3036 qua:
3099 2966 3152 3021 in
3177 2966 3337 3021 terris
3363 2973 3511 3032 sunt,

1925 3072 2047 3112 cum
2076 3057 2176 3128 ipsi
2204 3058 2449 3113 homines
2476 3059 2568 3128 qui
2616 3058 2984 3128 pnedestinati
3016 3068 3141 3114 sunt
3166 3059 3220 3113 in
3249 3068 3511 3114 aeternam

1924 3151 2112 3216 vitam,
2141 3166 2172 3204 a
2192 3150 2552 3219 corruptionis
2572 3158 2841 3204 vetustate
2872 3150 3213 3204 innovantur.
3250 3149 3345 3204 Illa
3367 3150 3513 3204 enim

1926 3257 2162 3311 superna
2185 3241 2377 3297 civitas
2399 3257 2467 3296 ex
2509 3241 2713 3312 angelis
2741 3250 2796 3296 et
2838 3241 3148 3295 hominibus
3181 3249 3414 3307 constat,
3443 3243 3512 3298 ad

1922 3350 2085 3405 quam
2117 3341 2326 3387 tantum
2364 3333 2636 3388 credimus
2658 3334 2953 3388 humanum
2985 3348 3157 3402 genus
3193 3333 3509 3398 ascendere,

1921 3434 2152 3497 quantos
2190 3425 2299 3481 illic
2345 3427 2608 3495 contingit
2656 3426 2857 3482 electos
2885 3424 3107 3495 angelos
3156 3424 3506 3493 remansisse,

1917 3519 2056 3575 sicut
2086 3518 2346 3589 scriptum
2374 3528 2491 3574 est:
2524 3517 2722 3573 Statuit
2753 3519 3013 3574 terminos
3042 3518 3282 3589 gentium
3319 3532 3514 3574 secun-

1921 3610 2057 3666 dum
2077 3610 2132 3666 in
2177 3626 2460 3667 numerum
2488 3611 2805 3684 angelorum
2833 3610 2949 3667 Dei.

2515 3744 2744 3801 CAPUT
2790 3744 2924 3800 VIII.

1923 3834 2078 3902 Quod
2127 3835 2276 3892 electi
2318 3838 2375 3892 in
2399 3847 2595 3894 (eterna
2632 3840 2816 3963 patria
2859 3847 3074 3893 cunctos
3141 3848 3513 3910 recognoscunt

2666 3926 2812 3963 onos.

2666 3926 2812 3964 onos.

1996 4019 2199 4092 (Greg.)
2232 4021 2399 4077 Eleeti
2430 4030 2609 4077 autem
2644 4022 2698 4077 in
2748 4031 2949 4079 aeterna
2981 4023 3155 4095 patria
3204 4039 3310 4080 non
3338 4023 3513 4081 solum

1924 4127 2018 4168 eos
2047 4126 2348 4183 agnoscunt
2389 4114 2580 4178 bonos,
2610 4129 2746 4183 quos
2795 4114 2847 4168 in
2871 4115 2973 4169 hoc
3001 4114 3200 4170 mutulo
3230 4123 3514 4181 noverunt,

1927 4205 2024 4259 sed
2045 4204 2191 4258 velut
2215 4205 2361 4259 viros
2380 4206 2527 4258 visos
2546 4220 2609 4259 ac
2637 4206 2882 4271 cognitos
2906 4215 3297 4276 recognoscunt
3322 4204 3515 4269 bonos...
3580 4270 3583 4273 _

1928 4312 2064 4368 quos
2095 4313 2371 4367 nunquam
2403 4297 2670 4350 viderunt.
2697 4296 2834 4351 Nam
2863 4312 2985 4352 eum
3033 4297 3286 4364 antiquos
3337 4305 3518 4364 patres

1931 4389 1984 4444 in
2011 4389 2098 4444 illa
2126 4399 2325 4445 :eterna
2370 4390 2683 4443 haereditate
2711 4390 2965 4451 viderint,
3011 4390 3093 4443 eis
3121 4388 3373 4457 incogniti
3421 4400 3520 4457 per

1929 4480 2191 4534 visionem
2224 4495 2328 4534 non
2356 4488 2533 4545 erunt,
2565 4495 2701 4548 quos
2729 4480 2783 4532 in
2812 4494 2975 4548 opere
2995 4494 3210 4549 semper
3231 4486 3514 4533 noverunt.

1933 4570 2069 4638 Quia
2107 4571 2251 4626 enim
2283 4570 2390 4625 illic
2416 4586 2605 4626 omnes
2629 4571 2901 4625 communi
2932 4570 3179 4625 claritate
3208 4570 3374 4624 Deum
3397 4584 3498 4624 con

252 4640 542 4735 quamdam
572 4661 878 4732 Opinionem
903 4661 970 4716 de
1000 4676 1063 4715 ea
1092 4660 1389 4731 capiamus.
1424 4660 1631 4716 Dicitur
1654 4661 1722 4716 de
1767 4676 1830 4716 ea
1859 4640 1910 4700 D
1937 4664 2188 4734 spiciunt,
2223 4664 2349 4733 quid
2379 4673 2461 4717 est
2510 4662 2654 4732 quod
2708 4661 2778 4717 ibi
2812 4662 3080 4727 nesciant,
3135 4662 3224 4716 ubi
3253 4660 3515 4716 scientem

253 4754 482 4824 quodam
512 4752 668 4808 loco:
711 4752 851 4821 quod
902 4749 1138 4821 aufugiet
1172 4750 1245 4805 ibi
1277 4750 1450 4815 dolor,
1498 4761 1554 4806 et
1590 4750 1831 4815 tristitia,

253 4855 306 4902 et
332 4847 579 4917 gemitus.
614 4845 754 4913 Quid
781 4845 882 4899 hac
909 4846 1017 4898 vita
1060 4843 1288 4907 beatius,
1319 4842 1409 4897 ubi
1438 4859 1544 4899 non
1578 4852 1664 4899 est
1702 4858 1834 4912 pau-

257 4939 484 5011 pertatis
522 4948 714 5000 metus,
739 4952 844 4992 non
867 4935 1199 5007 aegritudinis
1224 4933 1368 4989 laedit
1393 4933 1627 5004 injuria?
1650 4933 1835 5005 (Aug.)

256 5030 426 5085 Nemo
467 5028 735 5090 irascitur,
769 5041 928 5083 nemo
958 5024 1178 5089 invidet,
1211 5024 1355 5079 nulla
1390 5024 1656 5094 cupiditas
1676 5038 1830 5078 exar-

258 5121 450 5184 descit,
500 5117 703 5174 nullum
729 5116 801 5173 ibi
842 5114 1188 5179 desiderium,
1237 5112 1378 5167 nulla
1406 5113 1625 5169 honoris
1650 5113 1830 5183 pulsat

258 5228 324 5269 ex
352 5220 617 5283 potestate
658 5209 901 5273 ambitio,
948 5207 1043 5263 sed
1070 5205 1248 5262 omnis
1278 5206 1531 5261 vitiorum
1566 5205 1717 5261 labes
1746 5222 1834 5262 so-

256 5306 370 5378 pita
396 5312 450 5359 et
476 5303 692 5375 penitus
718 5301 979 5357 exstincta
1016 5309 1119 5362 est,
1146 5314 1250 5371 pax
1277 5307 1471 5354 cuncta
1497 5298 1736 5354 continet
1782 5306 1837 5353 et

261 5396 462 5454 laetitia.
492 5392 800 5465 Tranquilla
832 5399 956 5447 sunt
976 5390 1156 5445 omnia
1178 5400 1233 5445 et
1260 5389 1465 5459 quieta,
1481 5388 1628 5460 jugis
1657 5388 1837 5458 splen-

262 5491 359 5548 dor
379 5496 436 5545 et
460 5488 583 5554 lux;
609 5501 714 5542 non
744 5486 847 5541 ista
869 5497 988 5554 quae
1008 5497 1149 5537 nunc
1174 5490 1279 5548 est,
1305 5482 1401 5537 sed
1430 5490 1580 5535 tanto
1602 5479 1836 5551 splendi-

262 5582 402 5649 dior,
430 5588 578 5636 tanto
606 5578 830 5643 clarior,
874 5583 1076 5646 quanto
1104 5572 1433 5643 splendidior
1459 5588 1602 5627 nunc
1647 5570 1727 5627 sol
1754 5580 1839 5629 est

263 5675 503 5731 lucerna.
554 5669 708 5726 Nulla
746 5669 817 5726 ibi
862 5682 990 5732 nox,
1026 5665 1183 5721 nullae
1235 5664 1490 5731 tenebrae,
1544 5679 1840 5722 concursus

265 5765 441 5823 nullus
466 5762 709 5828 nubium,
757 5758 903 5816 nulla
947 5755 1186 5828 frigoris,
1217 5755 1361 5811 nulla
1390 5754 1604 5811 ardoris
1628 5757 1834 5827 asperi-

265 5868 367 5917 tas.
415 5857 532 5915 Non
572 5864 656 5914 est
698 5854 771 5912 ibi
816 5859 1067 5910 senectus
1113 5865 1213 5907 nec
1249 5848 1546 5906 senectutis
1591 5848 1832 5917 miseria,

1935 4753 2115 4807 omnia
2139 4754 2318 4807 sciunt
2341 4754 2363 4807 ?
2412 4753 2545 4808 Nam
2571 4754 2790 4823 quidam
2816 4761 3003 4807 noster
3027 4753 3309 4823 religiosus
3333 4756 3437 4819 vir,
3462 4764 3518 4808 et

1933 4842 2058 4895 vita
2079 4840 2232 4896 valde
2273 4840 2578 4908 laudabilis,
2626 4858 2750 4897 cum
2777 4850 2903 4897 ante
2933 4842 3037 4897 hoc
3083 4842 3370 4897 triennium
3402 4859 3516 4898 mo-

1936 4941 2147 4989 reretur
2174 4933 2336 5005 (sicut
2364 4934 2598 5003 religiosi
2622 4934 2748 5000 alii,
2797 4933 2890 5003 qui
2932 4943 3229 5005 praesentes
3261 4935 3409 4991 fuere
3437 4945 3516 4991 te-

1937 5026 2061 5081 stati
2110 5025 2256 5097 sunt)
2311 5027 2365 5081 in
2408 5027 2541 5081 hora
2577 5028 2660 5082 sui
2713 5027 2891 5082 exitus
2935 5026 3129 5084 Ionam
3174 5030 3514 5101 prophetam,

1936 5117 2273 5172 Ezechielem
2332 5131 2545 5187 quoque
2594 5126 2650 5172 et
2698 5117 2971 5173 Danielem
3029 5119 3195 5190 coepit
3248 5121 3491 5190 aspicere

1935 5224 2072 5279 quos
2104 5208 2231 5263 dum
2266 5209 2334 5263 ad
2363 5224 2422 5263 se
2448 5209 2660 5263 venisse
2700 5208 2927 5275 diceret,
2959 5218 3015 5264 et
3050 5209 3324 5280 depressis
3348 5210 3512 5264 lumi-

1939 5302 2095 5357 nibus
2119 5301 2199 5356 eis
2229 5301 2542 5356 reverentire
2566 5301 2885 5371 obsequium
2916 5302 3215 5372 praeberet,
3259 5317 3326 5357 ex
3350 5315 3515 5355 carne

1938 5393 2131 5448 ductus
2159 5400 2261 5446 est.
2321 5392 2434 5458 Qua
2468 5391 2523 5445 in
2576 5407 2635 5447 re
2684 5401 2870 5462 aperte
2916 5394 3074 5449 datur
3106 5392 3350 5461 intelligi,
3392 5406 3514 5461 qua:

1938 5485 2044 5540 erit
2065 5485 2118 5539 in
2150 5483 2240 5539 illa
2285 5483 2677 5554 incorruptibili
2700 5485 2811 5539 vita
2841 5485 3050 5550 notitia,
3095 5485 3141 5539 si
3183 5483 3267 5539 vir
3293 5484 3393 5538 iste
3423 5483 3516 5537 ad-

1938 5576 2045 5631 huc
2067 5576 2123 5631 in
2158 5591 2321 5631 carne
2344 5576 2678 5646 corruptibili
2708 5579 2932 5647 positus,
2964 5577 3253 5647 prophetas
3273 5584 3510 5642 sanctos,

1939 5683 2076 5740 quos
2101 5668 2361 5724 nimirum
2388 5683 2664 5739 nunquam
2688 5669 2918 5735 viderat,
2949 5667 3191 5738 agnovit.

3509 5758 3534 5790 ἰ

2608 5851 2833 5872 _
