4020 6338
549 461 654 516 885

1147 567 1374 624 CAPUT
1423 565 1512 622 IX.

553 688 706 755 Quod
745 688 1010 741 beatorum
1057 685 1249 755 animo:
1297 697 1420 736 mox
1466 690 1519 734 ut
1561 694 1774 748 corpore
1821 683 2006 730 exeunt
2061 672 2129 724 ad

1069 750 1334 809 Christum
1363 760 1600 822 pergunt.

593 932 596 935 _
623 867 826 941 (Greg.)
847 866 999 935 Quod
1021 880 1165 942 nunc
1188 873 1312 920 ante
1337 861 1736 918 restitutionem
1757 871 2048 928 corporum
2075 855 2128 910 in

548 960 688 1016 ctelo
701 960 864 1028 recipi
880 957 1094 1014 valeant
1105 955 1573 1026 animaejnstorum
1583 994 1598 1020 ,
1613 967 1786 1024 neque
1801 949 1866 1005 de
1879 949 2129 1024 omnibus

543 1051 707 1122 justis
734 1048 891 1104 fateri
937 1062 1256 1122 possumus,
1287 1057 1460 1114 neque
1510 1043 1578 1098 de
1617 1039 1867 1098 omnibus
1907 1035 2124 1110 negare.

545 1139 683 1195 Nam
715 1147 840 1214 sunt
866 1137 1219 1209 quorumdam
1239 1133 1508 1204 justorum
1532 1133 1726 1188 anima:
1751 1145 1872 1202 qute
1913 1131 1966 1184 in
2013 1143 2128 1184 cm-

545 1233 668 1293 lesti
695 1247 861 1302 regno
891 1229 1208 1306 quibusdam
1237 1227 1411 1282 adhuc
1458 1223 1830 1280 mansionibus
1875 1219 2131 1276 differun-

547 1335 654 1392 tur,
685 1326 738 1382 in
767 1341 874 1398 quo
895 1323 1171 1380 dilationis
1199 1323 1396 1377 damno
1421 1319 1548 1390 quid
1575 1317 1720 1374 aliud
1745 1316 2006 1381 innuitur,
2025 1315 2126 1371 nisi

545 1419 686 1492 quod
718 1420 784 1474 de
813 1417 1052 1490 perfecta
1076 1415 1284 1485 justitia
1328 1413 1531 1488 aliquid
1575 1411 1756 1466 minus
1799 1411 2123 1465 habuerunt.

543 1509 610 1564 Et
656 1519 833 1565 tamen
882 1509 1001 1564 luce
1054 1507 1252 1563 clarius
1299 1513 1532 1570 constat,
1589 1503 1714 1574 quia
1761 1498 2126 1572 perfectorum

541 1599 812 1670 iustorum
841 1599 1064 1663 animae,
1109 1612 1233 1652 mox
1277 1611 1398 1650 cum
1452 1592 1613 1663 hujus
1663 1591 1845 1648 carnis
1890 1589 2126 1646 claustra

545 1691 746 1748 exeunt
768 1733 782 1759 ,
813 1693 864 1746 in
893 1689 1206 1746 ctelestibus
1239 1687 1458 1744 sedibus
1502 1685 1854 1755 recipiuntur.
1890 1681 2042 1750 Quod
2073 1687 2155 1747 et.

547 1785 718 1854 ipsam
748 1799 844 1854 per
873 1769 931 1837 se
981 1777 1195 1838 Veritas
1243 1784 1572 1833 attestatur:
1621 1772 1924 1844 Ubicunque
1966 1769 2125 1840 fuerit

546 1890 755 1945 corpus,
783 1873 908 1927 illuc
931 1869 1382 1942 congregabantur
1410 1876 1460 1921 et
1487 1864 1679 1937 aquilae
1708 1862 1922 1935 (Matth.
1946 1859 2119 1932 xxrv).

547 1968 684 2035 Quia
727 1967 817 2021 ubi
867 1966 982 2035 ipse
1026 1962 1358 2030 Redemptor
1397 1966 1586 2014 noster
1612 1964 1697 2012 est
1722 1967 1970 2025 corpore,
2002 1951 2128 2006 illuc

545 2056 732 2131 procul
787 2054 950 2111 dubio
997 2052 1321 2130 colliguntur
1373 2055 1428 2104 et
1477 2048 1671 2103 anima:
1715 2043 2008 2114 iustorum.
2061 2040 2129 2096 Et

545 2150 744 2206 Paulus
767 2147 988 2204 dissolvi
1023 2146 1296 2202 desiderat
1319 2151 1374 2199 et
1401 2157 1522 2198 esse
1559 2143 1686 2197 cum
1725 2138 1944 2194 Christo
1974 2134 2124 2208 (Phi-

545 2242 638 2312 lip.
669 2240 732 2306 ι).
764 2240 864 2308 Qui
895 2254 1024 2311 ergo
1052 2237 1327 2294 Christum
1369 2249 1492 2290 esse
1512 2234 1568 2289 in
1597 2231 1738 2288 cmlo
1763 2244 1870 2286 non
1895 2227 2124 2294 dubitat,

545 2351 647 2392 nec
681 2334 832 2390 Pauli
871 2334 1105 2390 animam
1155 2345 1276 2386 esse
1319 2331 1375 2386 in
1411 2328 1557 2384 .cmlo
1598 2333 1778 2398 negat.
1821 2323 1922 2391 Qui
1963 2322 2126 2378 etiam

546 2421 955 2485 dissolutionem
979 2428 1060 2480 sui
1092 2421 1338 2494 corporis
1391 2430 1555 2491 atque
1605 2417 1993 2473 habitationem
2031 2427 2127 2483 pa-

547 2519 664 2575 tria
684 2521 941 2587 caelestis,
969 2519 1102 2576 dicit
1127 2538 1141 2575 :
1166 2517 1372 2575 Scimus
1391 2516 1640 2589 quoniam
1663 2513 1920 2568 terrestris
1941 2511 2127 2566 domus

545 2610 705 2681 hujus
756 2611 1094 2666 habitationis
1145 2609 1488 2673 dissolvatur,
1541 2605 1680 2677 quod
1727 2603 2126 2674 rrdiﬁcationem

545 2704 796 2762 habemus
823 2723 888 2762 ex
915 2705 1050 2772 Deo,
1078 2706 1292 2760 domum
1320 2721 1423 2760 non
1449 2702 1834 2772 manufactam,
1866 2699 1959 2756 sed”
1979 2708 2129 2754 teter-

547 2811 672 2851 nam
696 2797 752 2850 in
773 2795 916 2850 caelis
943 2793 1027 2854 (II
1057 2793 1178 2852 Cor.
1202 2793 1278 2864 v).

909 2935 938 2965 ο
1163 2901 1391 2959 CAPUT
1433 2902 1502 2956 X.

547 2998 704 3066 Quod
752 3013 890 3054 nunc
928 3000 1225 3052 animarum
1274 2996 1388 3052 sola
1431 2995 1757 3051 beatitudine
1789 2993 2131 3066 perfruuntur

617 3068 785 3136 electi,
813 3077 928 3140 post
956 3067 1385 3123 resurrectionem
1410 3083 1528 3126 uero
1558 3062 1854 3122 animarum
1883 3062 2053 3119 simul
2078 3071 2127 3117 et

618 3155 915 3210 corporum.

539 3277 552 3284 ·
617 3254 821 3326 (Greg.)
862 3254 1030 3310 Electi
1055 3262 1233 3308 autem
1261 3267 1405 3308 nunc
1449 3252 1750 3308 animarum
1795 3249 1930 3315 sola,
1975 3255 2122 3320 post-
2150 3273 2198 3337 ο

545 3349 763 3404 modum
791 3364 920 3404 vero
947 3348 1108 3404 etiam
1137 3361 1424 3417 corporum
1463 3346 1797 3402 beatitudine
1830 3341 2123 3414 perfruun-

546 3449 654 3504 tur,
683 3451 743 3494 ut
779 3441 834 3495 in
871 3441 984 3510 ipsa
1009 3452 1224 3510 quoque
1248 3453 1412 3494 carne
1438 3439 1726 3510 gaudeant,
1751 3438 1805 3492 in
1835 3451 1941 3507 qua
1969 3433 2123 3490 dolo-

545 3549 634 3589 res
661 3548 758 3603 pro
800 3533 1027 3592 Domino
1069 3533 1450 3604 cruciatusque
1481 3533 1839 3602 pertulerunt.
1879 3530 1987 3585 Pro
2017 3543 2123 3599 qua

545 3623 741 3694 Quippe
765 3625 1036 3695 geminata
1057 3640 1243 3680 eorum
1271 3625 1438 3696 gloria
1466 3624 1728 3695 scriptum
1749 3633 1864 3679 est:
1893 3623 1958 3676 In
1985 3631 2125 3676 terra

519 3729 524 3734 ‘
545 3722 634 3768 tua
648 3714 878 3782 duplicia
893 3715 1229 3786 possidebunt
1245 3715 1295 3786 (1
1299 3717 1398 3770 sai.
1416 3716 1548 3788 ut).
1568 3713 1704 3770 Hinc
1721 3715 1882 3769 etiam
1899 3720 2025 3768 ante
2040 3727 2125 3768 re-

544 3807 898 3862 surrectionis
939 3807 1080 3862 diem
1123 3807 1190 3862 de
1213 3818 1526 3864 sanctorum
1563 3808 1844 3865 animabus
1867 3806 2130 3875 scriptum

443 3938 446 3941 -
545 3906 626 3954 est
651 3913 664 3950 :
697 3897 848 3952 Data:
881 3908 1001 3952 sunt
1027 3898 1134 3953 illis
1159 3899 1380 3970 singula:
1409 3901 1556 3954 stola!
1582 3899 1716 3954 alba:
1738 3909 1784 3952 et
1805 3898 2000 3950 dictum
2020 3895 2125 3948 illis

547 4000 600 4042 ut
625 3989 999 4058 requiescerent
1031 3989 1100 4042 ad
1125 3990 1384 4042 modicum
1409 3999 1606 4059 tempus
1633 3990 1816 4060 (Apoc.
1834 3989 1930 4056 γι),
1957 3988 2126 4041 donec

546 4077 833 4148 impleatur
866 4094 1127 4134 numerus
1156 4093 1539 4134 conservorum
1567 4090 1621 4136 et
1656 4077 1880 4132 fratrum
1915 4090 2122 4132 eorum.

547 4170 648 4238 Qui
676 4170 858 4241 itaque
876 4185 1020 4226 nunc
1041 4170 1280 4242 singulas
1305 4178 1646 4240 acceperunt,
1671 4170 1824 4226 binas
1855 4171 1905 4225 in
1921 4168 2128 4238 judicio

545 4264 708 4320 stolas
746 4265 979 4321 habituri
1005 4275 1150 4321 sunt.
1185 4264 1320 4332 Quia
1370 4265 1526 4322 modo
1545 4265 1846 4320 animarum
1887 4271 2122 4319 tantum-

545 4357 723 4420 modo,
752 4365 879 4412 tunc
910 4365 1090 4412 autem
1119 4357 1257 4412 bime
1285 4355 1435 4412 stola:
1462 4356 1614 4420 alba),
1642 4355 1945 4412 animarum
1964 4355 2126 4412 simul

543 4458 597 4504 et
625 4464 912 4519 mrporum
941 4449 1108 4520 gloria
1136 4449 1482 4504 laetabuntur.

1158 4559 1386 4618 CAPUT
1423 4560 1512 4616 XI.

1035 451 1401 511 HAYMONIS.
1429 443 1906 507 HALBERSTAT.
1953 439 2164 499 EPISC.
2203 439 2352 496 OPP.
2393 439 2574 496 PARS
2610 438 2698 495 Ill.
2737 468 2808 480 —-
2841 435 3340 494 MISCELLANEA.

2153 557 2204 618 Α
2230 555 2368 609 nade
2385 553 2684 625 perﬁcitur.
2719 551 2824 609 Sex
2859 552 3058 622 quippe
3083 551 3273 606 diebus
3322 551 3375 605 in
3428 549 3546 621 lege
3590 550 3855 622 populus

3737 435 3858 493 885

2238 649 2474 718 operari,
2505 649 2732 718 septima
2761 647 3044 716 quiescere
3073 661 3087 698 :
3114 658 3210 699 sex
3239 642 3396 698 annis
3429 659 3593 699 arare
3615 653 3678 699 et
3731 659 3856 700 me-

2237 747 2368 802 tere,
2403 739 2634 810 septimo
2664 737 2848 808 jussus
2873 744 2958 791 est
2983 749 3232 800 cessare,
3269 735 3395 804 quia
3447 742 3504 788 et
3558 734 3824 789 Domina

2235 845 2326 885 sex
2355 829 2546 884 diebus
2579 828 2761 882 mundi
2805 835 3058 882 ornatum
3111 823 3418 896 perfecerit,
3474 825 3730 894 septimo
3779 826 3850 880 ab

2233 937 2398 992 Opere
2423 935 2522 974 suo
2556 919 2868 975 cessaverit.
2903 917 3113 984 Quibus
3153 915 3403 970 omnibus
3447 915 3700 986 mystice
3749 916 3848 968 ad-

2227 1015 2537 1078 monemur,
2570 1011 2712 1082 quod
2739 1009 2791 1063 hi
2821 1009 2912 1080 qui
2935 1008 2988 1062 in
3017 1007 3120 1061 hoc
3140 1006 3339 1061 sarculo
3373 1005 3542 1074 (quod
3575 1019 3682 1060 sex
3710 1013 3841 1058 mta-

2235 1104 2376 1160 tibus
2400 1102 2638 1171 constat)
2669 1101 2826 1156 bonis
2857 1097 3114 1169 operibus
3161 1111 3261 1168 pro
3309 1097 3544 1152 Domino
3596 1096 3838 1153 instant.

2235 1197 2288 1250 in
2317 1195 2600 1251 sabbatum
2629 1194 2684 1248 in
2727 1192 2929 1257 futuro,
2953 1191 3008 1246 id
3035 1199 3138 1256 est,
3167 1191 3220 1244 in
3247 1189 3494 1260 requiem
3525 1204 3554 1242 a
3596 1187 3836 1244 Domino

2229 1287 2580 1343 includuntur
2603 1295 2882 1340 aeternam.
2916 1283 3082 1352 'Quod
3127 1291 3310 1338 autem
3337 1292 3554 1352 septem
3589 1281 3724 1334 dies
3753 1281 3834 1334 di-

2229 1388 2458 1446 cuntur,
2489 1378 2839 1450 multiplicem
2885 1375 3128 1445 ejusdem
3175 1374 3378 1444 requiei
3422 1373 3827 1428 abundantiam

2229 1473 2506 1544 designat,
2559 1474 2610 1526 in
2638 1487 2744 1542 qua
2779 1470 3058 1542 praemium
3098 1467 3225 1524 illud
3255 1467 3486 1522 sublime
3515 1467 3690 1519 datur
3725 1466 3832 1520 ele-

2230 1565 2334 1618 ctis
2381 1564 2447 1618 de
2489 1578 2596 1632 quo
2633 1561 2922 1631 Apostolus
2959 1561 3080 1617 ait:
3135 1559 3288 1626 Quod
3339 1559 3526 1612 oculus
3585 1573 3702 1611 non
3765 1559 3828 1612 ei-

2229 1655 2326 1720 dit,
2372 1672 2463 1710 nec
2499 1656 2644 1708 auris
2693 1653 2912 1716 audiuit,
2944 1669 3036 1706 nec
3063 1651 3120 1705 in
3158 1667 3249 1704 cor
3285 1650 3512 1703 hominis
3549 1649 3823 1712 ascendit,

2229 1763 2346 1818 qum
2373 1746 2686 1818 prreparavit
2717 1745 2860 1799 Deus
2879 1743 3216 1814 diligentibus
3237 1759 3293 1796 se
3315 1740 3368 1811 (1
3391 1740 3516 1796 Cor.
3541 1742 3635 1812 tt).
3663 1741 3824 1796 Porro

2231 1839 2348 1909 ipse
2379 1841 2494 1894 dies
2533 1839 3052 1912 quinquagesimus,
3098 1837 3198 1908 qui
3242 1843 3449 1906 septem
3503 1838 3822 1906 septimanis

2152 1913 2204 1978 Ι
2231 1941 2496 2000 superest,
2542 1937 2598 1984 ct
2641 1929 2834 2000 majori
2895 1944 3006 1999 prae
3051 1929 3264 1984 caeteris
3306 1939 3428 1983 erat
3474 1927 3820 1981 solemnitate

2234 2021 2579 2086 venerabilis,
2611 2029 2822 2088 tempus
2852 2020 3048 2075 futurae
3069 2017 3486 2075 resurrectionis
3516 2017 3748 2080 indicat,
3773 2018 3814 2069 in

2229 2128 2338 2183 quo
2377 2111 2463 2167 illa
2509 2113 2746 2182 requies,
2797 2127 2902 2182 qua
2928 2127 3072 2166 nunc
3100 2110 3296 2166 animae
3327 2107 3588 2164 fruuntur
3629 2109 3817 2162 electo-

2232 2221 2372 2270 rum,
2407 2220 2698 2276 corporum
2733 2219 2950 2275 quoque
2982 2213 3320 2274 recepturum
3358 2201 3535 2272 gloria
3581 2201 3814 2255 ettmuh-

2231 2298 2394 2352 bitur.
2424 2297 2915 2367 Quinquagesimus
2943 2297 3144 2352 etenim
3183 2309 3356 2350 annus
3405 2295 3459 2348 in
3506 2292 3630 2365 lege
3683 2292 3808 2364 (Lee.

2229 2391 2358 2462 xxv)
2389 2390 2670 2456 anilzeus,
2699 2391 2752 2447 id
2777 2399 2863 2447 est
2895 2391 3160 2445 dimittens
3187 2389 3302 2445 sive
3339 2397 3616 2452 mutatus,
3651 2387 3810 2459 appel-

2231 2483 2329 2538 lari
2353 2482 2539 2552 jussus
2569 2490 2672 2548 est,
2703 2481 2754 2536 in
2783 2498 2892 2555 quo
2918 2481 3148 2555 populus
3195 2482 3262 2536 ab
3311 2479 3460 2536 omni
3507 2481 3810 2550 operatione

2230 2576 2560 2648 quiesceret,
2591 2575 2836 2630 omnium
2877 2575 3056 2656 debita
3107 2575 3443 2638 laxarentur,
3469 2575 3618 2628 servi
3673 2572 3807 2628 liberi

2231 2667 2490 2722 redirent.
2522 2667 2712 2722 Annus
2739 2667 2854 2738 ipse
2880 2666 3178 2738 majoribus
3204 2665 3507 2729 solemniis,
3555 2682 3621 2720 ac
3653 2666 3807 2720 laudi-

2231 2759 2333 2814 bus
2362 2759 2560 2814 divinis
2585 2759 2912 2814 eminentior
2935 2775 2999 2814 ac
3045 2741 3257 2815 caneris
3303 2759 3590 2814 existeret.
3638 2759 3805 2812 Merito

2231 2865 2327 2922 per
2352 2851 2495 2906 hunc
2525 2865 2808 2906 numerum
2855 2850 2952 2905 illa
2995 2865 3222 2906 summa:
3262 2851 3411 2921 pacis
3459 2850 3803 2920 tranquillitas

2231 2939 2520 3007 indicatur,
2545 2941 2762 3012 quando
2801 2939 2962 3012 (sicut
2992 2939 3282 3010 Apostolus
3314 2940 3414 3010 ait)
3447 2949 3673 2994 canente
3715 2956 3802 2992 no.

2230 3029 2450 3085 vissima
2477 3031 2602 3085 tuba
2632 3029 2830 3085 mortui
2860 3039 3165 3102 resurgent,
3190 3039 3246 3084 et
3276 3043 3376 3084 nos
3409 3029 3799 3084 immutabiumr

2230 3120 2284 3174 in
2309 3119 2502 3192 gloria.
2537 3119 2639 3178 Ubi
2664 3122 3002 3178 cessantibus
3032 3120 3192 3192 hujus
3221 3121 3406 3176 szecu‘li
3441 3120 3692 3174 laboribus
3732 3125 3784 3174 et

2229 3213 2507 3276 aerumnis,
2532 3211 2768 3267 dimissis
2793 3212 3032 3266 omnium
3057 3212 3337 3282 culparum
3361 3209 3577 3274 debitis,
3601 3211 3655 3263 in
3681 3209 3790 3264 sola

2230 3304 2425 3359 divinae
2464 3303 2691 3359 visionis
2728 3303 3183 3374 contemplatione
3238 3312 3472 3358 cunctus
3520 3301 3790 3356 electorum

2227 3395 2458 3466 populus
2479 3395 2534 3449 in
2565 3402 2830 3449 aeternum
2869 3394 3144 3464 gaudebit,
3169 3393 3386 3464 impleto
3420 3393 3513 3448 illo
3541 3394 3790 3449 desidera-

2230 3487 2320 3543 bili
2357 3486 2568 3542 Domini
2603 3501 2668 3542 ae
2699 3484 2997 3541 Salvatoris
3036 3487 3205 3541 nostri
3257 3485 3517 3540 mandato
3563 3504 3574 3538 :
3626 3482 3791 3537 Vat-att

2228 3588 2277 3633 et
2305 3579 2469 3634 videte
2496 3579 2742 3650 quoniam
2767 3593 2857 3649 ego
2875 3594 2989 3632 sum
3015 3577 3176 3632 Deus.

2818 3691 3044 3749 CAPUT
3107 3691 3216 3746 XII.

2230 3781 2386 3849 Quod
2415 3800 2508 3854 per
2534 3793 2731 3838 sextam
2763 3783 2948 3854 feriam
2987 3800 3215 3854 pra’sens
3245 3785 3368 3854 vita,
3402 3801 3502 3854 per
3542 3784 3786 3838 sabbatum

2299 3853 2500 3923 requies
2532 3853 2856 3925 animarum,
2885 3871 2978 3924 per
3006 3853 3501 3908 Dominicam'diem
3536 3855 3698 3925 gloria
3727 3869 3787 3906 rc-

2298 3925 2638 3978 sur-rectionis
2667 3923 2976 3978 ostenditur.

2299 4014 2516 4084 Septem
2559 4013 2762 4068 etenim
2801 4015 2989 4070 diebus
3022 4014 3334 4070 universum
3375 4024 3598 4086 tempus
3622 4013 3789 4070 evolvi-

2230 4114 2336 4159 tur.
2357 4103 2580 4158 Eterna
2610 4103 2812 4158 etenim
2842 4105 2976 4171 dies,
2998 4120 3119 4175 qum
3135 4106 3345 4176 expleta
3373 4117 3586 4177 septem
3612 4108 3789 4162 dierum

2231 4196 2605 4252 vicissitudine
2627 4197 2891 4266 sequitur,
2915 4198 3122 4254 scilicet
3150 4207 3340 4254 octava
3362 4209 3450 4254 est
3479 4201 3644 4271 hujus
3665 4209 3788 4254 octo-

2229 4288 2366 4342 narii
2392 4288 2626 4354 numeri,
2651 4279 2813 4344 causa
2835 4297 2917 4344 est
2935 4291 3078 4360 quod
3100 4299 3222 4361 post
3240 4291 3528 4348 sabbatum
3559 4291 3790 4345 Dominus

2227 4377 2398 4453 voluit
2415 4394 2444 4432 a
2472 4387 2646 4434 morte
2670 4393 2972 4449 resurgere.
2996 4380 3118 4435 Dies
3140 4381 3337 4451 quippe
3361 4379 3696 4445 Dominicus,
3715 4376 3792 4447 qui

2235 4469 2426 4524 tertius
2469 4477 2554 4524 est
2581 4485 2614 4524 a
2655 4479 2827 4524 morte
2860 4467 3166 4534 Dominica,
3197 4487 3226 4525 a
3257 4471 3572 4527 cttnditione
3608 4472 3792 4526 dierum

2230 4572 2547 4619 numeratur
2571 4572 2812 4637 octavus,
2840 4563 2967 4634 quia
2993 4563 3274 4618 sabbatum
3295 4563 3565 4632 sequitur.
3595 4563 3796 4620 Undeet

546 4652 698 4718 Quod
721 4669 813 4724 per
835 4654 1339 4728 quinquagenarium
1367 4655 1684 4728 perpetuitas
1713 4655 1908 4724 futurae
1937 4654 2124 4724 quietis
2155 4627 2204 4687 Β
2230 4657 2346 4728 ipsa
2377 4657 2756 4728 Redemptoris
2769 4627 2952 4712 nostri
2984 4657 3182 4728 passio,
3211 4667 3267 4712 et
3290 4627 3418 4712 vera
3449 4655 3792 4718 resurrectio,

929 4724 1121 4779 nostra:
1156 4726 1370 4794 mystice
1409 4724 1730 4779 ostendatur.

615 4829 826 4901 (Betim)
854 4829 968 4887 Non
997 4832 1113 4886 sine
1143 4847 1338 4902 magno
1360 4833 1616 4903 mysterio
1633 4833 2124 4904 quinquagenarius

545 4935 803 4974 numerus
857 4923 910 4976 in
955 4920 1172 4977 datione
1213 4923 1296 4980 vel
1326 4924 1513 4994 gratiae
1535 4923 1616 4980 vel
1647 4923 1780 4995 legis
1807 4926 2124 4978 observatus

543 5017 646 5064 est.
675 5007 806 5063 Nam
833 5011 1278 5083 quinquagesima
1307 5013 1393 5069 die
1421 5015 1652 5085 pascltte,
1677 5023 1732 5070 et
1751 5014 1835 5068 lex
1862 5015 1912 5068 in
1943 5024 2124 5070 monte

543 5099 741 5170 populo
783 5100 906 5154 data
939 5111 1037 5164 est,
1067 5113 1124 5158 et
1149 5105 1323 5174 gratia
1350 5105 1586 5175 Spiritus
1611 5105 1887 5174 discipulis
1917 5105 1970 5159 in
2003 5118 2116 5160 cm-

545 5190 738 5247 naculo
762 5191 924 5247 missa
953 5201 1052 5248 est.
1082 5193 1186 5248 Sed
1223 5195 1326 5251 hoc
1373 5195 1626 5250 nimirum
1668 5210 1894 5250 numero
1928 5209 2120 5264 perpe-

546 5289 714 5344 tuitas
765 5285 956 5341 futura:
1012 5286 1212 5356 quietis
1257 5287 1594 5348 ostenditur,
1627 5285 1820 5354 inquo
1852 5293 1996 5340 recte
2036 5285 2120 5338 vel

541 5377 676 5448 legis
703 5375 991 5447 decalogus
1027 5377 1334 5440 mandatur,
1365 5375 1450 5430 vel
1477 5374 1714 5444 Spiritus
1743 5376 1916 5430 sancti
1945 5374 2118 5446 gratia

541 5473 700 5528 datur
731 5471 1082 5540 hominibus:
1117 5479 1175 5525 ut
1221 5478 1406 5540 aperte
1447 5477 1781 5526 monstretur
1822 5469 1948 5538 quia
2002 5469 2119 5538 qui-

539 5581 754 5636 cunque
777 5567 972 5622 divina:
1018 5563 1340 5636 legis,jussa
1391 5561 1612 5630 juvante
1669 5563 1908 5633 Spiritus
1944 5563 2119 5633 gratia

539 5657 842 5727 perﬁciunt,
867 5657 936 5714 ad
961 5671 1142 5714 veram
1171 5654 1410 5725 profecto
1438 5654 1676 5723 requiem
1707 5654 1950 5712 tendunt.
1992 5652 2118 5708 ideo

538 5747 683 5801 enim
699 5761 956 5801 numerus
978 5743 1472 5816 quinquagenarius
1495 5745 1870 5815 signiﬁcationi
1896 5745 2118 5798 interna:

538 5837 736 5912 quietis
763 5847 1000 5908 aptatur,
1029 5837 1154 5906 quia
1186 5852 1250 5891 ex
1289 5843 1494 5906 septem
1539 5835 1858 5905 septimanis
1909 5842 1964 5888 et
2008 5851 2119 5890 mo-

2233 4746 2484 4818 ﬁguravit
2510 4745 2714 4816 aliquid
2748 4747 2815 4802 de
2845 4762 2943 4803 suo
2981 4762 3210 4817 corpore
3236 4749 3287 4802 in
3314 4747 3506 4802 diebus
3539 4745 3794 4817 passionis

2227 4855 2358 4894 suae.
2391 4838 2554 4893 Sexta
2580 4841 2722 4898 enim
2758 4841 2892 4895 feria
2921 4855 3114 4910 passus
3143 4850 3256 4906 est,
3287 4842 3518 4895 sabbato
3543 4840 3794 4911 requievit

2227 4929 2278 4986 in
2309 4928 2556 4998 sepulcro
2577 4970 2590 4992 ,
2619 4928 2901 4984 Dominico
2931 4939 3110 4984 autem
3155 4931 3243 4984 die
3281 4931 3584 4986 resurrexit
3615 4948 3643 4984 a
3671 4944 3796 4985 mor-

2227 5021 2349 5074 tuis.
2379 5019 2624 5076 Prmsens
2641 5021 2840 5074 etenim
2867 5021 2971 5075 vita
3001 5021 3154 5076 nobis
3168 5023 3345 5076 adhuc
3365 5031 3517 5076 sexta
3541 5032 3635 5077 est
3655 5020 3794 5082 feria,

2229 5109 2352 5178 quia
2383 5109 2435 5163 in
2479 5108 2753 5164 doloribus
2783 5111 3016 5175 ducitur,
3041 5119 3096 5164 et
3132 5112 3183 5165 in
3219 5112 3484 5183 angustiis
3509 5113 3794 5168 cruciatur.

2229 5200 2322 5254 sed
2367 5199 2589 5254 sabbato
2628 5201 2782 5269 quasi
2818 5201 2868 5254 in
2900 5201 3148 5270 sepulcro
3181 5203 3537 5271 quiescimus,
3565 5206 3696 5274 quia
3729 5219 3796 5256 re-

2228 5289 2407 5359 quiem
2432 5289 2628 5345 animae
2653 5299 2774 5360 post
2795 5305 2990 5361 corpus
3021 5292 3344 5348 invenimus.
3376 5293 3666 5350 Dominico
3687 5307 3798 5347 vero

2229 5381 2333 5443 die,
2367 5381 2616 5440 videlicet
2641 5398 2675 5436 a
2699 5383 2949 5453 passione
2981 5386 3162 5450 tertio,
3185 5401 3215 5439 a
3241 5387 3550 5441 conditione
3585 5399 3646 5442 ut
3669 5387 3796 5442 dixi-

2233 5489 2352 5526 mus
2371 5483 2588 5538 octavo,
2609 5473 2721 5542 jam
2749 5489 2975 5544 corpore
3007 5491 3034 5529 a
3069 5486 3243 5530 morte
3271 5479 3642 5546 resurgimus,
3671 5487 3722 5533 et
3751 5480 3794 5530 in

2225 5564 2394 5633 gloria
2447 5565 2640 5620 animae
2697 5566 2858 5621 etiam
2900 5581 3024 5622 cum
3074 5583 3234 5624 eat-ne
3271 5566 3591 5640 gaudemus.
3656 5568 3794 5638 Quod

2224 5669 2352 5724 ergo
2379 5655 2514 5710 mire
2543 5654 2793 5710 Salvator
2823 5665 3007 5711 noster
3039 5657 3167 5713 fecit
3192 5659 3244 5712 in
3280 5673 3337 5713 se
3359 5700 3374 5724 ,
3407 5659 3516 5715 hoc
3545 5659 3792 5714 veraciter

2225 5745 2454 5813 signavit
2481 5745 2532 5798 in
2562 5745 2739 5810 nobis,
2761 5755 2820 5799 ut
2841 5761 2940 5802 nos
2965 5755 3021 5800 et
3041 5747 3192 5801 dolor
3223 5749 3275 5802 in
3307 5760 3483 5812 sexta.
3509 5760 3564 5803 et
3591 5748 3794 5818 requies

2222 5837 2278 5899 in
2306 5839 2552 5906 septima,
2583 5847 2640 5894 et
2667 5839 2834 5904 gloria
2867 5842 3101 5900 excipiat
3127 5842 3176 5898 in
3207 5854 3419 5901 octava.
