4020 6338
246 382 352 439 885

831 493 1054 551 CAPUT
1096 492 1230 549 XIII.

246 589 380 656 Quae
399 598 448 642 et
476 597 673 658 quanta
706 588 770 643 sit
799 586 1095 710 digeregtitlt
1129 585 1263 668 inter
1288 585 1421 637 duas
1459 583 1590 637 vitas
1625 590 1819 635 sancta:

893 673 937 710 et
1013 673 1068 709 cc
1091 671 1231 708 estw.
1714 672 1723 679 ο

893 656 938 711 ei
965 654 1231 709 Ecclesiw.
1714 672 1723 679 ο

320 766 498 844 (Λαθ.)
524 769 664 824 Duas
692 768 874 839 itaque
898 768 1039 822 vitas
1074 764 1175 820 sibi
1209 764 1465 819 divinitus
1504 762 1821 837 praedicatas

240 861 647 918 commendatas
668 862 817 917 novit
836 860 1103 916 Ecclesia:
1123 873 1348 928 quarum
1380 872 1483 911 una
1515 864 1596 910 est
1621 855 1673 909 in
1696 853 1817 916 fide,

240 956 415 1009 altera
461 954 513 1008 in
555 955 755 1024 specie.
789 952 901 1011 Una
950 954 1003 1007 in
1048 961 1291 1023 tempore
1336 949 1818 1021 peregrinationis,

239 1046 413 1100 altera
441 1046 493 1100 in
520 1045 826 1100 aeternitate
853 1044 1184 1108 manSionis;
1220 1058 1321 1096 una
1346 1043 1397 1097 in
1420 1041 1622 1106 labore,
1649 1040 1817 1095 altera

238 1136 299 1190 in
328 1136 545 1207 requie;
580 1152 685 1191 una
706 1136 760 1190 in
788 1134 905 1200 via,
938 1134 1105 1189 altera
1135 1134 1186 1187 in
1213 1134 1417 1204 patria;
1445 1148 1549 1187 una
1573 1132 1625 1186 in
1658 1145 1821 1200 opere

237 1229 494 1295 actionis,
526 1228 691 1284 altera
719 1229 770 1283 in
800 1228 1047 1284 mercede
1075 1225 1576 1296 contemplationis;
1602 1240 1706 1279 una
1731 1225 1821 1278 (le-

237 1320 411 1375 clinat
440 1336 470 1374 a
500 1321 642 1375 malo
673 1318 732 1376 et
758 1320 890 1377 facit
915 1322 1137 1389 bonum,
1167 1320 1335 1375 altera
1359 1318 1563 1373 nullum
1599 1317 1760 1372 habet
1788 1330 1818 1370 a

236 1425 353 1481 quo
384 1409 617 1465 declinet
646 1410 871 1476 malum,
907 1418 961 1465 et
989 1426 1240 1479 magnum
1269 1409 1433 1464 habet
1474 1423 1580 1478 quo
1607 1405 1821 1460 fruatur

233 1501 464 1556 bonum.
515 1500 630 1556 Una
663 1517 785 1556 cum
828 1501 982 1557 hoste
1014 1508 1246 1573 pugnat,
1290 1499 1459 1553 altera
1507 1499 1623 1553 sine
1670 1497 1821 1551 hoste

238 1598 467 1659 regnat;
494 1606 599 1644 una
631 1589 788 1646 fortis
817 1602 899 1645 est
928 1592 980 1646 in
1012 1591 1271 1655 adversis,
1297 1589 1464 1643 altera
1498 1586 1626 1642 nihil
1657 1585 1820 1640 sentit

236 1681 485 1745 adversi;
522 1696 624 1736 una
649 1682 895 1737 carnales
925 1682 1173 1737 libidines
1209 1679 1420 1746 frenat,
1453 1680 1620 1733 altera
1657 1676 1817 1748 spiri-

236 1773 478 1830 tualibus
500 1775 944 1837 delectationibus
971 1783 1153 1840 vacat;
1180 1790 1284 1829 una
1306 1782 1390 1828 est
1418 1772 1667 1827 vincendi
1688 1786 1817 1826 cura

216 1869 495 1930 sollicita,
523 1869 691 1924 altera
722 1869 962 1925 victori-.0
987 1884 1119 1939 pace
1148 1883 1371 1932 secura;
1402 1882 1509 1920 una
1552 1866 1606 1919 in
1640 1873 1819 1919 tenta-

240 1959 478 2015 tionibus
507 1960 810 2027 adjuvatur,
834 1961 1001 2016 altera
1024 1960 1142 2015 sine
1165 1959 1269 2012 ulla
1298 1958 1592 2023 tentatione
1623 1958 1675 2010 iu
1706 1957 1823 2026 ipso

238 2048 489 2117 atljntore
522 2051 773 2116 laetatur;
805 2067 911 2104 una
941 2050 1191 2105 subvenit
1220 2048 1479 2119 indigenti
1506 2089 1518 2109 ,
1552 2047 1721 2101 altera
1751 2045 1822 2100 ibi

238 2148 329 2194 est
357 2140 444 2193 ubi
476 2140 679 2194 nullum
708 2141 909 2193 invenit
934 2139 1293 2208 indigentem;
1330 2154 1436 2192 una
1475 2138 1651 2197 aliena.
1693 2127 1840 2207 pec?

241 2243 394 2295 cata,
428 2241 487 2286 ut
528 2248 620 2286 ευ)
654 2232 756 2287 sibi
790 2233 1154 2302 ignoscantur,
1206 2230 1469 2302 ignoscit;
1510 2231 1678 2286 altera
1725 2244 1825 2284 nec

240 2323 449 2392 patitur
477 2325 617 2392 quod
662 2323 935 2393 ignoscat,
974 2338 1073 2377 nec
1121 2321 1250 2377 facit
1296 2323 1439 2392 quod
1484 2323 1586 2378 sibi
1636 2330 1826 2392 poscat

242 2412 468 2483 ignosci.
503 2413 617 2469 Una
644 2413 942 2486 flagellatur
963 2415 1120 2468 malis
1148 2429 1216 2468 ne
1243 2410 1533 2469 extollatur
1562 2415 1615 2468 in
1645 2415 1822 2479 bonis,

242 2504 412 2559 altera
446 2514 595 2560 tanta
628 2506 963 2576 plenitudine
988 2507 1177 2578 gratiae
1213 2516 1363 2563 caret
1398 2508 1542 2563 omni
1577 2508 1738 2573 malo,
1765 2515 1826 2562 ut

238 2596 359 2650 sine
388 2595 492 2650 ulla
524 2599 820 2653 tentatione
860 2599 1125 2669 superbiae
1157 2599 1362 2654 clareat
1405 2598 1820 2655 summobono.

240 2686 360 2742 Una
408 2689 549 2744 bona
578 2698 633 2744 et
662 2692 799 2745 mala
841 2692 1130 2758 discernit,
1174 2692 1343 2747 altera
1386 2693 1498 2748 sola
1538 2708 1658 2762 quae
1685 2694 1837 2748 bona

240 2788 368 2834 sunt
393 2781 584 2835 cernit.
615 2781 757 2851 Ergo
785 2797 889 2837 una
917 2784 1056 2837 bona
1085 2791 1188 2850 est,
1233 2783 1327 2839 sed
1370 2784 1546 2840 adhuc
1593 2784 1823 2850 misera,

238 2871 630 2928 altera'melior
656 2880 710 2927 et
747 2873 921 2928 beata.

828 2987 1055 3044 CAPUT
1094 2987 1233 3044 XIV.

242 3099 401 3166 Quod
422 3101 1045 3174 perguadragesimalem
1073 3103 1400 3174 amictionem
1432 3104 1538 3157 vita
1563 3120 1822 3173 promens,

336 3188 426 3241 per
447 3172 929 3244 quinquagesimam
960 3172 1151 3227 (eterna
1182 3172 1367 3227 [latitia
1402 3172 1727 3227 ostendatur.

315 3278 527 3353 (Βείια.)
572 3280 771 3338 Sancta
825 3283 919 3338 Dei
972 3278 1208 3339 Ecclesia
1258 3284 1312 3338 in
1345 3284 1667 3354 quibusdam
1711 3284 1827 3340 suis

242 3371 504 3428 membris
525 3373 699 3429 adhuc
714 3390 811 3444 pro
831 3383 1033 3430 aeterna
1046 3377 1233 3445 requie
1252 3377 1465 3437 laborat
1484 3377 1541 3431 in
1557 3377 1743 3439 terris,
1768 3376 1837 3445 in;

241 3463 567 3532 quibusdam
596 3479 725 3521 vero
749 3467 893 3521 omni
920 3466 1074 3523 ﬁnito
1106 3468 1289 3525 labore
1316 3484 1440 3524 cum
1462 3468 1680 3526 Christo
1710 3470 1822 3539 jam

247 3563 437 3627 regnat
460 3554 514 3609 in
539 3555 713 3611 caelis.
737 3554 793 3611 In
825 3559 1139 3614 memoriam
1169 3560 1448 3630 utriusque
1478 3561 1603 3614 vitae
1628 3561 1829 3616 consti-

246 3652 397 3701 tuere
423 3655 606 3714 patres
636 3648 806 3703 nostri
852 3650 1069 3719 gemiua
1106 3651 1221 3705 haec
1262 3665 1497 3720 congrua
1544 3650 1823 3721 religionis

242 3732 542 3798 solemnia,
592 3736 1060 3807 quadragesimam
1118 3737 1368 3793 videlicet
1417 3736 1722 3794 allliclionis
1775 3747 1835 3797 et.

234 3821 597 3895 ieiuniorum,
640 3827 877 3883 instante
914 3827 1026 3897 jam
1076 3827 1367 3885 Dominicze
1418 3832 1829 3887 resurrectionis

246 3923 521 3984 tempore,
548 3916 866 3986 gaudiisque
893 3919 1267 3989 paschalibus,
1299 3927 1357 3974 ut
1391 3936 1488 3990 per
1525 3936 1643 3975 eam
1675 3923 1830 3977 nobis

246 4004 441 4075 saepius
465 4006 532 4062 ad
557 4007 876 4064 memoriam
905 4020 1237 4077 revocarent,
1269 4012 1395 4081 quia
1422 4026 1517 4082 per
1538 4011 1752 4068 labores
1776 4020 1832 4067 et

247 4094 663 4163 continentiam,
696 4113 796 4169 per
825 4099 1037 4170 vigilias
1064 4109 1121 4156 et
1144 4103 1419 4159 orationes
1440 4145 1454 4170 ,
1494 4119 1592 4174 per
1631 4114 1828 4161 caetera

248 4200 369 4255 quae
397 4186 687 4257 Apostolus
728 4202 1120 4247 commemorat
1161 4191 1333 4259 (Rom.
1366 4194 1441 4263 vt)
1489 4209 1639 4248 arma
1673 4194 1830 4262 justi-

253 4278 360 4344 tite,
393 4281 460 4333 ad
487 4280 621 4336 vitae.
643 4281 965 4338 immortalis
989 4284 1210 4352 praemia
1244 4282 1504 4338 debemus
1540 4285 1826 4354 attingere.

249 4365 419 4423 Porro
448 4370 949 4442 quinquagesimam
993 4373 1061 4426 ab
1110 4372 1226 4442 ipso
1252 4373 1545 4429 Dominicae
1592 4387 1831 4428 resurre-

249 4459 444 4514 ctionis
489 4459 575 4514 die
604 4461 890 4529 inchoare,
934 4470 989 4519 et
1029 4462 1238 4533 gaudiis
1265 4462 1451 4533 potius
1478 4461 1832 4532 laudibusque

1197 376 1284 433 DE
1319 373 1711 430 VAHIETATE
1747 368 2119 426 LIBRORUM.
2160 403 2228 411 -—
2265 371 2393 426 LIB.
2436 373 2473 426 l.

1850 488 1902 547 A

1847 1833 1896 1893 B

2524 482 2754 540 CAPUT
2790 483 2905 539 XV.
2950 509 2953 512 ⁴

1923 598 2093 652 Nemo
2117 598 2340 669 perfecte
2379 597 2557 651 beatus
2593 613 2704 669 esse
2736 606 2926 669 potest,
2957 605 3234 669 antequam
3265 595 3334 649 ad
3356 596 3503 666 futu-

2276 684 2387 721 ram
2440 668 2703 738 perveniat
2737 665 3141 720 beatitudinem.

1992 775 2229 850 (Prosp.)
2268 776 2325 831 In
2359 776 2607 847 praesenti
2648 784 2824 831 autem
2864 775 2971 830 vita
3000 775 3334 846 quantalibet.
3380 763 3513 847 quis,

1919 868 2235 923 excellentia
2295 866 2598 924 sanctitatis
2663 864 2933 931 emineat,
2990 865 3327 935 quantalibet
3382 866 3502 935 quis

1920 958 2210 1012 eminentia
2236 955 2579 1028 perfectionis
2619 953 2868 1019 excellat,
2914 962 3092 1025 potest
3120 954 3335 1024 quidem
3367 940 3527 1008 'lieri‘

1920 1065 2017 1119 pro
2045 1050 2259 1104 modulo
2285 1048 2444 1119 bujus
2478 1047 2599 1102 vitae
2626 1044 2920 1118 perfectus.
2944 1046 3037 1101 sed
3066 1062 3177 1101 non
3200 1052 3283 1100 est
3318 1044 3395 1100 sic
3435 1045 3501 1100 de

1921 1160 2014 1199 sua
2042 1143 2369 1214 perfectione
2395 1156 2641 1203 securus,
2672 1147 2729 1194 ut
2756 1153 2861 1193 non
2902 1138 3096 1193 debeat
3127 1139 3193 1194 de
3228 1153 3357 1193 casu
3383 1138 3527 1193 esse

1921 1236 2217 1291 sollicitus:
2243 1243 2297 1289 et
2326 1235 2509 1302 utique
2539 1232 2628 1286 ubi
2650 1239 2733 1285 est
2769 1228 3071 1285 sollicitudo
3101 1245 3208 1285 non
3234 1238 3318 1285 est
3345 1230 3504 1286 abso-

1920 1328 2031 1385 luta
2066 1325 2360 1389 beatitudo,
2402 1338 2522 1393 quae
2568 1334 2910 1391 nequaquam
2961 1319 3202 1391 perfecta
3232 1319 3502 1379 credenda

1920 1427 2026 1484 est,
2063 1418 2106 1474 si
2133 1432 2323 1473 secura
2346 1430 2451 1471 non
2481 1414 2665 1479 fuerit,
2693 1427 2791 1468 nec
2813 1426 3001 1467 secura
3030 1411 3134 1467 erit
3160 1412 3261 1467 nisi
3286 1426 3503 1466 omnem

1921 1508 2333 1566 sollicitudinem
2359 1506 2625 1562 securitas
2661 1490 2867 1559 aeterna
2903 1504 3319 1574 consumpserit.
3356 1502 3505 1571 Qua-

1919 1608 2138 1670 propter
2159 1598 2251 1667 qui
2275 1598 2530 1652 dicuntur
2567 1596 2620 1649 in
2664 1595 2765 1649 hac
2800 1594 2905 1649 vita
2934 1593 3099 1658 beati,
3147 1609 3240 1665 spe
3273 1594 3508 1652 beatitu-

1922 1692 2061 1747 dinis
2100 1691 2262 1746 futuri
2293 1690 2432 1745 beati
2460 1690 2616 1754 sunt;
2661 1687 2776 1758 ipsa
2806 1696 2985 1741 autem
3017 1702 3076 1741 re
3114 1702 3221 1741 non
3261 1685 3371 1753 hic,
3413 1687 3509 1743 sed

1923 1782 1976 1836 in
2008 1781 2094 1836 illa
2121 1781 2229 1835 vita
2269 1779 2412 1834 beati
2444 1777 2631 1843 futuri,
2680 1778 2804 1846 quia
2847 1776 2917 1830 ibi
2946 1777 3187 1831 omnium
3222 1777 3506 1831 beatorum

1924 1871 2196 1928 beatitudo
2233 1869 2474 1938 perfecta
2504 1868 2627 1932 erit,
2657 1866 2744 1920 ubi
2785 1866 3021 1920 humana
3061 1875 3254 1919 natura
3280 1866 3362 1921 sui
3394 1866 3509 1936 glo-

1925 1965 2061 2019 riam
2090 1961 2396 2017 Conditoris
2441 1968 2496 2015 et
2536 1975 2689 2014 suam
2727 1945 2966 2031 perfecte
2994 1957 3298 2013 beatificata
3325 1959 3507 2012 visura

1925 2062 2029 2119 est,
2069 2061 2231 2123 atque
2256 2052 2305 2108 ei
2337 2052 2454 2109 sine
2493 2051 2600 2106 ullo
2638 2050 2852 2107 defectu
2892 2066 3004 2106 sua:
3027 2049 3379 2106 beatitudinis
3419 2048 3510 2104 ad-

1925 2142 2172 2198 haerebit.

2507 2230 2736 2288 CAPUT
2771 2230 2911 2287 XVI.

1928 2339 2073 2402 Tunc
2116 2347 2349 2405 omnium
2397 2346 2679 2427 electorum
2721 2344 2949 2427 perfecte
2989 2346 3091 2427 erit
3126 2361 3224 2427 cor
3243 2328 3292 2401 et
3331 2323 3533 2424 mima:

2087 2434 2216 2483 una,
2249 2417 2456 2488 quando
2493 2416 2627 2470 Deus
2658 2416 2752 2470 erit
2780 2416 2956 2469 omnia
2983 2416 3038 2469 in
3060 2416 3322 2470 omnibus.

1997 2528 2212 2603 (Beda.)
2250 2527 2402 2584 Sicut
2430 2529 2483 2583 in
2530 2527 2825 2599 primordio
2854 2527 3129 2583 nascentis
3156 2525 3412 2584 Ecclesiae
3452 2509 3532 2584 in.

1926 2620 2313 2693 Hierosolymis
2356 2619 2626 2690 quondam
2655 2617 3007 2673 multitudinis
3035 2618 3354 2672 credentium
3392 2628 3503 2672 erat

1925 2730 2015 2767 cor
2050 2722 2098 2768 et
2139 2713 2318 2767 anima
2375 2728 2503 2776 una,
2544 2720 2590 2764 et
2645 2719 2791 2764 erant
2837 2708 2943 2763 illis
2987 2710 3164 2763 omnia
3209 2709 3510 2764 communia

1926 2802 2063 2870 (Act.
2089 2802 2186 2872 ιν),
2231 2802 2305 2855 ita
2335 2802 2392 2855 in
2432 2801 2520 2855 illa
2564 2815 2790 2856 summa:
2836 2790 2985 2868 pacis
3022 2799 3231 2854 visione
3271 2799 3514 2855 multitu-

1925 2894 2039 2951 dini
2088 2893 2423 2949 credentium
2479 2892 2648 2947 Deum
2700 2891 2807 2946 erit
2858 2905 2954 2947 cor
3015 2901 3071 2946 et
3124 2892 3305 2946 anima
3358 2906 3509 2965 una,

1926 2982 2181 3052 diligendi
2206 2997 2271 3037 ac
2306 2981 2559 3037 laudandi
2599 2996 2747 3047 eum,
2794 2980 2948 3051 cujus
2976 2996 3035 3037 se
3059 2981 3237 3050 gratia
3274 2982 3511 3037 viderint

1926 3090 2048 3130 esse
2068 3073 2335 3129 salvatos:
2371 3081 2426 3128 et
2456 3073 2529 3127 ibi
2557 3072 2824 3128 veraciter
2865 3080 3027 3128 erunt
3052 3072 3304 3128 omnibus
3331 3072 3521 3128 omnia

1852 3184 1900 3247 ρ
1930 3164 2255 3229 communia,
2287 3164 2432 3232 quia,
2467 3162 2607 3218 sicut
2645 3161 2934 3231 Apostolus
2965 3161 3058 3224 ait,
3090 3163 3187 3216 erit
3234 3161 3375 3216 Deus
3405 3178 3517 3215 om-

1933 3258 2020 3310 nia
2052 3257 2104 3309 in
2134 3254 2371 3309 omnibus
2399 3253 2451 3324 (I
2481 3253 2604 3308 Cor.
2641 3252 2749 3324 xv).
2786 3250 3025 3327 [Prosp.]
3067 3247 3144 3309 Ibi
3177 3268 3368 3309 omnes
3395 3240 3525 3323 qui?

1931 3361 2141 3415 cunque
2164 3345 2364 3399 fuerint
2384 3360 2548 3399 unum
2582 3358 2780 3415 corpus
2808 3353 2987 3411 erunt,
3012 3352 3068 3398 et
3096 3342 3291 3416 singuli
3324 3343 3391 3398 de
3418 3357 3516 3398 sua

1931 3444 1987 3491 et
2020 3437 2085 3490 de
2119 3433 2450 3506 singulorum
2479 3433 2735 3488 felicitate
2764 3434 3088 3506 gaudebunt.
3121 3431 3250 3488 Hmc
3273 3441 3356 3488 est
3384 3434 3527 3488 vera‘

1929 3538 1983 3583 et
2005 3529 2161 3583 beata
2189 3528 2519 3582 unanimitas
2548 3537 2858 3583 sanctorum
2895 3526 3209 3597 angelorum
3247 3534 3303 3582 et
3344 3527 3517 3581 homi-

1931 3635 2058 3674 num
2100 3617 2383 3673 beatorum
2418 3618 2469 3672 in
2509 3616 2893 3689 illaperpetua
2926 3617 3164 3689 regione,
3198 3617 3395 3688 quibus
3435 3625 3521 3672 est

1931 3727 2033 3767 una
2060 3710 2309 3766 voluntas
2349 3710 2576 3781 gloriam
2612 3710 2760 3783 regni
2784 3709 2878 3765 Dei
2912 3711 3113 3775 dicere,
3144 3718 3195 3764 et
3219 3709 3517 3779 potentiam

1929 3803 2145 3858 virtutis
2175 3802 2292 3874 ejus
2332 3803 2532 3874 eloqui.

2504 3916 2734 3973 CAPUT
2780 3917 2941 3974 XVII.

1933 4004 2089 4073 Quod
2126 4016 2310 4063 sancta
2358 4006 2695 4063 Hierusalem
2746 4008 2962 4063 caelestis
3010 4024 3075 4064 ea:
3102 4018 3251 4077 parte
3296 4016 3523 4075 (eterna,

2394 4088 2441 4132 et
2469 4096 2534 4132 ea:
2560 4090 2709 4149 parte
2736 4082 2939 4150 captiva
2962 4080 3030 4134 sit

2004 4188 2187 4261 (Aug.)
2228 4176 2428 4244 Sancta
2462 4188 2796 4245 Hierusalem
2818 4191 3057 4247 caelestis
3080 4205 3149 4246 ex
3175 4203 3331 4262 parte
3352 4200 3516 4248 aster-

1933 4289 2032 4347 na‘,
2070 4292 2123 4337 et
2152 4297 2219 4337 ex
2248 4292 2402 4352 parte
2452 4284 2663 4353 captiva
2696 4292 2799 4338 est.
2840 4282 2897 4338 In
2943 4284 3151 4354 angeiis
3191 4278 3417 4347 aeterna,
3462 4283 3517 4337 in

1933 4372 2241 4428 hominibus
2267 4372 2498 4442 captiva.
2546 4371 2662 4427 Non
2692 4373 2838 4427 enim
2872 4386 3062 4427 omnes
3108 4371 3252 4426 illius
3280 4372 3521 4427 civitatis

1933 4464 2082 4518 cives
2118 4464 2317 4533 captivi
2344 4472 2490 4526 sunt,
2538 4464 2633 4518 sed
2674 4463 2765 4532 qui
2804 4463 2928 4517 inde
2972 4464 3386 4533 peregrinantur
3416 4464 3519 4534 ipsi

251 4550 467 4617 divinis,
495 4567 657 4622 quam
678 4553 903 4624 jejuniis
926 4553 1213 4610 voluerunt
1233 4568 1353 4610 esse
1380 4554 1670 4619 celebrem,
1696 4570 1826 4625 qua-
1856 4541 1907 4601 D
1934 4555 2132 4624 captivi
2162 4562 2303 4609 sunt.
2331 4553 2502 4607 Homo
2531 4551 2684 4621 cujus
2706 4560 2789 4608 est
2816 4552 3173 4619 Hierusalem,
3203 4554 3298 4607 sed
3328 4554 3519 4609 vendi-

254 4650 412 4697 tenus
436 4643 632 4698 annuis
658 4643 775 4723 ejus
807 4644 958 4723 festis
983 4645 1191 4701 dulcius
1234 4647 1650 4723 admoneremur
1684 4647 1829 4701 desi-

252 4732 462 4787 derium
510 4722 756 4790 nostrum
799 4735 866 4790 ad
902 4722 1194 4790 Obtinenda
1224 4735 1382 4802 festa,
1417 4752 1539 4807 quae
1572 4753 1676 4794 non
1706 4747 1831 4793 sunt

251 4837 435 4877 annua
461 4824 556 4879 sed
584 4826 863 4889 continua,
896 4842 1002 4880 non
1034 4834 1244 4883 terrena
1281 4826 1374 4883 sed
1404 4828 1648 4884 ctelestia
1685 4834 1829 4884 sem;

248 4929 349 4985 per
376 4915 635 4971 accedere
661 4915 936 4986 ﬁxumque
962 4924 1165 4972 tenere.
1192 4916 1329 4984 Quia
1356 4934 1462 4973 non
1502 4919 1558 4973 in
1593 4928 1834 4990 tempore

253 5006 600 5063 mortalitatis
626 5007 803 5077 hujus,
834 5009 929 5064 sed
976 5009 1029 5063 in
1072 5010 1375 5065 aeternitate
1415 5009 1610 5065 futurae
1655 5011 1835 5066 incor-

253 5099 522 5169 ruptionis
551 5115 678 5156 vera
705 5101 861 5156 nobis
887 5102 1172 5171 quaerenda
1203 5100 1451 5167 felicitas,
1484 5117 1609 5157 vera
1642 5114 1726 5158 est
1748 5104 1835 5158 in-

255 5191 519 5247 venienda
548 5192 888 5258 solemnitas,
921 5192 1008 5247 ubi
1050 5194 1387 5251 cessantibus
1416 5195 1627 5250 cunctis
1664 5211 1835 5267 ango-

254 5283 407 5340 ribus
436 5290 544 5338 tota
574 5284 629 5339 in
656 5283 750 5339 Dei
780 5284 988 5339 visione
1023 5299 1087 5339 ac
1113 5285 1269 5341 laude
1290 5288 1399 5340 vita
1425 5286 1647 5357 geritur.
1670 5284 1835 5342 Juxta

253 5374 359 5429 hoc
385 5374 528 5444 quod
558 5374 847 5446 Pr0pheta,
877 5375 1038 5430 corde
1064 5376 1270 5446 pariter
1294 5384 1348 5431 et
1370 5391 1535 5432 carne
1581 5379 1634 5432 in
1666 5377 1834 5434 Deum

255 5466 435 5522 vivum
464 5468 766 5535 exsultans,
797 5468 1010 5524 aiebat:
1042 5468 1193 5524 Beati
1219 5472 1309 5540 qui
1336 5471 1575 5526 habitant
1603 5472 1657 5527 in
1682 5472 1835 5527 domo

255 5567 371 5627 tua,
398 5559 453 5615 in
483 5561 734 5617 steculum
761 5559 941 5617 saeculi
981 5560 1271 5617 laudabunt
1304 5572 1352 5617 te
1381 5560 1554 5632 (Psal.
1581 5566 1835 5637 Lxxxm).

949 5770 1158 5788 ψ

1938 4655 2026 4700 tus
2048 4646 2147 4700 sub
2176 4652 2436 4715 peccato,
2469 4642 2644 4699 factus
2667 4644 3006 4715 peregrinus.
3053 4641 3206 4698 Sicut
3241 4643 3387 4698 enim
3421 4659 3516 4715 po-

1938 4735 2094 4807 pulus
2124 4735 2213 4789 ille
2237 4733 2305 4789 de
2336 4742 2478 4789 terra
2505 4733 2839 4789 Hierusalem
2885 4733 2941 4787 in
2985 4732 3298 4804 captivitate
3326 4733 3520 4790 ductus

1938 4836 2021 4882 est
2042 4826 2095 4880 in
2124 4824 2437 4897 Babylonia,
2469 4832 2525 4880 et
2545 4833 2664 4895 post
2686 4823 3023 4895 septuaginta
3062 4838 3233 4879 annos
3258 4823 3418 4880 rediit
3451 4824 3521 4881 ad

1941 4917 2212 4974 civitatem
2243 4931 2395 4971 suam
2426 4934 2438 4969 :
2470 4915 2810 4987 septuaginta
2852 4915 2978 4969 anni
3020 4913 3329 4985 signiﬁcant
3354 4928 3516 4969 omne

1942 5018 2151 5078 tempus
2170 5008 2313 5077 quod
2332 5015 2539 5077 septem
2562 5007 2753 5061 diebus
2774 5005 3074 5073 evolvitur;
3098 5005 3173 5060 ita
3196 5021 3321 5061 cum
3344 5013 3523 5061 trans-

1941 5099 2064 5156 ierit
2101 5112 2261 5153 omne
2302 5107 2512 5168 tempus
2546 5104 2673 5152 tunc
2716 5080 2956 5152 redimus
2987 5106 3042 5152 et
3066 5112 3166 5153 nos
3192 5097 3258 5153 ad
3289 5098 3519 5167 patriam

1939 5198 2204 5255 nostram,
2235 5198 2493 5245 aeternam
2517 5186 2849 5243 Hierusalem
2866 5228 2882 5254 ,
2909 5188 2998 5244 ubi
3036 5194 3163 5243 sunt
3184 5186 3329 5242 cives
3351 5183 3520 5240 nostri

1943 5282 2137 5355 angeli,
2170 5282 2237 5335 ab
2268 5280 2396 5352 ipsis
2448 5280 2647 5335 nostris
2684 5281 3096 5352 peregrinamur
3145 5279 3201 5333 in
3249 5286 3411 5331 terra.
3463 5274 3521 5328 In

1941 5377 2375 5449 peregrinatione
2406 5377 2761 5446 suspiramus,
2790 5372 2843 5431 in
2864 5377 3084 5433 civitate
3108 5372 3483 5443 gaudebimus.

2505 5491 2731 5547 CAPUT
2768 5490 2949 5545 XVIII.

1947 5608 2117 5675 Quam
2147 5605 2392 5657 ardenter
2415 5604 2715 5658 desiderare
2737 5605 2921 5657 debent
2962 5601 3222 5675 regionem
3245 5614 3396 5652 suam
3418 5612 3519 5653 cat-

2419 5675 2567 5729 testis
2581 5676 2766 5745 patria:
2784 5671 3058 5745 peregrini.

2021 5788 2200 5869 (Aug.)
2240 5787 2524 5845 Coelestem
2571 5789 2637 5842 ad
2680 5786 2911 5860 patriam
2957 5784 3274 5861 peregrinus
3304 5782 3391 5837 ille
3430 5798 3521 5837 ar-
