4020 6338
503 314 606 371 887
984 307 1337 367 HAYMONIS
1376 301 1860 363 HALBERSTAT.
1898 300 2115 359 EPISC.
2154 299 2306 358 OPP.
2347 298 2529 356 PARS
2567 298 2653 356 III.
2693 329 2766 342 —
2797 296 3300 367 MISCELLANEA.
3702 303 3827 360 888

405 478 408 480 η
505 430 698 486 denter
745 430 919 484 redire
964 423 1334 491 desiderabat,
1387 423 1480 497 qui
1527 422 1716 479 dolens
1763 436 2090 494 gemensque
2116 424 2172 487 Α
2196 420 2350 475 renni
2378 420 2505 474 vita.
2531 417 2682 474 Hanc
2708 419 2928 474 domum
2950 425 3234 485 aeternam,
3263 432 3427 489 quam
3458 432 3532 474 ex
3556 419 3691 475 Deo
3720 422 3832 476 ha-

509 523 725 581 dicebat
754 540 767 577 :
805 520 925 576 Heu
955 518 1126 575 mihi!
1148 518 1276 590 quia
1299 514 1565 572 incolatus
1595 531 1742 571 meus
1774 514 2088 586 longinquus
2194 512 2386 568 bemus
2406 511 2461 567 in
2487 510 2664 579 caelis,
2691 509 2947 580 diligebat
2974 508 3063 566 ille
3101 510 3195 581 qui
3234 509 3450 567 dicebat
3474 529 3491 565 :
3540 511 3828 579 Domine,

509 617 683 686 factus
713 623 788 669 est
823 610 1007 683 (Psul.
1030 608 1203 678 cxrx).
1223 607 1305 665 Ac
1329 608 1375 664 si
1400 607 1607 664 diceret
1631 624 1646 661 :
1674 604 1921 669 Domine,
1945 602 2088 659 mul-

508 718 623 764 tum
648 723 679 762 a
704 716 759 763 te
796 704 1019 770 recessi,
1048 700 1413 775 peregrinatio
1442 715 1565 755 mea
1593 699 1737 755 facta
1773 706 1857 753 est
1883 696 2095 768 longin-

508 812 635 868 qua.
681 794 931 852 Nondum
960 794 1085 849 veni
1116 793 1171 848 in
1199 791 1433 863 patriam
1478 789 1624 845 illam
1664 788 1758 844 ubi
1784 802 1906 842 cum
1943 778 2095 842 nullo

506 886 651 943 malo
696 887 1115 942 victurus-sum.
1168 882 1417 938 Nondum
1453 880 1577 935 veni
1636 878 1703 933 ad
1744 877 1893 931 illam
1924 875 2096 932 socie-

513 985 682 1033 tatem
726 976 1040 1047 angelorum
1086 974 1174 1029 ubi
1213 970 1469 1029 scandala
1494 984 1603 1025 non
1640 967 1865 1023 timebo.
1915 964 2098 1033 Quare

505 1080 693 1128 autem
726 1069 964 1126 nondum
1006 1083 1125 1124 sum
1171 1066 1290 1121 ibi?
1318 1064 1446 1136 quia
1488 1061 1756 1118 incolatus
1793 1073 1948 1114 meus
1976 1057 2095 1111 lon-

504 1162 741 1235 ginquus
770 1161 942 1216 factus
963 1167 1066 1215 est.
1099 1155 1368 1212 lncolatus
1399 1151 1765 1225 peregrinatio
1786 1157 1886 1203 est.
1917 1144 2097 1202 incola

508 1254 711 1311 dicitur
744 1252 839 1324 qui
887 1250 1098 1307 habitat
1140 1249 1195 1303 in
1245 1254 1391 1303 terra
1426 1244 1622 1308 aliena,
1659 1257 1766 1296 non
1791 1240 1846 1295 in
1876 1238 2099 1295 civitate

506 1361 624 1402 sua.
659 1345 1013 1416 Ldnginquus
1042 1340 1221 1397 factus
1260 1347 1345 1394 est
1390 1336 1656 1392 incolatus
1697 1348 1870 1389 meus.
1899 1331 1967 1387 Et
2004 1330 2095 1385 ubi

508 1434 873 1509 longinquus?
898 1432 1224 1502 Aliquando,
1253 1428 1449 1484 fratres
1476 1427 1603 1492 mei,
1630 1441 1754 1482 cum
1779 1422 2095 1495 peregrina-

508 1539 601 1583 tur
656 1529 820 1583 homo
877 1526 1019 1581 inter
1062 1523 1311 1579 meliores
1354 1521 1624 1587 vivitque,
1673 1518 1725 1572 in
1770 1515 1945 1586 patria
2000 1527 2098 1567 sua

504 1619 897 1682 forte‘viveret,
925 1617 1018 1672 sed
1048 1631 1153 1670 non
1183 1615 1263 1670 sic
1291 1622 1374 1669 est
1408 1612 1623 1682 quando
1661 1609 1729 1665 de
1754 1605 2096 1663 Hierusalem

508 1713 601 1769 illa
653 1711 863 1768 caelesti
906 1707 1335 1780 peregrinamur.
1388 1704 1558 1758 Mutat
1599 1702 1744 1757 enim
1792 1701 1956 1755 homo
2000 1713 2097 1769 pa-

2194 601 2357 657 dilexi
2384 603 2623 656 decorem
2659 601 2847 656 domus
2872 609 3001 666 tuaz,
3031 610 3080 656 et
3107 600 3277 655 locum
3311 601 3672 657 habitationis
3702 605 3834 674 glo-

2194 696 2292 750 rite
2329 704 2434 749 true
2474 692 2648 765 (Psal.
2690 690 2943 764 Lxxxnt).
2989 693 3058 749 Et
3101 694 3334 749 iterum:
3385 693 3565 759 Quam
3601 696 3827 753 dilecta

2195 784 2533 841 tabernacula
2579 795 2692 849 tua,
2735 783 2958 840 Domine
3006 785 3299 839 virtutum!
3357 784 3719 856 Concupiscit
3766 802 3827 843 et

2197 875 2374 945 deﬁcit
2401 876 2579 929 anima
2604 892 2720 929 mea
2744 876 2801 929 in
2838 876 2974 929 atrio
3005 874 3242 930 Domini.
3287 874 3431 943 Quia
3465 878 3671 933 melior
3699 881 3825 935 dies

2198 983 2304 1021 una
2332 967 2387 1020 in
2430 966 2582 1020 atriis
2615 967 2719 1020 tuis
2763 983 2922 1037 super
2963 966 3134 1021 millia
3167 966 3380 1041 (Ibid).
3412 966 3552 1024 Nam
3583 979 3643 1025 et
3695 972 3827 1042 ipse

2199 1056 2268 1111 ad
2314 1055 2600 1111 Dominum
2649 1054 2896 1111 sitienter
2937 1058 3225 1127 pervenire
3265 1058 3643 1126 desiderabat,
3684 1078 3820 1116 cum

2198 1147 2414 1204 dicebat
2444 1165 2460 1202 :
2494 1146 2668 1204 Sitivit
2697 1149 2875 1203 anima
2906 1158 3022 1203 mea
3050 1149 3119 1203 ad
3148 1148 3316 1205 Deum
3364 1150 3566 1218 fontem
3606 1155 3819 1207 vicum.

2202 1238 2429 1306 Quando
2479 1241 2682 1295 veniam
2738 1249 2789 1295 et
2841 1240 3101 1311 apparebo
3150 1251 3272 1295 ante
3319 1242 3513 1312 faciem
3547 1242 3826 1299 Domini?

2200 1328 2375 1404 (Psal.
2403 1330 2538 1403 xu.)
2584 1331 2641 1387 In
2672 1333 2775 1388 hac
2802 1333 2948 1387 enim
2975 1332 3136 1403 positi
3167 1335 3611 1404 peregrinatione
3632 1336 3820 1407 plore-

2201 1438 2325 1480 mus
2366 1440 2551 1480 coram
2597 1424 2826 1480 Domino
2852 1426 2944 1495 qui
2974 1425 3102 1481 fecit
3144 1443 3265 1492 nos,
3307 1428 3434 1498 quia
3470 1429 3593 1498 ipse
3623 1430 3815 1485 Domi—

2201 1530 2303 1570 nus
2326 1515 2468 1572 Deus
2517 1525 2720 1573 noster.
2765 1516 2950 1588 (Aug)
2986 1516 3041 1571 ln
3088 1517 3192 1572 hac
3229 1532 3541 1575 aerumnosa
3609 1526 3811 1575 retenti

2201 1611 2535 1666 mortalitate
2565 1626 2687 1666 cum
2709 1611 2856 1665 omni
2900 1612 3230 1668 contritione
3258 1612 3445 1668 cordis
3467 1623 3523 1666 et
3555 1616 3813 1683 corporis

2203 1703 2382 1757 redire
2402 1702 2773 1758 desideremus
2803 1702 2869 1756 ad
2909 1702 3052 1757 illam
3102 1719 3395 1775 supernam
3435 1703 3805 1767 Hierusalem,

458 1858 463 1863 .
509 1804 706 1870 triam,
737 1812 793 1858 et
835 1801 1126 1871 aliquando
1167 1798 1241 1852 illi
1268 1799 1320 1852 in
1354 1795 1788 1867 peregrinatione
1815 1793 1952 1847 bene
1992 1796 2095 1846 est.
2130 1793 2176 1852 Β
2204 1813 2323 1867 qua}
2343 1807 2428 1854 est
2454 1807 2630 1853 mater
2665 1798 2903 1853 omnium
2933 1807 3200 1853 ηοειι-ιιιῃ,
3240 1798 3321 1852 Ab
3365 1796 3454 1852 ηις,
3481 1800 3795 1869 peregrina-

510 1895 723 1952 Invenit
747 1895 951 1948 amicos
991 1891 1174 1947 ﬁdeles
1218 1889 1610 1960 peregrinando
1652 1901 1789 1956 quos
1828 1887 1881 1940 in
1922 1884 2097 1955 patria

511 1987 758 2043 invenire
784 2001 889 2041 non
916 1984 1120 2055 potuit;
1148 1983 1395 2037 inimicos
1418 1981 1605 2036 habuit
1624 1989 1684 2035 ut
1700 1980 1766 2035 de
1789 1979 1963 2049 patria
1987 1977 2099 2049 pel-

507 2079 713 2135 leretur
746 2087 802 2133 et
825 2077 1287 2148 peregrinaretur,
1325 2074 1532 2129 invenit
1557 2072 1700 2143 quod
1728 2088 1835 2127 non
1865 2072 2100 2127 habebat

508 2171 567 2227 in
595 2171 791 2241 patria.
819 2167 935 2223 Non
964 2169 1044 2223 sic
1064 2176 1148 2223 est
1174 2167 1350 2236 patria
1380 2166 1472 2221 illa
1502 2164 1838 2220 Hierusalem
1862 2162 1951 2217 ubi
1983 2179 2099 2218 om-

507 2276 609 2317 nes
634 2259 781 2324 boni,
812 2259 1120 2329 quicunque
1167 2255 1291 2311 inde
1335 2255 1711 2326 peregrinatur
1745 2254 1886 2308 inter
1931 2251 2102 2307 malos

508 2362 614 2409 est.
662 2350 774 2408 Nec
813 2351 1069 2407 recedere
1103 2365 1134 2404 a
1159 2349 1317 2403 malis
1344 2357 1524 2418 potest
1568 2347 1675 2402 nisi
1723 2361 1846 2402 cum
1877 2345 2101 2401 redierit

510 2449 581 2504 ad
611 2448 925 2503 societatem
951 2445 1285 2517 angelorum,
1329 2451 1390 2498 ut
1423 2443 1496 2497 ibi
1520 2442 1591 2496 sit
1616 2440 1757 2496 unde
1786 2438 2099 2511 peregrina-

511 2550 621 2607 tur,
645 2540 736 2595 ubi
758 2555 947 2597 omnes
965 2537 1095 2608 justi
1127 2547 1182 2593 et
1204 2537 1376 2593 sancti
1403 2536 1495 2606 qui
1538 2534 1790 2589 fruuntur
1814 2533 1980 2587 verbo
2004 2531 2099 2585 Dei

509 2633 630 2689 sine
652 2633 904 2698 lectione,
934 2632 1052 2687 sine
1079 2629 1292 2684 litteris.
1322 2628 1477 2695 Quod
1515 2626 1659 2681 enim
1691 2623 1850 2679 nobis
1882 2638 1979 2692 per
2001 2635 2098 2692 pa-

511 2722 670 2795 ginas
719 2723 978 2793 scriptum
1009 2729 1113 2787 est,
1168 2735 1265 2790 per
1310 2717 1504 2773 faciem
1560 2716 1657 2770 Dei
1714 2714 1792 2769 illi
1849 2720 2095 2768 cernunt.

512 2811 698 2881 Qualis
731 2813 941 2885 patria?
968 2811 1159 2880 Magna
1183 2811 1380 2880 patria,
1418 2816 1475 2863 et
1498 2805 1702 2870 miseri,
1731 2802 2005 2876 peregrini
2031 2801 2100 2857 ab

511 2901 604 2956 illa
627 2901 823 2970 patria.
849 2900 956 2955 Sed
977 2899 1105 2968 quid
1129 2900 1206 2953 ait
1225 2898 1367 2953 iste?
1394 2895 1708 2967 Longinqua
1732 2893 1874 2948 facta
1895 2901 1978 2948 est
2002 2906 2098 2963 pe-

517 2994 815 3067 regrinatio
849 3009 990 3049 mea.
1023 2993 1129 3049 Iste
1150 2991 1263 3062 jam
1291 2991 1476 3047 volens
1515 2989 1692 3046 redire
1718 2986 2000 3060 cognoscit
2020 2988 2101 3041 in-

512 3086 827 3143 felicitatem
850 3085 1300 3158 peregrinationis
1327 3098 1460 3149 sum,
1482 3083 1607 3152 quia
1637 3082 1889 3153 cognovit
1919 3081 2097 3147 illam;

514 3181 674 3245 redit,
709 3189 765 3236 et
804 3180 873 3237 ad
898 3172 1113 3236 beatam
1152 3178 1425 3235 desiderat
1452 3177 1746 3234 ascendere
1770 3174 2025 3246 patriam.

1102 3293 1331 3351 CAPUT
1370 3292 1514 3349 XIX.

514 3387 755 3455 Qualiter
793 3387 1040 3459 plangere
1060 3388 1457 3459 debenLcaptivi
1486 3388 1716 3457 patriam
1754 3402 1907 3442 suam
1945 3396 2101 3441 teter-

1064 3475 1187 3514 nam
1225 3456 1581 3513 Hierusalem.

582 3553 768 3627 (Aug)
803 3552 1099 3609 Gemamus
1124 3567 1331 3618 onmes,
1364 3566 1646 3623 gemamus
1683 3549 1879 3621 singuli
1921 3550 1976 3605 in
2001 3550 2106 3605 hac

440 3704 447 3707 .
513 3647 862 3717 captivitate,
892 3647 947 3702 in
994 3648 1097 3701 hac
1142 3645 1495 3711 mortalitate,
1546 3645 1903 3717 suspirenms,
1954 3643 2102 3699 desi-

510 3739 767 3793 deremus
822 3738 1058 3808 patriam
1125 3745 1367 3793 nostram
1412 3736 1755 3793 Hierusalem
1795 3736 2097 3793 caelestem.

510 3830 823 3885 Tendamus
843 3831 911 3884 ad
932 3829 1276 3885 Conditorem
1302 3838 1570 3895 nostrum,
1593 3830 1836 3900 ejusdem
1863 3827 2104 3883 civitatis

513 3921 919 3986 fabricatorem,
949 3928 1197 3991 petamus
1222 3922 1273 3976 ei
1296 3922 1564 3975 bonorum
1583 3936 1807 3990 operum
1831 3928 2097 3991 sumptus,

519 4017 582 4066 ut
608 4025 919 4066 mereamur
949 4012 1237 4082 pervenire
1280 4011 1349 4064 ad
1398 4024 1546 4076 eum,
1577 4021 1632 4066 et
1675 4012 1731 4065 in
1782 4011 1943 4066 domo
1987 4009 2104 4079 ejus

523 4101 773 4159 habitare
802 4103 1056 4159 omnibus
1084 4102 1275 4159 diebus
1314 4102 1442 4158 vita:
1471 4111 1690 4170 nostrae,
1743 4103 1849 4159 hoc
1886 4111 1970 4160 est
2011 4118 2106 4176 pe-

2204 1908 2327 1948 mur
2363 1891 2417 1947 in
2449 1893 2551 1947 hac
2576 1892 2883 1948 miseranda
2914 1892 3047 1956 vita,
3096 1891 3163 1946 ad
3203 1893 3323 1962 ejus
3363 1890 3610 1947 reditum
3640 1893 3803 1962 Suspi-

2200 2000 2402 2041 remus.
2458 1983 2668 2040 Tandiu
2716 1984 2898 2039 miseri
2932 1994 2988 2039 et
3032 1983 3345 2040 laborantes
3370 2001 3594 2049 sumus,
3642 1986 3802 2040 donec

2201 2076 2268 2131 ad
2296 2076 2439 2132 illam
2466 2076 2772 2142 redeamus,
2806 2077 2896 2131 ubi
2928 2078 3111 2133 videre
3152 2078 3427 2150 possimus
3455 2079 3637 2134 Deum
3678 2081 3796 2134 deo-

2201 2186 2320 2226 rum
2357 2170 2407 2224 in
2436 2178 2625 2225 sancto
2654 2177 2837 2225 monte
2864 2168 3018 2224 Sion.

2790 2280 3023 2338 CAPUT
3063 2280 3185 2337 XX.

2203 2373 2358 2442 Quod
2388 2388 2536 2428 nemo
2563 2371 2865 2445 mortalium
2891 2372 3075 2445 dicere
3097 2381 3263 2445 potest
3306 2383 3517 2444 quanta
3533 2373 3800 2445 justontu

2706 2443 2811 2497 sint
2840 2443 3037 2514 gaudia
3061 2444 3115 2497 in
3144 2443 3292 2498 cado.

2275 2553 2460 2627 (Aug)
2501 2552 2783 2609 Humanus
2833 2569 3013 2610 sermo
3040 2569 3142 2609 nec
3186 2555 3466 2625 explicare
3498 2564 3795 2626 potestnec

2202 2646 2441 2718 cogitare
2467 2660 2587 2715 qua:
2614 2654 2669 2701 et
2704 2654 2902 2715 quanta
2931 2645 3042 2700 sint
3074 2645 3267 2717 gaudia
3303 2647 3355 2701 in
3380 2645 3551 2711 caelo,
3581 2656 3796 2703 testante

2201 2737 2370 2794 Paulo
2402 2723 2644 2810 apostolo
2669 2731 2875 2804 {Quod
2902 2738 3085 2794 oculus
3114 2757 3219 2796 non
3249 2740 3399 2804 vidit,
3418 2758 3518 2795 nec
3540 2743 3684 2795 auris
3709 2760 3797 2795 au-

2202 2829 2352 2893 divit,
2368 2845 2460 2883 nec
2485 2830 2540 2882 in
2566 2828 2891 2883 cat-hominis
2913 2829 3169 2896 ascendit,
3190 2846 3308 2902 qua:
3325 2834 3651 2902 preparavit
3664 2832 3797 2886 Dens

2205 2918 2541 2990 diligentibus
2589 2935 2643 2973 se
2664 2917 2717 2990 (I
2753 2916 2875 2973 Cor.
2922 2918 3001 2991 ιι).
3036 2919 3334 2992 Diligamus
3373 2921 3539 2992 igitur
3574 2938 3640 2978 ex
3688 2933 3795 2977 toto

2206 3009 2371 3065 Corde
2396 3009 2754 3079 omnibusque
2774 3008 2982 3064 viribus
3008 3008 3202 3076 Deum,
3227 3010 3403 3080 ipsam
3424 3026 3579 3080 quam
3605 3011 3791 3066 electis

2208 3103 2322 3160 suis
2366 3103 2619 3175 promisit
2664 3101 3056 3159 beatitudinem
3116 3105 3499 3161 desiderantes.
3542 3103 3781 3160 Terrena

2146 3195 2176 3221 “
2208 3192 2389 3249 omnia
2415 3201 2473 3248 et
2509 3192 2822 3248 transitoria
2860 3193 3018 3249 nobis
3052 3208 3154 3265 pro
3190 3210 3375 3250 amore
3420 3193 3661 3251 ccelestis
3698 3211 3794 3267 pa-

2210 3282 2329 3338 tria:
2358 3281 2645 3347 vilescant,
2677 3283 2811 3339 totis
2851 3283 3047 3340 animae
3070 3284 3277 3340 viribus
3318 3284 3615 3341 tendamus
3654 3284 3786 3349 illnc,

2208 3373 2439 3430 internis
2505 3374 2685 3430 cordis
2751 3373 3034 3431 aﬂ'ectibus
3087 3377 3426 3447 suspiremus
3482 3376 3638 3432 illuc.
3696 3376 3788 3432 Pe-

2211 3475 2387 3522 tamus
2460 3481 2651 3523 omnes
2718 3482 2841 3522 cum
2913 3467 3170 3540 lacrymis
3202 3511 3217 3533 ,
3287 3478 3550 3539 petamus
3616 3469 3786 3541 singuli

2211 3558 2403 3623 Deum,
2434 3565 2490 3611 ut
2520 3557 2884 3612 inbabitemus
2909 3558 2962 3612 in
2994 3559 3157 3613 domo
3180 3558 3297 3630 ejus
3328 3560 3600 3616 omnibus
3625 3561 3788 3616 diebus

2210 3649 2334 3704 vita:
2354 3656 2571 3717 nostrae,
2605 3657 2663 3705 et
2689 3664 3000 3706 mereamur
3030 3651 3218 3708 videre
3244 3653 3382 3708 bona
3411 3652 3542 3724 ejus
3570 3654 3629 3709 in
3664 3662 3779 3709 terra

2207 3743 2524 3799 viventium.
2557 3743 2683 3800 Haec
2705 3745 2772 3800 de
2804 3744 3064 3815 qualitate
3095 3745 3288 3802 futura:
3326 3747 3707 3811 beatitudinis,
3733 3762 3788 3800 ex

2207 3834 2402 3890 divinis
2423 3842 2735 3890 sanctorum
2755 3834 2978 3891 Patrum
3000 3835 3154 3892 libris
3181 3851 3349 3908 pauca
3372 3848 3643 3908 excerpta
3669 3836 3789 3892 suni-

2211 3924 2376 3979 ciant.
2408 3922 2560 3978 Nunc
2592 3923 2756 3994 igitur
2783 3926 2981 3995 quibus
3010 3926 3077 3980 ad
3098 3940 3219 3981 eam
3270 3928 3546 3983 bonorum
3589 3943 3788 3998 operum

2208 4012 2459 4083 passibus
2480 4014 2805 4069 currendum
2835 4015 2926 4082 sit,
2953 4013 3242 4085 adjuvante
3270 4017 3503 4071 Domino
3539 4018 3789 4088 carpendo

2211 4102 2373 4161 liores
2385 4120 2454 4160 ex
2479 4105 2869 4193 catholicorum
2890 4105 3113 4162 Patrum
3130 4108 3321 4164 edictis
3343 4109 3787 4167 demonstremus.

530 4269 3784 4300 ———-————————————-———-——————

1700 4399 1995 4482 LIBER
2050 4400 2619 4482 SECUNDUS.

1035 4711 1261 4769 CAPUT
1297 4710 1587 4769 PRIMUM.

521 4847 599 4904 De
631 4847 788 4905 laude
808 4848 1103 4911 charitatis,
1138 4857 1186 4902 et
1220 4846 1359 4929 quod
1411 4846 1528 4916 ipsa
1564 4844 1631 4900 sit
1679 4852 1851 4899 mater
1877 4844 2112 4899 omnium

1193 4926 1464 4971 virtutum.

598 5050 784 5123 (Αιιθ.)
814 5048 1067 5106 Charitas
1092 5057 1178 5105 est
1218 5057 1417 5115 mater,
1442 5046 1566 5105 fons
1588 5056 1645 5105 et
1673 5048 1827 5121 origo
1861 5048 2107 5105 omnium

525 5151 838 5201 sanctarum
888 5142 1169 5208 virtutum,
1221 5151 1275 5198 et
1319 5142 1496 5199 omnis
1538 5143 1796 5213 praecepti
1840 5140 1983 5198 linis.
2033 5142 2112 5198 De

523 5255 632 5310 qua
665 5236 800 5294 dicit
820 5234 1146 5306 Apostolus:
1202 5233 1356 5289 Finis
1404 5243 1578 5289 autem
1612 5236 1857 5305 prwcepti
1883 5245 1958 5291 es:
1985 5235 2111 5289 clta-

522 5335 657 5390 ritas
684 5332 751 5388 de
774 5346 907 5403 puro
933 5329 1091 5385 corde
1109 5337 1157 5384 et
1182 5326 1503 5383 conscientia
1549 5328 1704 5394 bona,
1757 5336 1805 5383 et
1860 5328 1966 5398 ﬁde
2005 5345 2109 5384 non

525 5426 650 5496 ﬁcta
676 5423 730 5497 (1
761 5423 897 5479 Tim.
928 5423 992 5496 ι).
1021 5423 1102 5477 Ad
1130 5420 1454 5477 charitatem
1482 5430 1665 5477 autem
1686 5419 1922 5478 refertur
1946 5436 2108 5478 omne

526 5524 873 5589 praeceptum.
912 5514 1068 5571 Unde
1094 5510 1355 5581 Dominus
1376 5513 1486 5568 ait:
1527 5510 1645 5568 Hoc
1669 5522 1745 5569 est
1791 5524 2109 5585 pra'ceptum

526 5625 698 5665 meum
727 5619 781 5663 ut
804 5606 1037 5678 diligatis
1065 5606 1286 5661 invicem
1314 5604 1496 5678 (Joan.
1521 5603 1662 5677 xm).
1698 5602 1906 5678 [Greg.]
1938 5603 2113 5661 Omne

525 5699 671 5754 enim
716 5697 1029 5753 mandatum
1080 5696 1149 5754 de
1197 5694 1311 5752 sola
1357 5694 1645 5751 dilectione
1678 5705 1782 5762 est,
1827 5704 1884 5751 et
1927 5695 2111 5751 omnia

526 5805 690 5849 unum
715 5797 1042 5862 praeceptum
1068 5799 1212 5844 sunt.
1253 5787 1390 5856 Quia
1426 5787 1688 5858 quidquid
1721 5787 2035 5859 praecipitur
2055 5788 2111 5843 iu

2134 4693 2191 4758 D
2216 4691 2331 4749 sola
2356 4691 2627 4751 charitate
2651 4692 2933 4750 solidatur.
2969 4694 3042 4751 Ut
3066 4694 3214 4751 enim
3243 4693 3400 4750 multi
3426 4694 3651 4752 arboris
3672 4694 3791 4750 rami

2215 4797 2284 4839 ex
2313 4799 2419 4839 una
2452 4784 2635 4840 radice
2675 4783 2962 4862 prodeunt,
3014 4786 3095 4840 sic
3131 4784 3316 4842 multa:
3342 4786 3583 4841 virtutes
3620 4799 3792 4842 exon:

2215 4876 2487 4933 charitate
2511 4889 2858 4948 generantur.
2917 4876 3030 4934 Nec
3072 4878 3236 4934 habet
3281 4877 3486 4949 aliquid
3515 4876 3796 4934 viriditatis

2214 4982 2403 5025 ramus
2429 4966 2557 5022 boni
2583 4966 2787 5037 operis,
2823 4968 2868 5022 si
2898 4982 3006 5024 non
3048 4976 3235 5023 manet
3262 4968 3315 5024 in
3345 4967 3529 5023 radice
3570 4968 3795 5024 charita-

2216 5059 2305 5115 tis.
2330 5056 2606 5129 Praecepta
2628 5071 2758 5128 ergo
2778 5056 3059 5114 Dominica
3085 5067 3142 5114 et
3169 5057 3336 5113 multa
3357 5064 3505 5123 sunt,
3532 5066 3596 5113 et
3621 5072 3791 5112 unum.

2220 5148 2409 5222 (Αιις.)
2427 5147 2593 5204 Multa
2620 5162 2719 5220 per
2732 5135 3115 5207 diversitatem
3134 5150 3338 5222 operis,
3355 5164 3521 5205 unum
3543 5149 3605 5206 in
3630 5150 3794 5205 radice

2217 5241 2540 5299 dilectionis.
2570 5239 2821 5298 Charitas
2847 5243 3045 5314 quippe
3076 5243 3171 5298 Dei
3203 5251 3310 5308 est,
3336 5250 3393 5298 et
3433 5242 3699 5313 proximi.
3737 5238 3794 5295 Et

2217 5334 2404 5404 utique
2424 5334 2479 5389 in
2511 5333 2596 5389 his
2616 5332 2826 5389 duobus
2849 5334 3138 5405 praeceptis
3159 5342 3269 5390 tota
3286 5332 3370 5389 lex
3391 5335 3600 5405 pendet
3616 5341 3672 5390 et
3689 5345 3795 5402 pro

2218 5425 2414 5496 phetze.
2444 5424 2596 5480 Adde
2615 5423 2990 5496 Evangelium,
3017 5423 3156 5480 adde
3186 5422 3488 5496 apostolos;
3527 5440 3639 5481 non
3662 5423 3790 5479 enin

2219 5514 2431 5572 abunde
2450 5530 2552 5571 vox
2576 5515 2679 5571 ista
2694 5529 2710 5570 :
2725 5512 2880 5571 Finis
2900 5516 3149 5586 prtecepti
3164 5525 3238 5571 est
3260 5516 3493 5570 charitas
3509 5513 3565 5587 (Ι
3591 5510 3788 5582 Timr).

2222 5606 2289 5662 Et
2330 5624 2342 5661 :
2395 5605 2541 5661 Deus
2590 5606 2821 5661 charitas
2859 5615 2965 5672 est,
2999 5616 3051 5663 et
3092 5606 3184 5679 qui
3224 5616 3398 5661 manet
3442 5606 3502 5660 in
3548 5605 3791 5660 charitate

2221 5700 2456 5772 (dicente
2484 5698 2980 5773 apostolo‘Joanne)
3003 5701 3060 5757 in
3085 5700 3197 5758 Deo
3222 5711 3419 5769 manet,
3469 5711 3522 5757 et
3568 5699 3708 5755 Dens
3743 5696 3789 5749 is

2218 5805 2279 5844 eo
2303 5788 2356 5857 (Ι
2386 5786 2676 5858 Joan.tv).
2724 5786 2966 5863 [Prosp.]
2998 5790 3096 5848 Est
3137 5799 3320 5847 autem
3364 5789 3609 5847 Charitas
3652 5793 3787 5842 recte
