4020 6338
214 392 326 448 889

1179 385 1263 440 DE
1306 383 1695 441 VARIETATE
1730 382 2103 441 LIBRORUM.
2131 412 2198 423 —
2224 382 2352 439 LIB.
2395 383 2457 438 ll.

3370 384 3472 441 890

218 498 471 556 voluntas
496 496 566 552 ab
587 496 834 552 omnibus
853 496 1083 552 terrenis
1103 512 1165 552 ac
1190 497 1545 568 przesentibus
1568 512 1792 567 prorsus
1820 499 1872 560 Α
1895 512 1965 552 ne
1990 506 2049 552 tu
2076 496 2227 552 alteri
2249 497 2439 553 facias.
2469 498 2534 553 Et
2555 513 2655 568 per
2681 497 3025 567 semetipsam
3054 494 3269 553 Veritas
3286 494 3429 552 "dicit
3455 516 3467 552 :

219 605 438 655 aversa,
462 588 649 660 juncta
674 587 786 643 Deo
814 587 1264 658 inseparabiliter,
1288 595 1346 642 et
1365 588 1512 642 unita
1536 586 1645 654 igni
1667 600 1800 655 quo-

219 682 346 738 dam
374 680 542 735 sancti
574 678 807 747 Spiritus
843 694 875 730 a
913 692 1020 747 quo
1046 688 1149 744 est,
1180 685 1237 732 et
1261 677 1330 731 ad
1357 691 1518 746 quem
1545 674 1796 740 refertur,

219 773 466 827 incensa.
523 768 917 839 lnquinamenti
963 767 1139 823 omnis
1190 776 1470 832 extranea,
1526 765 1799 835 corrumpi

219 862 430 926 nescia,
465 859 613 915 nullo
633 860 763 914 vitio
788 858 1165 915 mutabilitatis
1190 858 1446 925 obnoxia,
1492 874 1654 927 supra
1676 873 1796 914 om-

218 952 314 1006 nia
349 964 468 1020 qua:
495 948 786 1005 carnaliter
825 948 1119 1018 diliguntur
1167 948 1402 1014 excelsa,
1456 947 1797 1004 alfectionum

218 1043 466 1098 omnium
498 1039 897 1112 potentissima,
947 1040 1143 1095 divina:
1186 1039 1657 1109 contemplationis
1687 1039 1800 1093 avi-

218 1138 312 1200 da,
355 1136 409 1191 in
449 1133 697 1190 omnibus
748 1148 961 1204 semper
1016 1132 1238 1198 invicta,
1287 1147 1497 1187 summa
1525 1132 1798 1187 actionum

218 1230 512 1292 bonarum,
543 1225 689 1281 salus
732 1240 961 1289 morum,
1009 1223 1135 1280 ﬁnis
1162 1224 1462 1280 etelestium
1505 1234 1800 1295 praecepto-

219 1336 367 1384 rum,
397 1332 543 1372 mors
570 1315 878 1381 criminum,
907 1316 1016 1370 vita
1047 1316 1326 1380 virtutum,
1365 1315 1536 1371 virtus
1562 1332 1801 1386 pugnan-

221 1412 380 1471 tium,
413 1408 585 1479 palma
610 1407 899 1477 justorum,
934 1406 1113 1461 anima
1162 1414 1472 1460 sanctarum
1516 1407 1796 1473 mentium,

217 1514 383 1553 causa
414 1497 730 1552 meritorum
774 1497 1058 1560 bonorum,
1102 1495 1382 1565 praemium
1410 1494 1794 1564 perfectorum.

215 1592 279 1646 In
309 1590 544 1662 peccatis
565 1590 679 1643 suis
729 1597 973 1643 mortuos
1002 1587 1243 1651 suscitat,
1278 1587 1592 1658 languentes
1619 1595 1796 1654 sanat,

216 1683 459 1753 perditos
498 1681 785 1747 instaurat,
822 1695 971 1751 spem
1018 1680 1316 1750 desperatis
1354 1680 1614 1749 inspirat;
1648 1679 1798 1749 paci-

218 1778 351 1830 ticas
380 1782 588 1829 mentes
642 1773 928 1837 inhabitat,
981 1772 1254 1827 fructuosa
1285 1772 1339 1826 in
1393 1770 1796 1841 paenitentibus,

1900 587 2032 654 Qua:
2061 588 2215 643 uultis
2242 604 2295 643 ut
2322 589 2521 659 faciant
2546 591 2687 644 vobis
2722 590 2977 653 homines,
3009 590 3084 643 ita
3112 599 3161 643 et
3184 605 3270 644 vos
3310 588 3469 659 facile

1898 679 2005 734 illis
2035 680 2251 749 (Matth.
2275 683 2392 751 vn).
2430 680 2637 749 Quibus
2678 683 2908 747 duobus,
2954 680 3161 737 scilicet
3188 681 3473 752 utriusque

1899 768 2229 825 Testamenti
2274 772 2542 827 mandatis
2576 787 2673 841 per
2723 788 2888 827 unum
2923 771 3128 827 malitia
3180 772 3476 843 compesci-

1899 868 2006 923 tur,
2035 876 2132 930 per
2153 860 2297 916 aliud
2320 861 2621 933 benignitas
2645 870 2980 934 praet-agatur
2994 879 3014 928 ;
3038 871 3099 919 ut
3116 862 3315 918 malum
3333 864 3475 934 quod
3546 904 3551 913 .

1897 952 2008 1021 pati
2032 967 2137 1006 non
2166 952 2278 1006 vult
2321 953 2570 1023 quisque,
2604 967 2709 1007 non
2755 952 2961 1011 faciens
2987 963 3165 1011 cesset
3189 971 3220 1008 a
3249 955 3476 1011 nocendi

1896 1058 2079 1111 opere.
2116 1042 2185 1098 Ut
2210 1058 2396 1099 rursus
2437 1043 2634 1098 bonum
2661 1045 2803 1115 quod
2834 1045 2937 1100 sibi
2985 1044 3103 1101 fieri
3141 1047 3349 1117 appetit
3374 1047 3477 1102 im-

1896 1132 2154 1202 pendens,
2179 1149 2307 1205 erga
2337 1133 2620 1190 utilitatem
2654 1149 2713 1190 se
2738 1136 2967 1205 proximi
2992 1145 3245 1193 exerceat
3284 1153 3349 1193 ex
3380 1139 3476 1193 be-

1899 1226 2177 1297 nignitate.
2210 1224 2313 1280 Sed
2348 1227 2431 1282 hae
2474 1226 2730 1281 nimirum
2757 1227 2862 1281 duo
2889 1227 3015 1282 dum
3044 1228 3271 1283 sollicita
3299 1229 3478 1284 inten-

1902 1316 2046 1372 tione
2078 1316 2399 1387 cogitantur,
2432 1332 2526 1372 cor
2548 1318 2614 1372 ad
2642 1318 2925 1372 innumera
2952 1320 3208 1374 virtutum
3238 1321 3481 1377 ministe-

1899 1407 1982 1462 ria
2014 1408 2276 1473 tenditur;
2306 1424 2373 1463 ne
2424 1409 2509 1463 vel
2561 1409 2629 1464 ad
2679 1408 2956 1464 inferenda
3002 1425 3121 1479 qua:
3147 1427 3253 1466 non
3296 1411 3476 1476 debet,

1900 1497 2182 1554 desideriis
2217 1499 2456 1570 inquieta
2481 1513 2632 1555 mens
2656 1497 2880 1565 ferveat,
2911 1499 2995 1554 vel
3014 1516 3142 1570 erga
3180 1501 3481 1557 exhibenda

1899 1605 2019 1659 qua:
2058 1590 2211 1645 debet
2245 1591 2357 1645 otio
2403 1590 2636 1646 resoluta
2670 1600 2963 1662 torpescat.
3013 1592 3147 1647 Nam
3173 1610 3293 1649 cum
3324 1605 3480 1649 cavet

1901 1680 2055 1735 alteri
2077 1680 2256 1736 facere
2273 1682 2415 1752 quod
2440 1697 2781 1752 nequaquam
2806 1683 2917 1737 vult
2939 1682 3008 1737 ab
3029 1683 3199 1739 altero
3224 1685 3479 1745 tolerare.

1901 1773 2127 1829 sollicita
2154 1788 2213 1828 se
2252 1774 2545 1829 intentione
2575 1774 2966 1844 circumspicit,
2995 1790 3062 1829 ne
3087 1775 3337 1845 superbia
3368 1775 3479 1831 ele-

214 1864 340 1919 laeta
376 1863 430 1917 in
464 1862 887 1934 proficientibus,
915 1862 1145 1933 gloriosa
1196 1862 1252 1917 in
1299 1861 1790 1932 perseverantibus,
1820 1862 1871 1924 B
1900 1872 2005 1927 vet,
2053 1873 2109 1919 et
2144 1879 2313 1934 usque
2348 1864 2415 1919 ad
2465 1865 2776 1933 despectum
2823 1865 3053 1933 proximi
3101 1866 3339 1919 animum
3386 1867 3481 1920 de-

212 1954 502 2008 victoriusa
531 1953 583 2007 in
604 1952 929 2025 martyribus
945 1994 958 2015 ,
984 1966 1207 2023 operosa
1233 1954 1285 2006 in
1309 1952 1559 2007 omnibus
1577 1951 1795 2006 omnino

212 2042 481 2098 fidelibus.
529 2043 703 2109 Quam
735 2042 866 2097 ﬁdes
886 2042 1141 2111 concipit,
1171 2041 1238 2095 ad
1266 2055 1426 2110 quam
1457 2056 1579 2109 spes
1601 2042 1792 2107 currit,

210 2135 300 2189 cui
343 2134 613 2204 profectus
659 2133 899 2187 omnium
935 2132 1118 2185 servit.
1156 2130 1235 2184 Ex
1270 2146 1378 2200 qua
1424 2132 1683 2201 quidquid
1712 2141 1795 2187 est

208 2224 341 2279 boni
379 2225 559 2293 operis
612 2223 759 2287 vivit,
789 2223 887 2277 sub
937 2237 1040 2290 qua
1070 2220 1375 2276 obedientia
1430 2224 1644 2287 crescit,
1698 2238 1795 2293 per

214 2329 377 2384 quam
406 2313 662 2383 patientia
692 2311 879 2377 vincit,
904 2322 1124 2382 propter
1156 2327 1316 2380 quam
1359 2311 1595 2365 carnalia
1642 2311 1794 2366 blan-

212 2407 452 2461 dimenta
488 2407 703 2461 devotio
750 2405 1000 2478 religiosa
1039 2407 1354 2472 contemnit,
1385 2407 1502 2462 sine
1540 2423 1645 2477 qua
1676 2406 1792 2462 nul-

208 2493 294 2549 lus
319 2494 431 2550 Deo
450 2496 674 2565 placuit,
698 2512 820 2551 cum
846 2513 951 2566 qua
984 2512 1084 2551 nec
1111 2497 1285 2566 potuit
1329 2497 1524 2566 aliquis
1565 2514 1792 2569 peccare

206 2600 309 2638 nec
331 2587 549 2655 poterit.
572 2585 698 2641 Hazc
721 2596 806 2641 est
821 2586 1057 2641 charitas
1073 2601 1219 2650 vera,
1234 2588 1787 2657 germana,perfecta,

204 2690 370 2745 quam
401 2676 837 2731 excellentiorem
896 2676 1037 2730 viam
1085 2677 1327 2731 nominat
1380 2687 1603 2734 sanctus
1646 2677 1790 2748 Apo-

205 2766 456 2839 stolus(l
482 2765 605 2821 Cor.
629 2768 747 2839 xu).
788 2767 854 2822 Et
905 2782 1032 2822 vere
1064 2768 1181 2837 ipsa
1226 2777 1308 2822 est
1354 2770 1439 2823 via
1494 2785 1613 2838 quae
1638 2771 1788 2827 ducit

204 2873 305 2928 per
334 2873 391 2913 se
419 2858 759 2913 ambulantes
790 2859 856 2912 ad
902 2858 1153 2929 patriam.
1202 2858 1337 2924 Quia
1386 2860 1525 2914 sicut
1557 2861 1673 2915 sine
1699 2862 1784 2916 via

202 2947 388 3002 nullus
426 2949 671 3019 pervenit
717 2962 824 3018 quo
866 2948 1055 3011 tendit,
1085 2948 1161 3003 ita
1203 2948 1320 3004 sine
1350 2949 1633 3015 charitate,
1665 2967 1786 3022 quae

201 3041 348 3097 dicta
385 3050 469 3098 est
508 3041 614 3108 via,
661 3055 768 3097 non
819 3039 1094 3097 ambulare
1140 3049 1364 3112 possunt
1405 3041 1651 3099 homines
1690 3045 1783 3100 sed

208 3147 419 3190 errare.

851 3309 1080 3368 CAPUT
1117 3310 1179 3366 ll.

206 3471 363 3539 Quod
396 3473 632 3528 charitas
679 3475 749 3529 ad
805 3474 1078 3598 inrisere
1109 3473 1245 3528 bona
1274 3472 1669 3543 multiformiter
1697 3442 1789 3530 ex;

915 3561 949 3598 η
988 3561 1020 3597 a
1045 3560 1129 3598 ur.

915 3560 1129 3598 naatur.

281 3696 565 3753 Plenitudo
617 3698 765 3771 legis,
803 3707 866 3755 ιιι
892 3698 1090 3755 Paulus
1130 3700 1208 3755 ait
1235 3699 1528 3772 apostolus,
1575 3700 1788 3757 dilectio

202 3796 282 3843 est
315 3785 483 3859 (Rom.
516 3787 655 3861 xm).
694 3788 771 3844 De
800 3790 902 3844 hac
940 3788 1133 3845 iterum
1162 3790 1323 3845 dicit:
1358 3788 1587 3846 Invicem
1629 3806 1790 3847 onera

204 3891 377 3936 vestra
394 3890 597 3952 portate
612 3922 627 3946 ,
650 3890 698 3936 et
721 3884 797 3935 sic
819 3882 1163 3953 adimplebt'tis
1182 3883 1344 3954 legem
1370 3882 1563 3939 Christi
1587 3883 1787 3956 (Galat.

204 3969 306 4042 τι).
331 3968 437 4027 Lex
458 3970 658 4025 etenim
684 3970 882 4026 Christi
903 3971 1031 4041 quid
1057 3974 1437 4044 congruentius
1458 3973 1678 4045 intelligi
1700 3990 1792 4046 po-

206 4070 332 4127 test,
372 4078 533 4133 quam
586 4064 868 4120 charitas?
909 4080 1069 4136 quam
1121 4075 1247 4122 tunc
1292 4083 1416 4122 vere
1458 4068 1788 4138 perlicimus,

204 4169 329 4210 cum
358 4154 596 4210 fraterna
645 4171 811 4210 onera
849 4172 916 4211 cx
952 4172 1135 4212 amore
1177 4157 1487 4213 toleramus.
1544 4159 1696 4215 Unde
1734 4169 1791 4215 et

204 4263 302 4319 per
334 4250 549 4304 beatum
586 4247 688 4303 Job
713 4249 927 4316 dicitur,
958 4250 1100 4318 quod
1140 4251 1414 4320 multiplex
1454 4251 1522 4305 sit
1556 4250 1641 4306 lea:
1675 4251 1790 4321 ejus

207 4338 330 4412 (Job
375 4338 645 4409 xl).'Quid
670 4340 868 4393 etenim
916 4339 1020 4393 hoc
1064 4339 1182 4393 loco
1225 4339 1321 4394 Dei
1348 4339 1435 4394 lex
1464 4340 1655 4409 accipi,
1685 4340 1789 4395 nisi

208 4429 447 4486 charitas
471 4430 669 4486 debet?
695 4444 793 4501 per
827 4444 986 4499 quam
1013 4444 1227 4500 semper
1248 4429 1303 4484 in
1325 4439 1507 4485 mente
1540 4430 1792 4501 leguntur

206 4532 475 4594 praecepta
501 4523 624 4578 vitae
651 4523 880 4593 qualiter
903 4522 957 4577 in
980 4523 1187 4578 actione
1212 4532 1518 4578 teneantur.
1546 4522 1653 4580 Sed
1676 4524 1792 4578 haec

1890 1953 2085 2023 jiciens
2105 1955 2327 2020 exaltet,
2365 1971 2432 2010 ne
2466 1956 2687 2010 ambitio
2716 1956 3092 2026 cogitationem
3116 1955 3298 2021 laniet,
3326 1973 3480 2011 cum-

1894 2061 1999 2116 que
2028 2046 2172 2100 hanc
2212 2047 2279 2098 ad
2318 2047 2615 2115 appetenda
2643 2046 2817 2100 aliena
2848 2045 3056 2111 dilatat,
3087 2056 3366 2117 angustet;
3414 2063 3483 2104 ne

1893 2139 2209 2205 corluxuria
2223 2140 2443 2208 polluat,
2474 2149 2526 2194 et
2548 2138 2845 2208 subjectqu
2870 2138 3150 2194 desideriis
3173 2154 3269 2208 per
3295 2140 3480 2196 illicita

1893 2240 2233 2302 corrumpat;
2262 2247 2330 2286 ne
2357 2235 2437 2286 ira
2466 2241 2768 2302 exasperet,
2800 2241 2853 2287 et
2877 2247 3047 2302 usque
3090 2232 3160 2287 ad
3202 2232 3482 2300 proferen-

1892 2322 2017 2378 dam
2055 2322 2439 2377 contumeliam
2465 2323 2793 2389 inﬂammet;
2843 2339 2909 2378 ne
2958 2323 3159 2377 invidia
3210 2325 3479 2389 mordeat,

1890 2423 1946 2468 et
1975 2413 2165 2468 alienis
2217 2412 2567 2469 felicitatibus
2595 2416 2787 2470 :emula
2842 2415 3123 2471 suavitatis
3175 2415 3479 2486 pertrabat,

1889 2520 2117 2576 eamque
2146 2521 2314 2575 usque
2344 2506 2408 2559 ad
2436 2507 2711 2562 lasciviam
2741 2508 3147 2563 obtrectationis
3189 2508 3479 2583 extendat;

1890 2613 1958 2652 ne
1981 2598 2164 2652 odium
2188 2597 2389 2651 malitia
2418 2599 2634 2662 excitet,
2671 2607 2725 2653 et
2749 2613 2917 2668 usque
2948 2598 3015 2651 ad
3038 2598 3277 2668 jaculum
3306 2597 3478 2651 male-

1888 2686 2141 2742 dictionis
2172 2686 2367 2742 irritet.
2416 2686 2651 2745 Rursum
2696 2703 2820 2742 cum
2861 2688 3062 2758 cogitat
3115 2697 3175 2742 ut
3202 2702 3264 2742 ea
3315 2688 3472 2742 alteri

1889 2778 2067 2843 faciat,
2101 2793 2220 2847 quae
2250 2778 2364 2847 ipsa
2390 2778 2491 2832 sibi
2523 2778 2639 2833 fieri
2663 2778 2729 2833 ab
2756 2777 2925 2833 altero
2950 2787 3251 2849 exspectat,
3280 2786 3477 2849 pensat

1887 2871 2141 2924 nimirum
2187 2878 2244 2924 ut
2283 2871 2440 2924 malis
2489 2871 2653 2936 bona,
2705 2871 2944 2926 utbonis
2993 2871 3217 2927 meliora
3248 2886 3474 2940 respon-

1887 2964 2083 3018 deant:
2111 2970 2172 3017 ut
2213 2977 2342 3034 erga
2389 2977 2649 3033 procaces
2692 2964 3125 3019 mansuetudinis
3153 2963 3474 3035 longanimi-

1887 3062 2051 3110 tatem
2080 3054 2330 3110 exhibeat
2355 3070 2369 3120 ;
2420 3062 2477 3108 ut
2507 3054 2726 3108 malitiae
2756 3062 2906 3123 peste
2945 3053 3326 3126 languentibus
3356 3069 3478 3124 gra-

1889 3146 2390 3216 tiam‘benignitatis
2437 3146 2745 3214 impendat;
2778 3155 2838 3199 ut
2884 3145 3163 3201 discordes
3192 3146 3259 3201 ad
3288 3160 3477 3216 pacem

1813 3217 1858 3281 (εἶ
1893 3237 2139 3302 veniant;
2167 3245 2226 3292 ut
2250 3237 2545 3292 concordes
2565 3236 2634 3291 ad
2652 3237 3143 3306 concupiscentiam
3168 3252 3310 3294 vera:
3330 3238 3480 3308 pacis

1892 3328 2176 3398 accingat;
2213 3334 2274 3381 ut
2302 3327 2668 3398 indigentibus
2700 3327 3011 3383 necessaria
3044 3326 3274 3393 tribuat;
3310 3336 3366 3381 ut
3395 3344 3481 3383 er—

1892 3421 2136 3475 rantibus
2186 3418 2333 3473 viam
2398 3419 2740 3475 rectitudinis
2790 3420 3085 3487 ostendat;
3140 3427 3200 3473 ut
3252 3418 3477 3474 afﬂictos

1888 3510 2056 3567 verbo
2085 3518 2139 3566 et
2163 3511 2541 3582 compassione
2572 3511 2838 3578 mulceat;
2868 3519 2928 3566 ut
2951 3525 3209 3567 accensos
3237 3510 3292 3566 in
3318 3510 3479 3580 hujus

1890 3603 2079 3659 mundi
2109 3604 2417 3670 desideriis,
2446 3605 2817 3675 increpatione
2856 3604 3178 3676 restringat;
3211 3612 3270 3659 ut
3303 3604 3478 3660 minas

1888 3695 2189 3767 potentium
2246 3695 2658 3752 ratiocinatione
2706 3696 2955 3767 mitiget;
2988 3705 3047 3752 ιιι
3097 3711 3478 3767 oppressorum

1891 3787 2169 3860 angustias
2197 3794 2397 3857 quanta
2442 3787 2699 3859 praevalet
2721 3803 2843 3858 ope,
2872 3787 3045 3854 levet;
3076 3796 3136 3842 ut
3162 3786 3297 3843 foris
3339 3787 3476 3844 resi-

1892 3881 2160 3938 stentibus
2194 3889 2430 3951 opponat
2476 3881 2815 3952 patientiam,
2860 3890 2920 3937 ut
2964 3880 3110 3937 intus
3158 3881 3474 3953 superbien-

1892 3972 2036 4028 tibus
2064 3971 2319 4026 exhibeat
2347 3986 2471 4026 cum
2522 3971 2787 4043 patientia
2823 3971 3200 4043 disciplinam;
3242 3981 3300 4027 ut
3346 3987 3476 4044 erga
3552 4038 3555 4043 ι

1890 4075 2071 4122 errata
2095 4065 2430 4121 subditorum
2475 4066 2554 4122 sic
2594 4066 2949 4122 mansuetudo
2986 4065 3161 4121 zelum
3192 4073 3479 4137 temperet,

1890 4166 2156 4227 quatenus
2183 4172 2213 4210 a
2238 4155 2461 4225 justitiaz
2490 4156 2669 4213 studio
2715 4174 2824 4214 non
2871 4166 3112 4213 enervet.
3163 4156 3253 4213 Sic
3297 4156 3483 4213 adula<

1896 4249 2101 4303 tionum
2154 4247 2301 4304 zelus
2336 4246 2576 4314 ferveat,
2625 4263 2694 4303 ne
2754 4257 2938 4304 tamen
2987 4248 3203 4319 pietatis
3253 4248 3480 4302 limitem

1892 4339 2148 4397 fervendo
2171 4341 2538 4396 transcendat.
2577 4339 2649 4397 Ut
2677 4340 2923 4412 ingratos
2950 4339 3225 4394 beneflciis
3245 4339 3312 4393 ad
3336 4351 3481 4392 amo-

1892 4446 2005 4487 rem
2036 4439 2314 4502 provocet,
2339 4439 2397 4485 ut
2417 4430 2588 4502 gratis
2616 4446 2830 4501 quoque
2856 4430 3175 4486 ministeriis
3205 4430 3258 4484 in
3298 4443 3482 4485 amore

1894 4530 2105 4587 servet;
2158 4529 2217 4575 ut
2268 4521 2640 4590 proximorum
2695 4520 2835 4575 mala
2875 4534 2999 4576 cum
3047 4519 3318 4591 corrigere
3372 4532 3480 4574 non

207 4590 402 4673 eadem
416 4616 499 4671 lex
524 4590 800 4686 multiplex
828 4614 1043 4681 dicitur,
1065 4614 1187 4685 quia
1216 4614 1454 4669 studiose
1476 4630 1574 4685 per
1596 4614 1790 4670 sollici-
1818 4590 1869 4650 Ῑ)
1892 4614 2056 4679 valet,
2086 4619 2293 4677 taceat;
2323 4618 2380 4665 ut
2405 4610 2693 4681 quaefcum
2719 4610 2917 4681 corrigi
2950 4590 3214 4681 loquendo
3238 4619 3477 4680 possunt,

209 4709 448 4765 tudinem
480 4707 718 4763 cbaritas
744 4706 812 4761 ad
837 4712 1032 4761 cuncta
1058 4704 1321 4759 virtutum
1365 4704 1509 4759 facta
1536 4705 1790 4760 dilatatur

208 4817 328 4874 quae
354 4818 384 4858 a
412 4802 621 4859 duobus
665 4801 879 4871 quidem
920 4802 1201 4871 praeceptis
1247 4801 1456 4871 incipit,
1511 4802 1606 4857 sed
1636 4817 1694 4857 se
1721 4804 1790 4858 ad

209 4896 493 4951 innumera
526 4895 783 4950 extendit.
828 4893 998 4963 Hujus
1026 4907 1260 4962 namque
1298 4893 1435 4963 legis
1465 4893 1679 4950 initium
1704 4894 1789 4950 di-

207 4987 370 5042 lectio
392 4986 485 5041 Dei
509 4994 615 5050 est,
643 4999 708 5041 ac
737 4985 953 5040 dilectio
998 4984 1253 5055 proximi.
1286 4983 1395 5041 Sed
1444 4985 1537 5041 Dei
1571 4985 1790 5043 dilectio

208 5094 305 5150 per
335 5078 436 5133 tria
464 5077 832 5149 distinguitur,
857 5078 983 5149 quia
1004 5093 1072 5134 ex
1097 5086 1208 5134 toto
1229 5079 1414 5147 corde,
1453 5087 1563 5135 tota
1587 5080 1789 5148 anima,

209 5181 265 5227 et
293 5186 359 5226 ex
387 5178 498 5226 tota
528 5169 844 5226 fortitudine
879 5171 1027 5243 diligi
1057 5170 1314 5228 Conditor
1344 5170 1566 5241 jubetur
1594 5174 1791 5247 (Exod;

211 5262 328 5334 xx).
361 5261 476 5329 Qua
504 5263 558 5318 in
611 5278 671 5318 re
703 5263 998 5318 notandum
1045 5271 1152 5330 est,
1184 5264 1328 5335 quod
1378 5264 1588 5321 divinus
1618 5280 1797 5324 sermo

211 5367 333 5408 cum
357 5352 520 5407 Deum
544 5352 693 5424 diligi
718 5353 979 5423 praecipit,
1004 5368 1110 5408 non
1154 5353 1327 5409 solum
1358 5363 1543 5409 narrat
1574 5370 1642 5412 ex
1667 5372 1796 5427 quo,

212 5442 308 5498 sed
338 5442 502 5497 etiam
559 5442 817 5499 informat
867 5457 934 5497 ex
984 5451 1205 5513 quanto,
1237 5460 1359 5498 cum
1409 5445 1700 5518 subjungit,
1730 5463 1798 5503 ex

212 5542 369 5590 toto:
404 5543 463 5589 ut
488 5536 740 5592 videlicet
768 5536 859 5604 qui
891 5534 1130 5606 perfecte
1184 5536 1293 5592 Deo
1329 5537 1545 5607 placere
1591 5540 1798 5598 deside-

214 5634 320 5692 rat,
352 5627 454 5682 sibi
503 5626 572 5683 de
597 5643 657 5684 se
703 5626 836 5682 nihil
893 5626 1180 5697 relinquat.
1237 5625 1476 5683 Proximi
1506 5639 1685 5686 autem
1711 5631 1797 5686 di-

216 5718 377 5774 lectio
402 5719 470 5774 ad
492 5719 597 5775 duo
630 5728 894 5790 praecepta
915 5717 1210 5785 derivatur,
1259 5733 1382 5774 cum
1410 5728 1464 5775 et
1493 5735 1590 5791 per
1611 5736 1797 5792 quem-

219 5812 343 5867 dam
355 5811 561 5881 justum
583 5811 779 5868 dicitur
803 5830 815 5867 :
844 5809 999 5880 Quod
1019 5810 1088 5868 ab
1114 5810 1220 5868 alio
1251 5811 1349 5869 tibi
1370 5810 1489 5869 odis
1511 5811 1648 5880 fleri,
1676 5813 1797 5871 vide

1895 4704 2166 4761 silentium
2193 4718 2513 4759 consensum
2542 4717 2661 4757 esse
2686 4702 3062 4772 pertimescat;
3095 4701 3252 4756 utsic
3278 4715 3340 4755 ea
3362 4715 3483 4770 quae

1897 4807 2039 4854 tacet
2067 4797 2278 4864 toleret,
2304 4812 2371 4852 ne
2399 4806 2574 4852 tamen
2598 4795 2652 4850 in
2690 4795 2869 4849 anima
2900 4795 3049 4850 virus
3075 4794 3275 4850 doloris
3303 4793 3483 4849 occul-

1898 4901 2005 4960 tet;
2033 4901 2091 4946 ut
2118 4892 2197 4947 sic
2234 4889 2512 4946 malevolis
2540 4889 2716 4945 minus
2742 4888 3090 4960 benignitatis
3108 4888 3385 4955 exhibeat,
3414 4902 3485 4944 ne
3548 4961 3554 4969 η

1897 4992 2079 5038 tamen
2109 4997 2208 5055 per
2235 4981 2464 5054 gratiam
2509 4996 2539 5035 a
2574 4978 2699 5049 jure
2751 4979 3088 5036 rectitudinis
3125 4980 3383 5047 excedat;
3424 4990 3485 5035 ut

1901 5083 2095 5133 cuncta
2142 5073 2404 5145 proximis
2440 5087 2559 5142 quae
2603 5071 2857 5141 przevalet
2903 5072 3198 5143 impendat,
3246 5072 3342 5129 sed
3368 5072 3483 5127 hac

1902 5167 2260 5238 impendendo
2286 5181 2392 5221 non
2416 5173 2650 5231 tumeat;
2690 5173 2750 5220 ut
2777 5165 2856 5221 sic
2891 5165 2944 5222 in
2986 5166 3142 5223 bonis
3181 5182 3303 5238 qua:
3330 5166 3485 5222 exhi-

1902 5260 1994 5317 bet
2033 5260 2259 5315 tumoris
2299 5257 2656 5329 prmcipitium
2684 5268 2901 5328 paveat,
2942 5274 3010 5314 ne
3057 5267 3237 5314 tamen
3278 5274 3309 5312 a
3343 5258 3486 5312 bono

1901 5350 2163 5408 exercitio
2215 5358 2517 5419 torpescat;
2562 5357 2620 5403 ιιι
2667 5348 2747 5405 sic
2792 5364 2911 5419 qua:
2964 5351 3204 5421 possidet
3259 5347 3481 5414 tribuat,

1903 5451 2170 5515 quatenus
2205 5450 2407 5513 quanta
2434 5441 2503 5497 sit
2529 5440 2753 5513 largitas
2797 5442 3195 5499 remunerantis
3217 5439 3483 5506 attendat,

1899 5551 1969 5593 ne
1992 5551 2116 5592 cum
2144 5542 2357 5590 terrena
2379 5532 2629 5605 largitur,
2652 5549 2803 5590 suam
2829 5533 2949 5604 plus
2972 5546 3135 5603 quam
3161 5543 3381 5585 necesse
3403 5539 3487 5585 est

1900 5625 2154 5697 inopiam,
2171 5632 2226 5681 ct
2242 5625 2295 5679 in
2308 5624 2578 5681 oblatione
2598 5625 2839 5681 muneris
2851 5622 3141 5678 hilaritatis
3163 5620 3344 5675 lumen
3370 5622 3490 5678 tris-

1901 5720 2019 5776 titia
2038 5720 2309 5775 obscuret.
2326 5717 2470 5775 Bene
2493 5733 2621 5791 ergo
2634 5734 2766 5775 voce
2783 5716 2925 5773 beati
2944 5713 3067 5781 Job,
3084 5714 3169 5770 lex
3194 5714 3289 5770 Dei
3307 5713 3490 5770 multi-

1898 5813 2018 5889 plex
2033 5813 2228 5870 dicitur
2240 5811 2363 5883 (Job
2380 5812 2477 5874 xi).
2500 5811 2638 5885 Quia
2660 5810 2915 5869 nimirum
2931 5824 3056 5868 cum
3070 5825 3176 5867 una
3189 5811 3501 5890 eademque.
