4020 6338
583 406 647 459 89
662 405 677 458 ι

1062 403 1148 458 HA
1164 404 1413 467 YMONIS
1452 404 1923 467 HALBERSTAT.
1970 406 2179 463 EPISC.
2222 406 2368 464 OPP.
2410 411 2588 467 PARS
2627 414 2711 469 Ill.
2754 449 2793 458 —
2863 416 3359 475 MISCELLANEA.

3771 427 3877 482 892

583 516 651 569 sit
679 515 945 580 charitas,
993 516 1034 568 si
1083 524 1311 569 mentem
1341 515 1495 597 plene
1529 517 1759 587 ceperit,
1807 518 1940 573 hanc
1974 518 2043 575 ad
2083 518 2162 572 iu-
2190 520 2237 580 Α
2265 536 2324 576 se
2347 523 2582 589 sustulit,
2611 535 2730 595 post
2757 542 2855 597 per
2885 528 3194 584 cincinnum
3230 532 3421 602 capitis
3447 549 3576 589 aere
3605 535 3872 591 libravit.

590 620 811 660 numera
844 619 1005 675 opera
1038 605 1436 660 multiformiter
1465 608 1731 663 accendit.

1188 737 1413 795 CAPUT
1452 739 1537 794 Ill.

581 849 713 915 Qua
738 859 787 904 et
829 859 1027 922 quanta
1077 851 1213 905 bona
1230 861 1475 977 gizerztt‘a
1506 854 1571 906 sit
1606 854 1836 909 charitas
1879 856 1933 909 in
1961 861 2156 914 sanctis

1278 939 1310 975 a
1339 939 1380 975 rt
1455 941 1498 977 s.

1278 939 1330 975 αι
1339 939 1498 977 rivus.

550 1052 561 1061 “
644 1049 841 1125 (0rig.)
880 1050 1134 1107 Charitas
1166 1066 1399 1121 namque
1432 1067 1531 1122 per
1563 1051 1714 1116 Abel,
1753 1059 1808 1107 et
1851 1053 2019 1109 electa
2045 1056 2154 1112 Deo

576 1160 800 1199 munera
842 1145 1066 1211 obtulit,
1120 1151 1174 1200 et
1223 1143 1406 1198 fratris
1440 1144 1646 1216 gladios
1687 1161 1794 1201 non
1838 1147 2155 1203 reluctando

578 1237 845 1293 toleravit.
878 1237 1127 1293 Charitas
1174 1237 1359 1293 Enoch
1404 1246 1458 1292 et
1504 1239 1645 1292 inter
1695 1238 1942 1294 homines
1974 1241 2155 1297 vivere

574 1327 927 1398 spiritualiter
956 1327 1158 1391 docuit,
1194 1334 1248 1381 et
1277 1326 1343 1381 ad
1374 1326 1659 1381 sublimem
1687 1329 1851 1381 vitam
1883 1330 1952 1385 ab
1984 1330 2154 1384 homi-

577 1419 735 1475 nibus
779 1420 942 1474 etiam
985 1434 1209 1489 corpora
1255 1420 1543 1474 abstraxit.
1583 1419 1836 1477 Charitas
1877 1420 2005 1486 Noe,
2062 1422 2151 1478 de-

574 1512 772 1581 spectis
794 1512 1045 1565 omnibus
1072 1510 1242 1565 solum
1264 1501 1437 1565 Deum
1463 1510 1781 1581 placabilem
1816 1511 2068 1575 ostendit,
2093 1521 2153 1567 ut

567 1618 686 1671 qua:
715 1619 855 1659 arca:
897 1603 1151 1658 fabricam
1181 1603 1359 1657 studio
1402 1602 1548 1674 longi
1579 1602 1781 1658 laboris
1804 1605 2069 1669 exercuit,
2095 1611 2150 1661 et

569 1699 769 1751 mutulo
807 1698 1148 1773 superstitem
1189 1698 1278 1766 pio
1306 1712 1471 1767 opere
1502 1696 1806 1752 exercendo
1842 1699 2142 1769 superavit.

567 1790 815 1846 Charitas
862 1807 957 1860 per
984 1800 1152 1846 semet
1172 1789 1365 1861 Japhet
1395 1791 1671 1846 humiliter
1706 1794 1939 1848 verenda
1973 1795 2145 1864 patris

565 1884 796 1947 erubuit,
820 1891 874 1937 et
903 1881 1205 1952 superiecto
1228 1884 1402 1938 dorsis
1432 1883 1614 1953 pallio,
1649 1900 1769 1954 quae
1793 1900 1899 1939 non
1925 1885 2144 1940 videbat
2179 1885 2224 1943 B

567 1975 867 2030 abscondit.
883 1975 1130 2030 Charitas
1146 1975 1374 2030 Abrahae
1397 1976 1663 2041 dextram,
1682 1978 1805 2047 quia
1827 1978 1893 2032 ad
1909 1988 2139 2033 mortem

564 2067 674 2123 lilio
696 2069 991 2126 obediendo
1004 2069 1213 2135 extulit,
1237 2071 1379 2124 hunc
1402 2070 1567 2140 prolis
1588 2072 1883 2126 innumera:
1904 2074 2144 2144 gentium

562 2169 768 2231 patrem
804 2162 949 2216 fecit.
982 2161 1234 2216 Charitas
1272 2161 1419 2217 Isaac
1440 2173 1696 2230 mentem,
1731 2180 1894 2234 quam
1931 2181 2146 2236 semper

564 2254 630 2306 ad
659 2252 974 2306 munditiam
1008 2254 1198 2315 ternuit,
1251 2253 1614 2323 caligantibus
1659 2264 1821 2311 aetate
1848 2257 2035 2322 oculis,
2078 2258 2144 2311 ad

561 2344 791 2399 videnda
821 2344 976 2416 longe
999 2355 1120 2415 post
1149 2353 1374 2399 ventura
1405 2345 1669 2400 dilatavit.
1700 2346 1951 2403 Charitas
1978 2346 2145 2403 Jacob

560 2436 835 2507 compulit,
886 2447 939 2493 et
973 2437 1232 2514 amissum
1280 2437 1481 2492 bonum
1519 2437 1685 2491 lilium
1716 2438 2024 2494 medullitus
2053 2455 2144 2511 ge-

562 2549 729 2599 mere,
759 2545 812 2588 et
839 2549 1126 2603 pravorum
1151 2533 1381 2587 filiorum
1402 2534 1746 2603 praesentiam
1772 2535 1871 2589 sub
1900 2534 2139 2604 mquani-

561 2624 748 2678 mitate
789 2624 1038 2679 tolerare.
1080 2623 1329 2678 Charitas
1356 2622 1554 2695 Joseph
1598 2625 1779 2679 docuit
1822 2640 1853 2678 a
1886 2624 2142 2681 fratribus

559 2715 947 2777 venundatum,
998 2722 1054 2768 et
1096 2713 1347 2769 libertate
1385 2715 1549 2768 animi
1585 2714 1836 2781 infracta,
1864 2717 2140 2771 servitium

559 2807 788 2875 perpeti,
821 2815 875 2860 et
905 2806 1110 2861 eisdem
1156 2814 1277 2876 post
1324 2803 1581 2860 fratribus
1627 2814 1805 2860 mente
1849 2823 1954 2861 non
2000 2807 2141 2860 elata

560 2898 874 2968 principari.
906 2897 1162 2952 Charitas
1215 2897 1434 2966 Moysen
1486 2897 1829 2965 delinquente
1866 2897 2062 2968 populo
2089 2906 2144 2952 et

564 3003 732 3056 usque
773 2989 839 3041 ad
869 2988 1180 3058 petitionem
1216 2987 1408 3041 mortis
1459 2987 1511 3040 in
1542 2988 1793 3057 precibus
1834 2989 2045 3054 stravit,
2089 2996 2144 3043 et

558 3095 729 3150 usque
778 3081 843 3136 ad
896 3079 1327 3136 interfectionem
1380 3081 1562 3151 populi
1620 3097 1717 3153 per
1762 3082 1864 3137 zeli
1905 3083 2139 3138 studium

557 3172 760 3237 erexit,
819 3182 876 3227 ut
921 3180 978 3227 et
1003 3187 1102 3243 pro
1140 3179 1401 3242 pereunte
1440 3172 1595 3242 plebe
1648 3188 1767 3229 sese
1816 3174 1977 3228 morti
2013 3174 2140 3243 obji-

2259 613 2510 672 Charitas
2541 617 2593 671 in
2640 619 2930 685 Daniclem,
2983 624 3074 692 qui
3129 640 3159 677 a
3217 626 3357 696 regis
3389 627 3625 697 dapibus
3675 630 3870 700 gulam

2259 708 2611 776 compescuit,
2652 710 2701 763 ei
2746 719 2801 765 et
2828 712 3179 768 esurientium
3219 731 3314 770 ora
3366 716 3588 772 leonum
3622 720 3869 775 clausit.

2257 792 2506 851 Charitas
2536 797 2704 854 tribus
2730 800 2932 870 pueris,
2971 802 3096 871 quia
3140 805 3191 857 in
3225 807 3628 877 tranquillitate
3661 813 3865 880 positis

2258 885 2503 941 incendia
2548 889 2798 944 vitiorum
2849 892 3064 957 subdit,
3113 895 3475 953 tribulationis
3514 908 3791 971 tempore
3817 912 3867 956 et

2255 976 2498 1034 flammas
2552 979 2784 1037 fornacis
2841 988 3172 1056 temperavit.
3222 988 3473 1045 Charitas
3514 993 3571 1045 in
3604 991 3860 1048 Petroet

2256 1070 2416 1125 minis
2449 1073 2764 1128 terrentium
2815 1077 3118 1147 principum
3167 1078 3379 1136 fortiter
3425 1084 3663 1149 restitit,
3705 1094 3767 1139 et
3810 1086 3858 1139 in

2255 1160 2668 1218 circumcisione
2702 1166 3066 1222 submovenda
3109 1169 3334 1225 minoris
3360 1174 3522 1228 verba
3566 1174 3855 1231 humiliter

2256 1254 2475 1309 audivit.
2509 1254 2759 1312 Charitas
2790 1257 2841 1312 in
2872 1257 3060 1325 Paulo,
3087 1271 3141 1318 et
3174 1279 3368 1319 manus
3397 1270 3852 1337 persequentium

2255 1342 2530 1402 humiliter
2554 1350 2796 1418 pertulit,
2822 1360 2877 1406 et
2912 1360 3089 1409 tamen
3122 1355 3175 1409 in
3217 1356 3665 1414 circumcisionis
3689 1377 3848 1432 nego—

2256 1438 2348 1503 tio,
2379 1438 2537 1511 longe
2562 1456 2619 1497 se
2639 1441 2873 1514 impares
2894 1453 2951 1500 et
2972 1446 3179 1516 priores
3205 1463 3364 1504 sensu
3385 1453 3666 1506 audenter
3687 1453 3847 1509 incre

2252 1530 2418 1598 pavit.

2864 1649 3107 1709 CAPUT-
3135 1653 3224 1709 IV.

2570 1757 2771 1824 Quibus
2797 1762 2966 1817 modis
2995 1764 3225 1819 charitas
3252 1768 3522 1821 consistat.

2324 1887 2557 1962 (Pelag.)
2598 1889 2850 1948 Charitas
2898 1904 3132 1964 quatuor
3179 1897 3353 1953 modis
3402 1900 3672 1956 consistit
3700 1943 3717 1968 ,
3749 1903 3835 1959 hoc

2246 1989 2359 2036 est:
2385 1983 2438 2036 in
2469 1983 2755 2040 dilectione
2778 2002 2898 2056 quae
2919 1987 3092 2057 prima
3118 1998 3231 2054 est;
3254 1990 3492 2045 secunda
3524 2000 3587 2046 ut
3611 2004 3834 2050 nosmet-

2245 2073 2391 2145 ipsos
2427 2077 2723 2130 secundum
2749 2078 2940 2132 Deum
2994 2093 3273 2147 amemus;
3305 2084 3463 2137 tertia
3506 2087 3828 2155 proximos;

2246 2176 2438 2233 quarta
2484 2166 2647 2222 etiam
2691 2168 2960 2226 inimicos.
2995 2172 3161 2227 Deum
3210 2187 3338 2243 ergo
3392 2174 3519 2244 plus
3548 2193 3720 2246 quam
3746 2194 3829 2234 nos

2246 2256 2492 2328 diligere,
2524 2262 2831 2329 proximum
2862 2263 3004 2318 sicut
3031 2277 3150 2332 nos,
3175 2264 3455 2335 inimicum
3486 2267 3638 2322 sicut
3664 2270 3826 2339 proxi-

2247 2365 2415 2404 mum.
3030 2368 3037 2369 “

2869 2464 3099 2523 CAPUT
3138 2465 3204 2522 V.

2443 2572 2600 2638 Quod
2628 2576 2739 2630 sine
2764 2577 3021 2634 charitate
3047 2580 3196 2634 nulla
3224 2582 3359 2636 bona
3386 2594 3638 2653 prosunt.

2300 2706 2540 2780 (Prosp.)
2553 2706 2937 2780 Paulusinquit
2952 2712 3227 2782 apostolus
3246 2733 3257 2767 :
3275 2712 3333 2768 Si
3347 2715 3549 2787 linguis
3566 2718 3813 2773 hominum

2244 2795 2431 2866 quuar
2459 2805 2505 2849 et
2531 2796 2854 2867 angelorum,
2887 2800 3193 2855 charitatem
3230 2814 3401 2857 autem
3435 2824 3541 2859 non
3578 2808 3810 2871 habuero,

2245 2888 2415 2957 factus
2443 2905 2558 2943 sum
2599 2888 2732 2943 velut
2781 2906 2852 2945 aes
2877 2908 3090 2958 sonans,
3133 2903 3225 2948 aut
3268 2896 3567 2965 cymbalum
3596 2899 3808 2952 (innisa:

2243 2975 2296 3047 (1
2311 2976 2433 3031 Cor.
2461 2978 2600 3051 xm).
2620 2977 2905 3035 Hominum
2929 2982 3011 3038 vel
3034 2983 3347 3055 angelorum
3372 2986 3583 3057 linguas
3606 2990 3809 3043 inanem

2246 3066 2549 3124 facundiam
2586 3074 2941 3141 quorumdam
2994 3075 3353 3148 significatam
3388 3080 3630 3134 debemus
3662 3082 3805 3135 acci-

2243 3175 2392 3231 pere,
2421 3164 2512 3232 qui
2544 3165 2768 3221 docendi
2801 3164 3034 3222 ollicium
3086 3169 3324 3224 vanitate
3360 3170 3587 3241 placendi
3630 3172 3794 3241 magis

557 3271 725 3330 ceret,
777 3271 830 3341 et
881 3273 1070 3319 contra
1113 3272 1426 3334 peccantem
1483 3265 1731 3334 protinus
1779 3265 1894 3320 vice
1919 3264 2133 3320 Domini

2243 3268 2400 3323 quam
2440 3254 2750 3310 consulendi
2780 3257 3046 3314 charitate
3091 3262 3411 3331 suscipiunt,
3457 3270 3510 3317 et
3550 3264 3685 3317 dicta
3711 3280 3799 3317 sua

557 3354 843 3410 irascentis
891 3356 1125 3410 saeviret.
1187 3354 1439 3409 Charitas
1481 3354 1712 3409 Phinees
1760 3356 2039 3411 brachium
2078 3356 2128 3410 in

556 3448 757 3503 ultione
785 3448 1123 3518 peccantium
1151 3447 1345 3513 erexit,
1376 3456 1435 3502 ut
1469 3456 1686 3519 arrepto
1725 3448 1901 3519 gladio
1929 3464 2130 3505 coeun-

553 3551 636 3596 tes
704 3539 1064 3610 tra‘nsligcret,
1129 3547 1184 3592 et
1242 3539 1378 3593 iram
1443 3537 1653 3593 Domini
1718 3538 1888 3593 iratus
1948 3538 2130 3610 placa-

556 3641 658 3687 ret.
690 3630 942 3687 Cbaritas
973 3629 1099 3685 Jesu
1145 3630 1542 3701 exploratorem
1574 3632 1864 3701 docuit,iut
1892 3640 1943 3687 et
1984 3632 2135 3701 prius

556 3731 744 3779 contra
777 3722 1091 3793 falsiloquos
1116 3723 1264 3778 cives
1298 3723 1581 3777 veritatem
1611 3700 2130 3788 verbo’defenderet,

553 3825 607 3871 et
636 3814 777 3869 hanc
808 3813 1147 3883 postmodum
1196 3813 1372 3885 gladio
1415 3823 1600 3868 contra
1654 3814 1837 3869 hostes
1866 3813 2128 3885 alligaret.

553 3906 804 3963 Charitas
834 3905 1053 3961 Samuel
1080 3914 1133 3958 et
1162 3906 1216 3959 in
1247 3906 1553 3976 principatu
1602 3905 1856 3958 humilem
1882 3907 2128 3976 praebuit,

552 4007 609 4051 et
638 3995 906 4065 integrum
937 3994 991 4048 in
1032 3994 1332 4063 dejectione
1384 3995 1637 4058 servavit,
1672 3994 1909 4062 quicum
1946 4009 2131 4064 perse-

552 4094 804 4157 quentem
853 4100 913 4139 se
963 4083 1175 4154 plebem
1231 4082 1497 4154 diligeret,
1549 4082 1662 4152 ipse
1694 4083 1793 4138 sibi
1823 4085 2129 4139 testimonio

550 4176 784 4243 exstitit,
809 4176 934 4247 quia
960 4175 1171 4231 culmen
1204 4192 1269 4231 ex
1293 4190 1398 4245 quo
1420 4175 1659 4246 deiectus
1678 4184 1761 4230 est
1783 4190 1888 4230 non
1906 4178 2124 4231 amavit.

550 4269 800 4327 Charitas
846 4268 1015 4324 David
1062 4277 1186 4323 ante
1218 4266 1460 4338 iniquum
1505 4282 1704 4339 regem,
1736 4276 1791 4322 et
1832 4269 2130 4325 humilitate

550 4362 844 4419 commovit
890 4361 957 4416 ad
1006 4358 1206 4431 fugam,
1237 4367 1291 4413 et
1345 4357 1649 4412 humilitate
1688 4356 1917 4429 replevit
1945 4358 2009 4413 ad
2040 4376 2130 4414 ve-

551 4458 717 4521 niam,
761 4455 887 4525 quia
915 4461 1320 4526 persecutorem
1361 4466 1517 4507 suum
1559 4461 1613 4505 et
1641 4452 1879 4507 timendo
1902 4453 2036 4524 fugit
2072 4463 2130 4508 ut

550 4551 856 4616 Dominmn,
889 4559 943 4605 et
975 4559 1155 4605 tamen
1186 4565 1309 4609 cum
1341 4558 1667 4620 potestatem
1696 4550 1923 4607 feriendi
1970 4568 2125 4623 repe-

2238 3345 2410 3415 magis
2444 3346 2667 3415 cupiunt
2702 3347 2909 3404 laudari
2947 3366 3108 3419 quam
3140 3352 3282 3419 lieri;
3311 3370 3412 3410 nec
3431 3355 3497 3409 de
3534 3357 3800 3411 sanctitate

2236 3435 2436 3504 operis,
2468 3436 2561 3492 sed
2582 3436 2648 3491 de
2672 3441 2937 3499 sermonis
2962 3441 3261 3497 elucubrati
3293 3452 3577 3500 venustate
3606 3446 3798 3501 solliciti

2237 3536 2383 3580 sunt.
2412 3526 2604 3582 Merito
2633 3530 2686 3583 hi
2717 3530 2849 3585 tales
2870 3543 3166 3590 {cremento
3186 3536 3425 3600 sonanti,
3450 3545 3549 3590 aut
3573 3537 3794 3591 tinnienti

2236 3619 2487 3689 cymbalo
2515 3633 2921 3691 comparantur,
2945 3625 3038 3694 qui
3063 3625 3114 3679 iu
3138 3628 3351 3681 modum
3382 3628 3669 3683 tinnieutis
3690 3644 3795 3682 aera-

2239 3710 2405 3764 menti
2435 3710 2521 3766 vel
2550 3711 2783 3783 cymbali
2816 3715 3076 3783 przeclara
3104 3732 3329 3787 qumque
3358 3719 3537 3788 magis
3572 3728 3786 3790 appetunt

2236 3814 2429 3855 sonare
2457 3815 2619 3871 quam
2651 3802 2852 3857 facere.
2889 3805 2957 3858 Et
2993 3807 3039 3860 si
3085 3807 3339 3874 habuero,
3380 3810 3567 3879 inquit
3597 3814 3792 3882 Aposto-

2238 3890 2344 3957 lus,
2374 3888 2722 3963 prapheliam,
2747 3906 2795 3949 et
2825 3899 3051 3950 noverim
3074 3900 3255 3951 omnia
3271 3903 3524 3970 mysteria
3553 3913 3604 3955 et
3627 3918 3797 3956 omnem

2234 3984 2505 4039 scientiam
2537 3996 2629 4040 :et
2660 3988 2704 4040 si
2744 3988 2976 4044 habuero
3007 4008 3208 4046 omnem
3242 3994 3400 4061 ﬁdem
3433 3997 3509 4049 ita
3541 4007 3600 4050 ut
3632 4008 3798 4050 meum

2233 4079 2578 4146 transferant,
2642 4082 2949 4136 charitatem
3002 4095 3175 4137 autem
3223 4103 3325 4139 non
3374 4087 3641 4153 habuero,
3690 4087 3800 4141 nihil

2231 4182 2346 4219 sum
2384 4167 2594 4238 (lbid.).
2635 4169 2749 4225 Non
2803 4173 2867 4225 ad
2919 4174 3022 4227 hoc
3077 4174 3176 4228 ista
3224 4175 3371 4237 dicit,
3432 4178 3599 4245 quasi
3644 4178 3796 4246 aliqua

2231 4260 2370 4314 bona
2401 4261 2520 4316 sine
2563 4263 2826 4318 charitate
2870 4266 3071 4321 habere
3106 4266 3268 4336 aliqui
3306 4269 3538 4338 possint,
3577 4271 3670 4324 sed
3694 4268 3796 4340 quia

2231 4350 2363 4405 nihil
2392 4354 2602 4422 prosint
2624 4355 2946 4411 habentibus
2965 4372 3051 4421 ea,
3081 4358 3123 4413 si
3147 4374 3178 4412 a
3209 4358 3477 4413 charitate
3497 4360 3798 4416 defecerint.

2231 4444 2302 4498 Et
2328 4446 2373 4500 si
2402 4446 2712 4501 distribuero
2749 4449 2802 4503 in
2832 4449 2971 4503 cibos
3006 4467 3292 4521 pauperum
3315 4467 3495 4507 omnes
3542 4452 3803 4521 facultates

2231 4553 2392 4602 meas,
2419 4548 2465 4592 et
2489 4539 2534 4591 si
2555 4540 2821 4593 tradidero
2842 4557 3031 4610 corpus
3054 4558 3223 4594 meum
3246 4542 3321 4595 ita
3343 4552 3398 4595 ut
3420 4544 3669 4604 ardeam,
3694 4546 3800 4596 cha-

550 4642 641 4708 rit,
670 4657 776 4696 non
807 4642 1027 4714 agnovit
1059 4640 1360 4695 inimicum.
1390 4639 1642 4695 Charitas
1670 4640 1883 4696 Nathan
1918 4652 1970 4697 et
1996 4658 2127 4697 con-

2243 4627 2439 4681 ritalem
2465 4638 2637 4681 autem
2661 4645 2763 4682 non
2785 4628 3035 4696 habuero,
3063 4630 3193 4696 nihil
3216 4630 3343 4683 mihi
3368 4633 3589 4700 prodest
3614 4632 3801 4704 (lbid.}.

548 4744 629 4788 tra
660 4744 977 4805 peccantem
1006 4748 1185 4804 regem
1212 4733 1264 4787 in
1281 4734 1657 4789 auctoritatem
1684 4734 1866 4788 liberte
1883 4734 2125 4804 increpa-

548 4825 709 4879 tiouis
732 4825 970 4890 sustulit,
1001 4834 1056 4879 et
1096 4841 1219 4879 cum
1268 4826 1408 4896 regis
1439 4824 1594 4896 culpa
1633 4825 1865 4889 deesset,
1900 4826 1951 4878 in
1981 4826 2120 4896 peti-

548 4916 693 4970 tione
724 4916 999 4971 humiliter
1043 4917 1256 4971 stravit.
1288 4917 1539 4971 Charitas
1573 4933 1670 4987 per
1696 4916 1886 4970 Isaiam
1912 4918 2124 4971 nudita-

549 5015 653 5061 tem
676 5008 854 5061 carnis
893 5007 945 5061 in
975 5009 1354 5077 praedicatione
1380 5024 1485 5063 non
1516 5008 1751 5074 erubuit,
1784 5018 1839 5061 et
1859 5008 2123 5063 subducto

545 5096 751 5151 carnali
780 5096 1044 5151 velamine
1076 5100 1332 5169 mysteria
1357 5113 1586 5169 superna
1624 5098 1949 5169 penetravit.
1985 5098 2123 5153 Cha-

548 5189 680 5244 ritas
708 5187 938 5254 Heliam,
976 5191 1102 5259 quia
1155 5189 1384 5246 fervoris
1437 5192 1553 5246 zelo
1584 5192 1765 5245 vivere
1807 5189 2121 5259 spiritaliter

548 5282 749 5348 docuit,
781 5282 847 5337 ad
885 5281 1048 5336 vitam
1081 5298 1295 5352 quoque
1340 5293 1395 5338 et
1434 5284 1790 5354 corporaliter
1831 5284 2117 5338 abstraxit.

544 5373 796 5431 Charitas
836 5374 1107 5439 Eliseum,
1148 5373 1273 5442 quia
1318 5377 1630 5446 magistrum
1668 5377 1889 5446 diligere
1917 5377 2123 5447 simpli-

543 5468 681 5523 citer
726 5468 978 5533 instituit,
1027 5466 1273 5538 magistri
1308 5468 1499 5538 spiritu
1531 5467 1816 5538 dupliciter
1855 5470 2117 5541 implevit.

542 5559 650 5617 Per
697 5562 1017 5617 charitatem
1055 5558 1323 5616 Jcremias
1362 5575 1429 5614 ne
1466 5560 1517 5613 in
1551 5559 1843 5633 Aigyptum
1890 5563 2118 5633 populus

544 5655 916 5722 descenderet,
952 5655 1187 5719 restitit;
1223 5654 1318 5709 sed
1352 5662 1531 5708 tamen
1559 5663 1614 5708 et
1644 5655 2014 5711 inobedieutes
2036 5656 2117 5710 di-

544 5746 737 5819 ligens,
777 5763 884 5821 quo
912 5747 1241 5804 descendere
1272 5746 1568 5818 prohibuit,
1597 5756 1649 5802 et
1678 5746 1791 5818 ipse
1816 5748 2110 5803 descendit.

539 5837 792 5897 Charitas
810 5838 1177 5905 Ezechielem,
1199 5840 1323 5910 quia
1347 5839 1497 5912 prius
1519 5854 1549 5893 a
1573 5840 1803 5895 terrenis
1832 5839 2114 5898 desideriis

2232 4717 2480 4774 Charitas
2521 4735 2649 4790 ergo
2693 4720 2936 4776 habenda
2983 4730 3065 4776 est
3109 4724 3218 4792 ipsa
3258 4732 3312 4776 et
3357 4726 3656 4789 sectanda,
3705 4723 3805 4777 sine

2231 4821 2335 4877 qua
2394 4823 2493 4863 uec
2549 4809 2943 4883 eleemosynte,
2980 4825 3080 4867 nec
3132 4812 3334 4866 occisio
3384 4814 3673 4881 corporis,
3720 4824 3803 4864 nec

2232 4904 2321 4958 illa
2367 4904 2545 4957 omnia
2597 4906 2846 4974 superius
2892 4905 3060 4970 dicta,
3105 4904 3187 4960 vel
3231 4905 3335 4959 alia
3379 4904 3645 4973 quaelibet
3682 4905 3803 4958 bona

2230 4993 2527 5065 perducunt
2574 4994 2782 5064 aliquos
2822 4997 2888 5050 ad
2939 4995 3186 5050 salutem.
3218 4994 3354 5062 Quia
3382 4994 3650 5063 quaslibet
3678 4996 3803 5047 bona

2229 5085 2370 5139 actio
2405 5084 2488 5140 vel
2532 5086 2734 5156 passio,
2773 5086 2875 5140 nisi
2917 5100 2982 5140 ex
3016 5086 3138 5149 fide,
3174 5100 3293 5154 qua:
3326 5100 3424 5155 per
3466 5085 3809 5140 dilectionem

2225 5186 2500 5246 operatur,
2544 5178 2874 5241 exstiterint,
2911 5176 3067 5231 nobis
3106 5177 3367 5246 prodesse
3393 5191 3499 5231 non
3534 5184 3801 5245 poterunt.

2226 5268 2566 5339 Quapropter
2611 5268 2744 5321 nihil
2795 5270 2876 5324 eis
2918 5268 3124 5338 peccati
3171 5265 3500 5321 damnabilis
3527 5277 3807 5322 remanere

2224 5360 2443 5430 poterit,
2495 5374 2595 5413 nec
2641 5358 2814 5412 deerit
2862 5358 3061 5429 aliquid
3106 5358 3253 5423 boni,
3301 5357 3500 5427 quibus
3543 5358 3803 5416 charitas,

2226 5453 2404 5509 omnis
2437 5454 2826 5523 inquinamenti
2860 5454 3159 5520 mundatio,
3192 5463 3247 5511 et
3268 5455 3539 5510 bonorum
3568 5453 3804 5511 omnium

2228 5557 2419 5614 mater,
2446 5548 2697 5603 adfuerit.
