  <div class='ocr_page' id='page_1' title='image "/cluster/home/n/w/nwhite01/storage/ocr_20150623/118/hvd.32044015466907/452.png"; bbox 0 0 4020 6338; ppageno 0'>
   <div class='ocr_carea' id='block_1_1' title="bbox 190 435 300 492">
    <p class='ocr_par' dir='ltr' id='par_1_1' title="bbox 190 435 300 492">
     <span class='ocr_line' id='line_1_1' title="bbox 190 435 300 492; baseline 0.018 -2"><span class='ocrx_word' id='word_1_1' title='bbox 190 435 300 492; x_wconf 78' lang='grc'><strong><em>893</em></strong></span> 
     </span>
    </p>
   </div>
   <div class='ocr_carea' id='block_1_2' title="bbox 812 547 1165 605">
    <p class='ocr_par' dir='ltr' id='par_1_2' title="bbox 812 547 1165 605">
     <span class='ocr_line' id='line_1_2' title="bbox 812 547 1165 605; baseline 0 -1"><span class='ocrx_word' id='word_1_2' title='bbox 812 548 1038 605; x_wconf 81' lang='lat' dir='ltr'><strong><em>CAPUT</em></strong></span> <span class='ocrx_word' id='word_1_3' title='bbox 1078 547 1165 604; x_wconf 81' lang='lat' dir='ltr'><strong><em>VI.</em></strong></span> 
     </span>
    </p>
   </div>
   <div class='ocr_carea' id='block_1_3' title="bbox 264 640 1699 726">
    <p class='ocr_par' dir='ltr' id='par_1_3' title="bbox 264 640 1699 726">
     <span class='ocr_line' id='line_1_3' title="bbox 264 640 1699 726; baseline -0.003 -27"><span class='ocrx_word' id='word_1_4' title='bbox 264 642 509 711; x_wconf 75' lang='lat' dir='ltr'><strong><em>Qualiter</em></strong></span> <span class='ocrx_word' id='word_1_5' title='bbox 536 644 682 697; x_wconf 70' lang='lat' dir='ltr'><strong><em>verba</em></strong></span> <span class='ocrx_word' id='word_1_6' title='bbox 716 640 1055 726; x_wconf 55' lang='lat' dir='ltr'><strong><em>beatiuPauli</em></strong></span> <span class='ocrx_word' id='word_1_7' title='bbox 1093 642 1315 726; x_wconf 84' lang='lat' dir='ltr'><strong><em>apostoli</em></strong></span> <span class='ocrx_word' id='word_1_8' title='bbox 1342 644 1407 697; x_wconf 87' lang='lat' dir='ltr'><strong><em>de</em></strong></span> <span class='ocrx_word' id='word_1_9' title='bbox 1445 642 1699 697; x_wconf 82' lang='lat' dir='ltr'><strong><em>charitate</em></strong></span> 
     </span>
    </p>
   </div>
   <div class='ocr_carea' id='block_1_4' title="bbox 738 714 1273 803">
    <p class='ocr_par' dir='ltr' id='par_1_4' title="bbox 738 714 1273 803">
     <span class='ocr_line' id='line_1_4' title="bbox 738 714 1273 803; baseline 0 -36"><span class='ocrx_word' id='word_1_10' title='bbox 738 714 1076 803; x_wconf 80' lang='lat' dir='ltr'><strong><em>intelligenda</em></strong></span> <span class='ocrx_word' id='word_1_11' title='bbox 1094 714 1218 768; x_wconf 82' lang='lat' dir='ltr'><strong><em>sint.</em></strong></span> <span class='ocrx_word' id='word_1_12' title='bbox 1263 764 1273 773; x_wconf 86' lang='grc'><em>,</em></span> 
     </span>
    </p>
   </div>
   <div class='ocr_carea' id='block_1_5' title="bbox 262 828 1771 903">
    <p class='ocr_par' dir='ltr' id='par_1_5' title="bbox 262 828 1771 903">
     <span class='ocr_line' id='line_1_5' title="bbox 262 828 1771 903; baseline -0.001 -17"><span class='ocrx_word' id='word_1_13' title='bbox 262 830 495 903; x_wconf 87' lang='lat' dir='ltr'><strong><em>(Greg.)</em></strong></span> <span class='ocrx_word' id='word_1_14' title='bbox 536 828 778 886; x_wconf 80' lang='lat' dir='ltr'><strong><em>Charitas</em></strong></span> <span class='ocrx_word' id='word_1_15' title='bbox 818 833 1019 903; x_wconf 83' lang='lat' dir='ltr'><strong><em>patiens</em></strong></span> <span class='ocrx_word' id='word_1_16' title='bbox 1057 841 1161 897; x_wconf 86' lang='lat' dir='ltr'><strong><em>est,</em></strong></span> <span class='ocrx_word' id='word_1_17' title='bbox 1210 833 1429 903; x_wconf 89' lang='lat' dir='ltr'><strong><em>benigna</em></strong></span> <span class='ocrx_word' id='word_1_18' title='bbox 1476 842 1549 887; x_wconf 91' lang='lat' dir='ltr'><strong><em>est</em></strong></span> <span class='ocrx_word' id='word_1_19' title='bbox 1598 845 1616 884; x_wconf 91' lang='lat'><strong><em>:</em></strong></span> <span class='ocrx_word' id='word_1_20' title='bbox 1667 847 1771 886; x_wconf 89' lang='lat' dir='ltr'><strong><em>non</em></strong></span> 
     </span>
    </p>
   </div>
   <div class='ocr_carea' id='block_1_6' title="bbox 181 921 1770 993">
    <p class='ocr_par' dir='ltr' id='par_1_6' title="bbox 181 921 1770 993">
     <span class='ocr_line' id='line_1_6' title="bbox 181 921 1770 993; baseline 0.001 -18"><span class='ocrx_word' id='word_1_21' title='bbox 181 921 494 986; x_wconf 73' lang='lat' dir='ltr'><strong><em>tumulatur,</em></strong></span> <span class='ocrx_word' id='word_1_22' title='bbox 529 937 633 975; x_wconf 91' lang='lat' dir='ltr'><strong><em>non</em></strong></span> <span class='ocrx_word' id='word_1_23' title='bbox 684 922 923 992; x_wconf 78' lang='lat' dir='ltr'><strong><em>inﬂatur,</em></strong></span> <span class='ocrx_word' id='word_1_24' title='bbox 966 937 1071 976; x_wconf 90' lang='lat' dir='ltr'><strong><em>non</em></strong></span> <span class='ocrx_word' id='word_1_25' title='bbox 1114 923 1219 993; x_wconf 88' lang='lat' dir='ltr'><strong><em>agit</em></strong></span> <span class='ocrx_word' id='word_1_26' title='bbox 1248 939 1540 993; x_wconf 86' lang='lat' dir='ltr'><strong><em>perperam,</em></strong></span> <span class='ocrx_word' id='word_1_27' title='bbox 1570 940 1670 976; x_wconf 90' lang='lat' dir='ltr'><strong><em>non</em></strong></span> <span class='ocrx_word' id='word_1_28' title='bbox 1696 930 1770 976; x_wconf 85' lang='lat' dir='ltr'><strong><em>est</em></strong></span> 
     </span>
    </p>
   </div>
   <div class='ocr_carea' id='block_1_7' title="bbox 178 1012 1765 1083">
    <p class='ocr_par' dir='ltr' id='par_1_7' title="bbox 178 1012 1765 1083">
     <span class='ocr_line' id='line_1_7' title="bbox 178 1012 1765 1083; baseline 0.001 -18"><span class='ocrx_word' id='word_1_29' title='bbox 178 1012 488 1075; x_wconf 81' lang='lat' dir='ltr'><strong><em>antbitiosa,</em></strong></span> <span class='ocrx_word' id='word_1_30' title='bbox 522 1027 625 1065; x_wconf 89' lang='lat' dir='ltr'><strong><em>non</em></strong></span> <span class='ocrx_word' id='word_1_31' title='bbox 650 1014 838 1082; x_wconf 72' lang='lat' dir='ltr'><strong><em>qumrit</em></strong></span> <span class='ocrx_word' id='word_1_32' title='bbox 878 1028 994 1083; x_wconf 75' lang='lat' dir='ltr'><strong><em>qua:</em></strong></span> <span class='ocrx_word' id='word_1_33' title='bbox 1042 1030 1139 1067; x_wconf 89' lang='lat' dir='ltr'><strong><em>sua</em></strong></span> <span class='ocrx_word' id='word_1_34' title='bbox 1186 1022 1328 1079; x_wconf 88' lang='lat' dir='ltr'><strong><em>sunt,</em></strong></span> <span class='ocrx_word' id='word_1_35' title='bbox 1371 1031 1473 1068; x_wconf 89' lang='lat' dir='ltr'><strong><em>non</em></strong></span> <span class='ocrx_word' id='word_1_36' title='bbox 1506 1014 1765 1078; x_wconf 78' lang='lat' dir='ltr'><strong><em>irritatur,</em></strong></span> 
     </span>
    </p>
   </div>
   <div class='ocr_carea' id='block_1_8' title="bbox 182 1104 1768 1177">
    <p class='ocr_par' dir='ltr' id='par_1_8' title="bbox 182 1104 1768 1177">
     <span class='ocr_line' id='line_1_8' title="bbox 182 1104 1768 1177; baseline 0.002 -20"><span class='ocrx_word' id='word_1_37' title='bbox 182 1122 297 1158; x_wconf 91' lang='lat' dir='ltr'><strong><em>non</em></strong></span> <span class='ocrx_word' id='word_1_38' title='bbox 320 1106 513 1174; x_wconf 87' lang='lat' dir='ltr'><strong><em>cogitat</em></strong></span> <span class='ocrx_word' id='word_1_39' title='bbox 547 1104 767 1171; x_wconf 89' lang='lat' dir='ltr'><strong><em>malum,</em></strong></span> <span class='ocrx_word' id='word_1_40' title='bbox 797 1121 899 1160; x_wconf 80' lang='lat' dir='ltr'><strong><em>non</em></strong></span> <span class='ocrx_word' id='word_1_41' title='bbox 923 1105 1114 1175; x_wconf 82' lang='lat' dir='ltr'><strong><em>gaudet</em></strong></span> <span class='ocrx_word' id='word_1_42' title='bbox 1138 1122 1294 1176; x_wconf 88' lang='lat' dir='ltr'><strong><em>super</em></strong></span> <span class='ocrx_word' id='word_1_43' title='bbox 1320 1107 1617 1177; x_wconf 84' lang='lat' dir='ltr'><strong><em>iniquitate,</em></strong></span> <span class='ocrx_word' id='word_1_44' title='bbox 1642 1123 1768 1160; x_wconf 87' lang='lat' dir='ltr'><strong><em>con-</em></strong></span> 
     </span>
    </p>
   </div>
   <div class='ocr_carea' id='block_1_9' title="bbox 180 1194 1772 1273">
    <p class='ocr_par' dir='ltr' id='par_1_9' title="bbox 180 1194 1772 1273">
     <span class='ocr_line' id='line_1_9' title="bbox 180 1194 1772 1273; baseline 0.001 -24"><span class='ocrx_word' id='word_1_45' title='bbox 180 1196 380 1265; x_wconf 86' lang='lat' dir='ltr'><strong><em>gaudet</em></strong></span> <span class='ocrx_word' id='word_1_46' title='bbox 420 1205 592 1273; x_wconf 85' lang='lat' dir='ltr'><strong><em>autem</em></strong></span> <span class='ocrx_word' id='word_1_47' title='bbox 638 1196 840 1250; x_wconf 83' lang='lat' dir='ltr'><strong><em>veritati</em></strong></span> <span class='ocrx_word' id='word_1_48' title='bbox 882 1194 932 1267; x_wconf 93' lang='lat' dir='ltr'><strong><em>(I</em></strong></span> <span class='ocrx_word' id='word_1_49' title='bbox 970 1194 1092 1250; x_wconf 89' lang='lat' dir='ltr'><strong><em>Cor.</em></strong></span> <span class='ocrx_word' id='word_1_50' title='bbox 1139 1196 1280 1265; x_wconf 86' lang='lat' dir='ltr'><strong><em>xm).</em></strong></span> <span class='ocrx_word' id='word_1_51' title='bbox 1321 1195 1537 1251; x_wconf 86' lang='lat' dir='ltr'><strong><em>Patiens</em></strong></span> <span class='ocrx_word' id='word_1_52' title='bbox 1574 1199 1772 1267; x_wconf 82' lang='lat' dir='ltr'><strong><em>quippe</em></strong></span> 
     </span>
    </p>
   </div>
   <div class='ocr_carea' id='block_1_10' title="bbox 183 1287 1767 1358">
    <p class='ocr_par' dir='ltr' id='par_1_10' title="bbox 183 1287 1767 1358">
     <span class='ocr_line' id='line_1_10' title="bbox 183 1287 1767 1358; baseline 0 -16"><span class='ocrx_word' id='word_1_53' title='bbox 183 1299 265 1343; x_wconf 89' lang='lat' dir='ltr'><strong><em>est</em></strong></span> <span class='ocrx_word' id='word_1_54' title='bbox 298 1287 557 1351; x_wconf 85' lang='lat' dir='ltr'><strong><em>charitas,</em></strong></span> <span class='ocrx_word' id='word_1_55' title='bbox 601 1288 726 1356; x_wconf 85' lang='lat' dir='ltr'><strong><em>quia</em></strong></span> <span class='ocrx_word' id='word_1_56' title='bbox 768 1287 913 1341; x_wconf 84' lang='lat' dir='ltr'><strong><em>illata</em></strong></span> <span class='ocrx_word' id='word_1_57' title='bbox 960 1288 1099 1343; x_wconf 89' lang='lat' dir='ltr'><strong><em>mala</em></strong></span> <span class='ocrx_word' id='word_1_58' title='bbox 1137 1289 1515 1358; x_wconf 70' lang='lat' dir='ltr'><strong><em>mquanimiter</em></strong></span> <span class='ocrx_word' id='word_1_59' title='bbox 1554 1288 1767 1342; x_wconf 85' lang='lat' dir='ltr'><strong><em>tolerat.</em></strong></span> 
     </span>
    </p>
   </div>
   <div class='ocr_carea' id='block_1_11' title="bbox 183 1377 1771 1451">
    <p class='ocr_par' dir='ltr' id='par_1_11' title="bbox 183 1377 1771 1451">
     <span class='ocr_line' id='line_1_11' title="bbox 183 1377 1771 1451; baseline 0.003 -21"><span class='ocrx_word' id='word_1_60' title='bbox 183 1377 423 1447; x_wconf 81' lang='lat' dir='ltr'><strong><em>Benigno</em></strong></span> <span class='ocrx_word' id='word_1_61' title='bbox 453 1392 582 1431; x_wconf 91' lang='lat' dir='ltr'><strong><em>vero</em></strong></span> <span class='ocrx_word' id='word_1_62' title='bbox 619 1387 717 1442; x_wconf 90' lang='lat' dir='ltr'><strong><em>est,</em></strong></span> <span class='ocrx_word' id='word_1_63' title='bbox 772 1379 898 1449; x_wconf 89' lang='lat' dir='ltr'><strong><em>quia</em></strong></span> <span class='ocrx_word' id='word_1_64' title='bbox 927 1395 1024 1449; x_wconf 90' lang='lat' dir='ltr'><strong><em>pro</em></strong></span> <span class='ocrx_word' id='word_1_65' title='bbox 1057 1380 1214 1434; x_wconf 89' lang='lat' dir='ltr'><strong><em>malis</em></strong></span> <span class='ocrx_word' id='word_1_66' title='bbox 1247 1379 1385 1435; x_wconf 89' lang='lat' dir='ltr'><strong><em>bona</em></strong></span> <span class='ocrx_word' id='word_1_67' title='bbox 1424 1380 1646 1451; x_wconf 79' lang='lat' dir='ltr'><strong><em>largiter</em></strong></span> <span class='ocrx_word' id='word_1_68' title='bbox 1671 1381 1771 1434; x_wconf 89' lang='lat' dir='ltr'><strong><em>mi-</em></strong></span> 
     </span>
    </p>
   </div>
   <div class='ocr_carea' id='block_1_12' title="bbox 184 1466 1772 1542">
    <p class='ocr_par' dir='ltr' id='par_1_12' title="bbox 184 1466 1772 1542">
     <span class='ocr_line' id='line_1_12' title="bbox 184 1466 1772 1542; baseline 0.003 -22"><span class='ocrx_word' id='word_1_69' title='bbox 184 1467 405 1520; x_wconf 79' lang='lat' dir='ltr'><strong><em>nistrat.</em></strong></span> <span class='ocrx_word' id='word_1_70' title='bbox 440 1466 562 1520; x_wconf 88' lang='lat' dir='ltr'><strong><em>Non</em></strong></span> <span class='ocrx_word' id='word_1_71' title='bbox 590 1467 872 1521; x_wconf 60' lang='lat' dir='ltr'><strong><em>a’mulatur</em></strong></span> <span class='ocrx_word' id='word_1_72' title='bbox 899 1486 917 1523; x_wconf 95' lang='lat'><em>:</em></span> <span class='ocrx_word' id='word_1_73' title='bbox 949 1470 1073 1542; x_wconf 92' lang='lat' dir='ltr'><strong><em>quia</em></strong></span> <span class='ocrx_word' id='word_1_74' title='bbox 1103 1486 1200 1541; x_wconf 89' lang='lat' dir='ltr'><strong><em>per</em></strong></span> <span class='ocrx_word' id='word_1_75' title='bbox 1231 1472 1351 1535; x_wconf 88' lang='lat' dir='ltr'><strong><em>hoc,</em></strong></span> <span class='ocrx_word' id='word_1_76' title='bbox 1383 1472 1525 1541; x_wconf 92' lang='lat' dir='ltr'><strong><em>quod</em></strong></span> <span class='ocrx_word' id='word_1_77' title='bbox 1557 1471 1609 1524; x_wconf 93' lang='lat' dir='ltr'><strong><em>in</em></strong></span> <span class='ocrx_word' id='word_1_78' title='bbox 1634 1486 1772 1541; x_wconf 72' lang='lat' dir='ltr'><strong><em>prte-</em></strong></span> 
     </span>
    </p>
   </div>
   <div class='ocr_carea' id='block_1_13' title="bbox 184 1559 1770 1633">
    <p class='ocr_par' dir='ltr' id='par_1_13' title="bbox 184 1559 1770 1633">
     <span class='ocr_line' id='line_1_13' title="bbox 184 1559 1770 1633; baseline 0.003 -19"><span class='ocrx_word' id='word_1_79' title='bbox 184 1559 327 1614; x_wconf 88' lang='lat' dir='ltr'><strong><em>senti</em></strong></span> <span class='ocrx_word' id='word_1_80' title='bbox 369 1561 568 1614; x_wconf 90' lang='lat' dir='ltr'><strong><em>mundo</em></strong></span> <span class='ocrx_word' id='word_1_81' title='bbox 599 1560 732 1625; x_wconf 81' lang='lat' dir='ltr'><strong><em>nihil</em></strong></span> <span class='ocrx_word' id='word_1_82' title='bbox 768 1564 993 1633; x_wconf 85' lang='lat' dir='ltr'><strong><em>appetit,</em></strong></span> <span class='ocrx_word' id='word_1_83' title='bbox 1022 1563 1262 1619; x_wconf 90' lang='lat' dir='ltr'><strong><em>invidere</em></strong></span> <span class='ocrx_word' id='word_1_84' title='bbox 1296 1564 1525 1619; x_wconf 83' lang='lat' dir='ltr'><strong><em>terrenis</em></strong></span> <span class='ocrx_word' id='word_1_85' title='bbox 1552 1578 1770 1618; x_wconf 82' lang='lat' dir='ltr'><strong><em>succes-</em></strong></span> 
     </span>
    </p>
   </div>
   <div class='ocr_carea' id='block_1_14' title="bbox 183 1651 1771 1726">
    <p class='ocr_par' dir='ltr' id='par_1_14' title="bbox 183 1651 1771 1726">
     <span class='ocr_line' id='line_1_14' title="bbox 183 1651 1771 1726; baseline 0.003 -21"><span class='ocrx_word' id='word_1_86' title='bbox 183 1651 339 1705; x_wconf 81' lang='lat' dir='ltr'><strong><em>sibus</em></strong></span> <span class='ocrx_word' id='word_1_87' title='bbox 390 1651 583 1704; x_wconf 89' lang='lat' dir='ltr'><strong><em>nescit.</em></strong></span> <span class='ocrx_word' id='word_1_88' title='bbox 632 1651 754 1706; x_wconf 87' lang='lat' dir='ltr'><strong><em>Non</em></strong></span> <span class='ocrx_word' id='word_1_89' title='bbox 781 1654 1022 1723; x_wconf 80' lang='lat' dir='ltr'><strong><em>inﬂatur,</em></strong></span> <span class='ocrx_word' id='word_1_90' title='bbox 1066 1656 1192 1723; x_wconf 83' lang='lat' dir='ltr'><strong><em>quia</em></strong></span> <span class='ocrx_word' id='word_1_91' title='bbox 1241 1672 1362 1710; x_wconf 91' lang='lat' dir='ltr'><strong><em>cum</em></strong></span> <span class='ocrx_word' id='word_1_92' title='bbox 1386 1656 1771 1726; x_wconf 72' lang='lat' dir='ltr'><strong><em>praemiumin-</em></strong></span> 
     </span>
    </p>
   </div>
   <div class='ocr_carea' id='block_1_15' title="bbox 186 1743 1770 1813">
    <p class='ocr_par' dir='ltr' id='par_1_15' title="bbox 186 1743 1770 1813">
     <span class='ocr_line' id='line_1_15' title="bbox 186 1743 1770 1813; baseline 0.003 -17"><span class='ocrx_word' id='word_1_93' title='bbox 186 1752 358 1800; x_wconf 73' lang='lat' dir='ltr'><strong><em>tenue</em></strong></span> <span class='ocrx_word' id='word_1_94' title='bbox 384 1743 758 1800; x_wconf 91' lang='lat' dir='ltr'><strong><em>retributionis</em></strong></span> <span class='ocrx_word' id='word_1_95' title='bbox 796 1746 959 1801; x_wconf 89' lang='lat' dir='ltr'><strong><em>anxie</em></strong></span> <span class='ocrx_word' id='word_1_96' title='bbox 987 1746 1279 1813; x_wconf 81' lang='lat' dir='ltr'><strong><em>desiderat,</em></strong></span> <span class='ocrx_word' id='word_1_97' title='bbox 1307 1748 1372 1801; x_wconf 91' lang='lat' dir='ltr'><strong><em>de</em></strong></span> <span class='ocrx_word' id='word_1_98' title='bbox 1410 1748 1567 1802; x_wconf 91' lang='lat' dir='ltr'><strong><em>bonis</em></strong></span> <span class='ocrx_word' id='word_1_99' title='bbox 1596 1761 1653 1801; x_wconf 91' lang='lat' dir='ltr'><strong><em>se</em></strong></span> <span class='ocrx_word' id='word_1_100' title='bbox 1674 1761 1770 1800; x_wconf 88' lang='lat' dir='ltr'><strong><em>ex-</em></strong></span> 
     </span>
    </p>
   </div>
   <div class='ocr_carea' id='block_1_16' title="bbox 187 1834 1769 1908">
    <p class='ocr_par' dir='ltr' id='par_1_16' title="bbox 187 1834 1769 1908">
     <span class='ocr_line' id='line_1_16' title="bbox 187 1834 1769 1908; baseline 0.002 -20"><span class='ocrx_word' id='word_1_101' title='bbox 187 1834 478 1889; x_wconf 88' lang='lat' dir='ltr'><strong><em>terioribus</em></strong></span> <span class='ocrx_word' id='word_1_102' title='bbox 529 1850 633 1889; x_wconf 93' lang='lat' dir='ltr'><strong><em>non</em></strong></span> <span class='ocrx_word' id='word_1_103' title='bbox 686 1835 910 1891; x_wconf 77' lang='lat' dir='ltr'><strong><em>exultat.</em></strong></span> <span class='ocrx_word' id='word_1_104' title='bbox 962 1836 1086 1891; x_wconf 85' lang='lat' dir='ltr'><strong><em>Non</em></strong></span> <span class='ocrx_word' id='word_1_105' title='bbox 1141 1839 1249 1907; x_wconf 85' lang='lat' dir='ltr'><strong><em>agit</em></strong></span> <span class='ocrx_word' id='word_1_106' title='bbox 1295 1854 1598 1908; x_wconf 86' lang='lat' dir='ltr'><strong><em>perperam,</em></strong></span> <span class='ocrx_word' id='word_1_107' title='bbox 1643 1837 1769 1908; x_wconf 86' lang='lat' dir='ltr'><strong><em>quia</em></strong></span> 
     </span>
    </p>
   </div>
   <div class='ocr_carea' id='block_1_17' title="bbox 183 1924 1763 1997">
    <p class='ocr_par' dir='ltr' id='par_1_17' title="bbox 183 1924 1763 1997">
     <span class='ocr_line' id='line_1_17' title="bbox 183 1924 1763 1997; baseline 0.003 -20"><span class='ocrx_word' id='word_1_108' title='bbox 183 1939 293 1993; x_wconf 88' lang='lat' dir='ltr'><strong><em>quo</em></strong></span> <span class='ocrx_word' id='word_1_109' title='bbox 338 1940 395 1979; x_wconf 91' lang='lat' dir='ltr'><strong><em>se</em></strong></span> <span class='ocrx_word' id='word_1_110' title='bbox 440 1925 495 1978; x_wconf 87' lang='lat' dir='ltr'><strong><em>in</em></strong></span> <span class='ocrx_word' id='word_1_111' title='bbox 545 1924 718 1980; x_wconf 88' lang='lat' dir='ltr'><strong><em>solum</em></strong></span> <span class='ocrx_word' id='word_1_112' title='bbox 759 1927 852 1981; x_wconf 84' lang='lat' dir='ltr'><strong><em>Dei</em></strong></span> <span class='ocrx_word' id='word_1_113' title='bbox 903 1934 957 1981; x_wconf 91' lang='lat' dir='ltr'><strong><em>et</em></strong></span> <span class='ocrx_word' id='word_1_114' title='bbox 989 1927 1219 1997; x_wconf 76' lang='lat' dir='ltr'><strong><em>proximi</em></strong></span> <span class='ocrx_word' id='word_1_115' title='bbox 1268 1943 1508 1981; x_wconf 90' lang='lat' dir='ltr'><strong><em>amorem</em></strong></span> <span class='ocrx_word' id='word_1_116' title='bbox 1552 1926 1763 1993; x_wconf 87' lang='lat' dir='ltr'><strong><em>dilatat,</em></strong></span> 
     </span>
    </p>
   </div>
   <div class='ocr_carea' id='block_1_18' title="bbox 166 2016 1768 2088">
    <p class='ocr_par' dir='ltr' id='par_1_18' title="bbox 166 2016 1768 2088">
     <span class='ocr_line' id='line_1_18' title="bbox 166 2016 1768 2088; baseline 0.001 -20"><span class='ocrx_word' id='word_1_117' title='bbox 166 2016 443 2086; x_wconf 78' lang='lat' dir='ltr'><strong><em>‘quidquid</em></strong></span> <span class='ocrx_word' id='word_1_118' title='bbox 467 2032 495 2070; x_wconf 89' lang='lat' dir='ltr'><strong><em>a</em></strong></span> <span class='ocrx_word' id='word_1_119' title='bbox 520 2017 841 2072; x_wconf 83' lang='lat' dir='ltr'><strong><em>rectitudine</em></strong></span> <span class='ocrx_word' id='word_1_120' title='bbox 863 2018 1158 2087; x_wconf 87' lang='lat' dir='ltr'><strong><em>discrepat,</em></strong></span> <span class='ocrx_word' id='word_1_121' title='bbox 1174 2018 1405 2088; x_wconf 81' lang='lat' dir='ltr'><strong><em>ignorat.</em></strong></span> <span class='ocrx_word' id='word_1_122' title='bbox 1424 2016 1563 2084; x_wconf 86' lang='lat' dir='ltr'><strong><em>Quid</em></strong></span> <span class='ocrx_word' id='word_1_123' title='bbox 1583 2018 1653 2071; x_wconf 91' lang='lat' dir='ltr'><strong><em>sit</em></strong></span> <span class='ocrx_word' id='word_1_124' title='bbox 1676 2033 1768 2070; x_wconf 85' lang='lat' dir='ltr'><strong><em>au-</em></strong></span> 
     </span>
    </p>
   </div>
   <div class='ocr_carea' id='block_1_19' title="bbox 185 2108 1758 2179">
    <p class='ocr_par' dir='ltr' id='par_1_19' title="bbox 185 2108 1758 2179">
     <span class='ocr_line' id='line_1_19' title="bbox 185 2108 1758 2179; baseline -0.001 -17"><span class='ocrx_word' id='word_1_125' title='bbox 185 2118 612 2178; x_wconf 85' lang='lat' dir='ltr'><strong><em>tem,perperam</em></strong></span> <span class='ocrx_word' id='word_1_126' title='bbox 638 2125 819 2179; x_wconf 84' lang='lat' dir='ltr'><strong><em>agere,</em></strong></span> <span class='ocrx_word' id='word_1_127' title='bbox 834 2117 1053 2163; x_wconf 88' lang='lat' dir='ltr'><strong><em>sanctus</em></strong></span> <span class='ocrx_word' id='word_1_128' title='bbox 1074 2108 1304 2163; x_wconf 83' lang='lat' dir='ltr'><strong><em>Basilius</em></strong></span> <span class='ocrx_word' id='word_1_129' title='bbox 1319 2109 1462 2163; x_wconf 91' lang='lat' dir='ltr'><strong><em>inter</em></strong></span> <span class='ocrx_word' id='word_1_130' title='bbox 1476 2120 1670 2164; x_wconf 63' lang='lat' dir='ltr'><strong><em>caetera</em></strong></span> <span class='ocrx_word' id='word_1_131' title='bbox 1688 2109 1758 2162; x_wconf 90' lang='lat' dir='ltr'><strong><em>ita</em></strong></span> 
     </span>
    </p>
   </div>
   <div class='ocr_carea' id='block_1_20' title="bbox 181 2201 1766 2272">
    <p class='ocr_par' dir='ltr' id='par_1_20' title="bbox 181 2201 1766 2272">
     <span class='ocr_line' id='line_1_20' title="bbox 181 2201 1766 2272; baseline -0.001 -15"><span class='ocrx_word' id='word_1_132' title='bbox 181 2202 450 2257; x_wconf 83' lang='lat' dir='ltr'><strong><em>definiens</em></strong></span> <span class='ocrx_word' id='word_1_133' title='bbox 478 2201 552 2255; x_wconf 86' lang='lat' dir='ltr'><strong><em>ait</em></strong></span> <span class='ocrx_word' id='word_1_134' title='bbox 596 2219 608 2254; x_wconf 91' lang='lat'><strong>:</strong></span> <span class='ocrx_word' id='word_1_135' title='bbox 650 2201 919 2271; x_wconf 75' lang='lat' dir='ltr'><strong><em>Quidquid</em></strong></span> <span class='ocrx_word' id='word_1_136' title='bbox 970 2218 1073 2256; x_wconf 89' lang='lat' dir='ltr'><strong><em>non</em></strong></span> <span class='ocrx_word' id='word_1_137' title='bbox 1111 2210 1329 2272; x_wconf 85' lang='lat' dir='ltr'><strong><em>propter</em></strong></span> <span class='ocrx_word' id='word_1_138' title='bbox 1358 2218 1487 2257; x_wconf 91' lang='lat' dir='ltr'><strong><em>usus</em></strong></span> <span class='ocrx_word' id='word_1_139' title='bbox 1512 2216 1766 2256; x_wconf 87' lang='lat' dir='ltr'><strong><em>necessa-</em></strong></span> 
     </span>
    </p>
   </div>
   <div class='ocr_carea' id='block_1_21' title="bbox 183 2293 1765 2366">
    <p class='ocr_par' dir='ltr' id='par_1_21' title="bbox 183 2293 1765 2366">
     <span class='ocr_line' id='line_1_21' title="bbox 183 2293 1765 2366; baseline -0.001 -19"><span class='ocrx_word' id='word_1_140' title='bbox 183 2294 320 2357; x_wconf 86' lang='lat' dir='ltr'><strong><em>rios,</em></strong></span> <span class='ocrx_word' id='word_1_141' title='bbox 353 2294 447 2348; x_wconf 87' lang='lat' dir='ltr'><strong><em>sed</em></strong></span> <span class='ocrx_word' id='word_1_142' title='bbox 476 2294 557 2348; x_wconf 86' lang='lat' dir='ltr'><strong><em>vel</em></strong></span> <span class='ocrx_word' id='word_1_143' title='bbox 595 2303 820 2349; x_wconf 86' lang='lat' dir='ltr'><strong><em>ornatus</em></strong></span> <span class='ocrx_word' id='word_1_144' title='bbox 857 2310 1042 2359; x_wconf 89' lang='lat' dir='ltr'><strong><em>causa,</em></strong></span> <span class='ocrx_word' id='word_1_145' title='bbox 1084 2294 1167 2349; x_wconf 89' lang='lat' dir='ltr'><strong><em>vel</em></strong></span> <span class='ocrx_word' id='word_1_146' title='bbox 1196 2293 1407 2350; x_wconf 91' lang='lat' dir='ltr'><strong><em>decoris</em></strong></span> <span class='ocrx_word' id='word_1_147' title='bbox 1433 2293 1659 2366; x_wconf 86' lang='lat' dir='ltr'><strong><em>alicujus</em></strong></span> <span class='ocrx_word' id='word_1_148' title='bbox 1687 2293 1765 2362; x_wconf 83' lang='lat' dir='ltr'><strong><em>fit,</em></strong></span> 
     </span>
    </p>
   </div>
   <div class='ocr_carea' id='block_1_22' title="bbox 185 2382 1767 2455">
    <p class='ocr_par' dir='ltr' id='par_1_22' title="bbox 185 2382 1767 2455">
     <span class='ocr_line' id='line_1_22' title="bbox 185 2382 1767 2455; baseline -0.001 -18"><span class='ocrx_word' id='word_1_149' title='bbox 185 2384 291 2438; x_wconf 89' lang='lat' dir='ltr'><strong><em>hoc</em></strong></span> <span class='ocrx_word' id='word_1_150' title='bbox 319 2392 403 2438; x_wconf 86' lang='lat' dir='ltr'><strong><em>est</em></strong></span> <span class='ocrx_word' id='word_1_151' title='bbox 432 2399 710 2454; x_wconf 86' lang='lat' dir='ltr'><strong><em>perperam</em></strong></span> <span class='ocrx_word' id='word_1_152' title='bbox 742 2399 919 2455; x_wconf 90' lang='lat' dir='ltr'><strong><em>agere.</em></strong></span> <span class='ocrx_word' id='word_1_153' title='bbox 958 2382 1167 2455; x_wconf 60' lang='grc' dir='ltr'><strong><em>(διες.)</em></strong></span> <span class='ocrx_word' id='word_1_154' title='bbox 1217 2383 1338 2437; x_wconf 89' lang='lat' dir='ltr'><strong><em>Non</em></strong></span> <span class='ocrx_word' id='word_1_155' title='bbox 1377 2393 1451 2438; x_wconf 91' lang='lat' dir='ltr'><strong><em>est</em></strong></span> <span class='ocrx_word' id='word_1_156' title='bbox 1489 2384 1767 2437; x_wconf 85' lang='lat' dir='ltr'><strong><em>ambitiosa</em></strong></span> 
     </span>
    </p>
   </div>
   <div class='ocr_carea' id='block_1_23' title="bbox 183 2475 1764 2545">
    <p class='ocr_par' dir='ltr' id='par_1_23' title="bbox 183 2475 1764 2545">
     <span class='ocr_line' id='line_1_23' title="bbox 183 2475 1764 2545; baseline -0.001 -18"><span class='ocrx_word' id='word_1_157' title='bbox 183 2475 458 2541; x_wconf 86' lang='lat' dir='ltr'><strong><em>charitas;</em></strong></span> <span class='ocrx_word' id='word_1_158' title='bbox 490 2476 614 2544; x_wconf 85' lang='lat' dir='ltr'><strong><em>quia</em></strong></span> <span class='ocrx_word' id='word_1_159' title='bbox 668 2490 776 2545; x_wconf 89' lang='lat' dir='ltr'><strong><em>quo</em></strong></span> <span class='ocrx_word' id='word_1_160' title='bbox 823 2476 1078 2533; x_wconf 80' lang='lat' dir='ltr'><strong><em>ardenter</em></strong></span> <span class='ocrx_word' id='word_1_161' title='bbox 1116 2475 1260 2529; x_wconf 90' lang='lat' dir='ltr'><strong><em>intus</em></strong></span> <span class='ocrx_word' id='word_1_162' title='bbox 1297 2475 1361 2528; x_wconf 87' lang='lat' dir='ltr'><strong><em>ad</em></strong></span> <span class='ocrx_word' id='word_1_163' title='bbox 1413 2490 1508 2529; x_wconf 89' lang='lat' dir='ltr'><strong><em>sua</em></strong></span> <span class='ocrx_word' id='word_1_164' title='bbox 1547 2475 1764 2545; x_wconf 81' lang='lat' dir='ltr'><strong><em>satagit,</em></strong></span> 
     </span>
    </p>
   </div>
   <div class='ocr_carea' id='block_1_24' title="bbox 184 2566 1767 2638">
    <p class='ocr_par' dir='ltr' id='par_1_24' title="bbox 184 2566 1767 2638">
     <span class='ocr_line' id='line_1_24' title="bbox 184 2566 1767 2638; baseline -0.002 -17"><span class='ocrx_word' id='word_1_165' title='bbox 184 2566 333 2622; x_wconf 87' lang='lat' dir='ltr'><strong><em>foras</em></strong></span> <span class='ocrx_word' id='word_1_166' title='bbox 358 2567 669 2625; x_wconf 85' lang='lat' dir='ltr'><strong><em>nullatenus</em></strong></span> <span class='ocrx_word' id='word_1_167' title='bbox 700 2568 877 2622; x_wconf 86' lang='lat' dir='ltr'><strong><em>aliena</em></strong></span> <span class='ocrx_word' id='word_1_168' title='bbox 902 2568 1255 2637; x_wconf 88' lang='lat' dir='ltr'><strong><em>concupiscit.</em></strong></span> <span class='ocrx_word' id='word_1_169' title='bbox 1288 2567 1414 2622; x_wconf 88' lang='lat' dir='ltr'><strong><em>Non</em></strong></span> <span class='ocrx_word' id='word_1_170' title='bbox 1438 2567 1627 2638; x_wconf 68' lang='lat' dir='ltr'><strong><em>qurerit</em></strong></span> <span class='ocrx_word' id='word_1_171' title='bbox 1649 2581 1767 2637; x_wconf 70' lang='lat' dir='ltr'><strong><em>qua:</em></strong></span> 
     </span>
    </p>
   </div>
   <div class='ocr_carea' id='block_1_25' title="bbox 181 2660 1761 2730">
    <p class='ocr_par' dir='ltr' id='par_1_25' title="bbox 181 2660 1761 2730">
     <span class='ocr_line' id='line_1_25' title="bbox 181 2660 1761 2730; baseline 0 -19"><span class='ocrx_word' id='word_1_172' title='bbox 181 2675 281 2711; x_wconf 86' lang='lat' dir='ltr'><strong><em>sua</em></strong></span> <span class='ocrx_word' id='word_1_173' title='bbox 311 2669 454 2722; x_wconf 87' lang='lat' dir='ltr'><strong><em>sunt,</em></strong></span> <span class='ocrx_word' id='word_1_174' title='bbox 486 2660 610 2730; x_wconf 86' lang='lat' dir='ltr'><strong><em>quia</em></strong></span> <span class='ocrx_word' id='word_1_175' title='bbox 639 2668 835 2715; x_wconf 88' lang='lat' dir='ltr'><strong><em>cuncta</em></strong></span> <span class='ocrx_word' id='word_1_176' title='bbox 869 2674 988 2729; x_wconf 65' lang='lat' dir='ltr'><strong><em>qua:</em></strong></span> <span class='ocrx_word' id='word_1_177' title='bbox 1019 2660 1108 2715; x_wconf 88' lang='lat' dir='ltr'><strong><em>hic</em></strong></span> <span class='ocrx_word' id='word_1_178' title='bbox 1146 2660 1453 2716; x_wconf 83' lang='lat' dir='ltr'><strong><em>transitoria</em></strong></span> <span class='ocrx_word' id='word_1_179' title='bbox 1496 2660 1761 2729; x_wconf 67' lang='lat' dir='ltr'><strong><em>possidet,</em></strong></span> 
     </span>
    </p>
   </div>
   <div class='ocr_carea' id='block_1_26' title="bbox 182 2749 1759 2823">
    <p class='ocr_par' dir='ltr' id='par_1_26' title="bbox 182 2749 1759 2823">
     <span class='ocr_line' id='line_1_26' title="bbox 182 2749 1759 2823; baseline 0.001 -20"><span class='ocrx_word' id='word_1_180' title='bbox 182 2749 332 2804; x_wconf 89' lang='lat' dir='ltr'><strong><em>velut</em></strong></span> <span class='ocrx_word' id='word_1_181' title='bbox 364 2749 539 2805; x_wconf 87' lang='lat' dir='ltr'><strong><em>aliena</em></strong></span> <span class='ocrx_word' id='word_1_182' title='bbox 570 2750 812 2823; x_wconf 79' lang='lat' dir='ltr'><strong><em>negligit,</em></strong></span> <span class='ocrx_word' id='word_1_183' title='bbox 849 2766 970 2806; x_wconf 88' lang='lat' dir='ltr'><strong><em>cum</em></strong></span> <span class='ocrx_word' id='word_1_184' title='bbox 1012 2751 1145 2804; x_wconf 92' lang='lat' dir='ltr'><strong><em>nihil</em></strong></span> <span class='ocrx_word' id='word_1_185' title='bbox 1187 2751 1287 2805; x_wconf 91' lang='lat' dir='ltr'><strong><em>sibi</em></strong></span> <span class='ocrx_word' id='word_1_186' title='bbox 1317 2767 1437 2806; x_wconf 82' lang='lat' dir='ltr'><strong><em>esse</em></strong></span> <span class='ocrx_word' id='word_1_187' title='bbox 1465 2751 1759 2822; x_wconf 84' lang='lat' dir='ltr'><strong><em>preprium.</em></strong></span> 
     </span>
    </p>
   </div>
   <div class='ocr_carea' id='block_1_27' title="bbox 183 2842 1763 2913">
    <p class='ocr_par' dir='ltr' id='par_1_27' title="bbox 183 2842 1763 2913">
     <span class='ocr_line' id='line_1_27' title="bbox 183 2842 1763 2913; baseline -0.002 -17"><span class='ocrx_word' id='word_1_188' title='bbox 183 2842 286 2897; x_wconf 89' lang='lat' dir='ltr'><strong><em>nisi</em></strong></span> <span class='ocrx_word' id='word_1_189' title='bbox 320 2847 464 2913; x_wconf 87' lang='lat' dir='ltr'><strong><em>quod</em></strong></span> <span class='ocrx_word' id='word_1_190' title='bbox 492 2858 673 2898; x_wconf 84' lang='lat' dir='ltr'><strong><em>secum</em></strong></span> <span class='ocrx_word' id='word_1_191' title='bbox 703 2852 1021 2912; x_wconf 84' lang='lat' dir='ltr'><strong><em>permaneat</em></strong></span> <span class='ocrx_word' id='word_1_192' title='bbox 1048 2843 1308 2913; x_wconf 76' lang='lat' dir='ltr'><strong><em>agnoscit.</em></strong></span> <span class='ocrx_word' id='word_1_193' title='bbox 1348 2842 1470 2896; x_wconf 87' lang='lat' dir='ltr'><strong><em>Non</em></strong></span> <span class='ocrx_word' id='word_1_194' title='bbox 1499 2843 1763 2906; x_wconf 83' lang='lat' dir='ltr'><strong><em>irritatur,</em></strong></span> 
     </span>
    </p>
   </div>
   <div class='ocr_carea' id='block_1_28' title="bbox 183 2937 1764 3010">
    <p class='ocr_par' dir='ltr' id='par_1_28' title="bbox 183 2937 1764 3010">
     <span class='ocr_line' id='line_1_28' title="bbox 183 2937 1764 3010; baseline 0.003 -20"><span class='ocrx_word' id='word_1_195' title='bbox 183 2937 310 3006; x_wconf 89' lang='lat' dir='ltr'><strong><em>quia</em></strong></span> <span class='ocrx_word' id='word_1_196' title='bbox 339 2948 394 2994; x_wconf 89' lang='lat' dir='ltr'><strong><em>et</em></strong></span> <span class='ocrx_word' id='word_1_197' title='bbox 417 2940 626 3010; x_wconf 88' lang='lat' dir='ltr'><strong><em>injuriis</em></strong></span> <span class='ocrx_word' id='word_1_198' title='bbox 652 2941 898 2998; x_wconf 86' lang='lat' dir='ltr'><strong><em>lacessita</em></strong></span> <span class='ocrx_word' id='word_1_199' title='bbox 923 2944 990 2997; x_wconf 88' lang='lat' dir='ltr'><strong><em>ad</em></strong></span> <span class='ocrx_word' id='word_1_200' title='bbox 1012 2942 1186 2997; x_wconf 90' lang='lat' dir='ltr'><strong><em>nullos</em></strong></span> <span class='ocrx_word' id='word_1_201' title='bbox 1212 2941 1433 2997; x_wconf 90' lang='lat' dir='ltr'><strong><em>ultionis</em></strong></span> <span class='ocrx_word' id='word_1_202' title='bbox 1454 2957 1565 2996; x_wconf 69' lang='lat' dir='ltr'><strong><em>suae</em></strong></span> <span class='ocrx_word' id='word_1_203' title='bbox 1587 2949 1764 2995; x_wconf 87' lang='lat' dir='ltr'><strong><em>motus</em></strong></span> 
     </span>
    </p>
   </div>
   <div class='ocr_carea' id='block_1_29' title="bbox 182 3028 1762 3103">
    <p class='ocr_par' dir='ltr' id='par_1_29' title="bbox 182 3028 1762 3103">
     <span class='ocr_line' id='line_1_29' title="bbox 182 3028 1762 3103; baseline -0.001 -20"><span class='ocrx_word' id='word_1_204' title='bbox 182 3028 406 3095; x_wconf 83' lang='lat' dir='ltr'><strong><em>excitat,</em></strong></span> <span class='ocrx_word' id='word_1_205' title='bbox 439 3031 564 3086; x_wconf 90' lang='lat' dir='ltr'><strong><em>dum</em></strong></span> <span class='ocrx_word' id='word_1_206' title='bbox 602 3033 813 3103; x_wconf 89' lang='lat' dir='ltr'><strong><em>magnis</em></strong></span> <span class='ocrx_word' id='word_1_207' title='bbox 841 3033 1115 3089; x_wconf 86' lang='lat' dir='ltr'><strong><em>laboribus</em></strong></span> <span class='ocrx_word' id='word_1_208' title='bbox 1144 3030 1347 3101; x_wconf 89' lang='lat' dir='ltr'><strong><em>majora</em></strong></span> <span class='ocrx_word' id='word_1_209' title='bbox 1375 3039 1496 3102; x_wconf 89' lang='lat' dir='ltr'><strong><em>post</em></strong></span> <span class='ocrx_word' id='word_1_210' title='bbox 1539 3030 1762 3102; x_wconf 65' lang='lat' dir='ltr'><strong><em>praemia</em></strong></span> 
     </span>
    </p>
   </div>
   <div class='ocr_carea' id='block_1_30' title="bbox 182 3123 1765 3197">
    <p class='ocr_par' dir='ltr' id='par_1_30' title="bbox 182 3123 1765 3197">
     <span class='ocr_line' id='line_1_30' title="bbox 182 3123 1765 3197; baseline 0 -23"><span class='ocrx_word' id='word_1_211' title='bbox 182 3132 482 3192; x_wconf 66' lang='lat' dir='ltr'><strong><em>exspectat.</em></strong></span> <span class='ocrx_word' id='word_1_212' title='bbox 518 3123 640 3179; x_wconf 84' lang='lat' dir='ltr'><strong><em>Non</em></strong></span> <span class='ocrx_word' id='word_1_213' title='bbox 668 3128 858 3197; x_wconf 84' lang='lat' dir='ltr'><strong><em>cogitat</em></strong></span> <span class='ocrx_word' id='word_1_214' title='bbox 892 3125 1110 3190; x_wconf 87' lang='lat' dir='ltr'><strong><em>malum,</em></strong></span> <span class='ocrx_word' id='word_1_215' title='bbox 1144 3124 1270 3196; x_wconf 88' lang='lat' dir='ltr'><strong><em>quia</em></strong></span> <span class='ocrx_word' id='word_1_216' title='bbox 1309 3124 1363 3178; x_wconf 90' lang='lat' dir='ltr'><strong><em>in</em></strong></span> <span class='ocrx_word' id='word_1_217' title='bbox 1394 3139 1580 3179; x_wconf 86' lang='lat' dir='ltr'><strong><em>amore</em></strong></span> <span class='ocrx_word' id='word_1_218' title='bbox 1610 3138 1765 3176; x_wconf 92' lang='lat' dir='ltr'><strong><em>mun-</em></strong></span> 
     </span>
    </p>
   </div>
   <div class='ocr_carea' id='block_1_31' title="bbox 182 3214 1765 3285">
    <p class='ocr_par' dir='ltr' id='par_1_31' title="bbox 182 3214 1765 3285">
     <span class='ocr_line' id='line_1_31' title="bbox 182 3214 1765 3285; baseline 0.003 -20"><span class='ocrx_word' id='word_1_219' title='bbox 182 3214 332 3270; x_wconf 67' lang='lat' dir='ltr'><strong><em>ditia:</em></strong></span> <span class='ocrx_word' id='word_1_220' title='bbox 382 3226 617 3273; x_wconf 87' lang='lat' dir='ltr'><strong><em>mentem</em></strong></span> <span class='ocrx_word' id='word_1_221' title='bbox 660 3218 917 3285; x_wconf 86' lang='lat' dir='ltr'><strong><em>solidans,</em></strong></span> <span class='ocrx_word' id='word_1_222' title='bbox 947 3219 1073 3274; x_wconf 90' lang='lat' dir='ltr'><strong><em>dum</em></strong></span> <span class='ocrx_word' id='word_1_223' title='bbox 1098 3233 1259 3273; x_wconf 91' lang='lat' dir='ltr'><strong><em>omne</em></strong></span> <span class='ocrx_word' id='word_1_224' title='bbox 1288 3216 1470 3271; x_wconf 88' lang='lat' dir='ltr'><strong><em>odium</em></strong></span> <span class='ocrx_word' id='word_1_225' title='bbox 1508 3214 1765 3270; x_wconf 87' lang='lat' dir='ltr'><strong><em>radicitus</em></strong></span> 
     </span>
    </p>
   </div>
   <div class='ocr_carea' id='block_1_32' title="bbox 1155 433 2463 493">
    <p class='ocr_par' dir='ltr' id='par_1_32' title="bbox 1155 433 2463 493">
     <span class='ocr_line' id='line_1_32' title="bbox 1155 433 2463 493; baseline 0.003 -3"><span class='ocrx_word' id='word_1_226' title='bbox 1155 436 1240 491; x_wconf 85' lang='lat' dir='ltr'><strong><em>DE</em></strong></span> <span class='ocrx_word' id='word_1_227' title='bbox 1278 434 1676 492; x_wconf 79' lang='lat' dir='ltr'><strong><em>VARIETATE</em></strong></span> <span class='ocrx_word' id='word_1_228' title='bbox 1714 433 2091 490; x_wconf 59' lang='lat' dir='ltr'><strong><em>LIBRORUKI.</em></strong></span> <span class='ocrx_word' id='word_1_229' title='bbox 2130 467 2197 475; x_wconf 90' lang='lat'><strong><em>-——</em></strong></span> <span class='ocrx_word' id='word_1_230' title='bbox 2236 435 2363 493; x_wconf 86' lang='lat' dir='ltr'><strong><em>LIB.</em></strong></span> <span class='ocrx_word' id='word_1_231' title='bbox 2402 437 2463 493; x_wconf 82' lang='lat' dir='ltr'><strong><em>II.</em></strong></span> 
     </span>
    </p>
   </div>
   <div class='ocr_carea' id='block_1_33' title="bbox 3349 443 3454 500">
    <p class='ocr_par' dir='ltr' id='par_1_33' title="bbox 3349 443 3454 500">
     <span class='ocr_line' id='line_1_33' title="bbox 3349 443 3454 500; baseline 0 -2"><span class='ocrx_word' id='word_1_232' title='bbox 3349 443 3454 500; x_wconf 70' lang='lat' dir='ltr'><strong><em>8M</em></strong></span> 
     </span>
    </p>
   </div>
   <div class='ocr_carea' id='block_1_34' title="bbox 1796 547 3454 627">
    <p class='ocr_par' dir='ltr' id='par_1_34' title="bbox 1796 547 3454 627">
     <span class='ocr_line' id='line_1_34' title="bbox 1796 547 3454 627; baseline 0.008 -26"><span class='ocrx_word' id='word_1_233' title='bbox 1796 550 1844 610; x_wconf 84' lang='grc' dir='ltr'><strong>Λ</strong></span> <span class='ocrx_word' id='word_1_234' title='bbox 1873 547 2120 619; x_wconf 84' lang='lat' dir='ltr'><strong><em>ligamus,</em></strong></span> <span class='ocrx_word' id='word_1_235' title='bbox 2178 549 2308 606; x_wconf 87' lang='lat' dir='ltr'><strong><em>nihil</em></strong></span> <span class='ocrx_word' id='word_1_236' title='bbox 2337 552 2441 607; x_wconf 88' lang='lat' dir='ltr'><strong><em>erit</em></strong></span> <span class='ocrx_word' id='word_1_237' title='bbox 2470 552 2523 607; x_wconf 90' lang='lat' dir='ltr'><strong><em>in</em></strong></span> <span class='ocrx_word' id='word_1_238' title='bbox 2554 553 2707 610; x_wconf 90' lang='lat' dir='ltr'><strong><em>nobis</em></strong></span> <span class='ocrx_word' id='word_1_239' title='bbox 2744 554 2883 610; x_wconf 91' lang='lat' dir='ltr'><strong><em>unde</em></strong></span> <span class='ocrx_word' id='word_1_240' title='bbox 2925 555 3130 627; x_wconf 86' lang='lat' dir='ltr'><strong><em>peccati</em></strong></span> <span class='ocrx_word' id='word_1_241' title='bbox 3174 554 3454 614; x_wconf 80' lang='lat' dir='ltr'><strong><em>desideriis</em></strong></span> 
     </span>
    </p>
   </div>
   <div class='ocr_carea' id='block_1_35' title="bbox 1872 642 3454 730">
    <p class='ocr_par' dir='ltr' id='par_1_35' title="bbox 1872 642 3454 730">
     <span class='ocr_line' id='line_1_35' title="bbox 1872 642 3454 730; baseline 0.008 -34"><span class='ocrx_word' id='word_1_242' title='bbox 1872 642 2187 699; x_wconf 89' lang='lat' dir='ltr'><strong><em>serviamus.</em></strong></span> <span class='ocrx_word' id='word_1_243' title='bbox 2218 642 2284 699; x_wconf 85' lang='lat' dir='ltr'><strong><em>Et</em></strong></span> <span class='ocrx_word' id='word_1_244' title='bbox 2312 645 2441 715; x_wconf 89' lang='lat' dir='ltr'><strong><em>quid</em></strong></span> <span class='ocrx_word' id='word_1_245' title='bbox 2465 655 2547 702; x_wconf 91' lang='lat' dir='ltr'><strong><em>est</em></strong></span> <span class='ocrx_word' id='word_1_246' title='bbox 2576 645 2798 730; x_wconf 77' lang='lat' dir='ltr'><strong><em>diligere</em></strong></span> <span class='ocrx_word' id='word_1_247' title='bbox 2826 648 3016 712; x_wconf 90' lang='lat' dir='ltr'><strong><em>Deum,</em></strong></span> <span class='ocrx_word' id='word_1_248' title='bbox 3046 651 3146 706; x_wconf 90' lang='lat' dir='ltr'><strong><em>nisi</em></strong></span> <span class='ocrx_word' id='word_1_249' title='bbox 3171 650 3262 706; x_wconf 91' lang='lat' dir='ltr'><strong><em>illo</em></strong></span> <span class='ocrx_word' id='word_1_250' title='bbox 3294 667 3454 708; x_wconf 90' lang='lat' dir='ltr'><strong><em>occu-</em></strong></span> 
     </span>
    </p>
   </div>
   <div class='ocr_carea' id='block_1_36' title="bbox 1870 736 3453 815">
    <p class='ocr_par' dir='ltr' id='par_1_36' title="bbox 1870 736 3453 815">
     <span class='ocr_line' id='line_1_36' title="bbox 1870 736 3453 815; baseline 0.006 -26"><span class='ocrx_word' id='word_1_251' title='bbox 1870 736 1987 805; x_wconf 89' lang='lat' dir='ltr'><strong><em>pari</em></strong></span> <span class='ocrx_word' id='word_1_252' title='bbox 2027 736 2229 802; x_wconf 88' lang='lat' dir='ltr'><strong><em>animo,</em></strong></span> <span class='ocrx_word' id='word_1_253' title='bbox 2261 738 2546 808; x_wconf 72' lang='lat' dir='ltr'><strong><em>concipere</em></strong></span> <span class='ocrx_word' id='word_1_254' title='bbox 2574 738 2813 797; x_wconf 65' lang='lat' dir='ltr'><strong><em>fruenda:</em></strong></span> <span class='ocrx_word' id='word_1_255' title='bbox 2839 741 3062 798; x_wconf 88' lang='lat' dir='ltr'><strong><em>visionis</em></strong></span> <span class='ocrx_word' id='word_1_256' title='bbox 3087 744 3202 815; x_wconf 87' lang='lat' dir='ltr'><strong><em>ejus</em></strong></span> <span class='ocrx_word' id='word_1_257' title='bbox 3237 743 3453 800; x_wconf 73' lang='lat' dir='ltr'><strong><em>eﬂ&#39;ectui</em></strong></span> 
     </span>
    </p>
   </div>
   <div class='ocr_carea' id='block_1_37' title="bbox 1870 826 3450 906">
    <p class='ocr_par' dir='ltr' id='par_1_37' title="bbox 1870 826 3450 906">
     <span class='ocr_line' id='line_1_37' title="bbox 1870 826 3450 906; baseline 0.006 -25"><span class='ocrx_word' id='word_1_258' title='bbox 1870 827 2076 896; x_wconf 89' lang='lat' dir='ltr'><strong><em>peccati</em></strong></span> <span class='ocrx_word' id='word_1_259' title='bbox 2100 826 2304 895; x_wconf 90' lang='lat' dir='ltr'><strong><em>odium,</em></strong></span> <span class='ocrx_word' id='word_1_260' title='bbox 2330 828 2513 884; x_wconf 89' lang='lat' dir='ltr'><strong><em>mundi</em></strong></span> <span class='ocrx_word' id='word_1_261' title='bbox 2555 828 2851 897; x_wconf 88' lang='lat' dir='ltr'><strong><em>fastidium,</em></strong></span> <span class='ocrx_word' id='word_1_262' title='bbox 2877 831 3101 904; x_wconf 82' lang='lat' dir='ltr'><strong><em>diligere</em></strong></span> <span class='ocrx_word' id='word_1_263' title='bbox 3130 834 3292 889; x_wconf 90' lang='lat' dir='ltr'><strong><em>etiam</em></strong></span> <span class='ocrx_word' id='word_1_264' title='bbox 3322 851 3450 906; x_wconf 91' lang='lat' dir='ltr'><strong><em>pro-</em></strong></span> 
     </span>
    </p>
   </div>
   <div class='ocr_carea' id='block_1_38' title="bbox 1871 917 3453 993">
    <p class='ocr_par' dir='ltr' id='par_1_38' title="bbox 1871 917 3453 993">
     <span class='ocr_line' id='line_1_38' title="bbox 1871 917 3453 993; baseline 0.006 -21"><span class='ocrx_word' id='word_1_265' title='bbox 1871 917 2075 973; x_wconf 90' lang='lat' dir='ltr'><strong><em>ximum</em></strong></span> <span class='ocrx_word' id='word_1_266' title='bbox 2107 935 2266 990; x_wconf 91' lang='lat' dir='ltr'><strong><em>quem</em></strong></span> <span class='ocrx_word' id='word_1_267' title='bbox 2306 920 2358 976; x_wconf 91' lang='lat' dir='ltr'><strong><em>in</em></strong></span> <span class='ocrx_word' id='word_1_268' title='bbox 2400 936 2458 976; x_wconf 91' lang='lat' dir='ltr'><strong><em>se</em></strong></span> <span class='ocrx_word' id='word_1_269' title='bbox 2503 920 2713 976; x_wconf 91' lang='lat' dir='ltr'><strong><em>censuit</em></strong></span> <span class='ocrx_word' id='word_1_270' title='bbox 2741 921 3090 993; x_wconf 84' lang='lat' dir='ltr'><strong><em>diligendum.</em></strong></span> <span class='ocrx_word' id='word_1_271' title='bbox 3121 923 3196 980; x_wconf 92' lang='lat' dir='ltr'><strong><em>Illi</em></strong></span> <span class='ocrx_word' id='word_1_272' title='bbox 3229 942 3356 981; x_wconf 91' lang='lat' dir='ltr'><strong><em>vero</em></strong></span> <span class='ocrx_word' id='word_1_273' title='bbox 3387 942 3453 981; x_wconf 88' lang='lat' dir='ltr'><strong><em>ex</em></strong></span> 
     </span>
    </p>
   </div>
   <div class='ocr_carea' id='block_1_39' title="bbox 1873 1011 3454 1099">
    <p class='ocr_par' dir='ltr' id='par_1_39' title="bbox 1873 1011 3454 1099">
     <span class='ocr_line' id='line_1_39' title="bbox 1873 1011 3454 1099; baseline 0.005 -34"><span class='ocrx_word' id='word_1_274' title='bbox 1873 1017 1983 1065; x_wconf 93' lang='lat' dir='ltr'><strong><em>toto</em></strong></span> <span class='ocrx_word' id='word_1_275' title='bbox 2020 1018 2073 1064; x_wconf 87' lang='lat' dir='ltr'><strong><em>et</em></strong></span> <span class='ocrx_word' id='word_1_276' title='bbox 2120 1011 2242 1082; x_wconf 88' lang='lat' dir='ltr'><strong><em>plus</em></strong></span> <span class='ocrx_word' id='word_1_277' title='bbox 2272 1027 2431 1081; x_wconf 87' lang='lat' dir='ltr'><strong><em>quam</em></strong></span> <span class='ocrx_word' id='word_1_278' title='bbox 2478 1027 2536 1067; x_wconf 92' lang='lat' dir='ltr'><strong><em>se</em></strong></span> <span class='ocrx_word' id='word_1_279' title='bbox 2570 1012 2798 1082; x_wconf 76' lang='lat' dir='ltr'><strong><em>diligunt</em></strong></span> <span class='ocrx_word' id='word_1_280' title='bbox 2840 1014 3033 1081; x_wconf 92' lang='lat' dir='ltr'><strong><em>Deum,</em></strong></span> <span class='ocrx_word' id='word_1_281' title='bbox 3081 1015 3173 1099; x_wconf 84' lang='lat' dir='ltr'><strong><em>qui</em></strong></span> <span class='ocrx_word' id='word_1_282' title='bbox 3202 1032 3299 1086; x_wconf 91' lang='lat' dir='ltr'><strong><em>pro</em></strong></span> <span class='ocrx_word' id='word_1_283' title='bbox 3339 1017 3454 1087; x_wconf 83' lang='lat' dir='ltr'><strong><em>ejus</em></strong></span> 
     </span>
    </p>
   </div>
   <div class='ocr_carea' id='block_1_40' title="bbox 1871 1102 3456 1180">
    <p class='ocr_par' dir='ltr' id='par_1_40' title="bbox 1871 1102 3456 1180">
     <span class='ocr_line' id='line_1_40' title="bbox 1871 1102 3456 1180; baseline 0.006 -23"><span class='ocrx_word' id='word_1_284' title='bbox 1871 1119 2078 1169; x_wconf 90' lang='lat' dir='ltr'><strong><em>amore,</em></strong></span> <span class='ocrx_word' id='word_1_285' title='bbox 2109 1121 2219 1160; x_wconf 68' lang='lat' dir='ltr'><strong><em>sua:</em></strong></span> <span class='ocrx_word' id='word_1_286' title='bbox 2244 1106 2309 1160; x_wconf 89' lang='lat' dir='ltr'><strong><em>ad</em></strong></span> <span class='ocrx_word' id='word_1_287' title='bbox 2344 1115 2553 1176; x_wconf 89' lang='lat' dir='ltr'><strong><em>tempus</em></strong></span> <span class='ocrx_word' id='word_1_288' title='bbox 2583 1102 2740 1161; x_wconf 89' lang='lat' dir='ltr'><strong><em>saluti</em></strong></span> <span class='ocrx_word' id='word_1_289' title='bbox 2785 1111 2903 1161; x_wconf 83' lang='lat' dir='ltr'><strong><em>non‘</em></strong></span> <span class='ocrx_word' id='word_1_290' title='bbox 2932 1118 3158 1180; x_wconf 87' lang='lat' dir='ltr'><strong><em>parcunt</em></strong></span> <span class='ocrx_word' id='word_1_291' title='bbox 3189 1151 3203 1174; x_wconf 91' lang='lat'><strong><em>,</em></strong></span> <span class='ocrx_word' id='word_1_292' title='bbox 3250 1110 3456 1179; x_wconf 89' lang='lat' dir='ltr'><strong><em>seipsos</em></strong></span> 
     </span>
    </p>
   </div>
   <div class='ocr_carea' id='block_1_41' title="bbox 1873 1180 3456 1267">
    <p class='ocr_par' dir='ltr' id='par_1_41' title="bbox 1873 1180 3456 1267">
     <span class='ocr_line' id='line_1_41' title="bbox 1873 1180 3456 1267; baseline 0.006 -18"><span class='ocrx_word' id='word_1_293' title='bbox 1873 1180 2297 1267; x_wconf 80' lang='lat' dir='ltr'><strong><em>tribulationiac</em></strong></span> <span class='ocrx_word' id='word_1_294' title='bbox 2328 1198 2580 1267; x_wconf 86' lang='lat' dir='ltr'><strong><em>periculis</em></strong></span> <span class='ocrx_word' id='word_1_295' title='bbox 2606 1197 2843 1252; x_wconf 89' lang='lat' dir='ltr'><strong><em>tradunt.</em></strong></span> <span class='ocrx_word' id='word_1_296' title='bbox 2877 1198 3076 1254; x_wconf 83' lang='lat' dir='ltr'><strong><em>Nudari</em></strong></span> <span class='ocrx_word' id='word_1_297' title='bbox 3112 1200 3456 1258; x_wconf 83' lang='lat' dir='ltr'><strong><em>facultatibus</em></strong></span> 
     </span>
    </p>
   </div>
   <div class='ocr_carea' id='block_1_42' title="bbox 1872 1287 3457 1362">
    <p class='ocr_par' dir='ltr' id='par_1_42' title="bbox 1872 1287 3457 1362">
     <span class='ocr_line' id='line_1_42' title="bbox 1872 1287 3457 1362; baseline 0.004 -22"><span class='ocrx_word' id='word_1_298' title='bbox 1872 1288 2125 1357; x_wconf 85' lang='lat' dir='ltr'><strong><em>propriis,</em></strong></span> <span class='ocrx_word' id='word_1_299' title='bbox 2168 1289 2355 1358; x_wconf 71' lang='lat' dir='ltr'><strong><em>patriae</em></strong></span> <span class='ocrx_word' id='word_1_300' title='bbox 2405 1303 2515 1342; x_wconf 68' lang='lat' dir='ltr'><strong><em>sua:</em></strong></span> <span class='ocrx_word' id='word_1_301' title='bbox 2568 1298 2814 1344; x_wconf 77' lang='lat' dir='ltr'><strong><em>extorres</em></strong></span> <span class='ocrx_word' id='word_1_302' title='bbox 2870 1287 3011 1354; x_wconf 85' lang='lat' dir='ltr'><strong><em>ﬁeri,</em></strong></span> <span class='ocrx_word' id='word_1_303' title='bbox 3064 1290 3378 1362; x_wconf 87' lang='lat' dir='ltr'><strong><em>parentibus</em></strong></span> <span class='ocrx_word' id='word_1_304' title='bbox 3403 1301 3457 1347; x_wconf 91' lang='lat' dir='ltr'><strong><em>et</em></strong></span> 
     </span>
    </p>
   </div>
   <div class='ocr_carea' id='block_1_43' title="bbox 1873 1379 3453 1453">
    <p class='ocr_par' dir='ltr' id='par_1_43' title="bbox 1873 1379 3453 1453">
     <span class='ocr_line' id='line_1_43' title="bbox 1873 1379 3453 1453; baseline 0.004 -22"><span class='ocrx_word' id='word_1_305' title='bbox 1873 1379 2132 1435; x_wconf 75' lang='lat' dir='ltr'><strong><em>uxoribus</em></strong></span> <span class='ocrx_word' id='word_1_306' title='bbox 2163 1388 2216 1435; x_wconf 92' lang='lat' dir='ltr'><strong><em>et</em></strong></span> <span class='ocrx_word' id='word_1_307' title='bbox 2263 1380 2388 1435; x_wconf 81' lang='lat' dir='ltr'><strong><em>[iliis</em></strong></span> <span class='ocrx_word' id='word_1_308' title='bbox 2421 1379 2732 1434; x_wconf 89' lang='lat' dir='ltr'><strong><em>renuntiare</em></strong></span> <span class='ocrx_word' id='word_1_309' title='bbox 2782 1380 2957 1453; x_wconf 90' lang='lat' dir='ltr'><strong><em>parati</em></strong></span> <span class='ocrx_word' id='word_1_310' title='bbox 3007 1390 3153 1447; x_wconf 90' lang='lat' dir='ltr'><strong><em>sunt,</em></strong></span> <span class='ocrx_word' id='word_1_311' title='bbox 3194 1391 3248 1437; x_wconf 89' lang='lat' dir='ltr'><strong><em>et</em></strong></span> <span class='ocrx_word' id='word_1_312' title='bbox 3294 1390 3349 1436; x_wconf 92' lang='lat' dir='ltr'><strong><em>ut</em></strong></span> <span class='ocrx_word' id='word_1_313' title='bbox 3401 1384 3453 1437; x_wconf 90' lang='lat' dir='ltr'><strong><em>in</em></strong></span> 
     </span>
    </p>
   </div>
   <div class='ocr_carea' id='block_1_44' title="bbox 1875 1470 3454 1543">
    <p class='ocr_par' dir='ltr' id='par_1_44' title="bbox 1875 1470 3454 1543">
     <span class='ocr_line' id='line_1_44' title="bbox 1875 1470 3454 1543; baseline 0.003 -20"><span class='ocrx_word' id='word_1_314' title='bbox 1875 1478 2041 1524; x_wconf 91' lang='lat' dir='ltr'><strong><em>totum</em></strong></span> <span class='ocrx_word' id='word_1_315' title='bbox 2064 1471 2258 1537; x_wconf 91' lang='lat' dir='ltr'><strong><em>dicam,</em></strong></span> <span class='ocrx_word' id='word_1_316' title='bbox 2293 1471 2462 1540; x_wconf 87' lang='lat' dir='ltr'><strong><em>ipsam</em></strong></span> <span class='ocrx_word' id='word_1_317' title='bbox 2486 1470 2727 1543; x_wconf 78' lang='lat' dir='ltr'><strong><em>torporis</em></strong></span> <span class='ocrx_word' id='word_1_318' title='bbox 2749 1479 2977 1525; x_wconf 87' lang='lat' dir='ltr'><strong><em>mortem</em></strong></span> <span class='ocrx_word' id='word_1_319' title='bbox 3011 1487 3115 1527; x_wconf 92' lang='lat' dir='ltr'><strong><em>non</em></strong></span> <span class='ocrx_word' id='word_1_320' title='bbox 3147 1472 3316 1527; x_wconf 92' lang='lat' dir='ltr'><strong><em>solum</em></strong></span> <span class='ocrx_word' id='word_1_321' title='bbox 3347 1489 3454 1528; x_wconf 92' lang='lat' dir='ltr'><strong><em>non</em></strong></span> 
     </span>
    </p>
   </div>
   <div class='ocr_carea' id='block_1_45' title="bbox 1873 1562 3459 1635">
    <p class='ocr_par' dir='ltr' id='par_1_45' title="bbox 1873 1562 3459 1635">
     <span class='ocr_line' id='line_1_45' title="bbox 1873 1562 3459 1635; baseline 0 -18"><span class='ocrx_word' id='word_1_322' title='bbox 1873 1563 2165 1635; x_wconf 88' lang='lat' dir='ltr'><strong><em>refugiunt,</em></strong></span> <span class='ocrx_word' id='word_1_323' title='bbox 2199 1563 2291 1617; x_wconf 88' lang='lat' dir='ltr'><strong><em>sed</em></strong></span> <span class='ocrx_word' id='word_1_324' title='bbox 2323 1563 2485 1616; x_wconf 88' lang='lat' dir='ltr'><strong><em>etiam</em></strong></span> <span class='ocrx_word' id='word_1_325' title='bbox 2537 1562 2767 1617; x_wconf 78' lang='lat' dir='ltr'><strong><em>libenter</em></strong></span> <span class='ocrx_word' id='word_1_326' title='bbox 2816 1562 3113 1631; x_wconf 80' lang='lat' dir='ltr'><strong><em>excipiunt,</em></strong></span> <span class='ocrx_word' id='word_1_327' title='bbox 3162 1562 3459 1617; x_wconf 86' lang='lat' dir='ltr'><strong><em>ambientes</em></strong></span> 
     </span>
    </p>
   </div>
   <div class='ocr_carea' id='block_1_46' title="bbox 1872 1649 3459 1723">
    <p class='ocr_par' dir='ltr' id='par_1_46' title="bbox 1872 1649 3459 1723">
     <span class='ocr_line' id='line_1_46' title="bbox 1872 1649 3459 1723; baseline -0.001 -15"><span class='ocrx_word' id='word_1_328' title='bbox 1872 1670 1902 1708; x_wconf 88' lang='lat' dir='ltr'><strong><em>a</em></strong></span> <span class='ocrx_word' id='word_1_329' title='bbox 1930 1654 2173 1723; x_wconf 89' lang='lat' dir='ltr'><strong><em>corporis</em></strong></span> <span class='ocrx_word' id='word_1_330' title='bbox 2203 1653 2284 1707; x_wconf 91' lang='lat' dir='ltr'><strong><em>sui</em></strong></span> <span class='ocrx_word' id='word_1_331' title='bbox 2309 1653 2416 1707; x_wconf 87' lang='lat' dir='ltr'><strong><em>vita</em></strong></span> <span class='ocrx_word' id='word_1_332' title='bbox 2448 1653 2620 1723; x_wconf 81' lang='lat' dir='ltr'><strong><em>magis</em></strong></span> <span class='ocrx_word' id='word_1_333' title='bbox 2659 1666 2821 1721; x_wconf 89' lang='lat' dir='ltr'><strong><em>quam</em></strong></span> <span class='ocrx_word' id='word_1_334' title='bbox 2852 1666 2881 1705; x_wconf 87' lang='lat' dir='ltr'><strong><em>a</em></strong></span> <span class='ocrx_word' id='word_1_335' title='bbox 2925 1649 3033 1705; x_wconf 90' lang='lat' dir='ltr'><strong><em>Deo</em></strong></span> <span class='ocrx_word' id='word_1_336' title='bbox 3059 1651 3166 1706; x_wconf 88' lang='lat' dir='ltr'><strong><em>vita</em></strong></span> <span class='ocrx_word' id='word_1_337' title='bbox 3196 1652 3317 1707; x_wconf 78' lang='lat' dir='ltr'><strong><em>vitae</em></strong></span> <span class='ocrx_word' id='word_1_338' title='bbox 3348 1667 3459 1707; x_wconf 73' lang='lat' dir='ltr'><strong><em>sure</em></strong></span> 
     </span>
    </p>
   </div>
   <div class='ocr_carea' id='block_1_47' title="bbox 1873 1742 3459 1813">
    <p class='ocr_par' dir='ltr' id='par_1_47' title="bbox 1873 1742 3459 1813">
     <span class='ocr_line' id='line_1_47' title="bbox 1873 1742 3459 1813; baseline -0.001 -12"><span class='ocrx_word' id='word_1_339' title='bbox 1873 1747 2167 1802; x_wconf 85' lang='lat' dir='ltr'><strong><em>discedere.</em></strong></span> <span class='ocrx_word' id='word_1_340' title='bbox 2193 1745 2477 1801; x_wconf 81' lang='lat' dir='ltr'><strong><em>Proximos</em></strong></span> <span class='ocrx_word' id='word_1_341' title='bbox 2507 1753 2722 1799; x_wconf 89' lang='lat' dir='ltr'><strong><em>nostros</em></strong></span> <span class='ocrx_word' id='word_1_342' title='bbox 2753 1743 2892 1799; x_wconf 90' lang='lat' dir='ltr'><strong><em>sicut</em></strong></span> <span class='ocrx_word' id='word_1_343' title='bbox 2924 1758 3021 1799; x_wconf 92' lang='lat' dir='ltr'><strong><em>nos</em></strong></span> <span class='ocrx_word' id='word_1_344' title='bbox 3049 1743 3271 1813; x_wconf 81' lang='lat' dir='ltr'><strong><em>diligere</em></strong></span> <span class='ocrx_word' id='word_1_345' title='bbox 3298 1742 3459 1799; x_wconf 86' lang='lat' dir='ltr'><strong><em>debe-</em></strong></span> 
     </span>
    </p>
   </div>
   <div class='ocr_carea' id='block_1_48' title="bbox 1876 1833 3455 1905">
    <p class='ocr_par' dir='ltr' id='par_1_48' title="bbox 1876 1833 3455 1905">
     <span class='ocr_line' id='line_1_48' title="bbox 1876 1833 3455 1905; baseline -0.002 -14"><span class='ocrx_word' id='word_1_346' title='bbox 1876 1853 1994 1892; x_wconf 89' lang='lat' dir='ltr'><strong><em>mus</em></strong></span> <span class='ocrx_word' id='word_1_347' title='bbox 2022 1856 2033 1890; x_wconf 93' lang='lat'>:</span> <span class='ocrx_word' id='word_1_348' title='bbox 2072 1852 2177 1890; x_wconf 91' lang='lat' dir='ltr'><strong><em>non</em></strong></span> <span class='ocrx_word' id='word_1_349' title='bbox 2208 1835 2281 1890; x_wconf 91' lang='lat' dir='ltr'><strong><em>illi</em></strong></span> <span class='ocrx_word' id='word_1_350' title='bbox 2309 1844 2525 1889; x_wconf 68' lang='lat' dir='ltr'><strong><em>tantum</em></strong></span> <span class='ocrx_word' id='word_1_351' title='bbox 2559 1834 2795 1905; x_wconf 82' lang='lat' dir='ltr'><strong><em>proximi</em></strong></span> <span class='ocrx_word' id='word_1_352' title='bbox 2825 1833 2994 1888; x_wconf 84' lang='lat' dir='ltr'><strong><em>nostri</em></strong></span> <span class='ocrx_word' id='word_1_353' title='bbox 3026 1834 3276 1889; x_wconf 85' lang='lat' dir='ltr'><strong><em>credendi</em></strong></span> <span class='ocrx_word' id='word_1_354' title='bbox 3307 1842 3455 1901; x_wconf 90' lang='lat' dir='ltr'><strong><em>sunt,</em></strong></span> 
     </span>
    </p>
   </div>
   <div class='ocr_carea' id='block_1_49' title="bbox 1873 1923 3460 2000">
    <p class='ocr_par' dir='ltr' id='par_1_49' title="bbox 1873 1923 3460 2000">
     <span class='ocr_line' id='line_1_49' title="bbox 1873 1923 3460 2000; baseline -0.001 -19"><span class='ocrx_word' id='word_1_355' title='bbox 1873 1943 2010 2000; x_wconf 84' lang='lat' dir='ltr'><strong><em>quos</em></strong></span> <span class='ocrx_word' id='word_1_356' title='bbox 2030 1928 2185 1982; x_wconf 91' lang='lat' dir='ltr'><strong><em>nobis</em></strong></span> <span class='ocrx_word' id='word_1_357' title='bbox 2208 1927 2405 1995; x_wconf 85' lang='lat' dir='ltr'><strong><em>gradus</em></strong></span> <span class='ocrx_word' id='word_1_358' title='bbox 2427 1925 2704 1994; x_wconf 80' lang='lat' dir='ltr'><strong><em>sanguinis</em></strong></span> <span class='ocrx_word' id='word_1_359' title='bbox 2730 1923 2928 1993; x_wconf 82' lang='lat' dir='ltr'><strong><em>jungit,</em></strong></span> <span class='ocrx_word' id='word_1_360' title='bbox 2966 1924 3059 1979; x_wconf 89' lang='lat' dir='ltr'><strong><em>sed</em></strong></span> <span class='ocrx_word' id='word_1_361' title='bbox 3103 1925 3333 1992; x_wconf 80' lang='lat' dir='ltr'><strong><em>proximi</em></strong></span> <span class='ocrx_word' id='word_1_362' title='bbox 3367 1940 3460 1980; x_wconf 85' lang='lat' dir='ltr'><strong><em>no-</em></strong></span> 
     </span>
    </p>
   </div>
   <div class='ocr_carea' id='block_1_50' title="bbox 1871 2016 3463 2087">
    <p class='ocr_par' dir='ltr' id='par_1_50' title="bbox 1871 2016 3463 2087">
     <span class='ocr_line' id='line_1_50' title="bbox 1871 2016 3463 2087; baseline -0.002 -13"><span class='ocrx_word' id='word_1_363' title='bbox 1871 2022 1970 2076; x_wconf 88' lang='lat' dir='ltr'><strong><em>stri</em></strong></span> <span class='ocrx_word' id='word_1_364' title='bbox 1987 2019 2241 2074; x_wconf 85' lang='lat' dir='ltr'><strong><em>credendi</em></strong></span> <span class='ocrx_word' id='word_1_365' title='bbox 2266 2027 2393 2074; x_wconf 89' lang='lat' dir='ltr'><strong><em>sunt</em></strong></span> <span class='ocrx_word' id='word_1_366' title='bbox 2409 2032 2600 2074; x_wconf 89' lang='lat' dir='ltr'><strong><em>omnes</em></strong></span> <span class='ocrx_word' id='word_1_367' title='bbox 2626 2016 2873 2071; x_wconf 87' lang='lat' dir='ltr'><strong><em>homines</em></strong></span> <span class='ocrx_word' id='word_1_368' title='bbox 2894 2025 3103 2072; x_wconf 73' lang='lat' dir='ltr'><strong><em>natum</em></strong></span> <span class='ocrx_word' id='word_1_369' title='bbox 3123 2025 3321 2072; x_wconf 62' lang='lat' dir='ltr'><strong><em>nostra:</em></strong></span> <span class='ocrx_word' id='word_1_370' title='bbox 3342 2032 3463 2087; x_wconf 88' lang='lat' dir='ltr'><strong><em>par-</em></strong></span> 
     </span>
    </p>
   </div>
   <div class='ocr_carea' id='block_1_51' title="bbox 1874 2107 3456 2182">
    <p class='ocr_par' dir='ltr' id='par_1_51' title="bbox 1874 2107 3456 2182">
     <span class='ocr_line' id='line_1_51' title="bbox 1874 2107 3456 2182; baseline -0.003 -16"><span class='ocrx_word' id='word_1_371' title='bbox 1874 2113 2082 2182; x_wconf 79' lang='lat' dir='ltr'><strong><em>ticipes.</em></strong></span> <span class='ocrx_word' id='word_1_372' title='bbox 2143 2109 2450 2167; x_wconf 89' lang='lat' dir='ltr'><strong><em>Secundum</em></strong></span> <span class='ocrx_word' id='word_1_373' title='bbox 2497 2124 2595 2163; x_wconf 89' lang='lat' dir='ltr'><strong><em>nos</em></strong></span> <span class='ocrx_word' id='word_1_374' title='bbox 2626 2109 2900 2179; x_wconf 84' lang='lat' dir='ltr'><strong><em>proximos</em></strong></span> <span class='ocrx_word' id='word_1_375' title='bbox 2925 2122 3116 2163; x_wconf 89' lang='lat' dir='ltr'><strong><em>omnes</em></strong></span> <span class='ocrx_word' id='word_1_376' title='bbox 3162 2107 3456 2181; x_wconf 83' lang='lat' dir='ltr'><strong><em>diligimus,</em></strong></span> 
     </span>
    </p>
   </div>
   <div class='ocr_carea' id='block_1_52' title="bbox 1873 2198 3457 2257">
    <p class='ocr_par' dir='ltr' id='par_1_52' title="bbox 1873 2198 3457 2257">
     <span class='ocr_line' id='line_1_52' title="bbox 1873 2198 3457 2257; baseline -0.001 -2"><span class='ocrx_word' id='word_1_377' title='bbox 1873 2218 1991 2256; x_wconf 89' lang='lat' dir='ltr'><strong><em>cum</em></strong></span> <span class='ocrx_word' id='word_1_378' title='bbox 2037 2202 2103 2254; x_wconf 89' lang='lat' dir='ltr'><strong><em>ad</em></strong></span> <span class='ocrx_word' id='word_1_379' title='bbox 2137 2214 2313 2256; x_wconf 90' lang='lat' dir='ltr'><strong><em>mores</em></strong></span> <span class='ocrx_word' id='word_1_380' title='bbox 2347 2201 2513 2257; x_wconf 92' lang='lat' dir='ltr'><strong><em>bonos</em></strong></span> <span class='ocrx_word' id='word_1_381' title='bbox 2552 2207 2606 2254; x_wconf 89' lang='lat' dir='ltr'><strong><em>et</em></strong></span> <span class='ocrx_word' id='word_1_382' title='bbox 2643 2200 2709 2254; x_wconf 90' lang='lat' dir='ltr'><strong><em>ad</em></strong></span> <span class='ocrx_word' id='word_1_383' title='bbox 2744 2207 2999 2253; x_wconf 82' lang='lat' dir='ltr'><strong><em>aeternam</em></strong></span> <span class='ocrx_word' id='word_1_384' title='bbox 3055 2198 3220 2253; x_wconf 90' lang='lat' dir='ltr'><strong><em>vitam</em></strong></span> <span class='ocrx_word' id='word_1_385' title='bbox 3263 2214 3457 2254; x_wconf 87' lang='lat' dir='ltr'><strong><em>conse-</em></strong></span> 
     </span>
    </p>
   </div>
   <div class='ocr_carea' id='block_1_53' title="bbox 1871 2292 3458 2363">
    <p class='ocr_par' dir='ltr' id='par_1_53' title="bbox 1871 2292 3458 2363">
     <span class='ocr_line' id='line_1_53' title="bbox 1871 2292 3458 2363; baseline 0.001 -16"><span class='ocrx_word' id='word_1_386' title='bbox 1871 2294 2140 2363; x_wconf 88' lang='lat' dir='ltr'><strong><em>quendam</em></strong></span> <span class='ocrx_word' id='word_1_387' title='bbox 2182 2293 2322 2349; x_wconf 85' lang='lat' dir='ltr'><strong><em>sicut</em></strong></span> <span class='ocrx_word' id='word_1_388' title='bbox 2347 2294 2503 2348; x_wconf 92' lang='lat' dir='ltr'><strong><em>nobis</em></strong></span> <span class='ocrx_word' id='word_1_389' title='bbox 2529 2308 2716 2347; x_wconf 88' lang='lat' dir='ltr'><strong><em>eorum</em></strong></span> <span class='ocrx_word' id='word_1_390' title='bbox 2746 2292 2905 2348; x_wconf 86' lang='lat' dir='ltr'><strong><em>saluti</em></strong></span> <span class='ocrx_word' id='word_1_391' title='bbox 2945 2292 3296 2359; x_wconf 86' lang='lat' dir='ltr'><strong><em>consulimus,</em></strong></span> <span class='ocrx_word' id='word_1_392' title='bbox 3337 2309 3458 2349; x_wconf 83' lang='lat' dir='ltr'><strong><em>cum</em></strong></span> 
     </span>
    </p>
   </div>
   <div class='ocr_carea' id='block_1_54' title="bbox 1872 2384 3461 2455">
    <p class='ocr_par' dir='ltr' id='par_1_54' title="bbox 1872 2384 3461 2455">
     <span class='ocr_line' id='line_1_54' title="bbox 1872 2384 3461 2455; baseline 0.001 -17"><span class='ocrx_word' id='word_1_393' title='bbox 1872 2400 1970 2440; x_wconf 83' lang='lat' dir='ltr'><strong><em>nos</em></strong></span> <span class='ocrx_word' id='word_1_394' title='bbox 1999 2385 2053 2438; x_wconf 91' lang='lat' dir='ltr'><strong><em>in</em></strong></span> <span class='ocrx_word' id='word_1_395' title='bbox 2083 2399 2269 2440; x_wconf 89' lang='lat' dir='ltr'><strong><em>eorum</em></strong></span> <span class='ocrx_word' id='word_1_396' title='bbox 2300 2384 2537 2455; x_wconf 87' lang='lat' dir='ltr'><strong><em>peccatis</em></strong></span> <span class='ocrx_word' id='word_1_397' title='bbox 2567 2400 2631 2439; x_wconf 89' lang='lat' dir='ltr'><strong><em>ac</em></strong></span> <span class='ocrx_word' id='word_1_398' title='bbox 2657 2384 2911 2454; x_wconf 84' lang='lat' dir='ltr'><strong><em>periculis</em></strong></span> <span class='ocrx_word' id='word_1_399' title='bbox 2938 2384 3254 2455; x_wconf 84' lang='lat' dir='ltr'><strong><em>cogitamus,</em></strong></span> <span class='ocrx_word' id='word_1_400' title='bbox 3286 2392 3359 2450; x_wconf 89' lang='lat' dir='ltr'><strong><em>et,</em></strong></span> <span class='ocrx_word' id='word_1_401' title='bbox 3390 2385 3461 2439; x_wconf 91' lang='lat' dir='ltr'><strong><em>si-</em></strong></span> 
     </span>
    </p>
   </div>
   <div class='ocr_carea' id='block_1_55' title="bbox 1870 2475 3457 2546">
    <p class='ocr_par' dir='ltr' id='par_1_55' title="bbox 1870 2475 3457 2546">
     <span class='ocr_line' id='line_1_55' title="bbox 1870 2475 3457 2546; baseline 0.001 -15"><span class='ocrx_word' id='word_1_402' title='bbox 1870 2485 1963 2531; x_wconf 87' lang='lat' dir='ltr'><strong><em>cut</em></strong></span> <span class='ocrx_word' id='word_1_403' title='bbox 2013 2477 2169 2532; x_wconf 89' lang='lat' dir='ltr'><strong><em>nobis</em></strong></span> <span class='ocrx_word' id='word_1_404' title='bbox 2206 2475 2482 2532; x_wconf 87' lang='lat' dir='ltr'><strong><em>subveniri</em></strong></span> <span class='ocrx_word' id='word_1_405' title='bbox 2516 2484 2851 2545; x_wconf 86' lang='lat' dir='ltr'><strong><em>optaremus,</em></strong></span> <span class='ocrx_word' id='word_1_406' title='bbox 2889 2476 2962 2531; x_wconf 88' lang='lat' dir='ltr'><strong><em>ita</em></strong></span> <span class='ocrx_word' id='word_1_407' title='bbox 3003 2477 3083 2531; x_wconf 90' lang='lat' dir='ltr'><strong><em>eis</em></strong></span> <span class='ocrx_word' id='word_1_408' title='bbox 3121 2491 3219 2546; x_wconf 91' lang='lat' dir='ltr'><strong><em>pro</em></strong></span> <span class='ocrx_word' id='word_1_409' title='bbox 3250 2476 3457 2532; x_wconf 89' lang='lat' dir='ltr'><strong><em>viribus</em></strong></span> 
     </span>
    </p>
   </div>
   <div class='ocr_carea' id='block_1_56' title="bbox 1871 2563 3461 2631">
    <p class='ocr_par' dir='ltr' id='par_1_56' title="bbox 1871 2563 3461 2631">
     <span class='ocr_line' id='line_1_56' title="bbox 1871 2563 3461 2631; baseline -0.001 -9"><span class='ocrx_word' id='word_1_410' title='bbox 1871 2566 2239 2631; x_wconf 81' lang='lat' dir='ltr'><strong><em>subvenimus,</em></strong></span> <span class='ocrx_word' id='word_1_411' title='bbox 2261 2574 2353 2621; x_wconf 85' lang='lat' dir='ltr'><strong><em>aut</em></strong></span> <span class='ocrx_word' id='word_1_412' title='bbox 2380 2566 2426 2622; x_wconf 92' lang='lat' dir='ltr'><strong><em>si</em></strong></span> <span class='ocrx_word' id='word_1_413' title='bbox 2452 2564 2679 2622; x_wconf 82' lang='lat' dir='ltr'><strong><em>facultas</em></strong></span> <span class='ocrx_word' id='word_1_414' title='bbox 2702 2563 2956 2631; x_wconf 80' lang='lat' dir='ltr'><strong><em>defuerit,</em></strong></span> <span class='ocrx_word' id='word_1_415' title='bbox 2975 2565 3310 2621; x_wconf 87' lang='lat' dir='ltr'><strong><em>voluntatem</em></strong></span> <span class='ocrx_word' id='word_1_416' title='bbox 3338 2566 3461 2620; x_wconf 88' lang='lat' dir='ltr'><strong><em>sub-</em></strong></span> 
     </span>
    </p>
   </div>
   <div class='ocr_carea' id='block_1_57' title="bbox 1871 2655 3455 2729">
    <p class='ocr_par' dir='ltr' id='par_1_57' title="bbox 1871 2655 3455 2729">
     <span class='ocr_line' id='line_1_57' title="bbox 1871 2655 3455 2729; baseline 0.001 -19"><span class='ocrx_word' id='word_1_417' title='bbox 1871 2657 2118 2712; x_wconf 81' lang='lat' dir='ltr'><strong><em>veniendi</em></strong></span> <span class='ocrx_word' id='word_1_418' title='bbox 2167 2665 2432 2713; x_wconf 88' lang='lat' dir='ltr'><strong><em>tenemus.</em></strong></span> <span class='ocrx_word' id='word_1_419' title='bbox 2464 2655 2806 2729; x_wconf 79' lang='lat' dir='ltr'><strong><em>Quapmpter</em></strong></span> <span class='ocrx_word' id='word_1_420' title='bbox 2834 2659 2947 2712; x_wconf 79' lang='lat' dir='ltr'><strong><em>haec</em></strong></span> <span class='ocrx_word' id='word_1_421' title='bbox 2967 2666 3052 2713; x_wconf 89' lang='lat' dir='ltr'><strong><em>est</em></strong></span> <span class='ocrx_word' id='word_1_422' title='bbox 3082 2658 3314 2727; x_wconf 84' lang='lat' dir='ltr'><strong><em>proximi</em></strong></span> <span class='ocrx_word' id='word_1_423' title='bbox 3344 2666 3455 2712; x_wconf 87' lang='lat' dir='ltr'><strong><em>tota</em></strong></span> 
     </span>
    </p>
   </div>
   <div class='ocr_carea' id='block_1_58' title="bbox 1871 2749 3459 2821">
    <p class='ocr_par' dir='ltr' id='par_1_58' title="bbox 1871 2749 3459 2821">
     <span class='ocr_line' id='line_1_58' title="bbox 1871 2749 3459 2821; baseline -0.002 -16"><span class='ocrx_word' id='word_1_424' title='bbox 1871 2752 2107 2816; x_wconf 88' lang='lat' dir='ltr'><strong><em>dilectio,</em></strong></span> <span class='ocrx_word' id='word_1_425' title='bbox 2161 2761 2220 2806; x_wconf 89' lang='lat' dir='ltr'><strong><em>ut</em></strong></span> <span class='ocrx_word' id='word_1_426' title='bbox 2270 2752 2470 2808; x_wconf 87' lang='lat' dir='ltr'><strong><em>bonum</em></strong></span> <span class='ocrx_word' id='word_1_427' title='bbox 2510 2752 2654 2821; x_wconf 90' lang='lat' dir='ltr'><strong><em>quod</em></strong></span> <span class='ocrx_word' id='word_1_428' title='bbox 2699 2750 2792 2804; x_wconf 86' lang='lat' dir='ltr'><strong><em>tibi</em></strong></span> <span class='ocrx_word' id='word_1_429' title='bbox 2844 2749 3077 2805; x_wconf 87' lang='lat' dir='ltr'><strong><em>conferri</em></strong></span> <span class='ocrx_word' id='word_1_430' title='bbox 3108 2751 3211 2815; x_wconf 87' lang='lat' dir='ltr'><strong><em>vis,</em></strong></span> <span class='ocrx_word' id='word_1_431' title='bbox 3242 2749 3374 2805; x_wconf 85' lang='lat' dir='ltr'><strong><em>velis</em></strong></span> <span class='ocrx_word' id='word_1_432' title='bbox 3404 2755 3459 2804; x_wconf 88' lang='lat' dir='ltr'><strong><em>et</em></strong></span> 
     </span>
    </p>
   </div>
   <div class='ocr_carea' id='block_1_59' title="bbox 1870 2842 3459 2914">
    <p class='ocr_par' dir='ltr' id='par_1_59' title="bbox 1870 2842 3459 2914">
     <span class='ocr_line' id='line_1_59' title="bbox 1870 2842 3459 2914; baseline 0.001 -18"><span class='ocrx_word' id='word_1_433' title='bbox 1870 2844 2135 2914; x_wconf 86' lang='lat' dir='ltr'><strong><em>proximo.</em></strong></span> <span class='ocrx_word' id='word_1_434' title='bbox 2170 2843 2381 2899; x_wconf 82' lang='lat' dir='ltr'><strong><em>Etenim</em></strong></span> <span class='ocrx_word' id='word_1_435' title='bbox 2417 2843 2691 2911; x_wconf 86' lang='lat' dir='ltr'><strong><em>profectus</em></strong></span> <span class='ocrx_word' id='word_1_436' title='bbox 2735 2852 2854 2897; x_wconf 88' lang='lat' dir='ltr'><strong><em>tuos</em></strong></span> <span class='ocrx_word' id='word_1_437' title='bbox 2883 2858 3007 2898; x_wconf 89' lang='lat' dir='ltr'><strong><em>esse</em></strong></span> <span class='ocrx_word' id='word_1_438' title='bbox 3032 2844 3240 2908; x_wconf 87' lang='lat' dir='ltr'><strong><em>credas,</em></strong></span> <span class='ocrx_word' id='word_1_439' title='bbox 3292 2851 3349 2897; x_wconf 86' lang='lat' dir='ltr'><strong><em>et</em></strong></span> <span class='ocrx_word' id='word_1_440' title='bbox 3393 2842 3459 2898; x_wconf 90' lang='lat' dir='ltr'><strong><em>de</em></strong></span> 
     </span>
    </p>
   </div>
   <div class='ocr_carea' id='block_1_60' title="bbox 1870 2934 3461 3007">
    <p class='ocr_par' dir='ltr' id='par_1_60' title="bbox 1870 2934 3461 3007">
     <span class='ocr_line' id='line_1_60' title="bbox 1870 2934 3461 3007; baseline -0.001 -16"><span class='ocrx_word' id='word_1_441' title='bbox 1870 2935 2106 3007; x_wconf 86' lang='lat' dir='ltr'><strong><em>peccatis</em></strong></span> <span class='ocrx_word' id='word_1_442' title='bbox 2132 2934 2360 2989; x_wconf 86' lang='lat' dir='ltr'><strong><em>aliorum</em></strong></span> <span class='ocrx_word' id='word_1_443' title='bbox 2400 2943 2654 3003; x_wconf 86' lang='lat' dir='ltr'><strong><em>tanquam</em></strong></span> <span class='ocrx_word' id='word_1_444' title='bbox 2679 2935 2745 2988; x_wconf 89' lang='lat' dir='ltr'><strong><em>de</em></strong></span> <span class='ocrx_word' id='word_1_445' title='bbox 2771 2934 3004 3005; x_wconf 89' lang='lat' dir='ltr'><strong><em>propriis</em></strong></span> <span class='ocrx_word' id='word_1_446' title='bbox 3031 2934 3461 3001; x_wconf 69' lang='lat' dir='ltr'><strong><em>misericorditer</em></strong></span> 
     </span>
    </p>
   </div>
   <div class='ocr_carea' id='block_1_61' title="bbox 1869 3024 3454 3098">
    <p class='ocr_par' dir='ltr' id='par_1_61' title="bbox 1869 3024 3454 3098">
     <span class='ocr_line' id='line_1_61' title="bbox 1869 3024 3454 3098; baseline 0.001 -17"><span class='ocrx_word' id='word_1_447' title='bbox 1869 3027 2073 3098; x_wconf 81' lang='lat' dir='ltr'><strong><em>lugeas.</em></strong></span> <span class='ocrx_word' id='word_1_448' title='bbox 2106 3025 2322 3098; x_wconf 85' lang='lat' dir='ltr'><strong><em>(Basil.)</em></strong></span> <span class='ocrx_word' id='word_1_449' title='bbox 2363 3024 2487 3081; x_wconf 72' lang='lat' dir='ltr'><strong><em>Haec</em></strong></span> <span class='ocrx_word' id='word_1_450' title='bbox 2517 3034 2600 3080; x_wconf 91' lang='lat' dir='ltr'><strong><em>est</em></strong></span> <span class='ocrx_word' id='word_1_451' title='bbox 2624 3026 2769 3081; x_wconf 89' lang='lat' dir='ltr'><strong><em>enim</em></strong></span> <span class='ocrx_word' id='word_1_452' title='bbox 2798 3026 3038 3081; x_wconf 86' lang='lat' dir='ltr'><strong><em>charitas</em></strong></span> <span class='ocrx_word' id='word_1_453' title='bbox 3065 3042 3227 3096; x_wconf 84' lang='lat' dir='ltr'><strong><em>quam</em></strong></span> <span class='ocrx_word' id='word_1_454' title='bbox 3254 3026 3454 3085; x_wconf 84' lang='lat' dir='ltr'><strong><em>habere</em></strong></span> 
     </span>
    </p>
   </div>
   <div class='ocr_carea' id='block_1_62' title="bbox 1871 3118 3454 3186">
    <p class='ocr_par' dir='ltr' id='par_1_62' title="bbox 1871 3118 3454 3186">
     <span class='ocr_line' id='line_1_62' title="bbox 1871 3118 3454 3186; baseline -0.001 -11"><span class='ocrx_word' id='word_1_455' title='bbox 1871 3119 2128 3175; x_wconf 82' lang='lat' dir='ltr'><strong><em>debemus</em></strong></span> <span class='ocrx_word' id='word_1_456' title='bbox 2162 3119 2411 3185; x_wconf 88' lang='lat' dir='ltr'><strong><em>invicem,</em></strong></span> <span class='ocrx_word' id='word_1_457' title='bbox 2448 3118 2587 3174; x_wconf 90' lang='lat' dir='ltr'><strong><em>sicut</em></strong></span> <span class='ocrx_word' id='word_1_458' title='bbox 2608 3118 2869 3173; x_wconf 88' lang='lat' dir='ltr'><strong><em>Dominus</em></strong></span> <span class='ocrx_word' id='word_1_459' title='bbox 2895 3119 3130 3175; x_wconf 88' lang='lat' dir='ltr'><strong><em>ostendit</em></strong></span> <span class='ocrx_word' id='word_1_460' title='bbox 3161 3129 3213 3173; x_wconf 89' lang='lat' dir='ltr'><strong><em>et</em></strong></span> <span class='ocrx_word' id='word_1_461' title='bbox 3252 3120 3454 3186; x_wconf 89' lang='lat' dir='ltr'><strong><em>docuit,</em></strong></span> 
     </span>
    </p>
   </div>
   <div class='ocr_carea' id='block_1_63' title="bbox 1870 3209 3453 3280">
    <p class='ocr_par' dir='ltr' id='par_1_63' title="bbox 1870 3209 3453 3280">
     <span class='ocr_line' id='line_1_63' title="bbox 1870 3209 3453 3280; baseline 0 -16"><span class='ocrx_word' id='word_1_462' title='bbox 1870 3210 2055 3266; x_wconf 79' lang='lat' dir='ltr'><strong><em>dicens</em></strong></span> <span class='ocrx_word' id='word_1_463' title='bbox 2106 3229 2119 3264; x_wconf 77' lang='lat'><strong><em>.-</em></strong></span> <span class='ocrx_word' id='word_1_464' title='bbox 2170 3209 2384 3280; x_wconf 86' lang='lat' dir='ltr'><strong><em>Diligite</em></strong></span> <span class='ocrx_word' id='word_1_465' title='bbox 2438 3210 2655 3264; x_wconf 85' lang='lat' dir='ltr'><strong><em>invicem</em></strong></span> <span class='ocrx_word' id='word_1_466' title='bbox 2706 3209 2836 3263; x_wconf 91' lang='lat' dir='ltr'><strong><em>sicut</em></strong></span> <span class='ocrx_word' id='word_1_467' title='bbox 2888 3220 2934 3262; x_wconf 91' lang='lat' dir='ltr'><strong><em>et</em></strong></span> <span class='ocrx_word' id='word_1_468' title='bbox 2991 3226 3084 3280; x_wconf 87' lang='lat' dir='ltr'><strong><em>ego</em></strong></span> <span class='ocrx_word' id='word_1_469' title='bbox 3134 3210 3296 3264; x_wconf 80' lang='lat' dir='ltr'><strong><em>dilexi</em></strong></span> <span class='ocrx_word' id='word_1_470' title='bbox 3344 3227 3453 3264; x_wconf 84' lang='lat' dir='ltr'><strong><em>vos.</em></strong></span> 
     </span>
    </p>
   </div>
   <div class='ocr_carea' id='block_1_64' title="bbox 180 3277 3459 3379">
    <p class='ocr_par' dir='ltr' id='par_1_64' title="bbox 180 3277 3459 3379">
     <span class='ocr_line' id='line_1_64' title="bbox 180 3277 3459 3379; baseline -0.001 -20"><span class='ocrx_word' id='word_1_471' title='bbox 180 3307 348 3371; x_wconf 86' lang='lat' dir='ltr'><strong><em>eruit,</em></strong></span> <span class='ocrx_word' id='word_1_472' title='bbox 396 3322 615 3363; x_wconf 90' lang='lat' dir='ltr'><strong><em>versare</em></strong></span> <span class='ocrx_word' id='word_1_473' title='bbox 658 3309 713 3363; x_wconf 94' lang='lat' dir='ltr'><strong><em>in</em></strong></span> <span class='ocrx_word' id='word_1_474' title='bbox 752 3309 934 3363; x_wconf 86' lang='lat' dir='ltr'><strong><em>animo</em></strong></span> <span class='ocrx_word' id='word_1_475' title='bbox 969 3311 1117 3379; x_wconf 85' lang='lat' dir='ltr'><strong><em>quod</em></strong></span> <span class='ocrx_word' id='word_1_476' title='bbox 1141 3309 1386 3377; x_wconf 90' lang='lat' dir='ltr'><strong><em>inquinat</em></strong></span> <span class='ocrx_word' id='word_1_477' title='bbox 1418 3307 1605 3361; x_wconf 86' lang='lat' dir='ltr'><strong><em>nescit.</em></strong></span> <span class='ocrx_word' id='word_1_478' title='bbox 1643 3304 1765 3362; x_wconf 86' lang='lat' dir='ltr'><strong><em>Non</em></strong></span> <span class='ocrx_word' id='word_1_479' title='bbox 1790 3277 1842 3342; x_wconf 66' lang='grc' dir='ltr'>θ</span> <span class='ocrx_word' id='word_1_480' title='bbox 1875 3303 2135 3375; x_wconf 80' lang='lat' dir='ltr'><strong><em>Majorem</em></strong></span> <span class='ocrx_word' id='word_1_481' title='bbox 2162 3302 2260 3356; x_wconf 85' lang='lat' dir='ltr'><strong><em>hac</em></strong></span> <span class='ocrx_word' id='word_1_482' title='bbox 2288 3300 2616 3357; x_wconf 84' lang='lat' dir='ltr'><strong><em>dilectionem</em></strong></span> <span class='ocrx_word' id='word_1_483' title='bbox 2661 3318 2808 3355; x_wconf 86' lang='lat' dir='ltr'><strong><em>nemo</em></strong></span> <span class='ocrx_word' id='word_1_484' title='bbox 2843 3300 3017 3369; x_wconf 76' lang='lat' dir='ltr'><strong><em>habet,</em></strong></span> <span class='ocrx_word' id='word_1_485' title='bbox 3051 3318 3210 3372; x_wconf 85' lang='lat' dir='ltr'><strong><em>quem</em></strong></span> <span class='ocrx_word' id='word_1_486' title='bbox 3247 3311 3303 3356; x_wconf 90' lang='lat' dir='ltr'><strong><em>ut</em></strong></span> <span class='ocrx_word' id='word_1_487' title='bbox 3342 3304 3459 3357; x_wconf 84' lang='lat' dir='ltr'><strong><em>ani—</em></strong></span> 
     </span>
    </p>
   </div>
   <div class='ocr_carea' id='block_1_65' title="bbox 180 3397 1768 3471">
    <p class='ocr_par' dir='ltr' id='par_1_65' title="bbox 180 3397 1768 3471">
     <span class='ocr_line' id='line_1_65' title="bbox 180 3397 1768 3471; baseline 0.001 -21"><span class='ocrx_word' id='word_1_488' title='bbox 180 3398 374 3467; x_wconf 86' lang='lat' dir='ltr'><strong><em>gaudet</em></strong></span> <span class='ocrx_word' id='word_1_489' title='bbox 426 3416 581 3470; x_wconf 81' lang='lat' dir='ltr'><strong><em>super</em></strong></span> <span class='ocrx_word' id='word_1_490' title='bbox 628 3401 931 3471; x_wconf 82' lang='lat' dir='ltr'><strong><em>iniquitate,</em></strong></span> <span class='ocrx_word' id='word_1_491' title='bbox 985 3400 1112 3471; x_wconf 87' lang='lat' dir='ltr'><strong><em>quia</em></strong></span> <span class='ocrx_word' id='word_1_492' title='bbox 1168 3415 1274 3469; x_wconf 92' lang='lat' dir='ltr'><strong><em>quo</em></strong></span> <span class='ocrx_word' id='word_1_493' title='bbox 1316 3399 1426 3454; x_wconf 89' lang='lat' dir='ltr'><strong><em>sola</em></strong></span> <span class='ocrx_word' id='word_1_494' title='bbox 1480 3397 1768 3453; x_wconf 88' lang='lat' dir='ltr'><strong><em>dilectione</em></strong></span> 
     </span>
    </p>
   </div>
   <div class='ocr_carea' id='block_1_66' title="bbox 182 3488 1765 3564">
    <p class='ocr_par' dir='ltr' id='par_1_66' title="bbox 182 3488 1765 3564">
     <span class='ocr_line' id='line_1_66' title="bbox 182 3488 1765 3564; baseline -0.003 -19"><span class='ocrx_word' id='word_1_495' title='bbox 182 3506 313 3558; x_wconf 85' lang='lat' dir='ltr'><strong><em>erga</em></strong></span> <span class='ocrx_word' id='word_1_496' title='bbox 341 3505 529 3546; x_wconf 90' lang='lat' dir='ltr'><strong><em>omnes</em></strong></span> <span class='ocrx_word' id='word_1_497' title='bbox 563 3493 757 3557; x_wconf 89' lang='lat' dir='ltr'><strong><em>inhiat,</em></strong></span> <span class='ocrx_word' id='word_1_498' title='bbox 799 3508 899 3548; x_wconf 89' lang='lat' dir='ltr'><strong><em>nec</em></strong></span> <span class='ocrx_word' id='word_1_499' title='bbox 931 3493 996 3549; x_wconf 86' lang='lat' dir='ltr'><strong><em>de</em></strong></span> <span class='ocrx_word' id='word_1_500' title='bbox 1024 3491 1327 3564; x_wconf 75' lang='lat' dir='ltr'><strong><em>perditione</em></strong></span> <span class='ocrx_word' id='word_1_501' title='bbox 1363 3488 1765 3546; x_wconf 87' lang='lat' dir='ltr'><strong><em>adversantium</em></strong></span> 
     </span>
    </p>
   </div>
   <div class='ocr_carea' id='block_1_67' title="bbox 181 3581 1766 3654">
    <p class='ocr_par' dir='ltr' id='par_1_67' title="bbox 181 3581 1766 3654">
     <span class='ocr_line' id='line_1_67' title="bbox 181 3581 1766 3654; baseline -0.003 -16"><span class='ocrx_word' id='word_1_502' title='bbox 181 3582 437 3638; x_wconf 82' lang='lat' dir='ltr'><strong><em>exsultat.</em></strong></span> <span class='ocrx_word' id='word_1_503' title='bbox 481 3581 784 3654; x_wconf 82' lang='lat' dir='ltr'><strong><em>Congaudet</em></strong></span> <span class='ocrx_word' id='word_1_504' title='bbox 822 3592 995 3637; x_wconf 89' lang='lat' dir='ltr'><strong><em>autem</em></strong></span> <span class='ocrx_word' id='word_1_505' title='bbox 1036 3582 1408 3653; x_wconf 32' lang='lat' dir='ltr'><strong><em>veritati,&#39;quia</em></strong></span> <span class='ocrx_word' id='word_1_506' title='bbox 1453 3590 1508 3634; x_wconf 92' lang='lat' dir='ltr'><strong><em>ut</em></strong></span> <span class='ocrx_word' id='word_1_507' title='bbox 1540 3588 1766 3635; x_wconf 57' lang='lat' dir='ltr'><strong><em>caeteros</em></strong></span> 
     </span>
    </p>
   </div>
   <div class='ocr_carea' id='block_1_68' title="bbox 182 3671 1763 3746">
    <p class='ocr_par' dir='ltr' id='par_1_68' title="bbox 182 3671 1763 3746">
     <span class='ocr_line' id='line_1_68' title="bbox 182 3671 1763 3746; baseline -0.002 -19"><span class='ocrx_word' id='word_1_508' title='bbox 182 3674 433 3743; x_wconf 82' lang='lat' dir='ltr'><strong><em>diligens,</em></strong></span> <span class='ocrx_word' id='word_1_509' title='bbox 467 3689 563 3746; x_wconf 89' lang='lat' dir='ltr'><strong><em>per</em></strong></span> <span class='ocrx_word' id='word_1_510' title='bbox 607 3674 729 3738; x_wconf 93' lang='lat' dir='ltr'><strong><em>hoc,</em></strong></span> <span class='ocrx_word' id='word_1_511' title='bbox 766 3675 909 3746; x_wconf 80' lang='lat' dir='ltr'><strong><em>quod</em></strong></span> <span class='ocrx_word' id='word_1_512' title='bbox 952 3683 1157 3728; x_wconf 89' lang='lat' dir='ltr'><strong><em>rectum</em></strong></span> <span class='ocrx_word' id='word_1_513' title='bbox 1210 3675 1261 3726; x_wconf 93' lang='lat' dir='ltr'><strong><em>in</em></strong></span> <span class='ocrx_word' id='word_1_514' title='bbox 1316 3672 1438 3728; x_wconf 88' lang='lat' dir='ltr'><strong><em>aliis</em></strong></span> <span class='ocrx_word' id='word_1_515' title='bbox 1479 3671 1763 3742; x_wconf 85' lang='lat' dir='ltr'><strong><em>conspicit,</em></strong></span> 
     </span>
    </p>
   </div>
   <div class='ocr_carea' id='block_1_69' title="bbox 180 3761 1761 3837">
    <p class='ocr_par' dir='ltr' id='par_1_69' title="bbox 180 3761 1761 3837">
     <span class='ocr_line' id='line_1_69' title="bbox 180 3761 1761 3837; baseline -0.001 -21"><span class='ocrx_word' id='word_1_516' title='bbox 180 3765 337 3835; x_wconf 87' lang='lat' dir='ltr'><strong><em>quasi</em></strong></span> <span class='ocrx_word' id='word_1_517' title='bbox 403 3764 468 3820; x_wconf 89' lang='lat' dir='ltr'><strong><em>de</em></strong></span> <span class='ocrx_word' id='word_1_518' title='bbox 514 3774 807 3837; x_wconf 83' lang='lat' dir='ltr'><strong><em>augmento</em></strong></span> <span class='ocrx_word' id='word_1_519' title='bbox 863 3765 1067 3836; x_wconf 90' lang='lat' dir='ltr'><strong><em>proprii</em></strong></span> <span class='ocrx_word' id='word_1_520' title='bbox 1125 3772 1412 3834; x_wconf 88' lang='lat' dir='ltr'><strong><em>provectus</em></strong></span> <span class='ocrx_word' id='word_1_521' title='bbox 1466 3761 1761 3816; x_wconf 88' lang='lat' dir='ltr'><strong><em>hilarescit.</em></strong></span> 
     </span>
    </p>
   </div>
   <div class='ocr_carea' id='block_1_70' title="bbox 182 3856 1764 3931">
    <p class='ocr_par' dir='ltr' id='par_1_70' title="bbox 182 3856 1764 3931">
     <span class='ocr_line' id='line_1_70' title="bbox 182 3856 1764 3931; baseline -0.003 -18"><span class='ocrx_word' id='word_1_522' title='bbox 182 3859 422 3931; x_wconf 80' lang='lat' dir='ltr'><strong><em>{Prosp.)</em></strong></span> <span class='ocrx_word' id='word_1_523' title='bbox 475 3858 664 3914; x_wconf 86' lang='lat' dir='ltr'><strong><em>Omnia</em></strong></span> <span class='ocrx_word' id='word_1_524' title='bbox 704 3860 919 3928; x_wconf 80' lang='lat' dir='ltr'><strong><em>suﬂ‘ert,</em></strong></span> <span class='ocrx_word' id='word_1_525' title='bbox 968 3859 1093 3929; x_wconf 93' lang='lat' dir='ltr'><strong><em>quia</em></strong></span> <span class='ocrx_word' id='word_1_526' title='bbox 1141 3875 1330 3913; x_wconf 86' lang='lat' dir='ltr'><strong><em>munes</em></strong></span> <span class='ocrx_word' id='word_1_527' title='bbox 1377 3858 1643 3927; x_wconf 88' lang='lat' dir='ltr'><strong><em>inquietos</em></strong></span> <span class='ocrx_word' id='word_1_528' title='bbox 1683 3856 1764 3910; x_wconf 86' lang='lat' dir='ltr'><strong><em>vel</em></strong></span> 
     </span>
    </p>
   </div>
   <div class='ocr_carea' id='block_1_71' title="bbox 183 3948 1759 4024">
    <p class='ocr_par' dir='ltr' id='par_1_71' title="bbox 183 3948 1759 4024">
     <span class='ocr_line' id='line_1_71' title="bbox 183 3948 1759 4024; baseline -0.001 -17"><span class='ocrx_word' id='word_1_529' title='bbox 183 3952 587 4024; x_wconf 87' lang='lat' dir='ltr'><strong><em>inquietudines</em></strong></span> <span class='ocrx_word' id='word_1_530' title='bbox 628 3950 849 4006; x_wconf 89' lang='lat' dir='ltr'><strong><em>fundata</em></strong></span> <span class='ocrx_word' id='word_1_531' title='bbox 903 3951 1067 4005; x_wconf 89' lang='lat' dir='ltr'><strong><em>animi</em></strong></span> <span class='ocrx_word' id='word_1_532' title='bbox 1120 3950 1507 4018; x_wconf 84' lang='lat' dir='ltr'><strong><em>tranquillitate</em></strong></span> <span class='ocrx_word' id='word_1_533' title='bbox 1554 3948 1759 4005; x_wconf 78' lang='lat' dir='ltr'><strong><em>sutl&#39;ert.</em></strong></span> 
     </span>
    </p>
   </div>
   <div class='ocr_carea' id='block_1_72' title="bbox 183 4041 1766 4115">
    <p class='ocr_par' dir='ltr' id='par_1_72' title="bbox 183 4041 1766 4115">
     <span class='ocr_line' id='line_1_72' title="bbox 183 4041 1766 4115; baseline -0.001 -17"><span class='ocrx_word' id='word_1_534' title='bbox 183 4042 377 4098; x_wconf 86' lang='lat' dir='ltr'><strong><em>Omnia</em></strong></span> <span class='ocrx_word' id='word_1_535' title='bbox 416 4044 598 4108; x_wconf 87' lang='lat' dir='ltr'><strong><em>credit,</em></strong></span> <span class='ocrx_word' id='word_1_536' title='bbox 633 4043 757 4115; x_wconf 89' lang='lat' dir='ltr'><strong><em>quia</em></strong></span> <span class='ocrx_word' id='word_1_537' title='bbox 791 4052 912 4115; x_wconf 88' lang='lat' dir='ltr'><strong><em>post</em></strong></span> <span class='ocrx_word' id='word_1_538' title='bbox 941 4044 1077 4097; x_wconf 89' lang='lat' dir='ltr'><strong><em>hanc</em></strong></span> <span class='ocrx_word' id='word_1_539' title='bbox 1109 4044 1295 4107; x_wconf 87' lang='lat' dir='ltr'><strong><em>vitam,</em></strong></span> <span class='ocrx_word' id='word_1_540' title='bbox 1331 4058 1521 4113; x_wconf 72' lang='lat' dir='ltr'><strong><em>pmnas</em></strong></span> <span class='ocrx_word' id='word_1_541' title='bbox 1573 4041 1766 4096; x_wconf 84' lang='lat' dir='ltr'><strong><em>divini-</em></strong></span> 
     </span>
    </p>
   </div>
   <div class='ocr_carea' id='block_1_73' title="bbox 187 4134 1762 4204">
    <p class='ocr_par' dir='ltr' id='par_1_73' title="bbox 187 4134 1762 4204">
     <span class='ocr_line' id='line_1_73' title="bbox 187 4134 1762 4204; baseline -0.003 -13"><span class='ocrx_word' id='word_1_542' title='bbox 187 4146 276 4192; x_wconf 89' lang='lat' dir='ltr'><strong><em>tus</em></strong></span> <span class='ocrx_word' id='word_1_543' title='bbox 305 4135 663 4190; x_wconf 89' lang='lat' dir='ltr'><strong><em>connninatas</em></strong></span> <span class='ocrx_word' id='word_1_544' title='bbox 686 4136 857 4190; x_wconf 86' lang='lat' dir='ltr'><strong><em>credit</em></strong></span> <span class='ocrx_word' id='word_1_545' title='bbox 883 4152 987 4190; x_wconf 91' lang='lat' dir='ltr'><strong><em>non</em></strong></span> <span class='ocrx_word' id='word_1_546' title='bbox 1024 4135 1329 4190; x_wconf 83' lang='lat' dir='ltr'><strong><em>metuendo.</em></strong></span> <span class='ocrx_word' id='word_1_547' title='bbox 1355 4134 1544 4189; x_wconf 85' lang='lat' dir='ltr'><strong><em>Omnia</em></strong></span> <span class='ocrx_word' id='word_1_548' title='bbox 1567 4143 1762 4204; x_wconf 80' lang='lat' dir='ltr'><strong><em>sperat,</em></strong></span> 
     </span>
    </p>
   </div>
   <div class='ocr_carea' id='block_1_74' title="bbox 182 4224 1765 4299">
    <p class='ocr_par' dir='ltr' id='par_1_74' title="bbox 182 4224 1765 4299">
     <span class='ocr_line' id='line_1_74' title="bbox 182 4224 1765 4299; baseline -0.001 -19"><span class='ocrx_word' id='word_1_549' title='bbox 182 4229 311 4298; x_wconf 88' lang='lat' dir='ltr'><strong><em>quia</em></strong></span> <span class='ocrx_word' id='word_1_550' title='bbox 336 4228 555 4299; x_wconf 60' lang='lat' dir='ltr'><strong><em>prtemia</em></strong></span> <span class='ocrx_word' id='word_1_551' title='bbox 588 4227 866 4297; x_wconf 63' lang='lat' dir='ltr'><strong><em>praemissa</em></strong></span> <span class='ocrx_word' id='word_1_552' title='bbox 894 4237 1077 4297; x_wconf 86' lang='lat' dir='ltr'><strong><em>sperat</em></strong></span> <span class='ocrx_word' id='word_1_553' title='bbox 1105 4227 1404 4298; x_wconf 87' lang='lat' dir='ltr'><strong><em>gaudendo.</em></strong></span> <span class='ocrx_word' id='word_1_554' title='bbox 1434 4224 1625 4280; x_wconf 88' lang='lat' dir='ltr'><strong><em>Omnia</em></strong></span> <span class='ocrx_word' id='word_1_555' title='bbox 1649 4241 1765 4279; x_wconf 88' lang='lat' dir='ltr'><strong><em>sus-</em></strong></span> 
     </span>
    </p>
   </div>
   <div class='ocr_carea' id='block_1_75' title="bbox 184 4315 1766 4389">
    <p class='ocr_par' dir='ltr' id='par_1_75' title="bbox 184 4315 1766 4389">
     <span class='ocr_line' id='line_1_75' title="bbox 184 4315 1766 4389; baseline -0.003 -16"><span class='ocrx_word' id='word_1_556' title='bbox 184 4321 331 4385; x_wconf 87' lang='lat' dir='ltr'><strong><em>tinet,</em></strong></span> <span class='ocrx_word' id='word_1_557' title='bbox 363 4319 487 4389; x_wconf 91' lang='lat' dir='ltr'><strong><em>quia</em></strong></span> <span class='ocrx_word' id='word_1_558' title='bbox 541 4320 922 4375; x_wconf 87' lang='lat' dir='ltr'><strong><em>revelatiouem</em></strong></span> <span class='ocrx_word' id='word_1_559' title='bbox 957 4320 1187 4376; x_wconf 83' lang='lat' dir='ltr'><strong><em>filiorum</em></strong></span> <span class='ocrx_word' id='word_1_560' title='bbox 1219 4319 1309 4372; x_wconf 87' lang='lat' dir='ltr'><strong><em>Dei</em></strong></span> <span class='ocrx_word' id='word_1_561' title='bbox 1357 4318 1631 4372; x_wconf 88' lang='lat' dir='ltr'><strong><em>desiderat</em></strong></span> <span class='ocrx_word' id='word_1_562' title='bbox 1658 4315 1766 4369; x_wconf 92' lang='lat' dir='ltr'><strong><em>for-</em></strong></span> 
     </span>
    </p>
   </div>
   <div class='ocr_carea' id='block_1_76' title="bbox 188 4406 1767 4479">
    <p class='ocr_par' dir='ltr' id='par_1_76' title="bbox 188 4406 1767 4479">
     <span class='ocr_line' id='line_1_76' title="bbox 188 4406 1767 4479; baseline -0.001 -18"><span class='ocrx_word' id='word_1_563' title='bbox 188 4409 314 4464; x_wconf 88' lang='lat' dir='ltr'><strong><em>titer</em></strong></span> <span class='ocrx_word' id='word_1_564' title='bbox 360 4410 691 4464; x_wconf 87' lang='lat' dir='ltr'><strong><em>sustinendo.</em></strong></span> <span class='ocrx_word' id='word_1_565' title='bbox 752 4409 988 4479; x_wconf 67' lang='lat' dir='ltr'><strong><em>(Pelag)</em></strong></span> <span class='ocrx_word' id='word_1_566' title='bbox 1029 4406 1272 4462; x_wconf 86' lang='lat' dir='ltr'><strong><em>Charitas</em></strong></span> <span class='ocrx_word' id='word_1_567' title='bbox 1316 4424 1581 4476; x_wconf 83' lang='lat' dir='ltr'><strong><em>nunquam</em></strong></span> <span class='ocrx_word' id='word_1_568' title='bbox 1628 4407 1767 4460; x_wconf 76' lang='lat' dir='ltr'><strong><em>exci—</em></strong></span> 
     </span>
    </p>
   </div>
   <div class='ocr_carea' id='block_1_77' title="bbox 183 4495 1763 4569">
    <p class='ocr_par' dir='ltr' id='par_1_77' title="bbox 183 4495 1763 4569">
     <span class='ocr_line' id='line_1_77' title="bbox 183 4495 1763 4569; baseline -0.003 -15"><span class='ocrx_word' id='word_1_569' title='bbox 183 4501 261 4554; x_wconf 88' lang='lat' dir='ltr'><strong><em>dit</em></strong></span> <span class='ocrx_word' id='word_1_570' title='bbox 293 4516 311 4554; x_wconf 92' lang='lat'><strong><em>:</em></strong></span> <span class='ocrx_word' id='word_1_571' title='bbox 340 4516 445 4554; x_wconf 89' lang='lat' dir='ltr'><strong><em>non</em></strong></span> <span class='ocrx_word' id='word_1_572' title='bbox 475 4500 677 4555; x_wconf 80' lang='lat' dir='ltr'><strong><em>excidit</em></strong></span> <span class='ocrx_word' id='word_1_573' title='bbox 706 4500 854 4564; x_wconf 86' lang='lat' dir='ltr'><strong><em>dicit,</em></strong></span> <span class='ocrx_word' id='word_1_574' title='bbox 889 4499 938 4554; x_wconf 89' lang='lat' dir='ltr'><strong><em>id</em></strong></span> <span class='ocrx_word' id='word_1_575' title='bbox 972 4508 1055 4554; x_wconf 91' lang='lat' dir='ltr'><strong><em>est</em></strong></span> <span class='ocrx_word' id='word_1_576' title='bbox 1083 4499 1264 4569; x_wconf 85' lang='lat' dir='ltr'><strong><em>elapsa</em></strong></span> <span class='ocrx_word' id='word_1_577' title='bbox 1290 4512 1393 4551; x_wconf 87' lang='lat' dir='ltr'><strong><em>non</em></strong></span> <span class='ocrx_word' id='word_1_578' title='bbox 1422 4505 1523 4559; x_wconf 90' lang='lat' dir='ltr'><strong><em>est,</em></strong></span> <span class='ocrx_word' id='word_1_579' title='bbox 1552 4495 1632 4549; x_wconf 90' lang='lat' dir='ltr'><strong><em>vel</em></strong></span> <span class='ocrx_word' id='word_1_580' title='bbox 1660 4512 1763 4550; x_wconf 90' lang='lat' dir='ltr'><strong><em>non</em></strong></span> 
     </span>
    </p>
   </div>
   <div class='ocr_carea' id='block_1_78' title="bbox 184 4588 1763 4662">
    <p class='ocr_par' dir='ltr' id='par_1_78' title="bbox 184 4588 1763 4662">
     <span class='ocr_line' id='line_1_78' title="bbox 184 4588 1763 4662; baseline -0.002 -18"><span class='ocrx_word' id='word_1_581' title='bbox 184 4592 438 4646; x_wconf 87' lang='lat' dir='ltr'><strong><em>excessit.</em></strong></span> <span class='ocrx_word' id='word_1_582' title='bbox 486 4588 604 4662; x_wconf 83' lang='lat' dir='ltr'><strong><em>Ipsa</em></strong></span> <span class='ocrx_word' id='word_1_583' title='bbox 636 4592 779 4647; x_wconf 89' lang='lat' dir='ltr'><strong><em>enim</em></strong></span> <span class='ocrx_word' id='word_1_584' title='bbox 834 4590 947 4644; x_wconf 87' lang='lat' dir='ltr'><strong><em>sola</em></strong></span> <span class='ocrx_word' id='word_1_585' title='bbox 989 4599 1269 4660; x_wconf 89' lang='lat' dir='ltr'><strong><em>permanet</em></strong></span> <span class='ocrx_word' id='word_1_586' title='bbox 1293 4590 1344 4643; x_wconf 87' lang='lat' dir='ltr'><strong><em>in</em></strong></span> <span class='ocrx_word' id='word_1_587' title='bbox 1389 4588 1651 4654; x_wconf 91' lang='lat' dir='ltr'><strong><em>futurum,</em></strong></span> <span class='ocrx_word' id='word_1_588' title='bbox 1681 4588 1763 4641; x_wconf 85' lang='lat' dir='ltr'><strong><em>vel</em></strong></span> 
     </span>
    </p>
   </div>
   <div class='ocr_carea' id='block_1_79' title="bbox 186 4680 1270 4753">
    <p class='ocr_par' dir='ltr' id='par_1_79' title="bbox 186 4680 1270 4753">
     <span class='ocr_line' id='line_1_79' title="bbox 186 4680 1270 4753; baseline -0.003 -16"><span class='ocrx_word' id='word_1_589' title='bbox 186 4692 353 4746; x_wconf 77' lang='lat' dir='ltr'><strong><em>recte,</em></strong></span> <span class='ocrx_word' id='word_1_590' title='bbox 380 4684 504 4753; x_wconf 88' lang='lat' dir='ltr'><strong><em>quia</em></strong></span> <span class='ocrx_word' id='word_1_591' title='bbox 532 4699 659 4737; x_wconf 85' lang='lat' dir='ltr'><strong><em>vera</em></strong></span> <span class='ocrx_word' id='word_1_592' title='bbox 684 4693 781 4746; x_wconf 87' lang='lat' dir='ltr'><strong><em>est,</em></strong></span> <span class='ocrx_word' id='word_1_593' title='bbox 818 4699 923 4736; x_wconf 89' lang='lat' dir='ltr'><strong><em>non</em></strong></span> <span class='ocrx_word' id='word_1_594' title='bbox 952 4680 1270 4736; x_wconf 87' lang='lat' dir='ltr'><strong><em>mutabitur.</em></strong></span> 
     </span>
    </p>
   </div>
   <div class='ocr_carea' id='block_1_80' title="bbox 791 4815 1166 4873">
    <p class='ocr_par' dir='ltr' id='par_1_80' title="bbox 791 4815 1166 4873">
     <span class='ocr_line' id='line_1_80' title="bbox 791 4815 1166 4873; baseline -0.011 0"><span class='ocrx_word' id='word_1_595' title='bbox 791 4816 1018 4873; x_wconf 83' lang='lat' dir='ltr'><strong>CAPUT</strong></span> <span class='ocrx_word' id='word_1_596' title='bbox 1058 4815 1166 4871; x_wconf 78' lang='lat' dir='ltr'><strong><em>VII.</em></strong></span> 
     </span>
    </p>
   </div>
   <div class='ocr_carea' id='block_1_81' title="bbox 187 4926 1771 4998">
    <p class='ocr_par' dir='ltr' id='par_1_81' title="bbox 187 4926 1771 4998">
     <span class='ocr_line' id='line_1_81' title="bbox 187 4926 1771 4998; baseline -0.002 -14"><span class='ocrx_word' id='word_1_597' title='bbox 187 4930 432 4996; x_wconf 83' lang='lat' dir='ltr'><strong><em>Qualiter</em></strong></span> <span class='ocrx_word' id='word_1_598' title='bbox 458 4930 687 4984; x_wconf 82' lang='lat' dir='ltr'><strong><em>charitas</em></strong></span> <span class='ocrx_word' id='word_1_599' title='bbox 716 4945 837 4998; x_wconf 85' lang='lat' dir='ltr'><strong><em>erga</em></strong></span> <span class='ocrx_word' id='word_1_600' title='bbox 870 4929 1057 4990; x_wconf 88' lang='lat' dir='ltr'><strong><em>Deum,</em></strong></span> <span class='ocrx_word' id='word_1_601' title='bbox 1086 4940 1132 4981; x_wconf 93' lang='lat' dir='ltr'><strong><em>et</em></strong></span> <span class='ocrx_word' id='word_1_602' title='bbox 1164 4927 1387 4997; x_wconf 80' lang='lat' dir='ltr'><strong><em>qualiter</em></strong></span> <span class='ocrx_word' id='word_1_603' title='bbox 1426 4944 1549 4997; x_wconf 89' lang='lat' dir='ltr'><strong><em>erga</em></strong></span> <span class='ocrx_word' id='word_1_604' title='bbox 1596 4926 1771 4996; x_wconf 74' lang='lat' dir='ltr'><strong><em>proxi-</em></strong></span> 
     </span>
    </p>
   </div>
   <div class='ocr_carea' id='block_1_82' title="bbox 685 4999 1275 5054">
    <p class='ocr_par' dir='ltr' id='par_1_82' title="bbox 685 4999 1275 5054">
     <span class='ocr_line' id='line_1_82' title="bbox 685 4999 1275 5054; baseline -0.002 -1"><span class='ocrx_word' id='word_1_605' title='bbox 685 5016 826 5053; x_wconf 82' lang='lat' dir='ltr'><strong><em>mum</em></strong></span> <span class='ocrx_word' id='word_1_606' title='bbox 862 5001 928 5053; x_wconf 90' lang='lat' dir='ltr'><strong><em>sit</em></strong></span> <span class='ocrx_word' id='word_1_607' title='bbox 966 4999 1275 5054; x_wconf 74' lang='lat' dir='ltr'><strong><em>exhibenda.</em></strong></span> 
     </span>
    </p>
   </div>
   <div class='ocr_carea' id='block_1_83' title="bbox 260 5130 1771 5203">
    <p class='ocr_par' dir='ltr' id='par_1_83' title="bbox 260 5130 1771 5203">
     <span class='ocr_line' id='line_1_83' title="bbox 260 5130 1771 5203; baseline -0.003 -15"><span class='ocrx_word' id='word_1_608' title='bbox 260 5134 402 5203; x_wconf 81' lang='lat' dir='ltr'><strong><em>Ergo</em></strong></span> <span class='ocrx_word' id='word_1_609' title='bbox 430 5133 474 5187; x_wconf 89' lang='lat' dir='ltr'><strong><em>si</em></strong></span> <span class='ocrx_word' id='word_1_610' title='bbox 503 5132 822 5186; x_wconf 87' lang='lat' dir='ltr'><strong><em>charitatem</em></strong></span> <span class='ocrx_word' id='word_1_611' title='bbox 846 5132 953 5187; x_wconf 90' lang='lat' dir='ltr'><strong><em>Deo</em></strong></span> <span class='ocrx_word' id='word_1_612' title='bbox 979 5131 1330 5187; x_wconf 87' lang='lat' dir='ltr'><strong><em>exbibeamus</em></strong></span> <span class='ocrx_word' id='word_1_613' title='bbox 1359 5137 1412 5184; x_wconf 90' lang='lat' dir='ltr'><strong><em>et</em></strong></span> <span class='ocrx_word' id='word_1_614' title='bbox 1439 5144 1685 5199; x_wconf 73' lang='lat' dir='ltr'><strong><em>proximo</em></strong></span> <span class='ocrx_word' id='word_1_615' title='bbox 1706 5130 1771 5183; x_wconf 90' lang='lat' dir='ltr'><strong><em>de</em></strong></span> 
     </span>
    </p>
   </div>
   <div class='ocr_carea' id='block_1_84' title="bbox 184 5219 1773 5296">
    <p class='ocr_par' dir='ltr' id='par_1_84' title="bbox 184 5219 1773 5296">
     <span class='ocr_line' id='line_1_84' title="bbox 184 5219 1773 5296; baseline -0.006 -13"><span class='ocrx_word' id='word_1_616' title='bbox 184 5227 351 5283; x_wconf 88' lang='lat' dir='ltr'><strong><em>corde</em></strong></span> <span class='ocrx_word' id='word_1_617' title='bbox 372 5241 508 5296; x_wconf 90' lang='lat' dir='ltr'><strong><em>puro</em></strong></span> <span class='ocrx_word' id='word_1_618' title='bbox 530 5234 583 5280; x_wconf 92' lang='lat' dir='ltr'><strong><em>et</em></strong></span> <span class='ocrx_word' id='word_1_619' title='bbox 607 5225 932 5280; x_wconf 87' lang='lat' dir='ltr'><strong><em>conscientia</em></strong></span> <span class='ocrx_word' id='word_1_620' title='bbox 956 5224 1092 5278; x_wconf 88' lang='lat' dir='ltr'><strong><em>bona</em></strong></span> <span class='ocrx_word' id='word_1_621' title='bbox 1116 5233 1165 5277; x_wconf 86' lang='lat' dir='ltr'><strong><em>et</em></strong></span> <span class='ocrx_word' id='word_1_622' title='bbox 1186 5223 1289 5276; x_wconf 87' lang='lat' dir='ltr'><strong><em>ﬁde</em></strong></span> <span class='ocrx_word' id='word_1_623' title='bbox 1315 5238 1418 5276; x_wconf 87' lang='lat' dir='ltr'><strong><em>non</em></strong></span> <span class='ocrx_word' id='word_1_624' title='bbox 1449 5222 1591 5286; x_wconf 83' lang='lat' dir='ltr'><strong><em>ficta,</em></strong></span> <span class='ocrx_word' id='word_1_625' title='bbox 1619 5219 1773 5273; x_wconf 87' lang='lat' dir='ltr'><strong><em>facile</em></strong></span> 
     </span>
    </p>
   </div>
   <div class='ocr_carea' id='block_1_85' title="bbox 183 5312 1774 5392">
    <p class='ocr_par' dir='ltr' id='par_1_85' title="bbox 183 5312 1774 5392">
     <span class='ocr_line' id='line_1_85' title="bbox 183 5312 1774 5392; baseline -0.006 -19"><span class='ocrx_word' id='word_1_626' title='bbox 183 5326 414 5392; x_wconf 88' lang='lat' dir='ltr'><strong><em>peccato</em></strong></span> <span class='ocrx_word' id='word_1_627' title='bbox 442 5315 757 5373; x_wconf 88' lang='lat' dir='ltr'><strong><em>resistimus.</em></strong></span> <span class='ocrx_word' id='word_1_628' title='bbox 791 5316 945 5368; x_wconf 87' lang='lat' dir='ltr'><strong><em>bonis</em></strong></span> <span class='ocrx_word' id='word_1_629' title='bbox 991 5312 1238 5367; x_wconf 90' lang='lat' dir='ltr'><strong><em>omnibus</em></strong></span> <span class='ocrx_word' id='word_1_630' title='bbox 1283 5312 1637 5374; x_wconf 88' lang='lat' dir='ltr'><strong><em>abundamus,</em></strong></span> <span class='ocrx_word' id='word_1_631' title='bbox 1676 5325 1774 5365; x_wconf 79' lang='lat' dir='ltr'><strong><em>sa:-</em></strong></span> 
     </span>
    </p>
   </div>
   <div class='ocr_carea' id='block_1_86' title="bbox 188 5401 1773 5474">
    <p class='ocr_par' dir='ltr' id='par_1_86' title="bbox 188 5401 1773 5474">
     <span class='ocr_line' id='line_1_86' title="bbox 188 5401 1773 5474; baseline -0.005 -10"><span class='ocrx_word' id='word_1_632' title='bbox 188 5410 294 5466; x_wconf 89' lang='lat' dir='ltr'><strong><em>culi</em></strong></span> <span class='ocrx_word' id='word_1_633' title='bbox 345 5409 711 5463; x_wconf 89' lang='lat' dir='ltr'><strong><em>blandimenta</em></strong></span> <span class='ocrx_word' id='word_1_634' title='bbox 746 5407 1163 5471; x_wconf 79' lang='lat' dir='ltr'><strong><em>contemnimus,</em></strong></span> <span class='ocrx_word' id='word_1_635' title='bbox 1192 5416 1245 5460; x_wconf 90' lang='lat' dir='ltr'><strong><em>et</em></strong></span> <span class='ocrx_word' id='word_1_636' title='bbox 1284 5405 1462 5460; x_wconf 89' lang='lat' dir='ltr'><strong><em>omnia</em></strong></span> <span class='ocrx_word' id='word_1_637' title='bbox 1489 5420 1609 5474; x_wconf 65' lang='lat' dir='ltr'><strong><em>quae</em></strong></span> <span class='ocrx_word' id='word_1_638' title='bbox 1641 5401 1773 5457; x_wconf 80' lang='lat' dir='ltr'><strong><em>difll-</em></strong></span> 
     </span>
    </p>
   </div>
   <div class='ocr_carea' id='block_1_87' title="bbox 189 5495 1772 5566">
    <p class='ocr_par' dir='ltr' id='par_1_87' title="bbox 189 5495 1772 5566">
     <span class='ocr_line' id='line_1_87' title="bbox 189 5495 1772 5566; baseline -0.004 -12"><span class='ocrx_word' id='word_1_639' title='bbox 189 5500 313 5554; x_wconf 89' lang='lat' dir='ltr'><strong><em>cilia</em></strong></span> <span class='ocrx_word' id='word_1_640' title='bbox 344 5509 467 5553; x_wconf 91' lang='lat' dir='ltr'><strong><em>sunt</em></strong></span> <span class='ocrx_word' id='word_1_641' title='bbox 493 5500 742 5553; x_wconf 66' lang='lat' dir='ltr'><strong><em>humana:</em></strong></span> <span class='ocrx_word' id='word_1_642' title='bbox 790 5495 1061 5566; x_wconf 83' lang='lat' dir='ltr'><strong><em>fragilitati</em></strong></span> <span class='ocrx_word' id='word_1_643' title='bbox 1096 5497 1176 5549; x_wconf 88' lang='lat' dir='ltr'><strong><em>vel</em></strong></span> <span class='ocrx_word' id='word_1_644' title='bbox 1208 5511 1398 5565; x_wconf 78' lang='lat' dir='ltr'><strong><em>aspera</em></strong></span> <span class='ocrx_word' id='word_1_645' title='bbox 1434 5495 1619 5558; x_wconf 89' lang='lat' dir='ltr'><strong><em>etiam,</em></strong></span> <span class='ocrx_word' id='word_1_646' title='bbox 1650 5508 1772 5547; x_wconf 82' lang='lat' dir='ltr'><strong><em>cum</em></strong></span> 
     </span>
    </p>
   </div>
   <div class='ocr_carea' id='block_1_88' title="bbox 188 5585 1773 5660">
    <p class='ocr_par' dir='ltr' id='par_1_88' title="bbox 188 5585 1773 5660">
     <span class='ocr_line' id='line_1_88' title="bbox 188 5585 1773 5660; baseline -0.004 -15"><span class='ocrx_word' id='word_1_647' title='bbox 188 5590 479 5646; x_wconf 88' lang='lat' dir='ltr'><strong><em>dilectione</em></strong></span> <span class='ocrx_word' id='word_1_648' title='bbox 510 5589 840 5660; x_wconf 82' lang='lat' dir='ltr'><strong><em>perlicimus,</em></strong></span> <span class='ocrx_word' id='word_1_649' title='bbox 872 5586 914 5640; x_wconf 93' lang='lat' dir='ltr'><strong><em>si</em></strong></span> <span class='ocrx_word' id='word_1_650' title='bbox 948 5596 1127 5640; x_wconf 88' lang='lat' dir='ltr'><strong><em>tamen</em></strong></span> <span class='ocrx_word' id='word_1_651' title='bbox 1156 5587 1322 5640; x_wconf 90' lang='lat' dir='ltr'><strong><em>Deum</em></strong></span> <span class='ocrx_word' id='word_1_652' title='bbox 1350 5585 1621 5639; x_wconf 89' lang='lat' dir='ltr'><strong><em>charitate</em></strong></span> <span class='ocrx_word' id='word_1_653' title='bbox 1655 5599 1773 5653; x_wconf 71' lang='lat' dir='ltr'><strong><em>qua:</em></strong></span> 
     </span>
    </p>
   </div>
   <div class='ocr_carea' id='block_1_89' title="bbox 188 5676 1775 5744">
    <p class='ocr_par' dir='ltr' id='par_1_89' title="bbox 188 5676 1775 5744">
     <span class='ocr_line' id='line_1_89' title="bbox 188 5676 1775 5744; baseline -0.004 -7"><span class='ocrx_word' id='word_1_654' title='bbox 188 5682 347 5737; x_wconf 85' lang='lat' dir='ltr'><strong><em>nobis</em></strong></span> <span class='ocrx_word' id='word_1_655' title='bbox 374 5681 442 5735; x_wconf 89' lang='lat' dir='ltr'><strong><em>ab</em></strong></span> <span class='ocrx_word' id='word_1_656' title='bbox 463 5681 575 5744; x_wconf 88' lang='lat' dir='ltr'><strong><em>illo,</em></strong></span> <span class='ocrx_word' id='word_1_657' title='bbox 601 5696 665 5735; x_wconf 86' lang='lat' dir='ltr'><strong><em>ex</em></strong></span> <span class='ocrx_word' id='word_1_658' title='bbox 696 5690 805 5735; x_wconf 86' lang='lat' dir='ltr'><strong><em>toto</em></strong></span> <span class='ocrx_word' id='word_1_659' title='bbox 826 5680 1007 5743; x_wconf 86' lang='lat' dir='ltr'><strong><em>corde,</em></strong></span> <span class='ocrx_word' id='word_1_660' title='bbox 1033 5694 1096 5731; x_wconf 81' lang='lat' dir='ltr'><strong><em>ex</em></strong></span> <span class='ocrx_word' id='word_1_661' title='bbox 1128 5686 1235 5730; x_wconf 89' lang='lat' dir='ltr'><strong><em>tota</em></strong></span> <span class='ocrx_word' id='word_1_662' title='bbox 1264 5676 1441 5731; x_wconf 88' lang='lat' dir='ltr'><strong><em>anima</em></strong></span> <span class='ocrx_word' id='word_1_663' title='bbox 1468 5686 1521 5732; x_wconf 90' lang='lat' dir='ltr'><strong><em>et</em></strong></span> <span class='ocrx_word' id='word_1_664' title='bbox 1544 5676 1669 5731; x_wconf 87' lang='lat' dir='ltr'><strong><em>totis</em></strong></span> <span class='ocrx_word' id='word_1_665' title='bbox 1696 5676 1775 5731; x_wconf 87' lang='lat' dir='ltr'><strong><em>vi-</em></strong></span> 
     </span>
    </p>
   </div>
   <div class='ocr_carea' id='block_1_90' title="bbox 189 5772 1773 5845">
    <p class='ocr_par' dir='ltr' id='par_1_90' title="bbox 189 5772 1773 5845">
     <span class='ocr_line' id='line_1_90' title="bbox 189 5772 1773 5845; baseline -0.002 -16"><span class='ocrx_word' id='word_1_666' title='bbox 189 5775 344 5830; x_wconf 86' lang='lat' dir='ltr'><strong><em>ribus</em></strong></span> <span class='ocrx_word' id='word_1_667' title='bbox 371 5773 674 5845; x_wconf 76' lang='lat' dir='ltr'><strong><em>diligamus.</em></strong></span> <span class='ocrx_word' id='word_1_668' title='bbox 715 5774 791 5828; x_wconf 84' lang='lat' dir='ltr'><strong><em>Ex</em></strong></span> <span class='ocrx_word' id='word_1_669' title='bbox 821 5789 882 5828; x_wconf 90' lang='lat' dir='ltr'><strong><em>ea</em></strong></span> <span class='ocrx_word' id='word_1_670' title='bbox 921 5773 1064 5827; x_wconf 90' lang='lat' dir='ltr'><strong><em>enim</em></strong></span> <span class='ocrx_word' id='word_1_671' title='bbox 1095 5781 1250 5842; x_wconf 89' lang='lat' dir='ltr'><strong><em>parte</em></strong></span> <span class='ocrx_word' id='word_1_672' title='bbox 1291 5772 1411 5840; x_wconf 86' lang='lat' dir='ltr'><strong><em>quis</em></strong></span> <span class='ocrx_word' id='word_1_673' title='bbox 1458 5782 1660 5841; x_wconf 88' lang='lat' dir='ltr'><strong><em>peccat,</em></strong></span> <span class='ocrx_word' id='word_1_674' title='bbox 1706 5780 1773 5826; x_wconf 79' lang='lat' dir='ltr'><strong><em>ex</em></strong></span> 
     </span>
    </p>
   </div>
   <div class='ocr_carea' id='block_1_91' title="bbox 188 5866 1775 5940">
    <p class='ocr_par' dir='ltr' id='par_1_91' title="bbox 188 5866 1775 5940">
     <span class='ocr_line' id='line_1_91' title="bbox 188 5866 1775 5940; baseline 0.001 -20"><span class='ocrx_word' id='word_1_675' title='bbox 188 5881 297 5937; x_wconf 86' lang='lat' dir='ltr'><strong><em>qua</em></strong></span> <span class='ocrx_word' id='word_1_676' title='bbox 323 5867 503 5922; x_wconf 86' lang='lat' dir='ltr'><strong><em>minus</em></strong></span> <span class='ocrx_word' id='word_1_677' title='bbox 532 5866 705 5940; x_wconf 88' lang='lat' dir='ltr'><strong><em>diligit</em></strong></span> <span class='ocrx_word' id='word_1_678' title='bbox 733 5869 919 5923; x_wconf 81' lang='lat' dir='ltr'><strong><em>Detnu.</em></strong></span> <span class='ocrx_word' id='word_1_679' title='bbox 959 5868 1128 5934; x_wconf 80' lang='lat' dir='ltr'><strong><em>Quem</em></strong></span> <span class='ocrx_word' id='word_1_680' title='bbox 1158 5867 1200 5921; x_wconf 86' lang='lat' dir='ltr'><strong><em>si</em></strong></span> <span class='ocrx_word' id='word_1_681' title='bbox 1237 5881 1302 5920; x_wconf 87' lang='lat' dir='ltr'><strong><em>ex</em></strong></span> <span class='ocrx_word' id='word_1_682' title='bbox 1336 5876 1445 5922; x_wconf 90' lang='lat' dir='ltr'><strong><em>toto</em></strong></span> <span class='ocrx_word' id='word_1_683' title='bbox 1488 5866 1652 5923; x_wconf 88' lang='lat' dir='ltr'><strong><em>corde</em></strong></span> <span class='ocrx_word' id='word_1_684' title='bbox 1694 5866 1775 5922; x_wconf 86' lang='lat' dir='ltr'><strong><em>di-</em></strong></span> 
     </span>
    </p>
   </div>
   <div class='ocr_carea' id='block_1_92' title="bbox 1870 3392 3448 3467">
    <p class='ocr_par' dir='ltr' id='par_1_92' title="bbox 1870 3392 3448 3467">
     <span class='ocr_line' id='line_1_92' title="bbox 1870 3392 3448 3467; baseline -0.002 -15"><span class='ocrx_word' id='word_1_685' title='bbox 1870 3414 2008 3452; x_wconf 82' lang='lat' dir='ltr'><strong><em>utam</em></strong></span> <span class='ocrx_word' id='word_1_686' title='bbox 2041 3412 2192 3452; x_wconf 87' lang='lat' dir='ltr'><strong><em>suam</em></strong></span> <span class='ocrx_word' id='word_1_687' title='bbox 2224 3395 2340 3467; x_wconf 88' lang='lat' dir='ltr'><strong><em>quis</em></strong></span> <span class='ocrx_word' id='word_1_688' title='bbox 2389 3404 2546 3465; x_wconf 87' lang='lat' dir='ltr'><strong><em>ponat</em></strong></span> <span class='ocrx_word' id='word_1_689' title='bbox 2589 3410 2684 3464; x_wconf 89' lang='lat' dir='ltr'><strong><em>pro</em></strong></span> <span class='ocrx_word' id='word_1_690' title='bbox 2716 3394 2898 3448; x_wconf 90' lang='lat' dir='ltr'><strong><em>amicis</em></strong></span> <span class='ocrx_word' id='word_1_691' title='bbox 2939 3394 3049 3448; x_wconf 86' lang='lat' dir='ltr'><strong><em>suis</em></strong></span> <span class='ocrx_word' id='word_1_692' title='bbox 3089 3392 3272 3466; x_wconf 79' lang='lat' dir='ltr'><strong><em>(Joan.</em></strong></span> <span class='ocrx_word' id='word_1_693' title='bbox 3305 3395 3448 3461; x_wconf 83' lang='lat' dir='ltr'><strong><em>xm).</em></strong></span> 
     </span>
    </p>
   </div>
   <div class='ocr_carea' id='block_1_93' title="bbox 1871 3475 3450 3558">
    <p class='ocr_par' dir='ltr' id='par_1_93' title="bbox 1871 3475 3450 3558">
     <span class='ocr_line' id='line_1_93' title="bbox 1871 3475 3450 3558; baseline -0.003 -14"><span class='ocrx_word' id='word_1_694' title='bbox 1871 3488 1926 3544; x_wconf 91' lang='lat' dir='ltr'><strong><em>Si</em></strong></span> <span class='ocrx_word' id='word_1_695' title='bbox 1964 3496 2144 3544; x_wconf 87' lang='lat' dir='ltr'><strong><em>autem</em></strong></span> <span class='ocrx_word' id='word_1_696' title='bbox 2175 3497 2230 3545; x_wconf 88' lang='lat' dir='ltr'><strong><em>et</em></strong></span> <span class='ocrx_word' id='word_1_697' title='bbox 2266 3488 2501 3543; x_wconf 88' lang='lat' dir='ltr'><strong><em>animam</em></strong></span> <span class='ocrx_word' id='word_1_698' title='bbox 2529 3486 2656 3557; x_wconf 91' lang='lat' dir='ltr'><strong><em>poni</em></strong></span> <span class='ocrx_word' id='word_1_699' title='bbox 2696 3495 2930 3557; x_wconf 88' lang='lat' dir='ltr'><strong><em>oportet,</em></strong></span> <span class='ocrx_word' id='word_1_700' title='bbox 2963 3475 3167 3557; x_wconf 88' lang='lat' dir='ltr'><strong><em>quanto</em></strong></span> <span class='ocrx_word' id='word_1_701' title='bbox 3197 3486 3368 3558; x_wconf 86' lang='lat' dir='ltr'><strong><em>magis</em></strong></span> <span class='ocrx_word' id='word_1_702' title='bbox 3397 3486 3450 3540; x_wconf 89' lang='lat' dir='ltr'><strong><em>in</em></strong></span> 
     </span>
    </p>
   </div>
   <div class='ocr_carea' id='block_1_94' title="bbox 1868 3578 3448 3651">
    <p class='ocr_par' dir='ltr' id='par_1_94' title="bbox 1868 3578 3448 3651">
     <span class='ocr_line' id='line_1_94' title="bbox 1868 3578 3448 3651; baseline -0.002 -14"><span class='ocrx_word' id='word_1_703' title='bbox 1868 3580 1990 3637; x_wconf 89' lang='lat' dir='ltr'><strong><em>aliis</em></strong></span> <span class='ocrx_word' id='word_1_704' title='bbox 2010 3588 2194 3636; x_wconf 89' lang='lat' dir='ltr'><strong><em>votum</em></strong></span> <span class='ocrx_word' id='word_1_705' title='bbox 2215 3589 2269 3635; x_wconf 91' lang='lat' dir='ltr'><strong><em>et</em></strong></span> <span class='ocrx_word' id='word_1_706' title='bbox 2297 3579 2533 3635; x_wconf 90' lang='lat' dir='ltr'><strong><em>studium</em></strong></span> <span class='ocrx_word' id='word_1_707' title='bbox 2553 3578 2711 3635; x_wconf 88' lang='lat' dir='ltr'><strong><em>debet</em></strong></span> <span class='ocrx_word' id='word_1_708' title='bbox 2734 3579 2977 3651; x_wconf 84' lang='lat' dir='ltr'><strong><em>intelligi,</em></strong></span> <span class='ocrx_word' id='word_1_709' title='bbox 3004 3579 3125 3636; x_wconf 87' lang='lat' dir='ltr'><strong><em>sine</em></strong></span> <span class='ocrx_word' id='word_1_710' title='bbox 3150 3580 3312 3635; x_wconf 87' lang='lat' dir='ltr'><strong><em>dubio</em></strong></span> <span class='ocrx_word' id='word_1_711' title='bbox 3343 3596 3448 3635; x_wconf 90' lang='lat' dir='ltr'><strong><em>non</em></strong></span> 
     </span>
    </p>
   </div>
   <div class='ocr_carea' id='block_1_95' title="bbox 1869 3669 3453 3736">
    <p class='ocr_par' dir='ltr' id='par_1_95' title="bbox 1869 3669 3453 3736">
     <span class='ocr_line' id='line_1_95' title="bbox 1869 3669 3453 3736; baseline -0.002 -8"><span class='ocrx_word' id='word_1_712' title='bbox 1869 3673 2163 3728; x_wconf 90' lang='lat' dir='ltr'><strong><em>secundum</em></strong></span> <span class='ocrx_word' id='word_1_713' title='bbox 2192 3672 2455 3725; x_wconf 86' lang='lat' dir='ltr'><strong><em>humanas</em></strong></span> <span class='ocrx_word' id='word_1_714' title='bbox 2480 3669 2808 3736; x_wconf 87' lang='lat' dir='ltr'><strong><em>voluntates,</em></strong></span> <span class='ocrx_word' id='word_1_715' title='bbox 2836 3671 2929 3726; x_wconf 85' lang='lat' dir='ltr'><strong><em>sed</em></strong></span> <span class='ocrx_word' id='word_1_716' title='bbox 2965 3670 3260 3727; x_wconf 87' lang='lat' dir='ltr'><strong><em>secundum</em></strong></span> <span class='ocrx_word' id='word_1_717' title='bbox 3302 3669 3453 3725; x_wconf 89' lang='lat' dir='ltr'><strong><em>illum</em></strong></span> 
     </span>
    </p>
   </div>
   <div class='ocr_carea' id='block_1_96' title="bbox 1869 3762 3456 3838">
    <p class='ocr_par' dir='ltr' id='par_1_96' title="bbox 1869 3762 3456 3838">
     <span class='ocr_line' id='line_1_96' title="bbox 1869 3762 3456 3838; baseline -0.004 -17"><span class='ocrx_word' id='word_1_718' title='bbox 1869 3773 2213 3838; x_wconf 81' lang='lat' dir='ltr'><strong><em>proSpectum</em></strong></span> <span class='ocrx_word' id='word_1_719' title='bbox 2240 3764 2293 3818; x_wconf 91' lang='lat' dir='ltr'><strong><em>in</em></strong></span> <span class='ocrx_word' id='word_1_720' title='bbox 2335 3778 2443 3835; x_wconf 89' lang='lat' dir='ltr'><strong><em>quo</em></strong></span> <span class='ocrx_word' id='word_1_721' title='bbox 2486 3772 2573 3818; x_wconf 90' lang='lat' dir='ltr'><strong><em>est</em></strong></span> <span class='ocrx_word' id='word_1_722' title='bbox 2612 3777 2898 3819; x_wconf 80' lang='lat' dir='ltr'><strong><em>commune</em></strong></span> <span class='ocrx_word' id='word_1_723' title='bbox 2926 3762 3167 3818; x_wconf 90' lang='lat' dir='ltr'><strong><em>omnium</em></strong></span> <span class='ocrx_word' id='word_1_724' title='bbox 3205 3762 3456 3832; x_wconf 87' lang='lat' dir='ltr'><strong><em>proposi-</em></strong></span> 
     </span>
    </p>
   </div>
   <div class='ocr_carea' id='block_1_97' title="bbox 1872 3858 2605 3930">
    <p class='ocr_par' dir='ltr' id='par_1_97' title="bbox 1872 3858 2605 3930">
     <span class='ocr_line' id='line_1_97' title="bbox 1872 3858 2605 3930; baseline -0.004 -16"><span class='ocrx_word' id='word_1_725' title='bbox 1872 3869 1983 3915; x_wconf 92' lang='lat' dir='ltr'><strong><em>tum</em></strong></span> <span class='ocrx_word' id='word_1_726' title='bbox 2018 3859 2265 3930; x_wconf 87' lang='lat' dir='ltr'><strong><em>placandi</em></strong></span> <span class='ocrx_word' id='word_1_727' title='bbox 2298 3858 2605 3914; x_wconf 91' lang='lat' dir='ltr'><strong><em>Dominum.</em></strong></span> 
     </span>
    </p>
   </div>
   <div class='ocr_carea' id='block_1_98' title="bbox 2464 3968 2863 4027">
    <p class='ocr_par' dir='ltr' id='par_1_98' title="bbox 2464 3968 2863 4027">
     <span class='ocr_line' id='line_1_98' title="bbox 2464 3968 2863 4027; baseline -0.008 -1"><span class='ocrx_word' id='word_1_728' title='bbox 2464 3969 2692 4027; x_wconf 81' lang='lat' dir='ltr'><strong>CAPUT</strong></span> <span class='ocrx_word' id='word_1_729' title='bbox 2730 3968 2863 4025; x_wconf 84' lang='lat' dir='ltr'><strong><em>VIII.</em></strong></span> 
     </span>
    </p>
   </div>
   <div class='ocr_carea' id='block_1_99' title="bbox 1869 4061 3458 4132">
    <p class='ocr_par' dir='ltr' id='par_1_99' title="bbox 1869 4061 3458 4132">
     <span class='ocr_line' id='line_1_99' title="bbox 1869 4061 3458 4132; baseline -0.002 -13"><span class='ocrx_word' id='word_1_730' title='bbox 1869 4063 2024 4130; x_wconf 83' lang='lat' dir='ltr'><strong><em>Quod</em></strong></span> <span class='ocrx_word' id='word_1_731' title='bbox 2051 4081 2114 4119; x_wconf 85' lang='lat' dir='ltr'><strong><em>ne</em></strong></span> <span class='ocrx_word' id='word_1_732' title='bbox 2136 4072 2297 4118; x_wconf 73' lang='lat' dir='ltr'><strong><em>tanta:</em></strong></span> <span class='ocrx_word' id='word_1_733' title='bbox 2325 4064 2529 4117; x_wconf 82' lang='lat' dir='ltr'><strong><em>virtutis</em></strong></span> <span class='ocrx_word' id='word_1_734' title='bbox 2576 4063 2641 4117; x_wconf 88' lang='lat' dir='ltr'><strong><em>sit</em></strong></span> <span class='ocrx_word' id='word_1_735' title='bbox 2682 4063 2937 4127; x_wconf 86' lang='lat' dir='ltr'><strong><em>charitas,</em></strong></span> <span class='ocrx_word' id='word_1_736' title='bbox 2973 4072 3028 4117; x_wconf 90' lang='lat' dir='ltr'><strong><em>ut</em></strong></span> <span class='ocrx_word' id='word_1_737' title='bbox 3060 4079 3263 4118; x_wconf 85' lang='lat' dir='ltr'><strong><em>omnem</em></strong></span> <span class='ocrx_word' id='word_1_738' title='bbox 3295 4061 3458 4132; x_wconf 78' lang='lat' dir='ltr'><strong><em>legent</em></strong></span> 
     </span>
    </p>
   </div>
   <div class='ocr_carea' id='block_1_100' title="bbox 1899 4133 3422 4205">
    <p class='ocr_par' dir='ltr' id='par_1_100' title="bbox 1899 4133 3422 4205">
     <span class='ocr_line' id='line_1_100' title="bbox 1899 4133 3422 4205; baseline -0.002 -17"><span class='ocrx_word' id='word_1_739' title='bbox 1899 4145 1944 4188; x_wconf 92' lang='lat' dir='ltr'><strong><em>et</em></strong></span> <span class='ocrx_word' id='word_1_740' title='bbox 1976 4137 2216 4190; x_wconf 87' lang='lat' dir='ltr'><strong><em>universa</em></strong></span> <span class='ocrx_word' id='word_1_741' title='bbox 2254 4134 2501 4188; x_wconf 88' lang='lat' dir='ltr'><strong><em>mandata</em></strong></span> <span class='ocrx_word' id='word_1_742' title='bbox 2534 4133 2632 4188; x_wconf 88' lang='lat' dir='ltr'><strong><em>Dei</em></strong></span> <span class='ocrx_word' id='word_1_743' title='bbox 2674 4134 2727 4187; x_wconf 88' lang='lat' dir='ltr'><strong><em>in</em></strong></span> <span class='ocrx_word' id='word_1_744' title='bbox 2753 4151 2813 4187; x_wconf 91' lang='lat' dir='ltr'><strong><em>ea</em></strong></span> <span class='ocrx_word' id='word_1_745' title='bbox 2841 4134 3101 4205; x_wconf 78' lang='lat' dir='ltr'><strong><em>possimus</em></strong></span> <span class='ocrx_word' id='word_1_746' title='bbox 3145 4133 3422 4204; x_wconf 88' lang='lat' dir='ltr'><strong><em>complere.</em></strong></span> 
     </span>
    </p>
   </div>
   <div class='ocr_carea' id='block_1_101' title="bbox 1938 4226 3457 4294">
    <p class='ocr_par' dir='ltr' id='par_1_101' title="bbox 1938 4226 3457 4294">
     <span class='ocr_line' id='line_1_101' title="bbox 1938 4226 3457 4294; baseline -0.002 -14"><span class='ocrx_word' id='word_1_747' title='bbox 1938 4226 2164 4294; x_wconf 71' lang='lat' dir='ltr'><strong><em>Quanta:</em></strong></span> <span class='ocrx_word' id='word_1_748' title='bbox 2208 4236 2386 4281; x_wconf 88' lang='lat' dir='ltr'><strong><em>autem</em></strong></span> <span class='ocrx_word' id='word_1_749' title='bbox 2418 4226 2631 4281; x_wconf 88' lang='lat' dir='ltr'><strong><em>virtutis</em></strong></span> <span class='ocrx_word' id='word_1_750' title='bbox 2661 4227 2730 4281; x_wconf 90' lang='lat' dir='ltr'><strong><em>sit</em></strong></span> <span class='ocrx_word' id='word_1_751' title='bbox 2760 4226 2997 4280; x_wconf 90' lang='lat' dir='ltr'><strong><em>charitas</em></strong></span> <span class='ocrx_word' id='word_1_752' title='bbox 3030 4226 3081 4278; x_wconf 91' lang='lat' dir='ltr'><strong><em>in</em></strong></span> <span class='ocrx_word' id='word_1_753' title='bbox 3121 4240 3457 4292; x_wconf 80' lang='lat' dir='ltr'><strong><em>consequen-</em></strong></span> 
     </span>
    </p>
   </div>
   <div class='ocr_carea' id='block_1_102' title="bbox 1868 4314 3456 4387">
    <p class='ocr_par' dir='ltr' id='par_1_102' title="bbox 1868 4314 3456 4387">
     <span class='ocr_line' id='line_1_102' title="bbox 1868 4314 3456 4387; baseline -0.002 -17"><span class='ocrx_word' id='word_1_754' title='bbox 1868 4317 2010 4371; x_wconf 90' lang='lat' dir='ltr'><strong><em>tibus</em></strong></span> <span class='ocrx_word' id='word_1_755' title='bbox 2051 4317 2201 4387; x_wconf 87' lang='lat' dir='ltr'><strong><em>ponit</em></strong></span> <span class='ocrx_word' id='word_1_756' title='bbox 2227 4316 2515 4387; x_wconf 85' lang='lat' dir='ltr'><strong><em>Apostolus</em></strong></span> <span class='ocrx_word' id='word_1_757' title='bbox 2540 4332 2661 4370; x_wconf 90' lang='lat' dir='ltr'><strong><em>cum</em></strong></span> <span class='ocrx_word' id='word_1_758' title='bbox 2690 4316 2765 4370; x_wconf 88' lang='lat' dir='ltr'><strong><em>ait</em></strong></span> <span class='ocrx_word' id='word_1_759' title='bbox 2786 4315 2964 4383; x_wconf 86' lang='lat' dir='ltr'><strong><em>(Rom.</em></strong></span> <span class='ocrx_word' id='word_1_760' title='bbox 2995 4314 3115 4385; x_wconf 85' lang='lat' dir='ltr'><strong><em>xm)</em></strong></span> <span class='ocrx_word' id='word_1_761' title='bbox 3144 4334 3155 4368; x_wconf 92' lang='lat'>:</span> <span class='ocrx_word' id='word_1_762' title='bbox 3186 4314 3289 4379; x_wconf 86' lang='lat' dir='ltr'><strong><em>Qui</em></strong></span> <span class='ocrx_word' id='word_1_763' title='bbox 3319 4315 3456 4367; x_wconf 90' lang='lat' dir='ltr'><strong><em>enim</em></strong></span> 
     </span>
    </p>
   </div>
   <div class='ocr_carea' id='block_1_103' title="bbox 1867 4406 3456 4480">
    <p class='ocr_par' dir='ltr' id='par_1_103' title="bbox 1867 4406 3456 4480">
     <span class='ocr_line' id='line_1_103' title="bbox 1867 4406 3456 4480; baseline -0.001 -18"><span class='ocrx_word' id='word_1_764' title='bbox 1867 4409 2037 4480; x_wconf 85' lang='lat' dir='ltr'><strong><em>diligit</em></strong></span> <span class='ocrx_word' id='word_1_765' title='bbox 2085 4411 2403 4479; x_wconf 76' lang='lat' dir='ltr'><strong><em>proximum,</em></strong></span> <span class='ocrx_word' id='word_1_766' title='bbox 2436 4409 2595 4479; x_wconf 88' lang='lat' dir='ltr'><strong><em>legem</em></strong></span> <span class='ocrx_word' id='word_1_767' title='bbox 2635 4407 2884 4477; x_wconf 78' lang='lat' dir='ltr'><strong><em>implerit.</em></strong></span> <span class='ocrx_word' id='word_1_768' title='bbox 2944 4406 3083 4460; x_wconf 88' lang='lat' dir='ltr'><strong><em>Nam</em></strong></span> <span class='ocrx_word' id='word_1_769' title='bbox 3114 4422 3218 4459; x_wconf 89' lang='lat' dir='ltr'><strong><em>non</em></strong></span> <span class='ocrx_word' id='word_1_770' title='bbox 3247 4406 3456 4460; x_wconf 84' lang='lat' dir='ltr'><strong><em>adulte-</em></strong></span> 
     </span>
    </p>
   </div>
   <div class='ocr_carea' id='block_1_104' title="bbox 1868 4494 3457 4567">
    <p class='ocr_par' dir='ltr' id='par_1_104' title="bbox 1868 4494 3457 4567">
     <span class='ocr_line' id='line_1_104' title="bbox 1868 4494 3457 4567; baseline -0.003 -12"><span class='ocrx_word' id='word_1_771' title='bbox 1868 4501 2032 4567; x_wconf 83' lang='lat' dir='ltr'><strong><em>rabis,</em></strong></span> <span class='ocrx_word' id='word_1_772' title='bbox 2064 4518 2165 4555; x_wconf 89' lang='lat' dir='ltr'><strong><em>non</em></strong></span> <span class='ocrx_word' id='word_1_773' title='bbox 2204 4500 2439 4563; x_wconf 82' lang='lat' dir='ltr'><strong><em>occides,</em></strong></span> <span class='ocrx_word' id='word_1_774' title='bbox 2494 4515 2597 4553; x_wconf 89' lang='lat' dir='ltr'><strong><em>non</em></strong></span> <span class='ocrx_word' id='word_1_775' title='bbox 2636 4498 2836 4567; x_wconf 82' lang='lat' dir='ltr'><strong><em>furtum</em></strong></span> <span class='ocrx_word' id='word_1_776' title='bbox 2870 4497 3063 4566; x_wconf 77' lang='lat' dir='ltr'><strong><em>facies,</em></strong></span> <span class='ocrx_word' id='word_1_777' title='bbox 3108 4512 3211 4549; x_wconf 90' lang='lat' dir='ltr'><strong><em>non</em></strong></span> <span class='ocrx_word' id='word_1_778' title='bbox 3261 4494 3457 4564; x_wconf 78' lang='lat' dir='ltr'><strong><em>falsum</em></strong></span> 
     </span>
    </p>
   </div>
   <div class='ocr_carea' id='block_1_105' title="bbox 1869 4591 3457 4663">
    <p class='ocr_par' dir='ltr' id='par_1_105' title="bbox 1869 4591 3457 4663">
     <span class='ocr_line' id='line_1_105' title="bbox 1869 4591 3457 4663; baseline -0.003 -13"><span class='ocrx_word' id='word_1_779' title='bbox 1869 4596 2223 4650; x_wconf 87' lang='lat' dir='ltr'><strong><em>testimonium</em></strong></span> <span class='ocrx_word' id='word_1_780' title='bbox 2272 4595 2433 4659; x_wconf 88' lang='lat' dir='ltr'><strong><em>dices,</em></strong></span> <span class='ocrx_word' id='word_1_781' title='bbox 2475 4610 2579 4648; x_wconf 87' lang='lat' dir='ltr'><strong><em>non</em></strong></span> <span class='ocrx_word' id='word_1_782' title='bbox 2628 4593 2992 4663; x_wconf 86' lang='lat' dir='ltr'><strong><em>concupisces,</em></strong></span> <span class='ocrx_word' id='word_1_783' title='bbox 3033 4600 3080 4645; x_wconf 88' lang='lat' dir='ltr'><strong><em>et</em></strong></span> <span class='ocrx_word' id='word_1_784' title='bbox 3121 4592 3167 4645; x_wconf 88' lang='lat' dir='ltr'><strong><em>si</em></strong></span> <span class='ocrx_word' id='word_1_785' title='bbox 3203 4591 3342 4662; x_wconf 83' lang='lat' dir='ltr'><strong><em>quod</em></strong></span> <span class='ocrx_word' id='word_1_786' title='bbox 3383 4600 3457 4645; x_wconf 88' lang='lat' dir='ltr'><strong><em>est</em></strong></span> 
     </span>
    </p>
   </div>
   <div class='ocr_carea' id='block_1_106' title="bbox 1876 4680 3458 4751">
    <p class='ocr_par' dir='ltr' id='par_1_106' title="bbox 1876 4680 3458 4751">
     <span class='ocr_line' id='line_1_106' title="bbox 1876 4680 3458 4751; baseline -0.002 -12"><span class='ocrx_word' id='word_1_787' title='bbox 1876 4685 2023 4739; x_wconf 84' lang='lat' dir='ltr'><strong><em>aliud</em></strong></span> <span class='ocrx_word' id='word_1_788' title='bbox 2066 4684 2379 4739; x_wconf 80' lang='lat' dir='ltr'><strong><em>mandatum</em></strong></span> <span class='ocrx_word' id='word_1_789' title='bbox 2423 4685 2478 4737; x_wconf 89' lang='lat' dir='ltr'><strong><em>in</em></strong></span> <span class='ocrx_word' id='word_1_790' title='bbox 2528 4684 2624 4737; x_wconf 80' lang='lat' dir='ltr'><strong><em>hoc</em></strong></span> <span class='ocrx_word' id='word_1_791' title='bbox 2667 4682 2817 4737; x_wconf 80' lang='lat' dir='ltr'><strong><em>verbo</em></strong></span> <span class='ocrx_word' id='word_1_792' title='bbox 2863 4683 3241 4736; x_wconf 88' lang='lat' dir='ltr'><strong><em>instauratur:</em></strong></span> <span class='ocrx_word' id='word_1_793' title='bbox 3274 4680 3458 4751; x_wconf 83' lang='lat' dir='ltr'><strong><em>diliges</em></strong></span> 
     </span>
    </p>
   </div>
   <div class='ocr_carea' id='block_1_107' title="bbox 1876 4770 3457 4844">
    <p class='ocr_par' dir='ltr' id='par_1_107' title="bbox 1876 4770 3457 4844">
     <span class='ocr_line' id='line_1_107' title="bbox 1876 4770 3457 4844; baseline -0.002 -15"><span class='ocrx_word' id='word_1_794' title='bbox 1876 4775 2171 4844; x_wconf 73' lang='lat' dir='ltr'><strong><em>proximum</em></strong></span> <span class='ocrx_word' id='word_1_795' title='bbox 2208 4784 2354 4829; x_wconf 86' lang='lat' dir='ltr'><strong><em>tuum</em></strong></span> <span class='ocrx_word' id='word_1_796' title='bbox 2385 4785 2631 4841; x_wconf 90' lang='lat' dir='ltr'><strong><em>tanquam</em></strong></span> <span class='ocrx_word' id='word_1_797' title='bbox 2660 4782 2711 4827; x_wconf 88' lang='lat' dir='ltr'><strong><em>te</em></strong></span> <span class='ocrx_word' id='word_1_798' title='bbox 2749 4774 2939 4843; x_wconf 77' lang='lat' dir='ltr'><strong><em>ipsum.</em></strong></span> <span class='ocrx_word' id='word_1_799' title='bbox 2997 4772 3062 4826; x_wconf 78' lang='lat' dir='ltr'><strong><em>Et</em></strong></span> <span class='ocrx_word' id='word_1_800' title='bbox 3106 4772 3173 4827; x_wconf 89' lang='lat' dir='ltr'><strong><em>ad</em></strong></span> <span class='ocrx_word' id='word_1_801' title='bbox 3207 4770 3457 4826; x_wconf 88' lang='lat' dir='ltr'><strong><em>ultimum</em></strong></span> 
     </span>
    </p>
   </div>
   <div class='ocr_carea' id='block_1_108' title="bbox 1880 4863 3453 4936">
    <p class='ocr_par' dir='ltr' id='par_1_108' title="bbox 1880 4863 3453 4936">
     <span class='ocr_line' id='line_1_108' title="bbox 1880 4863 3453 4936; baseline -0.003 -15"><span class='ocrx_word' id='word_1_802' title='bbox 1880 4868 2145 4921; x_wconf 89' lang='lat' dir='ltr'><strong><em>rationem</em></strong></span> <span class='ocrx_word' id='word_1_803' title='bbox 2200 4867 2335 4922; x_wconf 89' lang='lat' dir='ltr'><strong><em>tanti</em></strong></span> <span class='ocrx_word' id='word_1_804' title='bbox 2383 4865 2542 4935; x_wconf 82' lang='lat' dir='ltr'><strong><em>hujus</em></strong></span> <span class='ocrx_word' id='word_1_805' title='bbox 2588 4865 2714 4920; x_wconf 88' lang='lat' dir='ltr'><strong><em>boni</em></strong></span> <span class='ocrx_word' id='word_1_806' title='bbox 2764 4864 3000 4919; x_wconf 87' lang='lat' dir='ltr'><strong><em>breviter</em></strong></span> <span class='ocrx_word' id='word_1_807' title='bbox 3032 4863 3313 4936; x_wconf 90' lang='lat' dir='ltr'><strong><em>colligens,</em></strong></span> <span class='ocrx_word' id='word_1_808' title='bbox 3339 4864 3453 4918; x_wconf 87' lang='lat' dir='ltr'><strong><em>ait:</em></strong></span> 
     </span>
    </p>
   </div>
   <div class='ocr_carea' id='block_1_109' title="bbox 1884 4955 3457 5027">
    <p class='ocr_par' dir='ltr' id='par_1_109' title="bbox 1884 4955 3457 5027">
     <span class='ocr_line' id='line_1_109' title="bbox 1884 4955 3457 5027; baseline 0 -16"><span class='ocrx_word' id='word_1_809' title='bbox 1884 4956 2100 5011; x_wconf 86' lang='lat' dir='ltr'><strong><em>Dilectio</em></strong></span> <span class='ocrx_word' id='word_1_810' title='bbox 2124 4957 2347 5026; x_wconf 76' lang='lat' dir='ltr'><strong><em>proximi</em></strong></span> <span class='ocrx_word' id='word_1_811' title='bbox 2374 4957 2568 5011; x_wconf 88' lang='lat' dir='ltr'><strong><em>malum</em></strong></span> <span class='ocrx_word' id='word_1_812' title='bbox 2594 4973 2697 5011; x_wconf 90' lang='lat' dir='ltr'><strong><em>non</em></strong></span> <span class='ocrx_word' id='word_1_813' title='bbox 2727 4965 2973 5027; x_wconf 89' lang='lat' dir='ltr'><strong><em>operatur</em></strong></span> <span class='ocrx_word' id='word_1_814' title='bbox 2994 4975 3014 5012; x_wconf 86' lang='lat'><strong><em>:</em></strong></span> <span class='ocrx_word' id='word_1_815' title='bbox 3037 4956 3304 5027; x_wconf 86' lang='lat' dir='ltr'><strong><em>plenitudo</em></strong></span> <span class='ocrx_word' id='word_1_816' title='bbox 3332 4955 3457 5027; x_wconf 81' lang='lat' dir='ltr'><strong><em>legis</em></strong></span> 
     </span>
    </p>
   </div>
   <div class='ocr_carea' id='block_1_110' title="bbox 1879 5047 3458 5120">
    <p class='ocr_par' dir='ltr' id='par_1_110' title="bbox 1879 5047 3458 5120">
     <span class='ocr_line' id='line_1_110' title="bbox 1879 5047 3458 5120; baseline -0.001 -16"><span class='ocrx_word' id='word_1_817' title='bbox 1879 5060 1952 5104; x_wconf 87' lang='lat' dir='ltr'><strong><em>est</em></strong></span> <span class='ocrx_word' id='word_1_818' title='bbox 1966 5050 2171 5103; x_wconf 88' lang='lat' dir='ltr'><strong><em>dilectio</em></strong></span> <span class='ocrx_word' id='word_1_819' title='bbox 2186 5048 2396 5120; x_wconf 68' lang='lat' dir='ltr'><strong><em>(Ibid).</em></strong></span> <span class='ocrx_word' id='word_1_820' title='bbox 2415 5047 2589 5117; x_wconf 86' lang='lat' dir='ltr'><strong><em>Supra</em></strong></span> <span class='ocrx_word' id='word_1_821' title='bbox 2605 5048 2835 5113; x_wconf 83' lang='lat' dir='ltr'><strong><em>dixerat,</em></strong></span> <span class='ocrx_word' id='word_1_822' title='bbox 2853 5048 2975 5117; x_wconf 89' lang='lat' dir='ltr'><strong><em>quia</em></strong></span> <span class='ocrx_word' id='word_1_823' title='bbox 2988 5049 3077 5120; x_wconf 84' lang='lat' dir='ltr'><strong><em>qui</em></strong></span> <span class='ocrx_word' id='word_1_824' title='bbox 3098 5047 3268 5118; x_wconf 81' lang='lat' dir='ltr'><strong><em>diligit</em></strong></span> <span class='ocrx_word' id='word_1_825' title='bbox 3279 5050 3458 5119; x_wconf 76' lang='lat' dir='ltr'><strong><em>proxi-</em></strong></span> 
     </span>
    </p>
   </div>
   <div class='ocr_carea' id='block_1_111' title="bbox 1882 5137 3458 5212">
    <p class='ocr_par' dir='ltr' id='par_1_111' title="bbox 1882 5137 3458 5212">
     <span class='ocr_line' id='line_1_111' title="bbox 1882 5137 3458 5212; baseline 0.002 -18"><span class='ocrx_word' id='word_1_826' title='bbox 1882 5158 2045 5206; x_wconf 85' lang='lat' dir='ltr'><strong><em>mum,</em></strong></span> <span class='ocrx_word' id='word_1_827' title='bbox 2079 5140 2236 5211; x_wconf 82' lang='lat' dir='ltr'><strong><em>legem</em></strong></span> <span class='ocrx_word' id='word_1_828' title='bbox 2270 5140 2516 5212; x_wconf 78' lang='lat' dir='ltr'><strong><em>implevit.</em></strong></span> <span class='ocrx_word' id='word_1_829' title='bbox 2543 5141 2610 5195; x_wconf 88' lang='lat' dir='ltr'><strong><em>Et</em></strong></span> <span class='ocrx_word' id='word_1_830' title='bbox 2629 5141 2755 5211; x_wconf 86' lang='lat' dir='ltr'><strong><em>quia</em></strong></span> <span class='ocrx_word' id='word_1_831' title='bbox 2778 5137 2988 5196; x_wconf 79' lang='lat' dir='ltr'><strong><em>diﬂieile</em></strong></span> <span class='ocrx_word' id='word_1_832' title='bbox 3008 5142 3309 5207; x_wconf 83' lang='lat' dir='ltr'><strong><em>videbatur,</em></strong></span> <span class='ocrx_word' id='word_1_833' title='bbox 3325 5157 3458 5211; x_wconf 89' lang='lat' dir='ltr'><strong><em>quo-</em></strong></span> 
     </span>
    </p>
   </div>
   <div class='ocr_carea' id='block_1_112' title="bbox 1876 5230 3455 5303">
    <p class='ocr_par' dir='ltr' id='par_1_112' title="bbox 1876 5230 3455 5303">
     <span class='ocr_line' id='line_1_112' title="bbox 1876 5230 3455 5303; baseline 0.001 -18"><span class='ocrx_word' id='word_1_834' title='bbox 1876 5232 2033 5287; x_wconf 87' lang='lat' dir='ltr'><strong><em>modo</em></strong></span> <span class='ocrx_word' id='word_1_835' title='bbox 2049 5232 2170 5302; x_wconf 90' lang='lat' dir='ltr'><strong><em>quis</em></strong></span> <span class='ocrx_word' id='word_1_836' title='bbox 2192 5239 2374 5301; x_wconf 90' lang='lat' dir='ltr'><strong><em>posset</em></strong></span> <span class='ocrx_word' id='word_1_837' title='bbox 2403 5245 2621 5289; x_wconf 82' lang='lat' dir='ltr'><strong><em>omnem</em></strong></span> <span class='ocrx_word' id='word_1_838' title='bbox 2640 5230 2811 5303; x_wconf 85' lang='lat' dir='ltr'><strong><em>legem</em></strong></span> <span class='ocrx_word' id='word_1_839' title='bbox 2836 5232 2888 5286; x_wconf 91' lang='lat' dir='ltr'><strong><em>in</em></strong></span> <span class='ocrx_word' id='word_1_840' title='bbox 2908 5247 3017 5288; x_wconf 90' lang='lat' dir='ltr'><strong><em>uno</em></strong></span> <span class='ocrx_word' id='word_1_841' title='bbox 3040 5248 3288 5289; x_wconf 89' lang='lat' dir='ltr'><strong><em>sermone</em></strong></span> <span class='ocrx_word' id='word_1_842' title='bbox 3308 5248 3455 5288; x_wconf 89' lang='lat' dir='ltr'><strong><em>com-</em></strong></span> 
     </span>
    </p>
   </div>
   <div class='ocr_carea' id='block_1_113' title="bbox 1877 5320 3452 5392">
    <p class='ocr_par' dir='ltr' id='par_1_113' title="bbox 1877 5320 3452 5392">
     <span class='ocr_line' id='line_1_113' title="bbox 1877 5320 3452 5392; baseline 0 -18"><span class='ocrx_word' id='word_1_843' title='bbox 1877 5321 2040 5392; x_wconf 86' lang='lat' dir='ltr'><strong><em>plere,</em></strong></span> <span class='ocrx_word' id='word_1_844' title='bbox 2075 5320 2438 5391; x_wconf 83' lang='lat' dir='ltr'><strong><em>plenissimam</em></strong></span> <span class='ocrx_word' id='word_1_845' title='bbox 2460 5320 2637 5375; x_wconf 88' lang='lat' dir='ltr'><strong><em>reddit</em></strong></span> <span class='ocrx_word' id='word_1_846' title='bbox 2664 5322 2946 5388; x_wconf 90' lang='lat' dir='ltr'><strong><em>rationem,</em></strong></span> <span class='ocrx_word' id='word_1_847' title='bbox 2974 5323 3159 5378; x_wconf 82' lang='lat' dir='ltr'><strong><em>dicens</em></strong></span> <span class='ocrx_word' id='word_1_848' title='bbox 3187 5341 3199 5376; x_wconf 89' lang='lat'><strong>:</strong></span> <span class='ocrx_word' id='word_1_849' title='bbox 3234 5321 3452 5375; x_wconf 85' lang='lat' dir='ltr'><strong><em>Dilectio</em></strong></span> 
     </span>
    </p>
   </div>
   <div class='ocr_carea' id='block_1_114' title="bbox 1874 5409 3451 5483">
    <p class='ocr_par' dir='ltr' id='par_1_114' title="bbox 1874 5409 3451 5483">
     <span class='ocr_line' id='line_1_114' title="bbox 1874 5409 3451 5483; baseline -0.003 -17"><span class='ocrx_word' id='word_1_850' title='bbox 1874 5413 2097 5481; x_wconf 70' lang='lat' dir='ltr'><strong><em>proximi</em></strong></span> <span class='ocrx_word' id='word_1_851' title='bbox 2147 5411 2343 5465; x_wconf 89' lang='lat' dir='ltr'><strong><em>malum</em></strong></span> <span class='ocrx_word' id='word_1_852' title='bbox 2384 5428 2485 5466; x_wconf 91' lang='lat' dir='ltr'><strong><em>non</em></strong></span> <span class='ocrx_word' id='word_1_853' title='bbox 2522 5423 2788 5483; x_wconf 89' lang='lat' dir='ltr'><strong><em>operatur.</em></strong></span> <span class='ocrx_word' id='word_1_854' title='bbox 2826 5413 2891 5468; x_wconf 87' lang='lat' dir='ltr'><strong><em>Et</em></strong></span> <span class='ocrx_word' id='word_1_855' title='bbox 2921 5415 3038 5469; x_wconf 88' lang='lat' dir='ltr'><strong><em>ideo</em></strong></span> <span class='ocrx_word' id='word_1_856' title='bbox 3073 5411 3337 5483; x_wconf 89' lang='lat' dir='ltr'><strong><em>plenitudo</em></strong></span> <span class='ocrx_word' id='word_1_857' title='bbox 3374 5409 3451 5463; x_wconf 89' lang='lat' dir='ltr'><strong><em>le-</em></strong></span> 
     </span>
    </p>
   </div>
   <div class='ocr_carea' id='block_1_115' title="bbox 1874 5500 3549 5577">
    <p class='ocr_par' dir='ltr' id='par_1_115' title="bbox 1874 5500 3549 5577">
     <span class='ocr_line' id='line_1_115' title="bbox 1874 5500 3549 5577; baseline -0.002 -20"><span class='ocrx_word' id='word_1_858' title='bbox 1874 5506 1953 5574; x_wconf 87' lang='lat' dir='ltr'><strong><em>gis</em></strong></span> <span class='ocrx_word' id='word_1_859' title='bbox 1983 5514 2057 5558; x_wconf 88' lang='lat' dir='ltr'><strong><em>est</em></strong></span> <span class='ocrx_word' id='word_1_860' title='bbox 2084 5504 2310 5558; x_wconf 89' lang='lat' dir='ltr'><strong><em>dilectio.</em></strong></span> <span class='ocrx_word' id='word_1_861' title='bbox 2339 5502 2485 5559; x_wconf 87' lang='lat' dir='ltr'><strong><em>Pone</em></strong></span> <span class='ocrx_word' id='word_1_862' title='bbox 2507 5521 2637 5576; x_wconf 84' lang='lat' dir='ltr'><strong><em>ergo</em></strong></span> <span class='ocrx_word' id='word_1_863' title='bbox 2676 5522 2772 5576; x_wconf 87' lang='lat' dir='ltr'><strong><em>per</em></strong></span> <span class='ocrx_word' id='word_1_864' title='bbox 2800 5506 3007 5575; x_wconf 87' lang='lat' dir='ltr'><strong><em>singula</em></strong></span> <span class='ocrx_word' id='word_1_865' title='bbox 3042 5502 3289 5557; x_wconf 90' lang='lat' dir='ltr'><strong><em>mandata</em></strong></span> <span class='ocrx_word' id='word_1_866' title='bbox 3320 5500 3453 5571; x_wconf 87' lang='lat' dir='ltr'><strong><em>legis</em></strong></span> <span class='ocrx_word' id='word_1_867' title='bbox 3542 5568 3549 5577; x_wconf 85' lang='lat'><strong><em>_</em></strong></span> 
     </span>
    </p>
   </div>
   <div class='ocr_carea' id='block_1_116' title="bbox 1878 5593 3447 5669">
    <p class='ocr_par' dir='ltr' id='par_1_116' title="bbox 1878 5593 3447 5669">
     <span class='ocr_line' id='line_1_116' title="bbox 1878 5593 3447 5669; baseline -0.002 -20"><span class='ocrx_word' id='word_1_868' title='bbox 1878 5596 2239 5663; x_wconf 88' lang='lat' dir='ltr'><strong><em>dilectionem,</em></strong></span> <span class='ocrx_word' id='word_1_869' title='bbox 2268 5604 2323 5652; x_wconf 89' lang='lat' dir='ltr'><strong><em>et</em></strong></span> <span class='ocrx_word' id='word_1_870' title='bbox 2342 5597 2464 5651; x_wconf 87' lang='lat' dir='ltr'><strong><em>vide</em></strong></span> <span class='ocrx_word' id='word_1_871' title='bbox 2488 5613 2646 5669; x_wconf 83' lang='lat' dir='ltr'><strong><em>quam</em></strong></span> <span class='ocrx_word' id='word_1_872' title='bbox 2682 5598 2837 5653; x_wconf 89' lang='lat' dir='ltr'><strong><em>facile</em></strong></span> <span class='ocrx_word' id='word_1_873' title='bbox 2868 5604 3060 5652; x_wconf 82' lang='lat' dir='ltr'><strong><em>cuncta</em></strong></span> <span class='ocrx_word' id='word_1_874' title='bbox 3092 5593 3447 5663; x_wconf 77' lang='lat' dir='ltr'><strong><em>complentur.</em></strong></span> 
     </span>
    </p>
   </div>
   <div class='ocr_carea' id='block_1_117' title="bbox 1878 5686 3455 5760">
    <p class='ocr_par' dir='ltr' id='par_1_117' title="bbox 1878 5686 3455 5760">
     <span class='ocr_line' id='line_1_117' title="bbox 1878 5686 3455 5760; baseline -0.001 -18"><span class='ocrx_word' id='word_1_875' title='bbox 1878 5686 2128 5757; x_wconf 81' lang='lat' dir='ltr'><strong><em>Nunquid</em></strong></span> <span class='ocrx_word' id='word_1_876' title='bbox 2175 5688 2266 5758; x_wconf 89' lang='lat' dir='ltr'><strong><em>qui</em></strong></span> <span class='ocrx_word' id='word_1_877' title='bbox 2317 5688 2492 5758; x_wconf 87' lang='lat' dir='ltr'><strong><em>diligit</em></strong></span> <span class='ocrx_word' id='word_1_878' title='bbox 2534 5690 2855 5760; x_wconf 87' lang='lat' dir='ltr'><strong><em>proximum,</em></strong></span> <span class='ocrx_word' id='word_1_879' title='bbox 2896 5687 3142 5743; x_wconf 88' lang='lat' dir='ltr'><strong><em>occidere</em></strong></span> <span class='ocrx_word' id='word_1_880' title='bbox 3187 5703 3308 5741; x_wconf 88' lang='lat' dir='ltr'><strong><em>cum</em></strong></span> <span class='ocrx_word' id='word_1_881' title='bbox 3356 5702 3455 5758; x_wconf 88' lang='lat' dir='ltr'><strong><em>po-</em></strong></span> 
     </span>
    </p>
   </div>
   <div class='ocr_carea' id='block_1_118' title="bbox 1879 5779 3453 5852">
    <p class='ocr_par' dir='ltr' id='par_1_118' title="bbox 1879 5779 3453 5852">
     <span class='ocr_line' id='line_1_118' title="bbox 1879 5779 3453 5852; baseline -0.001 -17"><span class='ocrx_word' id='word_1_882' title='bbox 1879 5779 2020 5836; x_wconf 86' lang='lat' dir='ltr'><strong><em>test?</em></strong></span> <span class='ocrx_word' id='word_1_883' title='bbox 2047 5779 2265 5835; x_wconf 87' lang='lat' dir='ltr'><strong><em>Certum</em></strong></span> <span class='ocrx_word' id='word_1_884' title='bbox 2294 5790 2374 5837; x_wconf 88' lang='lat' dir='ltr'><strong><em>est</em></strong></span> <span class='ocrx_word' id='word_1_885' title='bbox 2410 5786 2551 5852; x_wconf 87' lang='lat' dir='ltr'><strong><em>quod</em></strong></span> <span class='ocrx_word' id='word_1_886' title='bbox 2582 5796 2739 5837; x_wconf 91' lang='lat' dir='ltr'><strong><em>nemo</em></strong></span> <span class='ocrx_word' id='word_1_887' title='bbox 2774 5796 2930 5850; x_wconf 86' lang='lat' dir='ltr'><strong><em>quem</em></strong></span> <span class='ocrx_word' id='word_1_888' title='bbox 2972 5779 3143 5850; x_wconf 85' lang='lat' dir='ltr'><strong><em>diligit</em></strong></span> <span class='ocrx_word' id='word_1_889' title='bbox 3178 5779 3453 5834; x_wconf 82' lang='lat' dir='ltr'><strong><em>interﬁcit.</em></strong></span> 
     </span>
    </p>
   </div>
   <div class='ocr_carea' id='block_1_119' title="bbox 1880 5869 3456 5943">
    <p class='ocr_par' dir='ltr' id='par_1_119' title="bbox 1880 5869 3456 5943">
     <span class='ocr_line' id='line_1_119' title="bbox 1880 5869 3456 5943; baseline -0.002 -14"><span class='ocrx_word' id='word_1_890' title='bbox 1880 5870 1973 5929; x_wconf 81' lang='lat' dir='ltr'><strong><em>Est</em></strong></span> <span class='ocrx_word' id='word_1_891' title='bbox 2000 5886 2129 5942; x_wconf 84' lang='lat' dir='ltr'><strong><em>ergo</em></strong></span> <span class='ocrx_word' id='word_1_892' title='bbox 2168 5871 2384 5927; x_wconf 88' lang='lat' dir='ltr'><strong><em>dilectio</em></strong></span> <span class='ocrx_word' id='word_1_893' title='bbox 2406 5887 2684 5943; x_wconf 79' lang='lat' dir='ltr'><strong><em>perquam</em></strong></span> <span class='ocrx_word' id='word_1_894' title='bbox 2728 5869 2979 5938; x_wconf 86' lang='lat' dir='ltr'><strong><em>impletur</em></strong></span> <span class='ocrx_word' id='word_1_895' title='bbox 3016 5869 3325 5925; x_wconf 87' lang='lat' dir='ltr'><strong><em>mandatum</em></strong></span> <span class='ocrx_word' id='word_1_896' title='bbox 3351 5884 3456 5942; x_wconf 83' lang='lat' dir='ltr'><strong><em>quo</em></strong></span> 
     </span>
    </p>
   </div>
  </div>
