4020 6338
616 388 725 447 895

1101 386 1453 444 HAYMONIS
1491 387 1966 448 HALBERSTAT.
2006 390 2220 448 EPISC.
2261 391 2410 449 OPP.
2451 395 2631 451 PARS
2666 396 2751 453 III.
2792 426 2864 440 —-
2900 398 3394 458 MISCELLANEA.

3818 412 3906 465 896

621 500 953 573 pmipmtr,
996 495 1118 551 Non
1151 497 1369 552 occides.
1400 497 1663 555 Similiter
1686 509 1742 556 et
1767 501 1859 571 qui
1888 502 2197 573 proximum
2223 506 2274 565 Α
2300 503 2441 561 Deus
2465 518 2875 577 perseveranter
2901 525 3211 581 peccemus,
3247 528 3423 585 neque
3445 517 3577 586 quia
3598 517 3774 588 juste
3803 534 3905 589 pec.

622 608 781 649 suum
810 590 999 662 diligit,
1037 590 1093 645 in
1135 606 1358 645 uxorem
1388 590 1505 660 ejus
1551 590 1874 650 adulterium
1904 611 2010 651 non
2044 611 2194 651 com-

624 684 808 740 mittit.
836 682 904 737 Et
922 681 1013 752 qui
1042 682 1214 752 diligit
1233 683 1540 754 proximum
1574 701 1753 753 suum,
1774 701 1896 757 qua:
1930 687 2047 758 ejus
2070 696 2197 744 sunt

621 790 730 831 non
757 772 989 828 furatur.
1014 772 1082 827 Et
1101 773 1193 843 qui
1218 773 1391 846 diligit
1414 777 1716 845 proximum
1737 793 1918 846 suum,
1939 780 2197 836 adversus

618 879 743 921 eum
780 879 888 919 non
923 864 1054 919 dicit
1085 862 1274 919 falsum
1309 866 1694 921 testimonium.
1726 866 1987 924 Similiter
2014 876 2068 925 et
2093 885 2199 925 cae-

618 963 738 1010 tera
779 954 1032 1008 mandata
1073 951 1227 1022 legis,
1260 954 1303 1008 si
1340 955 1412 1010 sit
1435 970 1561 1027 erga
1607 957 1911 1027 proximum
1957 958 2194 1024 dilectio,

620 1043 823 1114 absque
851 1043 1030 1114 aliquo
1066 1041 1251 1099 labore
1285 1056 1593 1101 servantur.
1621 1046 1805 1103 Potest
1838 1058 1893 1104 et
1925 1048 1999 1103 ita
2038 1049 2197 1104 intel-

614 1138 730 1210 ligi,
762 1138 903 1208 quod
942 1138 1221 1207 proximus
1266 1150 1451 1195 noster
1497 1141 1567 1196 sit
1607 1141 1858 1199 Christus
1901 1143 2195 1199 secundum

614 1232 892 1305 Evangelii
922 1232 1281 1298 sententiam;
1310 1234 1402 1302 qui
1428 1234 1573 1289 venit
1609 1242 1663 1290 et
1684 1234 1926 1303 iacentes
1958 1250 2057 1291 nos
2080 1235 2198 1289 vul-

615 1332 836 1379 neratos
876 1338 907 1376 a
944 1322 1244 1378 latronibus
1276 1332 1331 1377 et
1377 1323 1606 1379 nudatos
1643 1341 1674 1380 a
1710 1325 2072 1390 daemonibus,
2117 1323 2198 1392 ju-

615 1422 799 1469 mento
834 1413 1078 1484 corporis
1111 1414 1193 1468 sui
1231 1417 1596 1486 superposuit,
1619 1425 1673 1472 et
1696 1418 1763 1471 ad
1803 1419 2070 1473 stabulum
2096 1415 2197 1473 Ec-

613 1504 791 1559 clesia:
838 1504 1051 1569 detulit,
1090 1514 1141 1559 et
1177 1513 1391 1559 caetera.
1436 1505 1589 1563 Hunc
1621 1522 1751 1579 ergo
1788 1511 2114 1581 proxinmm,
2150 1514 2197 1568 si

612 1593 897 1664 diligamus
923 1609 1138 1649 omnem
1170 1594 1340 1664 legem
1367 1605 1422 1651 et
1449 1598 1700 1655 universa
1728 1602 2005 1669 mandata,
2036 1604 2090 1659 in
2118 1605 2198 1676 ip-

614 1681 726 1736 sius
770 1697 955 1738 amore
989 1683 1341 1754 complemus.

1219 1818 1449 1877 CAPUT
1496 1821 1591 1877 IX.

612 1931 855 1999 Qualiter
885 1951 979 2006 per
1011 1937 1318 2010 charitatem
1355 1938 1424 2010 in
1445 1938 1554 1993 Deo
1597 1938 1835 2010 diligitur
1869 1958 2072 1998 amicus
2144 1953 2196 1999 et

908 2017 1117 2077 propter
1152 2008 1321 2063 Deum
1349 2008 1588 2079 diligitur
1625 2008 1890 2067 inimicus.

681 2117 882 2192 (Greg.)
910 2118 967 2175 Si
989 2121 1109 2190 quis
1132 2122 1426 2192 quemlibet
1457 2134 1603 2180 amat
1634 2127 1727 2181 sed
1772 2136 1992 2198 propter
2025 2131 2194 2187 Deum

616 2228 723 2268 non
758 2221 924 2278 amat,
966 2214 1284 2270 charitatem
1316 2231 1421 2271 non
1450 2216 1634 2283 habet,
1669 2220 1762 2274 sed
1791 2221 1988 2277 habere
2016 2238 2074 2278 se
2103 2239 2197 2293 pu-

608 2314 705 2362 tat.
741 2305 991 2362 Charitas
1016 2317 1193 2363 autem
1222 2324 1348 2364 vera
1378 2319 1463 2365 est
1494 2326 1615 2365 cum
1645 2321 1700 2366 et
1730 2313 1784 2367 in
1824 2314 1932 2369 Deo
1959 2315 2198 2381 diligitur

608 2397 833 2461 amicus,
855 2407 909 2452 et
929 2407 1152 2469 propter
1170 2397 1341 2453 Deum
1368 2399 1610 2471 diligitur
1636 2402 1906 2459 inimicus.
1934 2403 2028 2461 Ille
2052 2407 2196 2462 enim

605 2498 830 2560 propter
856 2489 1024 2545 Deum
1055 2491 1233 2561 diligit
1261 2506 1357 2546 eos
1381 2507 1519 2561 quos
1548 2492 1746 2564 diligit,
1772 2495 1864 2565 qui
1898 2497 2062 2551 etiatn
2099 2512 2196 2555 eos

606 2580 828 2650 diligere
864 2595 894 2635 a
929 2580 1127 2650 quibus
1160 2596 1266 2636 non
1304 2582 1564 2652 diligitur,
1596 2585 1717 2640 scit.
1749 2585 1973 2642 Probari
2011 2598 2195 2646 autem

604 2670 847 2725 charitas
876 2687 971 2739 per
998 2672 1168 2727 solam
1203 2672 1313 2728 odii
1346 2674 1730 2734 adversitatem
1769 2680 1923 2736 solet.
1955 2682 2109 2738 Unde
2143 2692 2197 2739 et

602 2775 702 2831 per
741 2763 1089 2834 semetipsum
1140 2763 1403 2820 Dominus
1454 2767 1583 2822 dicit
1634 2786 1649 2823 :
1712 2770 1924 2842 Diligite
1955 2774 2195 2829 inimicos

603 2861 822 2917 vestros,
845 2853 1131 2923 benefacite
1161 2855 1243 2909 his
1272 2858 1360 2927 qui
1384 2873 1472 2911 vos
1502 2860 1723 2915 oderunt
1756 2862 1970 2932 (Matth.
2000 2864 2076 2936 v).
2104 2865 2195 2922 Ille

606 2953 738 3011 ergo
768 2956 992 2997 securus
1023 2954 1190 3009 amat,
1214 2946 1306 3015 qui
1340 2956 1562 3017 propter
1587 2948 1754 3005 Deum
1777 2960 1834 3007 et
1855 2953 2005 3009 illum
2027 2966 2190 3022 amat,

608 3044 641 3084 a
684 3045 792 3100 quo
827 3044 890 3087 se
935 3031 1186 3103 intelligit
1224 3048 1329 3088 non
1364 3024 1567 3104 ama-ri;
1610 3038 1822 3097 difﬁcile
1868 3044 2065 3115 quippe
2111 3056 2196 3102 est

607 3136 823 3178 omnem
871 3121 981 3177 vim
1024 3122 1311 3179 charitatis
1341 3127 1667 3198 exprimere,
1698 3146 1819 3186 cum
1866 3135 2047 3189 omnia
2097 3135 2193 3192 Dei

2299 602 2420 649 cata
2458 595 2748 669 distringit,
2796 600 3010 655 veniam
3053 601 3421 674 desperemus,
3459 608 3556 661 sed
3603 616 3901 679 utrumque

2297 686 2597 756 periculum
2631 690 2916 759 evitemus,
2960 702 3016 748 et
3060 708 3091 747 a
3140 695 3284 750 malo
3329 697 3708 766 declinemus,
3744 712 3804 755 et
3847 705 3902 759 de

2295 778 2499 849 pietate
2536 780 2633 836 Dei
2664 783 2876 839 veniam
2917 800 3217 855 speremus.
3251 787 3440 845 Omnis
3463 791 3685 862 quippe
3731 793 3898 864 justus

2298 887 2393 943 spe
2422 880 2475 927 et
2502 871 2788 930 formidine
2813 876 2970 942 nitet,
3016 878 3142 947 quia
3172 895 3315 937 nunc
3347 880 3497 938 illum
3524 883 3605 938 ad
3643 886 3896 954 gaudium

2298 978 2421 1035 spes
2444 966 2623 1037 erigit,
2647 983 2791 1023 nunc
2808 966 3151 1026 formidinem
3176 981 3353 1029 terror
3372 976 3647 1045 gehennae
3680 976 3890 1034 addicit.

2901 1120 3129 1180 CAPUT
3166 1124 3281 1182 XII.

2604 1208 2681 1265 De
2719 1227 2810 1282 spe
2838 1229 2942 1267 non
2970 1218 3213 1284 ponenda
3242 1218 3299 1272 in
3327 1219 3563 1276 homine.

2370 1318 2554 1393 (Aug.)
2595 1320 2697 1393 Spe
2732 1324 2891 1390 enim,
2926 1336 2984 1379 ut
3012 1328 3086 1382 ait
3108 1329 3420 1400 'Apostolus,
3468 1332 3616 1388 salvi
3646 1334 3784 1404 facti
3817 1356 3888 1392 se.

2297 1427 2413 1467 mus
2438 1412 2610 1483 (Rom.
2642 1416 2784 1486 vtn).
2834 1415 2947 1470 Non
2976 1420 3119 1472 enim
3147 1430 3233 1476 est
3262 1438 3385 1491 spes
3419 1427 3688 1495 ponenda
3722 1427 3775 1483 in
3800 1431 3883 1485 ho-

2299 1505 2462 1569 mine,
2492 1506 2616 1574 quia
2646 1506 2954 1563 maledirtus
2983 1513 3171 1577 omnis,
3220 1515 3360 1569 sicut
3398 1518 3589 1571 divina
3635 1530 3882 1575 testantur

2298 1598 2540 1670 eloquia,
2584 1604 2674 1672 qui
2700 1620 2841 1674 spem
2867 1623 3018 1661 suam
3046 1611 3191 1679 ponit
3233 1610 3287 1665 in
3318 1613 3530 1667 homine
3558 1613 3712 1683 (Jer.
3748 1617 3876 1686 Im].

2296 1690 2376 1747 Ac
2410 1710 2505 1763 per
2551 1696 2686 1761 hoc,
2732 1707 2788 1753 et
2832 1700 2885 1755 in
2928 1702 3105 1771 seipso
3144 1703 3235 1773 qui
3296 1720 3446 1775 spem
3510 1724 3682 1763 suam
3724 1713 3874 1780 ponit,

2298 1784 2460 1855 hujus
2486 1788 2882 1847 maledictiouis
2906 1793 3122 1849 vinculo
3153 1796 3467 1852 innectitur.
3497 1798 3639 1855 Ideo
3662 1817 3764 1856 non
3794 1806 3870 1858 nisi

2223 1865 2273 1927 Β
2301 1870 2331 1929 a
2363 1875 2587 1933 Domino
2618 1880 2728 1936 Deo
2757 1891 2944 1953 petere
2987 1886 3266 1953 debemus,
3310 1891 3581 1961 quidquid
3619 1909 3871 1963 speramus

2297 1966 2382 2020 vel
2411 1967 2545 2022 bene
2571 1981 2908 2040 Operaturos,
2951 1975 3037 2030 vel
3066 1993 3162 2045 pro
3191 1979 3346 2033 bonis
3373 1982 3651 2050 operibus
3681 1984 3864 2052 adepta-

2298 2074 2407 2113 ros.
2438 2059 2707 2116 Ponamus
2737 2065 2900 2135 igitur
2926 2082 3074 2137 spem
3105 2071 3156 2123 in
3182 2069 3430 2137 Domino,
3460 2073 3770 2130 instruente
3790 2078 3866 2131 Dr

2296 2152 2387 2205 vid
2419 2153 2635 2208 dicente
2666 2173 2677 2208 :
2717 2154 2851 2210 Mihi
2893 2168 3069 2212 autent
3109 2161 3379 2216 adhtrrere
3405 2162 3519 2217 Deo
3548 2165 3741 2219 bonum
3779 2180 3859 2227 est.

2296 2260 2485 2313 ponere
2526 2246 2580 2297 in
2626 2244 2851 2301 Domino
2878 2247 2985 2302 Deo
3033 2267 3173 2319 spem
3204 2270 3371 2305 meam
3399 2252 3587 2321 (Psal.
3614 2258 3791 2320 um).
3816 2258 3862 2310 Et

2298 2337 2493 2394 iterum
2520 2357 2534 2395 :
2564 2338 2693 2410 Spes
2719 2357 2834 2396 mea
2855 2343 2909 2397 in
2933 2342 3043 2397 Deo
3063 2356 3137 2398 est
3168 2344 3339 2416 (Psal.
3367 2348 3511 2419 ut).

2881 2476 3109 2534 CAPUT
3146 2480 3287 2535 XIII.

2568 2567 2809 2634 Qualiter
2839 2586 2954 2640 spes
2988 2573 3173 2626 crescit
3197 2574 3333 2627 inter
3359 2574 3617 2632 adversa.

2368 2674 2569 2751 (Ut-eg.)
2609 2680 2783 2738 Tanto
2811 2699 3042 2755 namque
3072 2700 3194 2755 spes
3220 2687 3272 2741 in
3294 2687 3465 2743 Deum
3502 2690 3729 2746 solidior
3760 2708 3851 2746 sur-

2295 2772 2390 2844 git,
2420 2783 2621 2843 quanto
2650 2791 2747 2846 pro
2771 2776 2858 2833 illa
2882 2780 3110 2849 quisque
3139 2785 3387 2853 graviora
3417 2786 3723 2854 pertulerit.
3746 2787 3851 2854 Qui:

2296 2877 2635 2934 nequaquam
2665 2867 3039 2925 retributionis
3068 2872 3322 2942 gaudium
3347 2875 3417 2929 de
3440 2877 3745 2931 aeternitate
3762 2875 3852 2929 eol-

2295 2951 2499 3023 ligitur,
2529 2956 2669 3024 quod
2698 2973 2802 3012 non
2839 2959 2927 3014 hic
2958 2961 3107 3029 prius
3137 2963 3224 3032 pia
3270 2964 3621 3021 tribulatione
3646 2967 3854 3022 semina~

2297 3052 2403 3095 tur.
2437 3041 2572 3098 Hinc
2593 3045 2737 3099 enim
2764 3062 2860 3116 per
2879 3047 3223 3105 Psalmistam
3249 3052 3449 3107 dicitur
3472 3071 3486 3107 :
3512 3054 3708 3108 Euam
3726 3056 3853 3107 ibant

2296 3141 2344 3187 et
2372 3135 2591 3204 ﬂebant,
2626 3138 2887 3195 mittentes
2916 3143 3116 3198 semina
3146 3161 3264 3200 sua.
3305 3144 3561 3201 Venientes
3584 3159 3747 3200 autem
3773 3165 3853 3201 re-

603 3225 872 3285 przecepta
909 3212 1024 3270 sola
1052 3215 1323 3285 possideat
1345 3217 1607 3287 cbaritas,
1641 3222 1854 3280 dicente
1886 3225 2047 3281 beato
2076 3227 2189 3282 Au-
2219 3241 2264 3304 ρ
2296 3225 2437 3279 nient
2463 3227 2518 3283 in
2549 3228 2895 3286 exsultatione
2921 3243 3192 3304 portantes
3214 3236 3509 3308 manipulos
3546 3230 3662 3292 suos
3690 3234 3848 3307 (Ptol.

603 3306 859 3377 gustino:
891 3303 1085 3362 Totam
1130 3309 1559 3380 magnitudinem
1594 3321 1651 3369 et
1685 3314 2023 3372 altitudinem
2054 3317 2189 3373 divi-

603 3415 796 3456 norum
851 3400 1188 3471 eloquiorum
1240 3416 1433 3459 secura
1478 3405 1719 3475 possidet
1767 3409 2026 3474 charitas,
2080 3425 2188 3481 qua

601 3490 770 3547 Deum
797 3493 1212 3563 proximumque
1248 3494 1543 3566 diligimus.
1598 3497 1725 3555 Haec
1762 3500 1817 3554 in
1849 3502 2188 3559 adversitati—

600 3584 704 3641 bus
745 3584 955 3651 tolerat,
1000 3585 1056 3640 in
1102 3587 1552 3658 prosperitatibus
1603 3600 1890 3664 temperat,
1932 3594 1985 3650 in
2038 3594 2189 3654 duris

599 3676 942 3747 passionibus
977 3676 1156 3745 fortis,
1194 3678 1248 3734 in
1273 3679 1430 3736 bonis
1457 3684 1711 3753 operibus
1738 3685 1947 3753 hilaris,
1978 3689 2031 3743 in
2072 3697 2189 3744 ten-

600 3769 806 3824 tatione
836 3768 1127 3836 tutissima,
1167 3771 1221 3827 in
1257 3772 1625 3844 hospitalitate
1677 3777 2002 3849 largissima,
2048 3781 2190 3836 inter

600 3876 760 3917 veros
803 3861 1334 3932 fratres.latissima,
1375 3866 1519 3923 inter
1554 3867 1721 3925 falsos
1766 3871 2185 3941 patientissima.

602 3951 881 4008 Sulllciant
914 3965 1094 4009 autem
1133 3957 1248 4012 haec
1273 3971 1396 4028 qua!
1418 3942 1488 4014 de
1505 3960 1773 4015 charitate
1798 3963 1998 4032 scripta
2026 3974 2183 4032 sunt;

588 4040 746 4100 ‘nonc
772 4053 955 4101 autem
973 4048 1042 4103 de
1063 4049 1276 4105 caeteris
1299 4050 1609 4120 virtutibus,
1647 4063 1810 4125 prout
1835 4065 2024 4113 auctor
2051 4056 2188 4115 lucis

600 4138 731 4194 dare
751 4138 1079 4212 dignabitur,
1106 4141 1462 4200 insistendum
1493 4154 1600 4202 est.

1221 4256 1451 4316 CAPUT
1485 4259 1557 4316 X.

1276 4354 1350 4411 De
1391 4373 1500 4428 spe.

667 4464 955 4541 (Cassiod)
992 4468 1129 4542 Spes
1164 4478 1248 4527 est
1272 4471 1539 4529 bonorum
1582 4476 1846 4545 spectatio
1882 4476 2186 4536 futurorum

593 4574 714 4630 quae
735 4561 995 4632 exprimit
1038 4562 1357 4620 humilitatis
1392 4563 1642 4622 affectum
1673 4577 1728 4623 ct
1765 4567 1964 4625 sedulae
2006 4573 2180 4628 servi-

2291 3318 2511 3390 cmv)’
2883 3394 3109 3456 CAPUT
3147 3398 3287 3457 xw.

2966 3508 3042 3564 De
3075 3509 3202 3580 ﬁde.

2362 3614 2600 3690 (Prosp.)
2654 3618 2818 3676 Fides
2869 3622 3014 3677 enim
3068 3632 3153 3679 est
3199 3624 3426 3695 iustitiae
3453 3626 3839 3694 fundamentum,

2289 3724 2453 3780 quam
2494 3709 2636 3764 nulla
2658 3726 2821 3781 opera
2852 3714 2992 3768 bona
3018 3710 3329 3785 praecedunt
3346 3759 3361 3781 ,
3387 3726 3447 3773 et
3481 3735 3553 3776 ex
3578 3737 3679 3792 qua
3696 3720 3835 3775 omnia

2289 3803 2429 3859 bona
2458 3804 2774 3873 procedunt.
2800 3804 2918 3876 ipsa
2948 3822 3048 3862 nos
3069 3822 3099 3861 a
3126 3811 3363 3876 peccatis
3383 3814 3648 3870 omnibus
3671 3819 3838 3885 purgat.

2291 3902 2502 3949 mentes
2534 3904 2746 3949 nostras
2793 3894 3080 3963 illuminat,
3132 3901 3242 3955 Deo
3272 3904 3629 3972 reconciliat,
3674 3903 3840 3959 uinctis

2289 3984 2643 4056 participibus
2693 3995 2899 4043 natura:
2946 4000 3147 4046 nostra:
3193 3994 3511 4059 consociat,
3552 4011 3699 4066 spem
3722 3995 3841 4049 nobis

2290 4078 2485 4134 futura:
2545 4083 2999 4138 remunerationis
3059 4085 3322 4156 inspirat,
3375 4096 3549 4158 auget
3615 4089 3665 4142 in
3719 4086 3841 4142 nobis

2288 4174 2518 4230 virtutes
2548 4184 2796 4244 sanctas,
2828 4193 2892 4233 ac
2933 4194 3032 4235 nos
3067 4180 3122 4235 in
3159 4196 3349 4237 earum
3376 4186 3724 4254 posSessione
3744 4198 3842 4239 conc

2288 4264 2489 4325 ﬁrmat.

2894 4362 3122 4421 CAPUT
3156 4364 3274 4420 XV.

2290 4449 2446 4519 Quod
2471 4451 2577 4507 nisi
2614 4470 2705 4524 per
2740 4455 2932 4526 ﬁdem,
2975 4475 3211 4532 quteper
3247 4458 3593 4532 dilectionem
3624 4469 3845 4532 aperitur.

2627 4543 2775 4580 nemo
2799 4537 2963 4597 potest
2992 4530 3167 4583 venire
3188 4531 3256 4583 ad
3281 4532 3537 4601 requiem.

595 4618 726 4707 [mis
762 4618 1102 4723 οῇςερυίυω.
1150 4651 1285 4724 spes
1766 4618 2183 4735 *ᾇιξξῑεῇηὲε
2206 4618 2260 4679 D
2328 4639 2526 4735 ⁸Ιξίςειιτο
2556 4652 2750 4735 potest
2799 4646 2864 4698 ad
2913 4661 3098 4701 veram
3148 4649 3434 4718 pervenire
3463 4651 3846 4714 beatitudinem,

592 4742 971 4812 progrediendi
996 4745 1153 4815 quasi
1192 4754 1277 4802 est
1299 4762 1413 4818 pes.
1456 4747 1607 4805 Unde
1645 4754 1953 4810 econtrario
1980 4755 2182 4811 dicitur

592 4832 924 4901 desperatio,
956 4834 1043 4889 cui
1073 4835 1218 4891 nulla
1244 4845 1328 4893 est
1353 4839 1726 4911 progrediendi
1764 4840 2009 4900 facultas.
2043 4844 2179 4913 Quia

592 4921 720 4977 dum
750 4925 995 4996 quisquis
1034 4937 1313 4998 peccatum
1338 4940 1515 4997 amat,
1547 4930 1784 5009 futuram
1820 4934 2045 5007 gloriam
2073 4954 2179 4995 non

592 5023 792 5083 sperat.
818 5012 910 5069 Ille
935 5015 1079 5070 enim
1103 5017 1423 5077 fiducialiter
1449 5032 1744 5094 exspectat,
1773 5025 1864 5096 qui
1889 5025 2007 5096 ejus
2028 5044 2178 5085 man-

593 5100 719 5157 data
758 5100 988 5161 ﬁdeliter
1018 5116 1221 5163 servat.

1198 5242 1428 5303 CAPUT
1465 5246 1554 5303 XI.

592 5354 749 5425 Quod
795 5356 903 5413 illis
937 5361 1298 5416 tantummodo
1346 5363 1551 5447 proﬁcit
1584 5381 1699 5447 spes
1735 5369 1827 5438 qui
1867 5369 1933 5423 ab
1974 5370 2178 5427 actione

1135 5447 1294 5502 prava
1322 5445 1615 5504 quiescunt.

662 5539 847 5629 (Isid.)
902 5543 1003 5613 Qui
1036 5542 1177 5599 male
1216 5559 1379 5616 agere
1417 5561 1523 5602 non
1576 5548 1845 5611 desistunt
1897 5569 2036 5611 vana
2085 5572 2181 5629 spe

592 5624 980 5705 indulgentiam
1021 5634 1090 5691 de
1130 5634 1226 5692 Dei
1276 5635 1477 5705 pietate
1506 5641 1807 5711 requirunt,
1839 5661 2002 5716 quam
2034 5624 2180 5704 recte

590 5735 895 5795 quaererent
925 5727 971 5784 si
997 5729 1066 5785 ab
1086 5729 1301 5785 actione
1320 5744 1488 5802 prava
1511 5745 1807 5791 cessarent.
1835 5735 2177 5812 Metuendugu

590 5817 746 5876 valde.
775 5830 863 5880 est
895 5832 957 5881 ut
984 5838 1161 5895 neque
1200 5839 1298 5896 per
1335 5840 1485 5899 spem
1523 5828 1693 5885 veniae
1721 5845 1884 5901 quam
1912 5833 2181 5903 promittit

2285 4732 2387 4787 nisi
2417 4748 2513 4803 per
2543 4732 2724 4789 fidem.
2759 4734 2883 4791 Sine
2903 4737 3009 4805 ﬁde
3039 4740 3199 4803 enim,
3244 4748 3303 4793 ut
3334 4742 3412 4796 ait
3444 4741 3750 4815 Scriptura,
3772 4744 3849 4795 iut-

2283 4822 2528 4895 possibile
2569 4833 2645 4878 est
2686 4823 2892 4895 placere
2934 4825 3046 4881 Deo
3082 4825 3271 4898 (Hebr.
3296 4831 3396 4902 xl).
3447 4831 3647 4889 Fidem
3677 4832 3847 4889 scilicet

2286 4913 2430 4969 illam
2462 4930 2581 4985 quae
2606 4930 2704 4985 per
2731 4916 3074 4974 dilectionem
3099 4932 3376 4991 operatur,
3400 4924 3533 4993 quia
3560 4935 3623 4981 ut
3649 4926 3846 4982 Iacobus

2283 5007 2361 5061 ait
2382 5006 2686 5076 apostolus:
2707 5005 2867 5062 Fides
2888 5010 3000 5064 sine
3026 5012 3266 5081 operibus
3285 5024 3496 5069 mortua
3518 5028 3608 5071 est
3631 5017 3763 5090 (Jac.
3780 5014 3844 5083 tl).

2285 5099 2353 5155 Et
2374 5099 2610 5154 iterum:
2652 5098 2793 5167 Quid
2828 5103 3079 5173 proderit,
3120 5103 3313 5174 fratres
3339 5107 3462 5173 mei,
3497 5111 3550 5163 si
3583 5110 3848 5182 ﬁdente-it

2284 5191 2426 5246 dicat
2455 5208 2510 5246 se
2552 5191 2758 5253 habere,
2799 5209 2956 5263 opera
2986 5204 3157 5248 autem
3197 5211 3300 5250 non
3338 5196 3531 5253 habeat
3557 5201 3589 5254 .’
3626 5199 3848 5271 Nunquid

2280 5281 2469 5353 poterit
2490 5281 2620 5351 ﬁdes
2648 5280 2851 5337 salvare
2877 5283 3037 5338 eum?
3061 5283 3109 5356 (1
3117 5285 3249 5367 bid.)
3290 5286 3450 5343 Fides
3466 5289 3608 5346 ‘sine
3629 5291 3849 5362 operibus

2282 5374 2455 5428 utiosa
2485 5381 2589 5428 est.
2637 5371 2836 5431 Beatus
2878 5385 3057 5431 autem
3082 5379 3284 5447 estqui
3314 5386 3371 5433 et
3410 5387 3567 5435 recte
3606 5381 3849 5438 credendo

2284 5466 2422 5521 bene
2466 5465 2629 5531 vivit,
2660 5474 2715 5521 et
2743 5467 2880 5523 bene
2900 5468 3130 5525 vivendo
3155 5469 3316 5527 fidem
3359 5481 3569 5531 rectam
3619 5473 3845 5532 custodit.

2284 5557 2506 5615 Frustra
2536 5560 2636 5615 sibi
2666 5560 2731 5616 de
2756 5561 2869 5616 sola
2902 5561 3007 5618 fide
3047 5562 3339 5628 blanditur,
3368 5566 3460 5638 qui
3499 5568 3672 5624 bonis
3702 5564 3849 5637 operi-

2284 5652 2386 5707 bus
2420 5668 2525 5708 non
2545 5663 2790 5708 ornatur.
2828 5653 2977 5709 Multi
3009 5655 3113 5711 tide
3145 5665 3352 5712 tantum
3382 5657 3688 5716 Christiani
3714 5664 3849 5719 sunt.

2291 5758 2455 5815 opere
2483 5759 2611 5799 vero
2660 5761 2691 5800 a
2730 5744 3039 5803 Christiana
3084 5748 3330 5803 doctrina
3373 5749 3731 5808 dissentiunt.
3776 5747 3854 5803 Est

2283 5843 2462 5889 autem
2490 5833 2623 5891 fides
2647 5834 2819 5892 virtus
2838 5836 3098 5907 praeclara
3114 5878 3130 5904 ,
3168 5854 3267 5909 per
3290 5855 3455 5910 quam
3478 5843 3661 5899 sancti
3686 5842 3855 5898 Patres
