4020 6338
130 390 261 447 897

130 503 296 563 uniti
321 501 576 559 suntDeo
598 515 614 554 :
639 498 756 571 lege
781 497 848 553 ad
869 474 1125 552 Hebraeos
1142 488 1436 564 Epistolam
1458 482 1649 557 (Hebr;
1671 479 1733 552 ιι)
1760 481 1813 541 Α

128 596 311 654 Pauli
338 592 590 667 apostoli,
618 602 676 648 et
701 589 961 646 invenies.

745 698 974 759 CAPUT
1005 698 1144 754 XVI.

373 803 506 871 Qua:
531 801 598 856 sit
617 798 916 869 differentia
944 796 1082 850 inter
1108 792 1269 864 ﬁdem
1293 800 1342 846 et
1362 803 1524 860 spem.

226 915 414 993 (Aug.)
457 915 552 971 Est
584 914 767 983 itaque
811 910 943 965 ﬁdes
973 908 1237 963 bonarum
1266 917 1449 959 rerum
1486 906 1540 956 et
1570 894 1740 951 mala-

143 991 303 1077 rum,
330 1009 456 1079 quia
487 1017 543 1062 et
566 1007 705 1062 bona
728 1004 1022 1060 creduntur
1040 1008 1094 1055 et
1114 997 1251 1055 mala
1276 1005 1331 1052 et
1355 996 1456 1051 hoc
1476 991 1580 1048 ﬁde
1602 991 1743 1045 bona

80 1164 107 1175 _
138 1118 267 1157 non
302 1099 465 1155 mala.
495 1098 592 1153 Est
614 1095 781 1151 etiam
806 1094 941 1150 ﬁdes
969 1101 1023 1149 et
1057 1089 1451 1163 praeteritarum
1482 1097 1663 1138 rerum
1689 1088 1746 1135 et

144 1191 508 1266 praesentium
543 1197 600 1244 et
625 1187 952 1243 futurarum.
978 1183 1265 1240 Credimus
1293 1180 1439 1234 enim
1468 1174 1745 1231 Christum

144 1264 468 1347 rnortuum,
500 1279 645 1353 quod
668 1280 781 1350 jam
813 1276 1106 1351 praeteriit;
1157 1272 1428 1329 credimus
1465 1268 1656 1324 sedere
1677 1264 1748 1319 ad

146 1378 408 1432 dextram
438 1372 636 1439 Patris,
670 1371 814 1443 quod
841 1384 986 1424 nunc
1014 1376 1134 1434 est;
1166 1364 1441 1421 credimus
1459 1368 1749 1415 venturum

148 1468 229 1525 ad
256 1467 629 1540 iudicandum,
661 1461 804 1533 quod
832 1460 1072 1515 futurum
1097 1465 1201 1512 est.
1232 1455 1363 1510 Item
1392 1451 1527 1507 ﬁdes
1555 1458 1611 1505 et
1632 1462 1751 1504 sua-

148 1575 285 1617 rum
326 1573 505 1615 rerum
541 1564 654 1622 est,
685 1564 741 1610 et
782 1554 1106 1609 alienarum.
1156 1547 1295 1604 Nam
1331 1554 1386 1601 et
1420 1559 1481 1600 se
1520 1541 1751 1614 quisque

150 1651 339 1707 credit
359 1649 649 1720 aliquando
676 1660 799 1702 esse
822 1644 1073 1715 cwpisse,
1097 1656 1198 1696 nec
1215 1637 1382 1693 fuisse
1406 1636 1589 1705 utique
1612 1647 1754 1687 sem-

152 1743 462 1814 piternum.
513 1738 584 1795 Et
631 1737 768 1793 alios
819 1744 983 1806 atque
1029 1731 1134 1787 alia
1178 1744 1280 1785 nec
1325 1726 1499 1782 solum
1540 1725 1607 1778 de
1635 1721 1756 1777 aliis

1118 378 1208 435 DE
1245 368 1642 431 VARIE'I‘ATE
1683 357 2064 422 LIBRORUM.
2102 385 2175 398 —
2202 353 2330 411 LIB.
2362 339 2427 410 II.

3314 337 3422 398 898

1837 470 2092 530 cessabit.
2109 467 2373 525 Caeterum
2386 459 2680 535 prophetiae
2700 462 2756 513 et
2780 452 3159 529 mysteriorum
3177 450 3423 508 omnium

1840 563 2033 622 notitia
2058 559 2144 616 vel
2181 555 2427 619 scientia,
2452 568 2555 609 nec
2576 566 2684 608 non
2712 556 2769 606 et
2799 548 2916 619 ipsa
2952 544 3088 600 ﬁdes
3115 541 3199 598 vel
3225 548 3424 597 caetera

1841 654 1965 710 talia
1983 691 2001 719 ,
2025 665 2146 723 quae
2174 662 2280 704 non
2303 642 2687 717 perfectionem
2719 637 2956 693 ﬁdelium
2972 674 2988 700 ,
3014 633 3109 690 sed
3134 630 3427 705 fragilitate

1843 743 2150 803 necessaria
2180 739 2508 801 indicantur,
2539 734 2594 790 in
2637 732 2730 789 illa
2753 727 3088 801 perfectione
3111 723 3388 803 justogum
3406 761 3426 790 ,

1843 852 1952 910 quo
1975 837 2032 892 in
2057 833 2324 890 charitate
2349 826 2578 885 radicati
2607 823 2963 886 contendunt,
2988 792 3431 891 pervenietitibus

1844 908 2154 984 necessaria
2181 937 2303 979 esse
2334 935 2440 976 non
2470 924 2754 989 pcterunt,
2795 914 2892 971 sed
2932 911 3046 969 sola
3076 910 3319 967 charitas
3356 908 3433 964 ibi

1845 1018 2089 1091 perfecta
2109 1015 2246 1083 erit,
2274 1028 2398 1070 cum
2426 1008 2695 1082 perfectos
2723 1005 2856 1073 Deo,
2879 1020 2914 1061 a
2943 1019 3051 1079 quo
3075 1003 3278 1059 donata
3315 1007 3433 1069 est,

1848 1109 2216 1183 coniunxerit.

2416 1191 2646 1252 CAPUT
2678 1189 2866 1248 XVIII.

2454 1286 2536 1342 De
2573 1285 2833 1342 oratione.

1925 1383 2135 1459 (Cypr.)
2172 1381 2438 1439 Dominus
2464 1378 2608 1436 enim
2651 1385 2837 1433 noster
2858 1373 3016 1431 Iesus
3042 1372 3296 1429 Christus
3332 1388 3439 1429 non

1857 1485 2067 1533 tantum
2096 1474 2297 1539 verbis,
2343 1470 2436 1527 sed
2464 1479 2520 1526 et
2552 1469 2709 1524 factis
2744 1481 2902 1523 orare
2937 1481 3040 1522 nos
3075 1466 3277 1523 docuit.
3323 1464 3442 1535 Ipse

1855 1584 2021 1625 orans
2062 1565 2378 1636 frequenter
2418 1571 2473 1618 et
2515 1561 2837 1637 deprecans,
2871 1567 2926 1613 et
2962 1556 3093 1627 quid
3122 1571 3221 1612 nos
3263 1554 3445 1612 facere

1859 1667 2136 1732 oporteret
2182 1655 2417 1727 exempli
2462 1656 2547 1710 sui
2594 1652 2992 1709 contestatione
3041 1650 3444 1714 demonstrans,

1863 1753 2006 1810 sicut
2025 1748 2287 1820 scriptum
2308 1756 2421 1802 est:
2438 1746 2557 1817 Ipse
2580 1753 2761 1800 autem
2781 1742 2884 1797 fuit
2901 1740 3163 1797 secedens
3183 1740 3236 1795 in
3261 1739 3449 1794 solitu-

155 1833 478 1891 hominibus
527 1829 730 1892 mulla’
780 1842 902 1898 qum
954 1824 1023 1879 ad
1078 1821 1394 1912 “"8‘°,“em
1447 1814 1752 1887 pertinem’
1781 1851 1831 1912 B
1859 1846 2014 1903 dines
2031 1852 2086 1899 et
2106 1814 2360 1897 adorans.
2388 1814 2674 1894 Et'iterum
2697 1851 2714 1890 :
2739 1835 2915 1890 Exivit
2943 1835 3001 1887 in
3020 1842 3245 1887 montem
3271 1848 3446 1897 orare,

158 1943 351 1984 verum
387 1925 551 1980 etiam
587 1923 655 1979 de
680 1920 885 1991 angelis
916 1916 1207 1974 credimus.
1259 1911 1395 1981 Spes
1432 1916 1614 1963 autem
1645 1920 1752 1961 non

160 2018 273 2074 nisi
305 2018 570 2072 bonarum
600 2027 783 2069 rerum
814 2020 929 2074 est,
975 2022 1078 2062 nec
1103 2004 1206 2060 nisi
1237 2002 1541 2057 futurarum
1562 2038 1577 2062 ,
1603 2005 1661 2051 et
1687 1994 1756 2050 ad

161 2125 291 2164 eum
322 2106 704 2179 pertinentium
725 2143 740 2168 ,
765 2102 857 2172 qui
886 2114 1075 2155 earum
1103 2110 1253 2166 spem
1286 2106 1476 2165 gerere
1501 2088 1755 2160 perhibe-

163 2209 282 2255 tur.
324 2178 461 2265 Quae
502 2210 624 2250 cum
665 2194 740 2248 ita
766 2192 875 2246 sint
910 2197 1134 2260 propter
1163 2186 1262 2239 has
1300 2197 1518 2245 causas,
1563 2178 1757 2234 distin-

165 2291 388 2363 guenda
416 2289 519 2343 erit
550 2286 683 2341 ﬁdes
718 2300 749 2337 a
777 2298 895 2353 spe,
926 2281 1068 2335 sicut
1102 2274 1388 2339 vocabulo,
1420 2274 1493 2327 ita
1526 2271 1762 2325 rationa-

168 2359 269 2437 bili
297 2378 619 2437 differentia.
647 2375 779 2430 Nam
808 2372 950 2444 quod
975 2369 1169 2424 attinet
1196 2368 1262 2421 ad
1291 2380 1397 2420 non
1420 2363 1624 2425 videre,
1649 2359 1763 2415 sive

166 2489 297 2546 qua:
353 2472 669 2535 creduntur,
712 2467 826 2521 sive
865 2470 985 2534 qua:
1030 2468 1340 2533 sperantur,
1371 2454 1494 2510 ﬁdei
1542 2453 1766 2523 speique

167 2542 466 2622 commune
479 2571 581 2618 est.
595 2561 654 2615 lu
668 2556 906 2628 Epistola
918 2554 1114 2625 quippe
1125 2552 1191 2606 ad
1212 2550 1463 2605 ﬂebrzeos
1474 2544 1663 2618 (Hebr.
1679 2542 1764 2613 ιι),
1780 2546 1785 2549 ’

169 2675 283 2730 qua
319 2666 457 2713 teste
487 2654 569 2710 nsi
595 2660 721 2709 sunt
747 2651 986 2706 illustres
1022 2644 1303 2702 catholicae
1338 2640 1539 2713 regula:
1573 2636 1765 2693 defen-

172 2768 362 2816 sores,
396 2750 529 2805 ﬁdes
574 2762 695 2802 esse
720 2744 865 2800 dicta
894 2750 977 2796 est
1019 2738 1258 2809 cognitio
1292 2748 1474 2790 rerum
1513 2747 1633 2801 quae
1658 2744 1767 2784 non

174 2845 453 2900 videntur.
476 2838 733 2908 Quamvis
758 2833 1083 2904 quandoque
1106 2844 1164 2884 se
1190 2826 1417 2896 quisque
1439 2838 1544 2877 non
1565 2819 1766 2886 verbis,

176 2954 290 2994 non
317 2936 563 2999 testibus,
589 2948 695 2987 non
723 2929 956 2997 denique
982 2924 1105 2979 ullis
1132 2918 1490 2993 argumentis,
1518 2915 1611 2970 sed
1637 2927 1773 2984 prae-

178 3028 418 3085 sentium
464 3040 647 3082 rerum
696 3020 977 3078 evidentia
1025 3016 1156 3073 dicit
1185 3012 1505 3075 credidisse,
1543 3010 1647 3064 hoc
1691 3013 1777 3061 est

182 3120 345 3175 ﬁdem
396 3115 859 3173 accommodasse.
898 3109 1013 3164 Non
1046 3107 1119 3162 ita
1159 3105 1374 3160 videtur
1399 3098 1687 3155 absurdius
1715 3103 1799 3150 ιιι·

183 3221 338 3268 recte
366 3207 793 3281 reprehendatur
813 3204 865 3257 in
890 3202 1076 3263 verbo,
1101 3197 1258 3267 eique
1287 3194 1498 3249 dicatur
1521 3204 1536 3243 :
1559 3186 1778 3243 vidisti?
1803 3225 1852 3290 ϐ

187 3321 317 3376 ergo
352 3320 460 3358 non
498 3297 807 3363 credidisti;
848 3295 990 3349 unde
1035 3289 1213 3361 putari
1243 3293 1457 3358 potest,
1498 3297 1608 3337 non
1653 3295 1775 3335 esse

188 3411 529 3467 consequens
562 3401 620 3447 ut
644 3406 749 3446 non
766 3389 1012 3443 videatur
1036 3399 1125 3438 res
1147 3390 1485 3451 quaecunque
1512 3372 1773 3430 creditur.

189 3491 300 3548 Sed
337 3488 531 3544 melius
552 3487 696 3541 hunc
721 3481 1051 3553 appellamus
1078 3477 1237 3531 ﬁdem
1268 3487 1429 3543 quam
1461 3469 1643 3524 divina
1669 3466 1780 3522 elo-

190 3588 322 3661 quia
350 3586 652 3641 docuerunt
682 3597 695 3633 :
730 3592 915 3633 carum
948 3573 1158 3629 scilicet
1196 3584 1376 3624 rerum
1406 3579 1525 3636 quae
1561 3576 1667 3616 non
1699 3560 1780 3614 vi-

192 3651 414 3736 dentur.
470 3675 545 3729 De
592 3686 687 3740 spe
730 3680 945 3738 quoque
993 3659 1283 3732 Apostolus
1327 3656 1448 3711 ait:
1493 3651 1623 3723 Spes
1667 3665 1782 3722 qua:

192 3770 423 3835 videtur,
452 3782 556 3821 non
581 3774 653 3817 est
677 3776 812 3831 spes.
858 3755 1012 3822 Quod
1036 3754 1171 3808 enim
1196 3751 1328 3805 uidet
1352 3747 1492 3818 quis,
1512 3743 1643 3821 quid
1672 3757 1786 3812 spe-

194 3874 280 3920 rat
300 3864 325 3917 1’
345 3834 594 3916 Siautem
617 3853 754 3926 quod
778 3867 879 3905 non
899 3849 1461 3915 videmus,speramus,
1482 3853 1573 3908 per
1594 3834 1790 3900 patien-

196 3955 331 4010 tiam
368 3959 727 4021 exspectamus
759 3941 931 4015 (Rom.
953 3939 1095 4010 vm).
1127 3935 1261 3992 Cum
1289 3947 1419 4003 ergo
1446 3928 1602 3984 nobis
1647 3926 1787 3981 bona

197 4048 386 4103 futura
433 4058 554 4099 esse
578 4039 895 4101 creduntur,
926 4031 1062 4089 nihil
1098 4028 1243 4085 aliud
1278 4040 1441 4097 quam
1482 4027 1786 4093 sperantur.

199 4139 322 4197 Jam
352 4138 420 4193 de
450 4150 636 4192 amore
667 4131 799 4203 quid
824 4129 1022 4192 dicam,
1053 4124 1171 4180 sine
1198 4136 1307 4193 quo
1340 4118 1474 4174 ﬁdes
1502 4112 1638 4169 nihil
1668 4126 1791 4181 pro-

201 4234 366 4290 dest?
414 4231 552 4302 Spes
588 4243 719 4284 vero
744 4240 868 4283 esse
898 4224 1017 4279 sine
1046 4234 1233 4275 amore
1257 4232 1363 4272 non
1391 4221 1592 4285 potest.
1634 4208 1793 4264 Deni-

206 4341 337 4397 que,
374 4332 434 4377 ut
461 4300 551 4376 ait
576 4317 853 4391 apostolus
875 4305 1150 4370 Iacobus:
1183 4308 1253 4363 Et
1282 4307 1543 4362 dtemoues
1576 4300 1791 4355 credunt

206 4388 256 4471 e-t
300 4388 701 4469 contremiscunt
749 4406 890 4478 (Jac.
926 4400 1033 4474 u):
1068 4414 1169 4455 nec
1212 4407 1397 4453 tamen
1446 4397 1666 4463 sperant
1707 4388 1794 4443 vel

209 4517 425 4573 amant,
454 4506 546 4561 sed
577 4503 758 4575 potius
788 4498 932 4569 quod
962 4508 1245 4566 speramus
1269 4500 1325 4547 et
1353 4500 1599 4542 amamus
1618 4523 1633 4547 ,
1672 4496 1794 4537 cre-

1855 1945 1908 1991 et
1928 1935 2029 2004 fuit
2050 1940 2360 2004 pemoctans
2382 1929 2436 1982 in
2452 1928 2688 1983 oratione
2708 1924 2805 1979 Det
2820 1922 3038 1996 (Matth.
3058 1938 3147 1976 Juv
3165 1937 3181 1987 ;
3199 1920 3331 1976 Luc.
3347 1922 3449 1991 vi).

1858 2029 2017 2099 Quod
2068 2027 2115 2083 si
2157 2026 2246 2081 ille
2272 2025 2462 2080 orabat
2488 2022 2583 2093 qui
2627 2021 2749 2076 sine
2790 2026 3018 2090 peccato
3046 2024 3198 2083 erat,
3247 2023 3452 2086 quanto

1861 2122 2038 2197 magis
2078 2125 2395 2189 peccatores
2419 2120 2637 2185 oportet
2662 2124 2843 2166 orare.
2871 2109 2939 2164 Et
2959 2108 3007 2164 si
3036 2107 3127 2163 ille
3158 2121 3254 2178 per
3286 2114 3451 2160 totam

1863 2224 2077 2272 noctem
2098 2212 2302 2283 jugiter
2327 2209 2555 2281 vigilans
2582 2215 2639 2262 et
2666 2204 2940 2262 continuis
2960 2201 3215 2273 precibus
3240 2198 3451 2263 orabat,

1864 2316 2070 2381 quanto
2096 2306 2268 2377 magis
2294 2317 2392 2359 nos
2422 2303 2475 2356 in
2501 2297 2897 2369 frequentanda
2925 2295 3172 2352 oratione
3196 2291 3456 2347 debemus

1865 2380 2026 2458 nocte
2048 2396 2290 2470 vigilare.
2321 2396 2397 2449 De
2420 2394 2525 2448 hoc
2548 2400 2605 2447 et
2628 2386 2971 2445 beatissimus
2992 2381 3313 2440 Ambrosius
3341 2380 3457 2451 epi-

1868 2507 2066 2563 scopus
2078 2490 2184 2545 ait:
2203 2488 2356 2557 Quod
2370 2494 2551 2542 autem
2572 2482 2832 2539 Dominus
2842 2479 3001 2535 Jesus
3015 2486 3342 2550 pernoctans
3358 2472 3460 2528 fuit

1869 2587 1925 2641 in
1944 2584 2189 2640 oratione
2211 2580 2328 2645 Dei,
2355 2577 2523 2633 forma
2554 2575 2654 2630 tibi
2673 2571 3042 2644 praescribitur
3072 2584 3235 2639 quam
3260 2566 3461 2622 debeas

1872 2676 2139 2735 aemulari.
2170 2671 2400 2745 (Ambr.)
2423 2669 2561 2738 Quid
2587 2668 2731 2724 enim
2756 2675 2808 2721 te
2829 2679 2927 2736 pro
2960 2662 3133 2719 salute
3161 2670 3253 2716 tua
3282 2658 3463 2714 facere

1871 2780 2104 2844 oportet,
2122 2768 2337 2839 quando
2358 2781 2456 2836 pro
2477 2774 2529 2819 te
2541 2762 2790 2819 Christus
2810 2760 2863 2813 in
2878 2758 3127 2813 oratione
3149 2750 3463 2825 pcrnoctet?

1874 2862 2012 2932 Quid
2049 2871 2103 2915 te
2131 2858 2314 2913 facere
2362 2846 2637 2917 convenit,
2667 2866 2790 2904 cum
2840 2849 2924 2902 vis
2968 2844 3185 2915 aliquod
3226 2841 3461 2898 oﬁicium

1879 2953 2094 3027 pietatis
2145 2947 2370 3010 adoriri,
2407 2960 2532 3001 cum
2561 2942 2812 2998 Christus
2856 2939 3126 2995 missurus
3172 2932 3464 3007 apostolos,

1877 3048 2032 3120 prius
2052 3058 2212 3101 orare
2241 3039 2473 3097 curavit.

2469 3127 2697 3185 CAPUT
2725 3124 2868 3180 XIX.

2222 3227 2302 3282 De
2326 3224 2483 3279 laude
2509 3233 2557 3277 et
2588 3221 2817 3276 utilitate
2845 3217 3121 3273 orationis.

1953 3319 2160 3392 (Joan.)
2188 3318 2361 3384 Quam
2404 3321 2583 3367 autem
2616 3308 2900 3364 laudabilis
2925 3315 2982 3362 et
3021 3303 3169 3360 utilis
3209 3302 3472 3373 valdeque

1883 3411 2194 3471 necessaria
2232 3408 2303 3464 sit
2344 3405 2540 3472 oratio,
2584 3412 2805 3459 sanctus
2834 3398 3071 3455 Joannes
3094 3394 3475 3452 Constantino-

1884 3505 2157 3579 politanus
2188 3500 2418 3555 antistes
2446 3498 2587 3552 inter
2633 3498 2827 3549 caetera
2873 3491 3007 3547 dicit
3037 3508 3051 3544 :
3085 3488 3272 3545 Oratio
3296 3485 3472 3542 eccle-

1886 3595 2105 3651 siastica
2125 3590 2285 3648 solvit
2297 3588 2508 3643 vincula
2532 3585 2699 3641 Petri.
2716 3583 2900 3641 Oratio
2912 3580 3062 3637 Pauli
3078 3578 3321 3635 dilatavit
3336 3592 3477 3648 prte-

1892 3683 2181 3743 dicationis
2204 3680 2475 3736 ﬁduciam.
2496 3677 2681 3734 Oratio
2706 3676 2980 3730 caminum
3021 3672 3163 3743 ignis
3195 3668 3476 3725 exstinxit.

1889 3779 2076 3835 Oratio
2095 3775 2359 3833 conclusit
2396 3788 2493 3828 ora
2514 3771 2751 3826 leonum.
2779 3767 2965 3825 Oratio
2986 3765 3303 3821 seditionem
3326 3777 3480 3817 com—

1889 3871 2121 3945 pescuit.
2153 3868 2340 3924 Oratio
2369 3864 2678 3936 paradisum
2709 3861 2939 3934 aperuit.
2968 3859 3158 3916 Oratio
3197 3856 3320 3913 caeli
3361 3869 3485 3911 car—

1893 3967 2047 4021 dines
2082 3961 2363 4018 reseravit.
2397 3958 2587 4014 Oratio
2637 3956 2876 4012 sterilem
2915 3951 3248 4008 fecundavit.
3297 3948 3487 4006 Oratio

1892 4056 2132 4115 Cornelii
2153 4055 2321 4111 caelos
2353 4050 2677 4124 penetravit.
2712 4048 2897 4122 (Isid.)
2928 4047 3117 4105 Oratio
3134 4044 3487 4116 publicanum

1888 4149 2229 4223 justiﬁcavit.
2261 4145 2445 4203 Oratio
2470 4143 2728 4215 frequens
2754 4141 2951 4198 diaboli
2971 4139 3152 4209 iacula
3179 4138 3483 4194 submovet.

1895 4244 2083 4302 Oratio
2123 4241 2382 4312 frequens
2405 4248 2462 4296 et
2508 4239 2765 4294 continua
2791 4234 2990 4292 diaboli
3021 4233 3126 4288 tela
3174 4236 3483 4299 exsuperat.

1897 4342 2086 4400 Oratio
2118 4340 2373 4410 frequens
2396 4335 2641 4391 ﬂammas
2663 4334 2918 4389 vitiorum
2946 4326 3262 4396 exstinguit.
3301 4323 3491 4380 Oratio

1899 4434 2121 4506 grandis
2168 4442 2252 4489 est
2293 4429 2489 4484 animae
2517 4427 2763 4483 munitio.
2800 4421 3017 4496 (Basil.)
3065 4419 3172 4474 Per
3214 4416 3491 4473 orationes

1900 4528 2220 4601 purissimas
2284 4522 2465 4578 omnia
2538 4520 2694 4575 nobis
2735 4518 2889 4574 utilia
2947 4514 3259 4570 tribuuntur
3312 4527 3341 4567 a
3386 4511 3491 4567 Do-
3547 4519 3550 4523 ‘

209 4602 387 4658 dendo
426 4573 715 4655 venturum
760 4608 881 4649 esse
923 4588 1236 4646 formidant.
1284 4582 1514 4651 Propter
1549 4573 1694 4648 quod
1743 4573 2219 4656 eln’T'w'w"
2290 4573 2464 4578 “““”“
2653 4573 2686 4574 "
2746 4573 2751 4574 ’
2919 4607 2932 4621 .

827 4686 832 4687 ,
1327 4674 1359 4687 _.
1568 4686 1589 4687 η
1692 4676 1776 4687 ,Μ
1907 4635 2077 4687 ιιιιιιο,
2103 4624 2161 4673 et
2186 4622 2383 4673 cuncta
2404 4626 2566 4668 noxia
2590 4608 2777 4682 procul
2806 4609 2971 4664 dubio
2998 4605 3325 4678 eﬁ'ugantur.

213 4692 489 4765 apostolus
518 4689 739 4752 Paulus,
760 4686 918 4756 ﬁdem
934 4697 1052 4742 aute
1072 4695 1164 4750 per
1183 4674 1511 4731 dilectionem
1532 4676 1795 4740 operatur,

214 4759 480 4856 approbat
507 4792 669 4852 atque
694 4774 1039 4832 commendat
1064 4768 1207 4843 (Gal.
1226 4765 1304 4838 ν),
1330 4780 1450 4836 qua:
1472 4762 1657 4831 utique
1681 4759 1797 4814 sine
1886 4776 1897 4789 ι

215 4855 312 4948 spe
352 4891 457 4931 non
487 4881 664 4944 potest
690 4885 833 4926 esse.
864 4866 1091 4924 Proinde
1116 4876 1215 4917 nec
1245 4874 1400 4914 amor
1425 4855 1542 4911 sine
1566 4868 1662 4924 spe
1685 4859 1794 4919 est,

219 4985 321 5027 nec
346 4969 463 5024 sine
489 4979 672 5021 amore
700 4977 847 5034 spes,
872 4973 973 5014 nec
996 4965 1287 5023 utrumque
1315 4948 1435 5005 sine
1462 4944 1588 5001 ﬁde.

797 5068 1024 5129 CAPUT
1046 5040 1219 5122 exvu.

340 5169 494 5239 Quod
514 5169 651 5223 inter
678 5182 735 5222 se
753 5164 1002 5234 differant
1039 5174 1175 5231 spes,
1203 5155 1333 5227 ﬁdes
1361 5162 1409 5207 et
1433 5148 1684 5206 clmritas.

304 5288 460 5344 Num:
502 5294 679 5339 autem
713 5287 920 5345 manet,
965 5276 1043 5331 ait
1080 5270 1356 5346 apostolus
1392 5263 1626 5328 Paulus,
1668 5275 1805 5331 spes,

228 5382 383 5454 ﬁdes,
410 5376 659 5433 charitas.
685 5370 809 5426 Tria
831 5369 963 5432 hac,
987 5365 1161 5436 major
1179 5373 1352 5418 autem
1366 5360 1561 5414 horum
1585 5361 1660 5409 est
1684 5350 1814 5406 cha-

231 5450 364 5528 ritas
393 5469 445 5543 (1
469 5468 592 5525 Cor.
620 5462 767 5531 xm).
803 5459 964 5515 Fides
991 5458 1049 5513 in
1076 5472 1224 5526 spem
1247 5450 1494 5526 proﬁcit,
1529 5460 1654 5515 spes
1679 5457 1812 5497 vero

234 5566 303 5622 ad
331 5538 675 5621 charitatem.
705 5555 764 5611 In
791 5551 1046 5626 praesenti
1076 5564 1205 5605 vero
1233 5555 1360 5603 sunt
1383 5543 1483 5599 tria
1501 5583 1517 5608 ,
1555 5541 1612 5596 in
1632 5538 1814 5605 futuro

236 5656 352 5714 sola
368 5652 610 5712 cbaritas
625 5655 937 5707 sanctorum
960 5651 1016 5699 et
1034 5640 1344 5713 angelorum
1364 5645 1420 5693 et
1442 5633 1537 5689 Dei
1553 5630 1815 5705 (Prosp.).

241 5745 513 5818 Quidquid
528 5741 661 5799 ﬁdes
674 5750 730 5798 et
748 5753 873 5812 spes
888 5726 1634 5809 promiseratconsummabit.
1649 5720 1820 5793 Maius

2505 4702 2732 4762 CAPUT
2765 4702 2885 4758 XX.

2163 4799 2243 4855 De
2267 4796 2554 4854 reverentia
2581 4804 2628 4850 et
2659 4793 2931 4849 devotione
2958 4791 3235 4847 orationis.

1984 4890 2194 4964 (Cypr.)
2226 4888 2453 4959 Quando
2477 4894 2656 4942 autem
2704 4893 2916 4941 stamus
2963 4881 3030 4937 ad
3059 4879 3394 4945 orationem,
3435 4886 3497 4934 ut

1913 4982 2298 5041 sanctissimus
2346 4987 2553 5052 martyr
2577 4977 2879 5050 Cyprianus
2907 4974 3003 5041 ait,
3030 4970 3307 5045 invigilare
3329 4978 3386 5027 et
3412 4970 3494 5026 in-

1910 5075 2166 5132 cumbere
2211 5073 2277 5129 ad
2327 5087 2520 5144 preces
2566 5078 2680 5126 toto
2706 5068 2869 5125 corde
2916 5065 3196 5124 debemus.
3228 5062 3496 5136 Cogitatio

1910 5168 2087 5226 omnis
2114 5164 2352 5223 carnalis
2382 5172 2438 5220 et
2464 5160 2741 5220 saecularis
2765 5159 3043 5226 abscedat,
3073 5172 3175 5214 nec
3200 5156 3496 5227 quidquam

1911 5270 2041 5316 tunc
2069 5258 2283 5314 animus
2306 5270 2469 5327 quam
2498 5255 2553 5310 id
2590 5253 2764 5310 solum
2802 5253 3001 5325 cogitet
3040 5251 3185 5324 quod
3218 5256 3493 5320 precatur.

1911 5351 2040 5409 Ideo
2051 5359 2109 5406 et
2125 5349 2383 5407 sacerdos
2404 5355 2531 5402 ante
2542 5346 2842 5403 orationem
2859 5342 3176 5416 praefatione
3194 5337 3498 5412 praemissa,

1915 5450 2071 5516 parat
2085 5451 2296 5499 mentes
2309 5439 2537 5495 fratrum
2552 5437 2785 5495 dicendo
2800 5455 2814 5492 :
2830 5434 3060 5492 Sursum
3077 5430 3272 5499 corda;
3289 5440 3346 5487 ut
3366 5429 3494 5487 dum

1916 5534 2240 5607 respondeat
2270 5530 2461 5602 plebs:
2492 5530 2759 5587 habemus
2786 5528 2856 5585 ad
2877 5525 3189 5590 Dominum,
3208 5521 3501 5603 admonea-

1919 5646 2044 5688 mur
2070 5626 2206 5685 nihil
2235 5624 2381 5684 aliud
2409 5639 2467 5682 se
2494 5639 2654 5696 quam
2690 5622 2976 5681 Dominum
3013 5616 3253 5689 cogitare
3280 5615 3501 5671 debere.

1922 5719 2216 5780 Claudatur
2241 5723 2430 5774 contra
2454 5714 2825 5772 adversarium
2853 5718 3042 5782 pectus
3061 5715 3113 5763 et
3140 5704 3239 5764 soli
3270 5706 3380 5761 Deo
3407 5719 3505 5776 pa-

240 5790 496 5913 :rgo‘est
531 5835 677 5909 quod
705 5790 920 5904 semper
957 5828 1092 5893 erit,
1142 5840 1303 5898 quam
1346 5823 1490 5894 quod
1533 5790 1822 5889 aliquaudo
1926 5820 2058 5880 teat,
2087 5824 2189 5869 nec
2214 5808 2282 5865 ad
2308 5820 2367 5865 sc
2395 5807 2606 5865 hostem
2638 5803 2736 5862 Dei
2764 5812 3008 5872 tempore
3052 5790 3313 5857 orationis
3354 5796 3505 5852 adire
