4020 6338
617 356 720 431 899

613 576 880 633 subtiliter
932 579 1120 637 fallens
1169 598 1361 652 preces
1405 599 1619 647 nostras

1096 373 1447 441 numerus
1487 372 1962 448 HALuuns'rA'r.
2003 382 2217 454 Ense.
2259 394 2410 456 ore.
2446 394 2626 461 PARS
2660 402 2747 462 ιιι.
2786 439 2858 451 -
2891 408 3385 472 MISCELLANEA.

612 492 866 559 patiatur.
902 489 1121 561 Obrept‘t
1168 495 1311 548 enim
1355 477 1670 567 frequenter
1714 512 1770 557 et
1811 515 2084 573 penetrat,
2136 517 2191 564 et
2216 515 2267 572 Α
2292 525 2392 566 nec
2417 529 2486 570 un

1659 608 1690 648 a
1731 594 1841 651 Deo
1875 608 2092 665 avocat,
2130 609 2188 656 ut
2289 603 2462 660 sistat.
2510 605 2636 666 Sive
2672 613 2817 667 enim
2859 620 3146 677 manducet
3181 633 3237 680 et
3277 625 3448 696 bibat,
3496 640 3599 687 aut
3643 636 3895 694 dormiat

611 674 755 729 aliud
784 673 1075 732 habeamus
1104 679 1156 732 in
1186 681 1374 749 corde,
1405 691 1461 739 et
1485 686 1627 742 aliud
1658 689 1711 743 in
1739 692 2186 763 mente,.quando
2279 689 2478 784 iustus,
2526 707 2619 753 aut
2660 714 2931 772 operetur,
2964 719 3057 764 aut
3084 712 3357 784 loquatur,

3398 730 3493 775 aut
3544 724 3707 780 aliud
3760 730 3891 797 quid

2695 765 2712 771 _
2920 765 2929 772 .
3112 765 3357 784 ντντπ---ι
3398 765 3493 775 ---
3544 765 3707 780 -υυ-ιι
3760 765 3887 797 ἰι-ω

608 765 903 823 intentiOne
927 769 1136 824 sincera
1162 770 1330 828 Deum
1355 777 1550 833 debeat
1578 795 1684 836 non
1708 784 1859 837 vocis
1880 800 2062 850 sonus,
2089 786 2183 842 sed
2284 780 2466 876 Ϊεξϐίθῐ.
2500 786 2546 841 εί
2587 789 2654 843 ad
2691 791 2917 861 gloriam
2954 807 3008 853 el
3049 799 3261 860 laudem
3305 807 3425 875 Dei.
3467 819 3527 867 ει
3564 819 3887 876 secundum

607 853 817 910 animus
862 865 917 911 et
960 871 1152 916 sensus
1196 877 1373 920 orare.
1420 866 1551 935 Quae
1596 880 1775 927 autem
1820 874 2049 945 segnitia
2101 886 2209 933 est
2282 872 2398 942 eius
2431 878 2757 937 voluntatem
2784 885 2935 954 facit,
2965 894 3139 949 oratio
3163 906 3265 953 est.

603 943 824 1001 alienari
845 950 1028 1021 etcapi
1044 951 1239 1023 ineptis
1258 958 1673 1029 cogitationibus
1695 974 1751 1019 et
1770 943 2028 1036 profanis,
2058 985 2180 1025 cum

602 1034 884 1091 Dominum
924 1039 1252 1109 deprecaris,
1281 1048 1432 1116 quasi
1457 1049 1529 1104 sit
1549 1034 1857 1123 aliud'quod
1884 1058 2053 1130 magis
2082 1059 2179 1115 de-

599 1125 729 1181 beas
749 1129 1007 1198 cogitare,
1025 1149 1185 1201 quam
1200 1139 1341 1211 quod
1364 1154 1486 1195 cum
1513 1143 1622 1198 Deo
1644 1143 1913 1215 loquaris?
1932 1125 2178 1223 (lienem)

599 1212 734 1269 Nam
767 1226 823 1272 et
851 1233 972 1273 cum
1003 1223 1147 1291 quali
1180 1225 1462 1283 devodone
1485 1240 1540 1286 et
1583 1212 1887 1291 reverentia
1929 1238 1999 1293 sit
2041 1255 2175 1295 oran

599 1306 724 1361 dum
740 1306 1087 1368 beatissimus
1103 1323 1158 1393 et
1177 1318 1551 1377 sanctissimus
1572 1332 1725 1393 pater
1738 1324 2059 1385 Benedictus
2079 1331 2173 1385 de-

593 1405 859 1453 monstrat
884 1401 1069 1458 dicens
1092 1388 1189 1459 {Si
1214 1422 1334 1462 cum
1361 1388 1668 1470 hominibus
1689 1420 2003 1486 potentibus
2031 1422 2175 1476 volu-

592 1502 713 1544 mus
751 1489 931 1561 aliqua
969 1504 1291 1565 suggerere,
1326 1516 1433 1555 non
1474 1507 1852 1573 praesumimus
1904 1511 2007 1567 nisi
2048 1529 2169 1569 cum

591 1577 894 1636 humilitate
920 1592 975 1639 et
1002 1589 1303 1643 reverentia
1323 1632 1336 1655 ,
1364 1604 1579 1661 quanto
1598 1599 1773 1670 magis
1807 1599 2034 1661 Domino
2062 1604 2171 1663 Deo

588 1668 959 1727 universorum
988 1689 1112 1730 cum
1141 1680 1287 1734 omni
1311 1680 1616 1741 humilitate
1644 1668 1712 1742 eti
1730 1691 1984 1758 puritatis
2008 1695 2170 1751 devo-

586 1760 736 1817 tione
763 1765 1169 1835 supplicandum
1201 1780 1303 1826 est.
1338 1773 1405 1827 Et
1443 1790 1548 1830 non
1578 1778 1631 1832 in
1662 1781 2002 1853 multiloquio
2024 1826 2039 1850 ,
2072 1787 2166 1842 sed

2847 1001 3072 1061 CAPUT
3107 1007 3290 1066 XXIII.

2485 1082 2639 1148 Quod
2669 1105 2785 1143 eum
2813 1094 3048 1150 oratione
3077 1103 3252 1156 omnia
3277 1118 3399 1161 sunt
3427 1113 3670 1181 agenda.

2348 1191 2634 1268 (Ληθὼ-οε.)
2663 1197 2864 1259 Servus
2893 1207 3037 1262 enim
3068 1209 3162 1266 Dei
3191 1218 3440 1277 assiduus
3463 1236 3593 1280 esse
3626 1226 3801 1284 debet
3825 1232 3873 1287 in

2276 1282 2540 1351 oratione,
2572 1296 2647 1353 et,
2682 1298 2742 1345 ut
2767 1293 2843 1347 ait
2871 1300 3149 1365 apostolus
3174 1302 3399 1375 Paulus,
3423 1314 3545 1368 sine
3580 1317 3872 1377 intermis-

2274 1473 2401 1518 cant
2430 1469 2664 1525 animum
2684 1473 2884 1543 judicis
2902 1478 2967 1534 ad
2995 1482 3228 1541 dandum
3250 1469 3719 1555 misericordiam.
3742 1503 3867 1559 Nam

2273 1563 2327 1608 et
2350 1555 2491 1612 idem
2527 1560 2820 1631 Apostolus
2848 1570 3100 1629 admonet
3121 1577 3338 1636 dicens:
3364 1583 3574 1642 Instate
3604 1596 3861 1659 orationi,

2271 1647 2542 1716 vigilantes
2588 1654 2644 1710 in
2690 1673 2752 1711 ea
2798 1661 2935 1730 (Col.
2982 1666 3088 1737 Iv);
3138 1670 3363 1745 (Cypra)
3400 1677 3614 1738 docens

2270 1744 2325 1790 et
2349 1742 2665 1811 ostendens,
2694 1762 2789 1804 eos
2817 1750 3111 1821 impetrare
3143 1764 3284 1829 quod
3313 1742 3599 1835 postulant
3651 1775 3727 1829 de

1522 1868 1532 1880 ,
1849 1835 1863 1838 ⁷
1893 1835 1995 1853 ιη*
2025 1835 2039 1850 ⁷
2072 1835 2166 1842 "‘
2268 1841 2430 1896 posse
2455 1835 2600 1901 quod
2635 1836 2815 1895 videat
2839 1841 2982 1901 Deus
3013 1847 3066 1901 in
3098 1854 3345 1911 oratione
3380 1859 3633 1931 vigilare.
3684 1868 3856 1940 (Δις.)

584 1852 638 1906 in
669 1858 904 1922 puritate
932 1861 1111 1916 cordis
1140 1871 1194 1917 et
1228 1876 1643 1934 compuncttone
1682 1871 2041 1945 lacrymarum
2067 1894 2166 1935 nos
2195 1872 2242 1931 B
2268 1922 2448 1945 λτημ
2488 1928 2553 1945 ..μ

581 1946 823 2002 exaudiri
853 1951 1108 2008 sciamus.

1155 2043 1382 2103 CAPUT
1425 2050 1566 2108 XXI.

581 2120 735 2188 Quod
778 2127 891 2197 ipsa
924 2140 998 2185 est
1030 2138 1361 2219 acceptabilis
1388 2140 1697 2219 peo__oratio
1740 2162 1858 2219 quae
1887 2152 2000 2209 sine
2042 2157 2164 2211 odio

1110 2204 1343 2272 fraterno
1377 2210 1635 2279 funditur.

649 2303 859 2381 (Greg.)
889 2308 1021 2365 Cum
1065 2315 1269 2371 stabilis
1307 2319 1375 2373 ad
1413 2324 1732 2393 orationem,
1762 2328 1938 2401 inquit
1981 2334 2161 2391 Domi-

575 2412 698 2464 nus,
723 2398 968 2456 dimittite
994 2403 1044 2457 si
1068 2407 1195 2477 quid
1215 2408 1415 2467 habetis
1439 2414 1687 2472 adversus
1708 2398 1933 2477 alterum
1956 2424 2154 2497 (Marc.

572 2491 672 2559 ιι).
704 2490 838 2547 Hinc
882 2494 1078 2552 iterum
1122 2501 1255 2556 dicit
1295 2521 1307 2557 :
1353 2504 1474 2561 Nisi
1519 2512 1819 2569 remiseritis
1862 2490 2157 2576 hominibus

569 2595 806 2652 peccata,
830 2603 921 2642 nec
945 2586 1109 2645 Pater
1128 2602 1295 2649 vester
1312 2599 1402 2667 qui
1423 2598 1477 2653 in
1500 2600 1639 2656 caelis
1667 2614 1742 2657 est
1772 2608 1992 2663 remittet
2015 2611 2155 2667 vobis

568 2680 781 2741 peccata
807 2688 977 2732 vestra
1009 2679 1224 2749 (Matth.
1255 2688 1353 2756 v1).
1393 2687 1531 2745 Hinc
1556 2706 1770 2747 rursum
1794 2695 1870 2750 ait
1900 2715 1913 2749 :
1946 2697 2082 2755 Date
2104 2711 2154 2756 et

572 2764 784 2822 dabitur
819 2772 995 2838 vobis;
1028 2776 1272 2834 dimittite
1299 2791 1346 2835 et
1373 2783 1666 2840 dimittetur
1690 2788 1834 2843 vobis
1874 2789 2025 2861 (Luc.
2054 2793 2149 2863 v1).

569 2853 706 2912 Hinc
729 2862 1115 2919 constitutione
1140 2870 1514 2935 postulationis
1562 2877 1926 2933 conditionem
1972 2882 2151 2950 posuit

574 2944 790 3014 pietatis
829 2950 1014 3005 dicens
1029 2953 1052 3005 ἐ
1085 2955 1299 3013 Dimitte
1328 2962 1475 3016 nobis
1501 2964 1674 3019 debita
1702 2979 1902 3039 nostra,
1933 2972 2068 3026 sicut
2100 2985 2148 3029 et

565 3050 660 3090 nos
704 3038 1015 3095 dimittimus
1056 3043 1372 3103 debitoribus
1422 3055 1611 3107 nostris
1658 3038 1897 3126 (Matth,
1925 3060 2019 3131 Vl).
2056 3062 2148 3117 Ille

563 3134 710 3182 recte
760 3130 843 3184 sui
884 3131 1064 3188 delicti
1118 3138 1326 3196 veniam
1374 3143 1639 3210 postulat,
1691 3163 1814 3202 cum
1860 3152 1960 3206 hoc
1987 3157 2143 3234 quod

2267 1922 2454 1993 Neque
2476 1928 2563 1984 die
2586 1945 2749 1988 vaces
2794 1952 2970 2007 neque
3010 1954 3196 2011 nocte,
3240 1951 3488 2009 sed‘cum
3540 1968 3855 2039 somnusde

2270 2017 2434 2039 μην,
2731 2028 2780 2039 ..
2851 2030 2861 2039 .

2270 2017 2436 2074 oculis
2482 2023 2590 2079 tuis
2629 2028 2931 2098 ceciderit,
2956 2046 3084 2092 tunc
3112 2054 3304 2097 sensus
3350 2053 3474 2102 tmts
3506 2049 3564 2103 in
3610 2057 3852 2113 oratione

2265 2108 2467 2181 vigilet.
2490 2111 2761 2191 (Hieron.)
2791 2121 2941 2179 Sicut
2963 2129 3105 2183 enim
3130 2133 3288 2188 militi
3317 2137 3435 2191 sine
3459 2144 3641 2199 armis
3664 2108 3851 2204 εει-ιξῇ

2264 2197 2374 2254 lum
2399 2202 2550 2258 exire
2582 2222 2687 2263 non
2713 2217 3000 2281 convenit,
3029 2219 3100 2273 ita
3148 2223 3349 2281 homini
3380 2228 3710 2292 Christiano
3732 2255 3847 2310 pro-

2260 2291 2457 2349 cedere
2485 2298 2725 2367 quolibet
2744 2305 2863 2359 sine
2881 2312 3129 2366 oratione
3156 2330 3261 2370 non
3282 2322 3526 2389 expedit.
3557 2291 3847 2397 Egi-adria;

2263 2389 2343 2437 tes
2374 2384 2439 2438 de
2472 2386 2709 2458 hospitio
2734 2404 2905 2450 armet
2931 2400 3126 2465 oratio,
3158 2384 3717 2477 regredientibusvde
3738 2384 3843 2492 pla.

2260 2479 2344 2526 tea
2388 2477 2565 2532 oratio
2603 2493 2876 2539 occurrat.
2925 2487 3194 2563 Quidquid
3236 2496 3592 2561 Christianus
3633 2477 3843 2568 incinat

2256 2652 2309 2707 et
2350 2655 2454 2711 hoc
2496 2674 2619 2714 cum
2665 2666 2910 2722 oratione
2955 2652 3222 2741 perficiat.
3272 2652 3351 2734 Et
3384 2652 3836 2761 πέψει-τεθειευῖ

2254 2757 2457 2815 mente,
2485 2767 2638 2821 voce,
2671 2765 2726 2811 et
2749 2774 2913 2828 opere
2941 2766 3366 2835 omnipotentem
3394 2757 3570 2833 Deum
3597 2795 3747 2848 oret,
3786 2799 3839 2842 ut

2253 2852 2326 2899 ea
2348 2853 2469 2909 qua:
2492 2853 2637 2899 recta
2665 2855 2720 2901 et
2747 2850 2797 2903 ei
2826 2850 3019 2921 placita
3050 2868 3197 2924 sunt,
3225 2860 3409 2929 faciat,
3440 2870 3546 2924 sibi
3574 2876 3834 2945 cogitare,

2251 2928 2409 2997 velle,
2447 2933 2629 2991 dicere
2654 2940 2861 3007 pariter
2880 2945 3159 3015 etfacere,
3181 2959 3237 3005 et
3258 2969 3430 3024 usque
3458 2960 3527 3014 ad

2254 3018 2328 3074 ris
2379 3030 2831 3089 perseverantiam
2854 3074 2870 3096 ,
2918 3042 3195 3111 vitamque
3239 3057 3552 3116 perpetuam
3597 3055 3831 3114 feliciter

2248 3114 2533 3178 pervenire
2561 3122 2840 3178 concedat.
2864 3126 3198 3198 Frequenter
3227 3153 3454 3210 namque
3472 3146 3703 3201 orationi
3731 3151 3812 3204 in-

561 3216 711 3286 prius
743 3219 797 3274 in
839 3221 956 3291 ipso
984 3224 1312 3296 delinquitur
1352 3232 1575 3288 relaxat.
1610 3236 1955 3297 Dimittamus
1987 3212 2139 3299 enim
2172 3222 2217 3282 (ἶ
2249 3212 2405 3313 “ita!
2430 3245 2443 3270 ’
2473 3212 2698 3313 eligi"?
2741 3230 2838 3270 sua
2877 3232 3148 3288 pmwrm
3184 3243 3308 3283 cum
3340 3231 3585 3304 lacrima
3609 3241 3696 3294 ἐι
3724 3258 3817 3313 μ’

559 3309 700 3375 quod
745 3310 972 3369 debetur
1016 3316 1201 3384 nobis,
1232 3327 1291 3374 ut
1332 3321 1635 3383 dimittatur
1678 3332 1820 3399 quod
1860 3335 2083 3392 debetur
2108 3355 2138 3394 a

558 3400 731 3456 nobis.
754 3400 1005 3476 Relinque
1024 3410 1263 3477 proximo
1286 3424 1398 3481 tuo,
1430 3418 1506 3473 ait
1533 3417 1810 3490 Salomon,
1841 3430 2045 3482 nocenti
2068 3440 2136 3495 te,

556 3496 602 3542 et
624 3497 746 3545 tunc
762 3492 1064 3564 deprecanti
1087 3499 1181 3553 tibi
1197 3514 1407 3570 peccata
1433 3506 1698 3564 solventur
1712 3513 1901 3584 (Eccli.
1921 3520 2134 3593 xsvm).

556 3577 645 3633 Ait
670 3582 814 3637 enim
838 3586 1114 3653 apostolus
1143 3588 1380 3649 Paulus:
1428 3595 1553 3652 Volo
1590 3577 1768 3673 itaque
1810 3606 1946 3660 viros
1986 3577 2138 3665 oraie

553 3669 609 3724 in
638 3674 778 3728 omni
808 3673 941 3742 loco,
966 3676 1191 3735 levantes
1211 3695 1417 3741 sanctas
1443 3705 1630 3746 manus
1651 3694 1762 3748 sine
1784 3696 1864 3750 ira
1894 3708 1941 3752 et
1971 3700 2137 3755 disce-

551 3760 784 3827 ptatione
818 3763 871 3835 (1
905 3766 1041 3823 Tim.
1076 3770 1159 3842 ιι).
1193 3770 1480 3849 (A'mbros.)
1502 3780 1795 3840 Pacilicum
1820 3789 2055 3844 animum
2079 3793 2133 3846 in

551 3854 795 3911 oratione
820 3872 941 3913 esse
967 3860 1185 3930 debere,
1214 3876 1271 3920 ut
1293 3870 1359 3923 ad
1388 3870 1637 3930 ell‘ectum
1673 3878 1985 3937 deducatur
2004 3900 2133 3939 ora-

551 3940 645 3996 tio.
677 3942 889 4003 Sanctae
922 3951 1067 4007 enim
1107 3969 1299 4013 manus
1331 3971 1460 4016 sunt
1485 3968 1700 4034 quando
1738 3986 1833 4026 cor
1871 3976 2131 4033 mundum

551 4039 651 4086 est.

1119 4134 1349 4195 CAPUT
1389 4141 1551 4200 XXII.

620 4213 859 4287 Qualiter
902 4236 1103 4293 semper
1138 4228 1250 4283 sine
1279 4230 1457 4303 aliqua
1496 4236 1877 4300 intermissione
1902 4263 2057 4305 orare

1188 4315 1482 4368 possumus.

617 4396 829 4471 (Beda.)
862 4401 952 4457 Ait
978 4406 1120 4461 enim
1150 4408 1411 4469 Dominus
1440 4432 1452 4469 :
1486 4392 1701 4488 Opoi'tet
1736 4440 1938 4497 semper
1973 4448 2125 4489 orare

541 4497 587 4540 et
615 4505 717 4543 non
747 4490 967 4560 deﬁcere
996 4495 1145 4560 (Luc.
1175 4504 1352 4575 XVIII).
1394 4505 1461 4561 Et
1502 4512 1777 4579 apostolus
1818 4490 2014 4576 Paulus
2043 4524 2123 4578 di-

540 4579 615 4631 cit
660 4598 671 4632 :
724 4581 941 4655 Semper
986 4591 1207 4658 gaudete
1267 4606 1318 4650 et
1376 4600 1488 4655 sine
1540 4604 1926 4668 intermissione
1975 4628 2123 4675 orate

541 4670 625 4740 (Il
655 4672 831 4729 Thess.
869 4678 948 4749 ιι).
979 4680 1110 4747 Quis
1151 4697 1334 4745 autem
1371 4704 1546 4762 potest
1582 4697 1653 4752 ita
1687 4717 1900 4773 semper
1925 4670 2119 4778 orare

539 4769 593 4813 et
619 4762 734 4817 sine
764 4765 973 4824 defectu
999 4772 1082 4828 vel
1122 4775 1524 4839 intermissione
1548 4790 1803 4856 precibus
1831 4794 2082 4856 insistere
2099 4841 2115 4867 ,

539 4862 725 4909 utnec
750 4857 1061 4918 alimentum
1105 4873 1388 4939 sumendi,
1431 4888 1525 4932 aut
1561 4881 1858 4940 dormiendi
1908 4896 2118 4961 tempus

539 4940 667 4961 res,
718 4947 772 4961 ,α
807 4949 821 4961 .
888 4960 893 4961 ν
1090 4958 1121 4961 η

1914 4940 2116 4961 απτ--

539 4940 772 5000 habeat?
794 4949 901 5005 Aut
920 4969 1048 5026 ergo
1072 4958 1359 5020 dicendum
1381 4977 1463 5022 est
1488 4986 1611 5026 eum
1636 4988 1854 5046 semper
1878 4995 2035 5038 orare
2059 4996 2116 5042 et

539 5048 644 5088 non
673 5036 901 5095 deficere
921 5083 935 5108 ,
965 5047 1053 5113 qui
1088 5055 1365 5111 canonicis
1394 5059 1543 5117 horis
1572 5036 1811 5132 quotidie
1848 5069 2005 5140 juxta
2041 5075 2112 5129 ri-

539 5132 649 5177 tum
682 5126 1061 5190 ecclesiasticte
1106 5143 1417 5203 traditionis
1448 5150 1763 5219 psalmodiis
1784 5197 1799 5222 ,
1838 5162 2112 5228 precibus-

534 5231 640 5286 que
669 5223 939 5278 consuetis
967 5226 1132 5283 Deum
1162 5232 1380 5292 laudare
1409 5248 1464 5295 et
1494 5258 1683 5315 rogare
1712 5262 1817 5302 non
1860 5250 2112 5322 desistit;

530 5312 583 5361 ‘ct
616 5308 715 5363 hoc
744 5324 865 5367 esse
888 5318 1028 5383 quod
1057 5318 1341 5381 Psalmista
1385 5308 1596 5386 dicebat
1625 5348 1639 5387 :
1670 5334 1981 5395 Benedicam
2008 5308 2113 5397 Do:

531 5396 728 5455 ininum
758 5402 813 5457 in
844 5407 985 5460 omni
1012 5419 1257 5480 tempore,
1281 5435 1480 5489 semper
1499 5422 1615 5478 laus
1646 5426 1758 5496 ejus
1796 5430 1848 5483 in
1884 5448 1973 5486 ore
1999 5451 2111 5490 meo

533 5485 703 5558 (Psal.
734 5496 948 5568 sunt).
981 5500 1087 5553 Aut
1132 5516 1279 5560 certe
1315 5512 1515 5578 omnia,
1543 5529 1661 5583 quae
1693 5515 1872 5585 justus
1917 5538 2109 5580 secun-

530 5580 653 5635 dum
678 5584 843 5640 Deum
866 5590 1003 5660 gerit
1018 5602 1070 5647 et
1094 5593 1244 5661 dicit,
1262 5580 1629 5663 adoratiortein
1651 5625 1769 5666 esse
1791 5619 2104 5683 reputanda.

528 5670 659 5737 Quia
691 5679 832 5733 enim
865 5679 1044 5750 justus
1074 5688 1191 5745 sine
1236 5690 1636 5757 intermissione
1667 5720 1787 5775 quae
1808 5704 1952 5773 justa
1985 5721 2111 5768 sunt

527 5762 657 5830 agit,
691 5783 753 5822 ac
784 5787 880 5840 per
927 5776 1026 5829 hoc
1078 5781 1191 5836 sine
1244 5783 1639 5846 intermissione
1674 5762 1856 5864 justus
1899 5800 2097 5867 orabit,

2244 3298 2379 3352 mitu
2405 3304 2644 3369 quotidie
2673 3307 2728 3362 in
2754 3315 2998 3369 oratione
3028 3317 3138 3373 Deo
3166 3323 3510 3391 confiteatur,
3550 3342 3609 3385 et
3641 3346 3825 3391 caveat

2241 3404 2309 3443 ne
2342 3393 2411 3446 ad
2438 3394 2541 3450 hoc
2566 3412 2756 3456 rursus
2784 3417 3009 3472 prernat
3035 3413 3176 3479 quod
3206 3429 3266 3470 se
3299 3416 3522 3477 ﬂetibus
3554 3424 3821 3493 planxisse

2239 3486 2534 3552 cognoscit.
2580 3488 2875 3549 Meminisci
2905 3499 3052 3554 enim
3093 3502 3251 3559 debet
3298 3510 3445 3577 quod
3474 3486 3819 3573 dicituruVe

2238 3574 2390 3629 iteres
2421 3578 2631 3634 verbum
2660 3583 2727 3637 ‘in
2767 3590 3003 3646 oratione
3027 3605 3118 3648 tua
3142 3596 3332 3667 (Eccli.
3358 3606 3484 3675 vn).
3508 3606 3634 3674 Quo
3655 3613 3817 3666 videli—

2238 3674 2326 3720 cet
2351 3666 2497 3724 dicto
2526 3673 2611 3725 vir
2637 3676 2857 3744 sapiens
2893 3696 3234 3756 nequaquam
3264 3707 3367 3748 nos
3403 3666 3667 3765 prohibet
3690 3719 3811 3771 sepe

2237 3759 2445 3813 veniam
2476 3771 2677 3830 petere,
2698 3769 2792 3821 sed
2819 3770 3004 3841 culpas
3029 3775 3245 3833 iterare.
3264 3781 3342 3837 Ac
3362 3785 3411 3837 si
3434 3798 3632 3856 aperte
3652 3792 3805 3847 dicat:

2237 3846 2369 3902 Cum
2390 3851 2527 3906 mala
2550 3863 2698 3924 gesta
2729 3858 3026 3929 deﬂeveris,
3052 3883 3389 3942 nequaquam
3670 3846 3816 3940 {acim

2235 3939 2377 4004 quod
2408 3939 2460 3993 in
2487 3944 2737 4010 precibus
2763 3948 2956 4006 iterum
2986 3955 3233 4029 plangas.

2798 4081 3027 4141 CAPUT
3066 4089 3254 4149 XXIV.

2236 4155 2390 4222 Quod
2428 4166 2596 4218 oratio
2627 4175 2749 4224 tunc
2770 4175 3064 4266 pretiosior!
3086 4181 3295 4264 ﬁt_cum
3339 4188 3681 4266 eleernosgna
3707 4216 3816 4253 col-

2812 4244 3004 4310 juncta
3033 4244 3214 4319 fuerit.

2228 4809 2423 4863 mereri
2452 4811 2618 4867 Deum
2653 4833 2757 4872 non
2807 4831 3017 4890 potest,
3051 4832 3141 4899 qui
3186 4835 3328 4891 nulla
3379 4848 3711 4910 operatione
3744 4849 3814 4905 fe-

2223 4899 2431 4955 cundus
2451 4902 2552 4956 est;
2570 4904 2635 4959 Et
2656 4907 2775 4965 ideo
2802 4912 2983 4970 divina
3015 4916 3292 4992 Scriptura
3319 4899 3560 4999 instruit,
3592 4942 3812 4999 dicens:

2222 4983 2370 5039 Bona
2393 5001 2466 5043 est
2494 4996 2665 5048 oratio
2693 5015 2810 5053 cum
2830 5003 3038 5072 jejunio
3066 5020 3113 5062 et
3148 5014 3473 5088 eleemosynn
3500 5023 3669 5093 (Top,
3695 5034 3812 5102 χιι),

2222 5072 2348 5102 Μηηη
2375 5078 2460 5102 -..:
2490 5081 2537 5102 ε--
2571 5082 2641 5102 in-
2675 5084 2685 5102 ε
2749 5088 2779 5102 ..
2821 5090 2854 5102 ..
3056 5098 3066 5102 -

2216 5072 2349 5129 Nam
2371 5078 2460 5147 qui
2488 5081 2541 5133 in
2564 5082 2649 5138 die
2665 5084 2855 5153 judicii
2880 5098 3162 5161 praemium
3188 5118 3288 5171 pro
3308 5072 3815 5177 opérinL—s'ét'é;

2217 5169 2456 5236 mosynis
2485 5170 2797 5233 redditurus
2825 5190 2930 5245 est,
2968 5184 3128 5243 hodie
3157 5169 3375 5263 quoque
3400 5199 3471 5253 ad
3492 5208 3812 5262 orationem

2215 5272 2336 5311 cum
2360 5263 2733 5329 operationem
2767 5273 3003 5331 venienti
3031 5278 3295 5352 benignus
3321 5290 3539 5347 auditor
3580 5310 3699 5353 est.
3726 5299 3813 5356 Sic

2214 5348 2443 5419 denique
2471 5352 2753 5414 Cornelius
2781 5368 3044 5436 centurio,
3075 5386 3197 5428 cum
3226 5389 3431 5447 oraret,
3460 5389 3675 5443 meruit
3720 5406 3815 5445 au-

2216 5439 2316 5493 diri
2348 5456 2362 5494 :
2396 5439 2497 5498 fuit
2527 5444 2731 5505 faciens
2766 5455 2960 5514 multis
3007 5439 3469 5538 eleemosynasin
3517 5439 3724 5546 ple—be.
3762 5489 3815 5537 et

2213 5546 2427 5603 semper
2449 5551 2610 5594 orans
2639 5542 2827 5600 Deum.
2858 5548 2994 5607 Huic
3012 5554 3155 5612 circ‘a
3177 5574 3374 5618 nonam
3406 5566 3604 5627 horam
3636 5575 3814 5630 astitit

2214 5625 2435 5701 angelus
2465 5631 2832 5693 testimonium
2868 5643 3098 5702 reddens
3131 5650 3213 5704 sui
3251 5655 3429 5722 operis
3467 5668 3530 5714 et
3569 5663 3810 5721 diros:

2214 5712 2454 5784 Corneli,
2488 5726 2751 5781 orationes
2801 5740 2906 5785 tua:
2947 5746 2993 5788 et
3042 5737 3514 5813 eleemosyntetuw
3541 5760 3813 5809 (tacende-

2218 5817 2337 5861 runt
2368 5811 2421 5865 in
2454 5818 2760 5874 memoriam
2795 5839 2971 5879 coram
3001 5827 3109 5883 Deo
3146 5811 3281 5901 (Act.
3310 5838 3384 5907 χ).
3433 5841 3653 5918 [ϐψω]
3687 5848 3809 5906 Cito
