4020 6338
208 338 310 401 901

1176 336 1260 395 DE
1296 330 1692 393 VARIETATE
1730 331 2114 405 LIBRORUM.
2152 362 2222 373 --
2263 326 2390 388 LIB.
2429 329 2491 387 ll.

3367 330 3471 390 θοῇ
3514 372 3519 377 .

206 454 482 511 orationes
506 452 575 509 ad
600 453 769 509 Deum
803 451 1121 517 ascendunt,
1145 467 1266 521 quae
1309 452 1376 507 ad
1419 464 1543 506 eum
1591 447 1787 503 merita
1814 451 1865 512 Α
1891 445 2356 509 commendentur,
2432 443 2488 498 id
2546 451 2631 498 est
2672 442 2919 498 oratione
2971 450 3027 497 et
3078 441 3475 498 misericordia.

208 547 381 604 nostri
421 546 602 618 operis
627 546 926 617 imponunt.
962 544 1114 602 Unde
1144 551 1200 599 et
1225 558 1321 615 per
1348 541 1636 598 Jeremiam
1666 556 1793 611 pro-

204 639 428 710 phetam
443 637 639 693 dicitur
660 652 674 691 :
692 637 938 693 Levemus
954 636 1115 691 corda
1131 642 1309 690 nostra
1327 651 1444 689 cum
1467 632 1708 688 manibus
1723 632 1791 685 ad

205 730 377 786 Deum
393 729 527 801 (ler.
560 728 665 801 ιιι).
694 729 775 785 Ad
800 730 970 785 Deum
991 728 1188 800 quippe
1208 726 1371 784 corda
1399 742 1523 782 cum
1544 724 1793 780 manibus

206 819 411 886 levare,
426 827 508 875 est
524 819 786 874 orationis
819 828 1019 875 nostrae
1043 817 1279 873 studium
1295 831 1418 871 cum
1444 815 1637 870 merito
1666 814 1791 868 boni

172 912 391 983 ‘operis
418 912 715 984 imponere.
747 910 824 967 De
848 908 951 965 hoc
970 918 1025 967 et
1051 920 1274 966 sanctus
1292 908 1401 965 Leo
1430 923 1585 979 papa.
1621 906 1791 979 (Leo.)

205 1004 466 1077 Oratione
478 1005 623 1060 enim
646 1012 702 1060 et
713 1005 1022 1075 propitiatio
1035 1004 1129 1059 Dei
1144 1004 1422 1075 quaeritur,
1435 1001 1643 1071 jejunio
1668 1017 1795 1057 con-

206 1098 547 1169 cupiscentia
571 1099 755 1155 carnis
780 1098 1164 1169 exstinguitur,
1190 1096 1544 1169 eleemosynis
1570 1104 1794 1166 peccata

208 1190 574 1246 redimuntur.
616 1188 674 1245 In
720 1189 1056 1245 orationibus
1107 1188 1242 1245 tides
1285 1197 1563 1259 permanet
1609 1196 1792 1254 recta,

208 1280 269 1335 in
294 1278 515 1350 jejuniis
548 1280 806 1336 innocens
834 1280 971 1344 vita,
1010 1279 1065 1334 in
1109 1278 1468 1351 eleemosynis
1510 1296 1662 1337 mens
1704 1282 1798 1336 be-

209 1384 399 1442 mgna.

782 1481 1012 1538 CAPUT
1063 1481 1228 1537 XXV.

365 1571 447 1627 De
467 1572 678 1643 jejunio
706 1573 982 1627 exterioris
1011 1573 1372 1643 interiorisque
1395 1573 1643 1627 hominis.

289 1685 473 1757 (Αιιθ.)
501 1684 770 1754 Jejunium
800 1688 1108 1742 universam
1139 1701 1257 1742 esse
1292 1686 1519 1744 dicimus
1557 1688 1798 1757 corporis

1899 535 2053 603 Quod
2073 550 2170 606 per
2197 533 2372 589 solum
2390 532 2656 603 jejunium
2685 533 2943 604 prodesse
2975 547 3082 588 non
3112 546 3270 603 posse
3290 530 3482 588 facun-

1900 628 2154 684 dissimus
2204 627 2392 682 doctor
2431 623 2720 683 Cassianus
2769 626 2823 680 in
2866 616 3120 680 vicesima
3157 625 3332 695 prima
3374 625 3483 680 col-

1898 719 2100 775 latione
2128 717 2460 788 propheticis
2480 718 2818 773 demonstrat
2842 717 3185 782 testimoniis,
3240 716 3314 772 ita
3343 732 3481 789 quo-

1901 810 2166 871 rumdam,
2215 807 2411 879 inquit,
2440 822 2537 877 per
2568 807 2882 877 prophetam
2925 807 3182 862 Dominus
3220 803 3483 875 jejunium

1901 903 2219 966 detestatur,
2264 916 2332 955 ex
2376 914 2607 972 quorum
2654 913 2886 969 persona
2924 914 3047 954 cum
3089 897 3191 953 sibi
3223 897 3484 969 objiciens

1901 1001 2026 1048 ante
2067 976 2332 1047 dixisset:
2380 990 2557 1057 Quare
2581 989 2941 1060 jejunavimus
2980 1000 3027 1043 et
3063 1004 3166 1043 non
3197 989 3488 1058 aspexisti?

1900 1073 2289 1135 Ιιιιηιίἶὶαυίιηιη
2328 1080 2532 1134 animas
2570 1089 2775 1133 nostras
2819 1088 2867 1133 et
2908 1079 3160 1134 nescisti?
3192 1077 3486 1135 Confestim

1902 1171 2195 1243 subjiciens
2236 1170 2478 1242 prodidit
2518 1185 2713 1225 causas
2759 1185 2858 1224 cur
2892 1186 2996 1225 non
3023 1172 3364 1225 mererentur
3392 1187 3483 1227 au-

1903 1264 2042 1319 diri:
2076 1261 2211 1317 Ecce
2235 1302 2250 1327 ,
2282 1263 2478 1332 inquit,
2521 1263 2575 1315 in
2604 1261 2785 1315 diebus
2816 1261 3013 1331 jejunii
3043 1261 3197 1316 uestri
3233 1263 3492 1317 invenitur

1903 1354 2141 1409 voluntas
2186 1364 2354 1407 vestra
2380 1395 2395 1419 ,
2445 1361 2495 1407 et
2524 1367 2700 1407 omnes
2737 1352 2994 1405 debitores
3019 1362 3214 1406 vestros
3238 1353 3488 1423 repeti-tis.

1896 1442 2039 1523 'Ecce
2085 1446 2153 1500 ad
2193 1446 2311 1500 lites
2359 1456 2406 1500 et
2434 1446 2785 1500 contentiones
2823 1444 3097 1515 jejunatis,
3143 1456 3189 1500 et
3223 1447 3491 1517 percutitis

1901 1551 2074 1606 pugno
2116 1537 2292 1607 impie.
2360 1534 2537 1590 Nolite
2571 1535 2818 1605 jejunare
2866 1535 3002 1588 sicut
3049 1551 3212 1606 usque
3241 1538 3314 1591 oin
3352 1537 3491 1590 hanc

1902 1626 2060 1690 diem,
2092 1635 2147 1679 ut
2171 1626 2425 1680 audiatur
2450 1626 2505 1679 in
2530 1624 2734 1679 excelso
2763 1623 2961 1678 clamor
2991 1634 3173 1679 vester.
3235 1620 3492 1696 Nunquid

1906 1716 2007 1771 tale
2030 1727 2105 1772 est
2122 1717 2388 1788 jejunium
2423 1717 2564 1787 quod
2603 1715 2754 1786 elegi,
2792 1733 2885 1786 per
2912 1717 3050 1770 diem
3079 1717 3301 1788 afﬂigere
3325 1717 3495 1771 homi-

217 1776 644 1878 θθδιίεθίςίθηθηξ·
687 1775 801 1878 ψη
844 1786 929 1833 ⁸⁸⁸
970 1777 1342 1878 ¹²¹ξί⁰¹ξ¹ω⁰άίξ
1373 1776 1723 1878 ᾇεὶιξιῖτίηάυητ
1769 1791 1798 1831 ³
1829 1806 1878 1867 Β
1907 1822 2020 1861 nem
2047 1775 2279 1860 animum
2308 1775 2507 1861 suam?
2560 1775 2812 1877 Nunquid
2848 1775 3369 1878 contorquerevquasi
3393 1808 3498 1861 cir-

218 1869 657 1938 concupiscentia
685 1869 950 1935 ciborum,
974 1868 1067 1925 sed
1104 1870 1173 1925 ab
1199 1870 1346 1929 omni
1377 1870 1562 1926 laetitia
1592 1878 1799 1941 tempo—

221 1958 417 2014 ralium
442 1958 877 2016 delectationum.
919 1959 1019 2028 Qui
1046 1960 1216 2032 igitur
1246 1963 1457 2031 corpori
1483 1978 1581 2017 suo
1600 1960 1802 2031 jejunia

221 2051 447 2107 devotus
475 2044 666 2121 injicit,
699 2051 1072 2121 principaliter
1099 2052 1369 2119 renuntiet
1396 2053 1561 2108 vitiis.
1590 2052 1806 2123 Cupidi-

222 2151 397 2197 tatum
426 2141 643 2196 fomites
683 2143 1046 2211 comprimat,
1076 2141 1285 2213 frangat
1323 2143 1553 2212 impetus
1588 2144 1803 2209 mentis,

228 2231 484 2285 libidines
505 2229 717 2297 vincat,
760 2229 903 2285 faces
932 2231 1168 2285 avaritia:
1207 2231 1444 2287 ardentis
1481 2232 1803 2303 exstinguat,

231 2322 501 2392 latiusque
543 2316 703 2378 factis
741 2323 846 2375 vim
891 2322 1190 2378 dilectionis
1232 2324 1518 2390 extendat,
1570 2326 1808 2395 atquein

228 2411 484 2467 alimenta
510 2427 805 2483 pauperum
831 2413 1043 2483 abrupti
1074 2422 1363 2483 apparatus
1392 2415 1659 2485 impendia
1697 2416 1807 2470 lar-

228 2503 426 2575 giatur.
463 2503 655 2560 Omnia
684 2520 813 2575 ergo
850 2504 1093 2575 corporis
1134 2504 1360 2560 nefanda
1392 2515 1609 2579 peccata
1644 2509 1810 2564 animi

228 2594 432 2650 virtute
458 2595 753 2659 calcentur,
783 2602 841 2650 ut
868 2604 923 2649 et
948 2595 1125 2649 anima
1154 2597 1438 2651 sanctitate
1464 2599 1705 2669 corporis
1725 2599 1813 2653 ad-

222 2687 462 2758 juvetur.
502 2686 684 2758 (lsid.)
719 2688 832 2742 Hoc
880 2696 962 2742 est
990 2689 1132 2742 enim
1161 2687 1457 2758 perfectum
1489 2699 1545 2744 et
1574 2690 1812 2746 rationa—

230 2776 338 2833 bile
350 2775 613 2845 jejunium
632 2819 647 2843 ,
678 2777 894 2847 quando
928 2786 1111 2832 noster
1137 2780 1373 2833 exterior
1400 2780 1560 2835 homo
1580 2778 1809 2848 jejunat,

234 2869 461 2924 interior
496 2875 636 2924 orat.
680 2868 912 2923 Facilius
949 2882 1047 2937 per
1066 2867 1328 2936 jejunium
1361 2871 1537 2924 oratio
1569 2878 1813 2940 penetrat

235 2959 430 3015 coelum
462 2977 475 3013 :
499 2956 700 3029 jejunia
725 2957 885 3013 fortia
918 2958 1021 3013 tela
1043 2970 1166 3013 sunt
1194 2961 1450 3017 adversus
1479 2970 1811 3019 tentamenta

237 3050 645 3107 daemoniorum.
673 3050 795 3104 Cito
823 3050 967 3104 enim
993 3064 1091 3119 per
1118 3050 1495 3106 abstinentiam
1524 3052 1812 3108 devincim-

239 3148 343 3194 tur.
394 3138 603 3244 Jejunia
640 3139 968 3244 cum-bonis
1013 3141 1268 3241 operibus
1308 3140 1417 3195 Deo
1464 3142 1812 3211 acceptabilia
1841 3161 1887 3224 ρ
1920 3138 2002 3231 δέ,
2026 3188 2140 3244 tua,

1906 1894 2082 1948 culum
2123 1905 2281 1965 caput
2329 1911 2483 1949 suum
2532 1904 2580 1949 et
2615 1911 2825 1949 saccum
2871 1903 2921 1949 et
2962 1895 3187 1950 cinerem
3225 1897 3500 1951 sternere?

1909 1984 2162 2055 Nunquid
2200 1984 2344 2038 istud
2374 1984 2580 2039 vocabis
2601 1984 2868 2055 jejunium
2895 1995 2943 2038 et
2965 1986 3103 2039 diem
3121 1987 3493 2057 acceptabitem

1905 2075 2131 2130 Domino
2158 2075 2294 2145 (Isa.
2319 2077 2521 2147 Lvnt)?
2555 2075 2757 2131 Deinde
2794 2076 2979 2143 infert,
3010 2078 3196 2135 dicens
3229 2081 3498 2151 quomodo

1908 2166 2256 2235 acceptabilis
2304 2165 2399 2222 ﬁat
2436 2168 2774 2223 continentia
2813 2167 3146 2240 jejunantis,
3195 2179 3356 2242 atque
3388 2172 3535 2228 evi-'

1908 2257 2101 2313 denter
2126 2259 2374 2313 enuntiat
2404 2274 2503 2330 per
2527 2275 2588 2316 se
2614 2259 2787 2315 solum
2811 2258 3077 2329 jejunium
3104 2263 3364 2333 prodesse
3391 2278 3500 2319 non

1909 2363 2106 2418 posse,
2156 2350 2261 2404 nisi
2297 2350 2397 2405 bas
2441 2366 2560 2420 quae
2605 2350 2964 2421 subjiciuntur
3010 2367 3206 2409 causas
3251 2353 3502 2410 habuerit

1911 2449 2324 2510 consequentes.
2368 2440 2557 2496 Nonne
2584 2434 2684 2496 ltoc'
2707 2453 2808 2510 est,
2848 2444 3048 2514 inquit,
3066 2446 3336 2515 jejunium
3362 2446 3502 2517 quod

1912 2530 2088 2601 elegi?
2120 2531 2340 2587 dissolve
2368 2531 2725 2603 colligationes
2752 2534 3032 2604 impietatis
3052 2576 3067 2602 ,
3112 2535 3249 2591 solve
3275 2537 3504 2606 fascicu-

1914 2622 1989 2677 los
2031 2623 2406 2695 deprimentes;
2456 2624 2659 2680 dimitte
2699 2641 2786 2681 eos
2827 2628 2916 2699 qui
2940 2627 3195 2696 confracti
3219 2639 3340 2683 sunt
3367 2628 3497 2684 libe-

1914 2729 2021 2778 ros,
2060 2723 2108 2767 et
2132 2730 2282 2769 omne
2311 2731 2442 2769 onus
2465 2716 2750 2787 disrumpe.
2792 2715 3005 2789 Frange
3029 2722 3279 2775 esurienti
3317 2736 3506 2791 panem

1914 2812 2085 2870 tuum,
2113 2815 2162 2858 et
2186 2822 2371 2876 egenos
2391 2822 2646 2877 uagosque
2666 2807 2825 2861 induc
2857 2808 2912 2862 in
2939 2808 3153 2864 domum
3180 2822 3344 2863 tuam.
3372 2808 3506 2865 Cum

1914 2896 2101 2950 videris
2133 2898 2363 2963 nudum,
2408 2899 2551 2968 operi
2568 2914 2716 2964 eum,
2757 2909 2805 2952 et
2845 2916 3056 2954 carnem
3084 2911 3230 2954 tuam
3250 2916 3313 2954 ne
3334 2901 3510 2971 despe-

1913 2990 2071 3046 xeris.
2117 2989 2260 3046 Tunc
2284 3001 2514 3063 erumpet
2535 2992 2689 3063 quasi
2709 3008 2861 3047 mane
2884 2992 3060 3048 lumen
3081 3004 3252 3060 tuum,
3274 3003 3322 3048 et
3362 2994 3507 3048 sani-

1918 3096 2002 3140 tas
2037 3096 2128 3139 tua
2155 3086 2309 3140 citius
2342 3088 2559 3153 orietur,
2608 3097 2656 3142 et
2686 3088 2899 3142 anteibit
2937 3088 3124 3157 faciem
3162 3099 3307 3143 tuam
3340 3091 3507 3161 justi-

2164 3187 2219 3231 ‘et
2240 3178 2409 3248 gloria
2427 3178 2639 3232 Domini
2665 3179 2867 3249 colliget
2889 3188 2958 3235 te.
2984 3180 3127 3234 Tunc
3152 3183 3436 3248 invocabis,
3462 3191 3512 3237 ‘et

418 3230 518 3331 «ξυί
543 3230 871 3334 Memoris
1184 3235 1817 3334 autem
1923 3229 3118 3334 una;siuas;'gatn..:;;i...;':
3153 3229 3509 3326 regna;

240 3334 336 3376 nes
363 3320 664 3386 imitantur,
694 3320 891 3390 quibus
918 3336 1043 3376 esca
1069 3336 1176 3376 non
1202 3330 1305 3386 est,
1332 3331 1390 3378 et
1408 3324 1648 3392 nequitia
1668 3339 1814 3381 sem-

240 3426 337 3484 per
364 3420 465 3466 est.
512 3411 604 3466 llle
641 3400 783 3466 enim
814 3410 951 3466 bene
977 3412 1211 3467 abstinet
1235 3413 1368 3469 cibis
1396 3415 1488 3484 qui
1522 3422 1576 3469 et
1602 3430 1633 3470 a
1659 3415 1817 3471 mali-

249 3507 336 3559 tiae
360 3504 588 3571 actibus,
619 3515 675 3559 et
698 3519 730 3558 a
756 3504 937 3558 mundi
962 3503 1172 3575 jejunat
1196 3505 1593 3572 ambitionibus.
1619 3504 1821 3579 (Cass.)

246 3594 399 3653 Unde
411 3603 467 3651 et
492 3594 784 3651 Cassianus
802 3594 877 3649 ita
898 3594 1039 3649 inter
1053 3604 1244 3649 caetera
1262 3595 1524 3651 definiens
1550 3615 1563 3649 :
1597 3594 1707 3652 Nec
1731 3610 1821 3652 so-

246 3691 356 3745 lum
374 3689 530 3744 nobis
554 3688 696 3744 istud
711 3686 975 3759 jejunium
1000 3688 1288 3744 visibilium
1308 3689 1550 3743 ciborunt
1568 3688 1634 3744 ad
1650 3687 1825 3759 perfe-

247 3783 483 3839 ctionem
510 3781 706 3843 cordis,
741 3788 796 3837 et
820 3780 1064 3851 corporis
1086 3782 1373 3851 puritatem
1403 3782 1643 3836 sutttcere
1672 3795 1828 3851 posse

247 3875 566 3938 credamus,
618 3871 723 3927 nisi
761 3870 926 3927 fuerit
966 3871 1093 3926 huic
1113 3871 1308 3926 animae
1329 3885 1544 3941 quoque
1564 3868 1826 3939 jejunium

250 3966 581 4038 copulatum.
643 3962 816 4019 Habet
839 3979 1073 4033 namque
1113 3974 1168 4019 et
1210 3964 1297 4017 illa
1320 3979 1446 4019 suos
1472 3964 1661 4019 noxios
1681 3964 1830 4019 cibos

250 4058 448 4129 quibus
493 4059 805 4129 impugnata
854 4057 1020 4112 etiam
1064 4057 1180 4112 sine
1216 4071 1463 4111 escarum
1506 4056 1830 4111 abundantia

253 4151 321 4206 ad
351 4149 579 4205 luxuriae
605 4157 875 4220 praerupta
902 4147 1227 4204 devolvitur.
1267 4147 1557 4210 Detractio,
1586 4146 1737 4203 cibus
1749 4152 1834 4202 'est

252 4242 373 4314 ejus
396 4250 453 4297 et
474 4241 691 4312 quidem
726 4240 1023 4311 persuavis.
1066 4239 1148 4293 lra
1188 4238 1352 4293 etiam
1381 4238 1533 4293 cibus
1574 4248 1656 4293 est
1697 4237 1833 4307 ejus,

254 4335 387 4391 licet
414 4333 638 4388 minime
661 4330 821 4397 lenis,
854 4332 922 4386 ad
952 4331 1143 4386 horam
1182 4338 1363 4385 tamen
1394 4330 1594 4385 infelici
1616 4344 1710 4385 esu
1738 4346 1835 4401 pa-

259 4439 516 4484 scens:ac
542 4423 752 4495 pariter
775 4421 958 4479 lethali
998 4436 1189 4491 sapore
1233 4429 1599 4492 prosternens.
1639 4419 1841 4475 Invidia

259 4519 415 4575 cibus
440 4524 523 4572 est
548 4515 770 4581 mentis,
797 4521 854 4568 et
881 4528 1019 4568 vana
1041 4511 1208 4584 gloria
1239 4510 1390 4565 cibus
1414 4520 1499 4565 est
1527 4511 1663 4581 ejus.
1708 4508 1839 4565 Om-
1866 4523 1920 4584 Ῑ)

262 4610 454 4679 nisque
479 4594 915 4678 concupiscentia
951 4611 1005 4659 et
1051 4602 1362 4674 pervagatio
1407 4601 1584 4656 cordis
1614 4600 1838 4656 instabi-

262 4703 351 4768 lis,
398 4708 585 4772 pastus
623 4699 842 4769 quidam
881 4704 965 4753 est
993 4695 1184 4750 anima:
1218 4694 1393 4749 noxiis
1423 4694 1562 4749 escis
1596 4707 1716 4747 eam
1745 4708 1843 4746 nu-

264 4798 457 4854 triens.
497 4796 555 4853 Si
600 4796 744 4851 enim
787 4792 1143 4864 corporaliter
1164 4788 1468 4861 jejunantes
1498 4785 1840 4857 perniciosis-

267 4890 421 4945 simis
458 4889 653 4944 animte
681 4886 830 4943 vitiis
864 4884 1218 4956 implicemur,
1256 4881 1388 4937 nihil
1426 4879 1581 4935 nobis
1604 4878 1843 4948 proderit

268 4982 502 5038 carnalis
544 4980 761 5036 amictio
798 4976 1119 5050 pretiosiore
1159 4983 1312 5046 parte
1344 4972 1580 5044 pollutis.
1619 4969 1846 5041 Oportet

269 5088 400 5145 ergo
439 5073 764 5129 exteriorem
814 5070 1087 5125 hominem
1124 5066 1491 5136 jejunantem,
1535 5063 1848 5118 interiorem

272 5178 486 5235 quoque
512 5162 763 5218 similiter
787 5160 925 5216 cibis
947 5158 1123 5214 noxiis
1153 5167 1471 5226 temperare.

839 5291 1064 5349 CAPUT
1101 5291 1287 5348 XXVI.

279 5392 432 5459 Quod
459 5390 592 5443 illud
615 5397 687 5443 est
721 5386 1007 5458 perfectum
1031 5386 1317 5459 jejunium,
1354 5383 1492 5459 quod
1524 5398 1640 5435 cum
1663 5384 1859 5437 oratio—

584 5474 646 5515 ne
672 5454 729 5513 et
747 5454 1105 5512 misericordia
1139 5454 1551 5509 commendatur.

354 5569 536 5643 (Aug.)
558 5566 874 5624 Necessaria
893 5566 1085 5620 animae
1108 5574 1308 5619 nostra!
1336 5571 1462 5618 sunt
1481 5560 1705 5633 jejunia,
1724 5565 1862 5619 sicut

284 5662 603 5718 \nlneribus
637 5658 924 5715 medicina.
955 5655 1217 5712 Medelam
1247 5655 1390 5709 enim
1424 5653 1707 5709 conferunt
1741 5656 1863 5711 vitai

282 5762 560 5828 perpetuae
584 5793 598 5815 ,
637 5733 717 5806 ita
756 5760 934 5804 tamen
973 5755 1032 5803 ut
1075 5747 1299 5802 duarum
1344 5758 1523 5799 rerum
1555 5745 1863 5801 testimonio

1920 3355 2131 3429 (Ibid.).
2160 3356 2369 3414 Videtis
2396 3374 2527 3430 ergo
2548 3357 2815 3430 jejunium
2843 3374 3185 3431 nequaquam
3211 3362 3513 3432 principale

1920 3448 2120 3504 bonum
2150 3464 2180 3503 a
2208 3448 2440 3506 Domino
2462 3449 2719 3520 judicari,
2763 3466 2831 3507 eo
2859 3452 3002 3522 quod
3048 3467 3153 3507 non
3190 3467 3288 3523 per
3314 3454 3510 3523 ipsum,

1840 3568 1846 3579 ι
1923 3538 2019 3593 sed
2048 3554 2146 3610 per
2174 3539 2278 3595 alia
2304 3556 2469 3611 opera
2492 3542 2693 3598 bonum
2717 3557 2781 3597 ac
2804 3542 2917 3597 Dco
2939 3542 3077 3598 bene
3101 3542 3359 3612 placitum
3400 3543 3514 3598 fiat.

1924 3629 1992 3684 Et
2013 3645 2227 3685 rursum
2254 3646 2322 3686 ex
2342 3631 2724 3687 accedentibus
2750 3632 2931 3687 causis
2953 3647 3058 3687 non
3087 3632 3260 3687 solum
3297 3638 3516 3698 Vanum,

1929 3738 2116 3778 verum
2174 3722 2339 3780 etiam
2388 3723 2588 3779 odibile
2647 3732 2921 3788 censetur,
2971 3723 3187 3778 dicente
3240 3722 3508 3779 Domino:

1945 3813 2075 3868 Cum
2110 3814 2478 3885 jejunaverint,
2509 3831 2613 3869 non
2642 3814 2923 3869 exaudiam
2956 3830 3130 3884 preces
3164 3828 3343 3868 eorum
3384 3814 3521 3885 (Jer.

1934 3908 2070 3972 xiv).
2104 3906 2340 3980 [Greg.],
2382 3907 2515 3963 Illud
2572 3922 2701 3976 ergo
2736 3907 3000 3979 jejunium
3054 3908 3195 3963 Deus
3241 3908 3525 3978 approbat,

1933 3996 2076 4066 quod
2106 3996 2171 4051 ad
2209 3995 2323 4064 ejus
2352 3996 2537 4052 oculos
2560 4037 2576 4062 ,
2621 4013 2811 4053 manus
2846 3997 3316 4069 eleemosynarum
3353 3996 3519 4053 levat.

1934 4090 2087 4158 Quod
2116 4107 2237 4145 cum
2275 4091 2512 4169 proximi
2556 4090 2844 4147 dilectione
2888 4092 3089 4163 agitur,
3116 4091 3365 4163 quodex
3409 4090 3525 4160 pie—

1937 4192 2048 4238 tate
2095 4182 2383 4250 conditur;
2416 4185 2520 4239 boc
2558 4200 2690 4255 ergo
2732 4184 2874 4254 quod
2918 4185 3013 4241 tibi
3060 4183 3334 4240 subtrahis
3370 4182 3527 4237 alteri

1936 4277 2156 4349 largire,
2185 4286 2243 4333 ut
2281 4278 2423 4336 unde
2452 4288 2541 4333 tua
2568 4294 2696 4334 caro
2722 4278 2994 4350 aﬂligitur,
3023 4278 3146 4334 inde
3169 4278 3376 4349 egentis
3398 4294 3527 4347 pro-

1940 4367 2071 4423 ximi
2122 4384 2250 4424 caro
2291 4379 2592 4440 reparatur.
2651 4368 2790 4424 Hinc
2824 4371 3025 4425 etenim
3073 4384 3170 4440 per
3212 4369 3529 4439 prophetam

1945 4459 2205 4516 Dominus
2240 4459 2411 4516 dicit:
2446 4461 2577 4516 Cum
2600 4460 2915 4532 jejunaretis
2943 4470 2989 4515 et
3018 4460 3353 4532 plangeretis,
3395 4479 3531 4517 nun-

1944 4553 2070 4623 quid
2086 4553 2354 4623 jejunium
2386 4553 2672 4624 jejunastis
2718 4554 2886 4607 mihi?
2927 4553 2996 4608 Et
3025 4544 3142 4608 cum
3183 4554 3452 4608 comeditis
3486 4564 3534 4608 et

1946 4642 2141 4709 bibitis,
2198 4644 2433 4716 nunquid
2478 4660 2581 4698 non
2613 4644 2753 4699 vobis
2790 4645 3058 4700 comeditis
3087 4654 3135 4699 et
3162 4645 3537 4717 nobismetipsis

1947 4736 2118 4790 bibitis
2134 4733 2319 4808 (Zach.
2345 4734 2487 4807 vn)?
2513 4734 2625 4791 Sibi
2650 4735 2793 4790 enim
2821 4736 3056 4790 comedit
3079 4742 3134 4791 et
3154 4734 3310 4800 bibit,
3328 4736 3418 4805 qui
3441 4736 3535 4790 ali-

1948 4834 2126 4881 menta
2156 4827 2421 4897 corporis,
2453 4843 2573 4898 quae
2611 4836 2736 4881 sunt
2776 4826 3084 4881 communia
3115 4822 3253 4881 bona
3279 4825 3535 4883 Condito-

1948 4920 2047 4987 ris,
2074 4920 2191 4976 sine
2217 4918 2583 4991 indigentibus
2609 4919 2858 4991 percipit.
2899 4919 2966 4975 Et
3006 4919 3108 4975 sibi
3140 4920 3370 4991 quisque
3399 4919 3541 4992 jeju-

1958 5017 2067 5074 nat,
2104 5009 2149 5066 si
2178 5025 2242 5065 ea
2270 5026 2391 5081 quae
2417 5010 2485 5066 ad
2514 5019 2724 5082 tempus
2747 5010 3021 5067 subtrahit
3062 5027 3168 5067 non
3210 5013 3537 5082 pauperibus

1962 5102 2189 5168 tribuit,
2234 5102 2329 5157 sed
2368 5102 2544 5157 ventri
2585 5100 2924 5172 postmodum
2973 5092 3241 5159 olferenda
3287 5103 3543 5158 custodit.

1960 5192 2099 5250 Hinc
2129 5211 2229 5266 per
2260 5196 2577 5268 prophetam
2615 5194 2730 5250 Joel
2770 5195 3005 5251 dicitur:
3038 5192 3376 5266 Sanctiﬁcate
3400 5198 3547 5266 jeju-

1966 5287 2110 5340 nium
2140 5284 2296 5359 (Joel.
2325 5284 2387 5358 ι).
2428 5283 2697 5357 Jejnnium
2739 5286 2935 5357 quippe
2958 5288 3297 5342 sanctiﬁcare
3334 5294 3411 5340 est
3450 5285 3547 5339 ad-

1960 5368 2163 5446 junctis
2196 5375 2352 5431 bonis
2391 5376 2540 5441 aliis,
2575 5377 2790 5450 dignam
2819 5376 2928 5433 Deo
2958 5378 3338 5433 abstinentiam
3364 5375 3549 5433 carnis

1966 5467 2270 5523 ostendere.
2283 5465 2289 5469 ”

2467 5538 2739 5598 CAPUT
2801 5537 3039 5595 XXVII

2538 5632 2615 5687 De
2636 5632 2978 5702 eleenwsgna.

2041 5744 2224 5817 (Aug.)
2262 5745 2361 5812 Qui
2393 5746 2535 5799 enim
2554 5714 2679 5798 ‘vult
2704 5743 2949 5798 ordinate
2972 5741 3101 5797 dare
3126 5739 3553 5813 eleetnosynam,
