4020 6338
549 343 659 403 905
1034 338 1389 397 HAYMONIS
1430 337 1910 395 HALBERSTAT.
1951 319 2170 395 EPISC.
2211 338 2365 396 OPP.
2405 334 2587 394 PARS
2618 336 2706 394 III.
2747 368 2818 380 -—
2855 337 3360 396 MISCELLANEA.
3753 330 3867 401 904¹

551 474 589 519 a
619 462 800 533 seipso
836 460 996 517 debet
1033 459 1303 528 incipere,
1338 466 1392 512 et
1421 472 1541 513 eam
1570 458 1673 513 sibi
1703 458 1939 529 primum
1988 458 2138 513 dare.
2167 438 2441 531 A'Iegitur
2470 459 2574 514 tale
2612 460 2822 516 dedisse
2857 460 3143 517 consilium
3174 476 3189 516 :
3217 458 3500 533 Propterea
3521 504 3541 529 ,
3574 479 3707 530 rex,
3741 465 3848 536 pla-

550 550 652 609 Est
676 552 820 609 enim
852 550 1191 620 elcemosyna
1218 563 1353 619 opus
1380 547 1798 615 misericordia,
1827 547 2139 603 verissime-
2246 559 2358 603 ceat
2385 549 2480 603 tibi
2499 549 2771 604 consilium
2801 568 3005 619 meum,
3046 562 3096 606 et
3135 563 3349 624 peccata
3380 564 3470 609 tua
3490 555 3843 629 eleemosyuis

550 659 658 715 que
694 644 895 699 dictum
942 649 1063 696 est:
1100 639 1349 694 Miserere
1396 640 1587 694 anima:
1615 648 1721 694 tua:
1762 638 1971 708 placens
2006 637 2134 692 Deo.

550 734 778 805 Propter
812 736 916 790 hoc
960 734 1300 789 renascimur
1331 742 1388 787 ut
1414 734 1527 788 Deo
1551 732 1886 802 placeamus,
1918 731 2004 788 cui
2029 746 2143 786 me-

550 825 657 881 rilo
688 823 959 894 displicet,
988 825 1130 894 quod
1156 823 1433 879 noscendo
1472 825 1867 879 contraximus.
1904 821 2033 880 Ilaec
2055 831 2142 880 est

548 914 724 986 prima
749 914 1090 970 eleemosvua
1119 929 1284 985 quam
1311 914 1469 969 nobis
1490 914 1768 970 debemus.

1088 1025 1319 1084 CAPUT
1353 1026 1593 1083 XXVIII.

737 1115 891 1185 Quod
914 1116 1190 1189 multiplex
1204 1120 1273 1173 sit
1297 1118 1741 1190 eleemosynarum
1764 1120 1947 1176 virtus.

617 1226 806 1299 (Aug.)
845 1227 981 1283 Date
1022 1226 1402 1301 eleemosynam
1426 1270 1443 1295 ,
1497 1229 1571 1285 ait
1612 1230 1894 1297 Dominus,
1943 1240 1995 1285 et
2022 1248 2140 1287 ecce

546 1320 724 1374 omnia
758 1320 961 1374 munda
1001 1329 1125 1375 sunt
1166 1321 1306 1376 vobis
1334 1321 1486 1394 (Luc.
1510 1323 1613 1396 χι).
1653 1323 1773 1379 Non
1810 1324 1982 1380 solum
2008 1340 2138 1396 ergo

547 1413 640 1482 qui
668 1412 765 1468 dat
790 1412 1054 1468 esurienti
1078 1414 1260 1469 cibum
1283 1455 1298 1481 ,
1329 1416 1533 1471 sitienti
1558 1425 1764 1487 potum,
1794 1419 1940 1473 nudo
1967 1418 2136 1473 vesti-

544 1513 812 1570 mentum,
839 1506 1205 1577 peregrinanti
1234 1506 1542 1578 hospitium,
1575 1508 1803 1581 fugienti
1832 1510 2133 1575 latibulum,

543 1609 692 1666 κει-ο
741 1593 827 1649 vel
877 1594 1087 1650 incluso
1127 1595 1514 1663 visitationem,
1565 1600 1781 1669 captivo
1808 1600 2137 1670 redemptio-

543 1700 692 1749 nem,
717 1684 879 1740 debili
908 1685 1345 1755 subvectionem,
1374 1703 1520 1744 caeco
1544 1691 1952 1759 deductionem,
1994 1693 2136 1749 tristi

542 1775 961 1833 consolationem
989 1818 1005 1845 ,
1052 1794 1160 1835 non
1206 1795 1340 1836 sano
1386 1781 1674 1849 medelam,
1714 1785 1922 1840 erranti
1964 1785 2130 1851 viam,

542 1866 867 1923 deliberanti
892 1868 1180 1924 consilium
1204 1911 1220 1936 ,
1262 1879 1319 1926 et
1362 1872 1506 1942 quod
1551 1874 1744 1945 cuique
1768 1876 2133 1931 necessarium

539 1955 844 2029 indigenti,
887 1974 1077 2015 verum
1109 1960 1279 2015 etiam
1325 1962 1419 2032 qui
1464 1963 1558 2017 dat
1602 1964 1818 2020 veniam
1865 1968 2135 2037 peccanti,

536 2050 941 2124 eleemosynam
967 2052 1084 2108 dat.‘
1125 2052 1195 2108 Et
1222 2053 1316 2123 qui
1344 2056 1601 2111 emendat
1621 2057 1868 2123 verbere,
1892 2057 1948 2112 in
1973 2072 2134 2127 quem

533 2151 779 2213 potestas
820 2143 999 2211 datur,
1045 2143 1132 2201 vel
1162 2155 1382 2202 coercet
1411 2147 1591 2218 aliqua
1627 2149 1942 2219 disciplina,
1970 2160 2028 2205 et
2055 2160 2136 2206 ta-

534 2248 660 2289 men
700 2243 985 2305 peccatum
1031 2235 1150 2307 ejus
1192 2237 1337 2307 quod
1368 2238 1437 2294 ab
1464 2238 1556 2294 illo
1586 2238 1746 2296 laesus
1786 2240 1872 2297 vel
1895 2240 2134 2299 offensus

533 2332 637 2391 est,
666 2325 893 2381 dimittit
913 2341 982 2382 ex
1005 2328 1188 2393 corde,
1217 2328 1302 2382 vel
1331 2338 1454 2384 orat
1484 2339 1546 2385 ut
1571 2331 1624 2385 ei
1653 2331 1994 2399 dimittatur;
2023 2349 2130 2388 non

541 2416 716 2473 solum
742 2418 799 2472 in
822 2433 888 2475 eo
917 2419 1060 2490 quod
1102 2418 1331 2475 dimittit
1366 2428 1529 2490 atque
1552 2432 1708 2489 orat,
1754 2438 1939 2478 verum
1967 2424 2130 2479 etiam

534 2509 591 2565 in
629 2524 696 2565 eo
741 2511 885 2580 quod
928 2512 1191 2583 corripit,
1226 2520 1283 2568 et
1329 2512 1509 2583 aliqua
1550 2515 1925 2571 emendatiora
1970 2533 2129 2588 pcena

531 2601 721 2671 plectit
743 2642 760 2668 ,
795 2603 1196 2675 eleemosynam
1224 2605 1352 2672 dat,
1396 2607 1488 2676 qui
1537 2608 1967 2664 misericordiam
1992 2626 2129 2681 prae-

531 2704 657 2751 stat.
701 2694 911 2769 (Cypr.)
944 2698 1184 2768 Raphael
1205 2716 1419 2771 quoque
1438 2703 1662 2774 angelus
1690 2715 1751 2759 ut
1776 2705 2127 2777 eleemosyna

532 2786 769 2843 libenter
796 2805 860 2844 ac
890 2790 1113 2861 largiter
1158 2794 1253 2846 liat
1292 2794 1563 2862 hortatur,
1602 2798 1788 2853 dicens
1821 2816 1835 2852 :
1868 2799 2020 2853 Bona
2052 2809 2127 2852 est

531 2876 704 2929 oratio
751 2894 870 2930 cum
907 2878 1118 2947 jejunio
1163 2891 1211 2933 et
1261 2882 1585 2953 eleemosyna
1632 2886 1783 2957 (Tob.
1812 2888 1933 2959 xu).
1991 2889 2127 2955 Quia

531 2964 875 3037 eleemosyna
903 2982 934 3019 a
970 2977 1147 3023 morte
1181 2968 1396 3037 liberat,
1428 2982 1483 3026 et
1506 2975 1620 3045 ipsa
1658 2986 1854 3049 purgat
1883 2989 2122 3049 peccata.

531 3052 787 3111 Ostendit
827 3055 1104 3111 orationes
1144 3066 1357 3115 nostras
1402 3077 1467 3117 ac
1496 3063 1702 3135 jejunia
1733 3068 1913 3123 minus
1944 3084 2123 3140 posse,

533 3147 636 3203 nisi
681 3146 1043 3220 eleemosyuis
1093 3149 1433 3219 adiuventur.
1516 3156 1929 3228 Deprecationes
1980 3161 2125 3219 solas

528 3255 722 3311 parum
770 3242 838 3297 ad
884 3242 1281 3313 impetrandum
1332 3247 1552 3316 valere,
1606 3251 1709 3305 nisi
1763 3251 2032 3310 factorum
2068 3266 2124 3313 et

530 3350 755 3407 operum
814 3339 1125 3394 accessione
1184 3343 1479 3399 socientur.
1539 3344 1765 3404 Revelat
1810 3352 2030 3423 angelus
2068 3361 2124 3409 et

529 3427 848 3484 manifestat
881 3440 937 3485 et
966 3430 1148 3487 ﬁrmat
1193 3434 1553 3509 eleemosynis
1592 3442 1880 3511 petitiones
1909 3455 2122 3504 nostras

529 3515 864 3575 elﬁcaciores
890 3521 1008 3576 ﬁeri
1035 3562 1050 3589 ,
1097 3522 1460 3598 eleemosyuis
1495 3530 1660 3586 vitam
1691 3548 1723 3588 e
1746 3535 2003 3605 periculis
2031 3554 2120 3594 re-

528 3606 684 3674 dimi,
727 3608 1090 3683 eleemosynis
1122 3615 1332 3671 animas
1374 3633 1406 3673 a
1445 3627 1619 3676 morte
1651 3620 1890 3679 liberari.
1931 3626 2117 3700 (Isid.)

529 3699 660 3755 Duas
707 3717 940 3774 namque
989 3715 1115 3760 sunt
1156 3706 1512 3782 eleemosyuis
1562 3728 1575 3765 :
1629 3713 1747 3769 Una
1796 3699 2115 3788 corporalis,

526 3793 703 3862 egenti
746 3796 877 3851 dare
899 3796 1159 3869 quidquid
1204 3802 1474 3871 potueris;
1509 3803 1679 3862 altera
1714 3809 2003 3879 spiritalis,
2036 3814 2119 3868 di-

528 3883 744 3941 mittere
770 3903 800 3941 a
823 3905 933 3960 quo
962 3890 1121 3947 laesus
1148 3893 1335 3951 fueris.

1091 4006 1320 4065 CAPUT
1355 4010 1551 4068 XXIX.

776 4096 855 4152 De
881 4095 1039 4153 laude
1059 4108 1109 4154 et
1133 4101 1360 4159 utilitate
1391 4103 1859 4179 eleemosynarum.

599 4206 848 4277 Vendite,
880 4212 1054 4284 inquit
1086 4214 1364 4286 Dominus,
1396 4236 1517 4291 qua:
1560 4223 1870 4295 possidetis,
1900 4235 1957 4283 et
1993 4229 2116 4286 date

526 4299 925 4375 eleemosynam
965 4305 1118 4379 (Luc.
1164 4310 1259 4381 χι).
1296 4310 1363 4367 Ει
1403 4313 1637 4369 iterum:
1684 4316 1816 4372 Date
1842 4318 2118 4393 eleemosy-

526 4406 669 4456 nam,
700 4401 749 4447 et
788 4411 905 4450 ecce
936 4399 1114 4453 omnia
1157 4401 1357 4456 munda
1395 4414 1517 4458 sunt
1546 4405 1686 4461 vobis
1717 4406 1867 4478 (Luc.
1898 4412 2017 4482 xu).
2051 4412 2117 4466 Et

524 4479 783 4539 Salomon
814 4486 934 4541 ait:
984 4487 1290 4561 Redemptio
1325 4495 1519 4551 animae
1561 4498 1694 4565 viri,
1735 4499 1932 4556 divitia:
1976 4479 2111 4558 sure.

525 4570 632 4640 Qui
655 4585 830 4630 autem
857 4578 1134 4634 miseretur
1156 4585 1395 4654 pauperi,
1422 4588 1601 4642 beatus
1621 4590 1720 4643 erit
1743 4587 1926 4660 (Prov.
1962 4593 2107 4665 xm).
2140 4574 2192 4635 Ῑ)

523 4664 593 4722 ΕΙ.
619 4668 816 4725 iterum
841 4669 1121 4742 Scriptura
1147 4693 1161 4729 :
1190 4674 1453 4733 Conclude
1478 4679 1857 4754 eleemosynam
1891 4685 1948 4739 in
1986 4664 2109 4742 sinu

521 4760 766 4830 pauperis
787 4771 835 4817 et
859 4763 970 4819 haec
1001 4781 1095 4835 pro
1131 4774 1181 4820 te
1210 4768 1443 4823 exorabit
1471 4771 1535 4825 ab
1562 4774 1705 4827 omni
1738 4773 1878 4828 malo
1914 4774 2105 4847 (Eccli.

521 4848 700 4919 xstx).
731 4849 913 4922 Ignem
939 4854 1218 4912 ardentem
1260 4859 1561 4931 exstinguit
1586 4876 1747 4933 aqua,
1787 4864 1863 4918 ita
1893 4873 1947 4919 et
1967 4865 2108 4921 elee-

522 4952 746 5011 mosyna
775 4954 1076 5013 peccatum.
1094 4946 1163 5003 Et
1187 4948 1382 5005 iterum
1406 4969 1420 5006 :
1441 4953 1550 5020 Qui
1568 4955 1776 5010 obturat
1798 4973 1954 5012 aures
1982 4975 2107 5014 suas

523 5049 588 5089 ne
610 5035 797 5091 audiat
814 5055 1118 5111 pauperem,
1133 5053 1182 5098 et
1202 5045 1311 5116 ipse
1330 5048 1588 5105 invocabit
1609 5052 1914 5121 Dominum,
1929 5064 1977 5110 et
2000 5072 2104 5111 non

519 5126 621 5219 erit
650 5127 744 5197 qui
765 5129 1016 5186 exaudiat
1037 5149 1157 5189 eum
1186 5136 1371 5207 (Prov.
1399 5142 1537 5215 xm).
1579 5141 1879 5218 (Cyprian.)
1919 5144 2105 5219 Neque

519 5217 666 5273 enim
704 5219 1124 5281 misericordiam
1153 5226 1249 5285 Dei
1291 5234 1491 5288 mereri
1525 5236 1742 5303 poterit,
1769 5217 1866 5307 qui
1894 5217 2107 5295 miseri-

519 5325 642 5367 cors
668 5311 783 5382 ipse
810 5328 917 5369 non
944 5314 1128 5386 fuerit,
1150 5329 1245 5376 aut
1268 5322 1581 5394 impetrabit
1604 5326 1671 5381 de
1699 5328 1878 5385 divina
1903 5330 2106 5401 pietate

518 5400 723 5474 aliquid
752 5405 805 5459 in
832 5408 1083 5477 precibus
1098 5411 1191 5481 qui
1211 5412 1281 5469 ad
1304 5428 1519 5484 precem
1540 5419 1796 5490 pauperis
1814 5400 1923 5478 non
1944 5421 2109 5478 fuerit

518 5494 806 5556 humanus.
837 5500 991 5570 Quod
1034 5503 1233 5560 iterum
1276 5505 1331 5561 in
1368 5506 1595 5578 psalmis
1622 5510 1858 5583 Spiritus
1885 5524 2105 5574 sanctus

519 5588 760 5669 declarat
785 5601 844 5649 et
868 5596 1063 5666 probat
1082 5595 1270 5654 dicens
1298 5612 1314 5652 :
1348 5597 1545 5657 Beatus
1574 5603 1665 5674 qui
1683 5603 1926 5678 intelligit
1950 5625 2106 5681 super

518 5698 736 5754 egenum
757 5695 806 5740 et
828 5703 1107 5759 pauperem
1133 5702 1152 5742 :
1175 5689 1232 5744 in
1252 5689 1338 5747 die
1362 5692 1504 5749 mala
1526 5693 1768 5752 liberabit
1787 5714 1905 5754 eum
1928 5698 2105 5755 Domi-

522 5785 618 5831 nus
640 5772 813 5849 (Psal.
844 5780 954 5852 χι).
987 5780 1122 5840 Nam
1156 5792 1211 5841 et
1238 5784 1420 5843 Daniel
1461 5788 1573 5859 regi
1604 5787 2103 5849 Nabuchodonosor

2246 642 2473 709 redime,
2500 653 2547 698 et
2582 644 2872 715 injustitias
2913 655 3031 700 tuas
3060 647 3482 707 miserationibus
3509 666 3839 720 pauperum,

2244 742 2294 787 et
2332 735 2428 788 erit
2465 733 2605 790 Deus
2633 752 2855 806 parcens
2883 737 3108 808 peccatis
3134 739 3240 792 tuis
3266 737 3427 811 (Dan.
3460 740 3568 809 IV).
3608 741 3769 809 Quod
3798 744 3837 800 si

2241 834 2462 894 peccata
2489 842 2585 881 sua
2613 828 2878 883 redimere
2901 827 3156 883 voluisset
3177 870 3191 895 ,
3215 830 3480 899 potuisset
3499 832 3704 902 utique
3724 848 3835 889 eva-

2243 915 2371 970 dere
2407 916 2547 971 mala
2574 932 2694 987 quae
2720 933 3011 990 perpessus
3047 927 3151 975 est.
3187 918 3329 975 Deus
3357 920 3505 975 enim
3534 921 3834 997 eleemosy-

2242 1020 2343 1060 nas
2396 1010 2692 1078 pauperum
2743 1005 3062 1074 feneratur,
3119 1017 3172 1064 et
3217 1024 3339 1064 cum
3382 1011 3553 1066 datur
3602 1014 3831 1073 minimis

2240 1093 2458 1151 Christo
2507 1097 2683 1151 datur.
2716 1095 2833 1167 Ipse
2874 1098 3019 1153 enim
3053 1097 3260 1169 judicio
3300 1116 3398 1156 suo
3426 1101 3688 1157 dicturus
3716 1117 3826 1161 est:

2156 1226 2159 1227 ν
2240 1183 2527 1239 Esurivi'et
2555 1186 2772 1241 dedistis
2802 1188 2928 1241 mihi
2965 1191 3321 1257 manducare;
3354 1193 3499 1247 sitivi
3531 1203 3586 1247 et
3624 1196 3825 1250 dedistis

2239 1276 2369 1329 mihi
2387 1286 2600 1347 potum;
2630 1278 2800 1332 nudus
2833 1280 3011 1349 fui,.et
3035 1282 3255 1337 vestistis
3281 1300 3395 1350 me;
3414 1286 3635 1356 hospes,
3666 1298 3715 1341 et
3736 1290 3827 1342 col-

2239 1364 2439 1436 legistis
2466 1383 2582 1440 me;
2612 1368 2851 1437 inﬁrmus
2871 1380 2919 1425 et
2936 1371 2990 1425 in
3013 1388 3248 1438 carcere,
3283 1384 3333 1429 et
3369 1377 3633 1433 eisitastis
3656 1396 3752 1447 me,
3776 1392 3820 1437 et

2240 1466 2454 1514 caetera.
2487 1459 2553 1514 Et
2583 1478 2595 1514 :
2626 1462 2781 1528 Quod
2800 1463 2997 1533 fecistis
3029 1467 3121 1521 uni
3146 1468 3211 1521 de
3235 1470 3469 1524 minimis
3510 1473 3677 1535 meis,
3710 1475 3819 1527 mihi

2236 1550 2454 1620 fecistis.
2478 1552 2547 1608 Et
2566 1563 2694 1611 tunc
2718 1557 2940 1612 audient
2962 1575 3145 1615 vocem
3175 1562 3317 1617 illam
3341 1564 3564 1620 beatam
3581 1582 3599 1618 :
3636 1563 3812 1633 Venite,

2239 1641 2495 1698 benedicti
2519 1642 2700 1701 Patris
2731 1648 2854 1714 mei,
2886 1652 3132 1721 percipite
3176 1665 3545 1726 purpuratum
3578 1660 3723 1714 vobis
3748 1676 3814 1716 uc

2233 1749 2399 1805 gnum
2425 1736 2493 1791 ab
2522 1738 2722 1809 origine
2743 1740 2925 1795 mundi
2953 1741 3166 1813 (Matth.
3198 1749 3351 1818 xxv).

2804 1872 3034 1931 CAPUT
3078 1875 3249 1933 XXX.

2239 1978 2393 2046 Quod
2413 1998 2508 2052 per
2532 1983 2913 2056 eleemosynam
2941 1987 3172 2070 omnium
3192 1999 3547 2060 peccatorum
3573 1994 3801 2049 tribuatur

2895 2069 3151 2113 τεηιιδεέο.

2305 2168 2507 2227 Beatus
2540 2187 2776 2245 namque
2805 2173 3001 2231 Tobias
3036 2175 3204 2232 ﬁlium
3238 2194 3473 2236 monens
3506 2190 3571 2237 ut
3605 2184 3800 2239 elocuto»

2234 2276 2421 2332 synam
2454 2262 2675 2330 faceret,
2703 2264 2780 2321 ait
2807 2265 2949 2322 inter
2969 2266 3074 2322 alia
3105 2286 3116 2322 :
3144 2268 3229 2323 Ea:
3256 2271 3568 2326 substantia
3607 2274 3797 2343 ιω,μὶ

2232 2355 2325 2421 mi,
2358 2355 2443 2424 fac
2462 2355 2859 2428 eleemosynam,
2883 2368 2931 2413 et
2964 2359 3072 2414 noli
3108 2372 3339 2417 avertere
3364 2362 3570 2431 faciem
3596 2377 3725 2418 tuam
3746 2366 3794 2418 ab

2232 2445 2342 2501 ullo
2369 2464 2597 2519 paupere
2620 2465 2638 2504 :
2659 2450 2733 2503 ita
2755 2450 2891 2503 enim
2913 2450 3003 2520 ﬁet
3025 2460 3081 2506 ut
3110 2469 3202 2506 nec
3231 2470 3263 2506 a
3293 2463 3341 2508 te
3365 2437 3643 2509 avertatur
3664 2456 3793 2524 faciet

2231 2535 2463 2590 Domini.
2510 2536 2782 2603 Quomodo
2825 2542 3072 2609 potueris,
3119 2543 3192 2597 ita
3241 2553 3347 2598 esto
3399 2545 3712 2599 misericors.
3747 2545 3791 2600 Si

2230 2627 2452 2682 multum
2480 2629 2573 2697 tibi
2598 2629 2774 2699 fuerit,
2800 2630 3127 2687 abundanter
3153 2633 3354 2701 tribue;
3376 2634 3426 2689 si
3445 2638 3690 2707 exiguum
3708 2635 3791 2704 fue-

2229 2723 2319 2788 rit,
2346 2724 2501 2777 etiam
2531 2725 2776 2795 exiguum
2802 2725 3021 2780 libenter
3046 2728 3298 2798 impertiri
3322 2729 3501 2783 stude.
3535 2728 3786 2784 Prtrmium

2229 2817 2364 2871 enim
2396 2819 2586 2872 bonum
2614 2818 2707 2872 tibi
2739 2821 3064 2876 thesaurizas
3098 2823 3153 2875 in
3184 2823 3269 2876 die
3306 2825 3659 2888 necessitatis,
3680 2841 3784 2892 quo-

2230 2907 2373 2959 niam
2411 2906 2736 2979 eleemosyna
2763 2909 2827 2962 ab
2854 2914 2996 2963 omni
3023 2923 3233 2981 peccato
3264 2923 3316 2967 et
3349 2931 3382 2967 a
3419 2925 3589 2970 morte
3629 2915 3783 2968 liberat

2228 3006 2279 3051 et
2305 3014 2408 3052 non
2435 3000 2662 3069 patietur
2690 3001 2921 3055 animant
2944 3003 3021 3057 ire
3043 3003 3098 3056 in
3127 3005 3366 3060 tenebras
3389 3005 3538 3075 (Tob.
3569 3008 3656 3077 tr).

2794 3132 3025 3191 CAPUT
3056 3135 3248 3192 XXXI.

2151 3211 2196 3272 Ο
2229 3244 2400 3313 Quam
2426 3248 2508 3318 pie
2529 3265 2592 3303 ac
2613 3249 2893 3323 salubriter
2912 3252 2982 3305 ad
3003 3251 3343 3323 eleemosynte
3369 3264 3599 3309 studium
3628 3256 3777 3309 dirius

2677 3337 2771 3375 nos
2806 3322 3033 3377 instruat
3067 3321 3362 3395 Scriptura.

2296 3429 2524 3486 Fiducia
2545 3449 2737 3504 magna
2758 3434 2854 3489 erit
2884 3452 3061 3491 coram
3097 3454 3299 3492 summa
3330 3439 3443 3494 Deo
3467 3440 3774 3512 elemosyna,

2226 3522 2463 3576 omnibus
2484 3522 2797 3593 facientibus
2823 3542 2938 3580 eam
2962 3526 3115 3599 (Tob.
3141 3532 3237 3603 tv).
3262 3528 3401 3586 Hinc
3422 3540 3478 3587 et
3506 3548 3608 3603 per
3629 3548 3773 3604 quem-

2212 3612 2346 3691 dam
2384 3614 2683 3685 sapientem
2715 3618 2914 3674 dicitur
2945 3638 2958 3674 :
2994 3619 3125 3687 Fili,
3158 3622 3541 3696 eleemosynam
3578 3627 3772 3697 pauperis

2223 3720 2286 3758 ne
2314 3705 2596 3775 defraudes
2626 3717 2673 3763 et
2695 3708 2874 3765 oculos
2907 3721 3023 3767 tuos
3050 3730 3113 3768 ne
3141 3724 3466 3772 transvenas
3504 3736 3542 3772 a
3570 3734 3767 3790 paupere.

2222 3795 2466 3851 Animam
2508 3800 2818 3881 esurientem
2860 3820 2923 3859 ne
2950 3804 3245 3878 despexeris
3265 3849 3281 3876 ,
3325 3819 3375 3863 et
3405 3808 3513 3865 non
3547 3826 3774 3881 exasperet

2220 3906 2505 3960 pauperem
2536 3893 2591 3947 in
2611 3878 2795 3965 inopia
2810 3913 2925 3950 sua.
2950 3895 3056 3952 Cor
3076 3899 3243 3969 inopis
3266 3918 3328 3955 ne
3351 3902 3678 3973 σφῦραν-ἔθει
3698 3918 3775 3954 non

2218 3985 2496 4053 protrahas
2527 3987 2713 4040 datum
2743 3991 3066 4059 angustianti
3109 3980 3299 4061 (Eccli.
3350 3997 3429 4065 Σ).
3482 3995 3651 4068 Igitur
3680 3996 3774 4067 qui-

2219 4088 2431 4144 cunque
2462 4077 2528 4132 de
2563 4079 2765 4133 virtute
2795 4080 3149 4154 eleemosyna:
3195 4084 3345 4155 plura
3377 4102 3614 4144 noscere
3641 4088 3775 4159 cupit,

2218 4164 2361 4237 legat
2386 4167 2580 4223 librum
2605 4172 2932 4228 sanetissimi
2960 4177 3215 4249 martyris
3247 4177 3529 4250 Cypriani,
3556 4199 3704 4254 quem
3728 4181 3775 4235 de

2218 4254 2574 4331 Eleemosyna
2607 4262 2854 4333 scripsit;
2892 4274 2948 4319 et
2982 4265 3125 4321 beati
3153 4266 3471 4338 Maximini,
3502 4273 3773 4330 Taurinen-

2218 4348 2294 4403 sis
2328 4351 2598 4421 episcopi,
2634 4352 2834 4408 librum
2882 4371 3041 4426 quem
3085 4366 3139 4413 et
3184 4359 3300 4432 ipse
3347 4362 3416 4418 de
3452 4362 3775 4436 Eleemosyua

2217 4443 2453 4515 scripsit,
2485 4451 2541 4499 et
2566 4443 2893 4502 suﬂicienter
2922 4448 3177 4505 inveniet.

2773 4554 3000 4614 CAPUT
3039 4522 3255 4617 xxxu‘.

2795 4648 2877 4706 De
2901 4651 3215 4710 humilitate.

2285 4759 2513 4833 (Basil.)
2543 4760 2829 4819 Humilitas
2855 4764 3072 4835 quidem
3101 4767 3219 4822 hac
3247 4778 3354 4835 est,
3392 4724 3457 4825 ut
3486 4786 3677 4829 omnes
3696 4772 3777 4827 bo-

2210 4850 2389 4909 mines
2411 4856 2741 4909 aestimemus
2769 4856 3077 4925 superiores
3116 4858 3294 4926 nobis,
3334 4870 3393 4916 et
3414 4865 3670 4922 omnibus
3699 4879 3778 4920 nos

2214 4938 2501 5000 inferiores
2547 4954 2603 5001 et
2638 4947 2858 5004 viliores
2895 4966 3002 5007 non
3044 4939 3220 5009 solum
3261 4954 3454 5012 humili
3488 4959 3779 5029 pmnuntie-

2212 5048 2335 5089 mus
2364 5049 2647 5103 sermone,
2694 5041 2792 5095 sed
2836 5041 2999 5098 etiam
3048 5043 3240 5102 intimo
3284 5049 3580 5108 credamus
3621 5051 3777 5109 cordis

2206 5124 2422 5183 aﬂ‘ectu.

2677 5219 2681 5223 ’
2738 5222 2968 5280 CAPUT
3024 5225 3263 5285 XXXIII.

2666 5313 2747 5370 De
2798 5314 2957 5372 laude
3002 5317 3334 5379 humilitatis.

2280 5424 2539 5483 Dominus
2567 5441 2631 5484 ac
2661 5426 2993 5502 Redemptor
3018 5447 3207 5494 noster
3240 5446 3302 5494 ut
3335 5439 3404 5495 ad
3432 5441 3776 5498 humilitatem

2207 5533 2308 5575 nos
2333 5530 2670 5590 provocarat,
2695 5537 2795 5594 per
2817 5524 3171 5600 Evangelium
3199 5547 3358 5590 suum
3381 5532 3619 5593 formam
3641 5535 3777 5593 nobis

2205 5607 2527 5666 humilitatis
2560 5613 2819 5681 ostendit,
2847 5616 3066 5675 dicens:
3094 5620 3292 5679 Discite
3320 5641 3354 5680 a
3381 5642 3463 5681 me
3487 5630 3616 5699 quia
3655 5625 3777 5681 mitis

2176 5716 2322 5759 ‘sum
2341 5714 2389 5759 et
2418 5704 2633 5761 humilis
2670 5708 2858 5777 corde,
2887 5719 2936 5765 et
2963 5713 3233 5772 invenietis
3255 5721 3484 5789 requiem
3516 5718 3776 5776 animabus

2206 5798 2385 5853 vestris
2410 5796 2626 5869 (Matth.
2654 5800 2754 5872 xl).
2781 5800 2899 5873 Ipse
2933 5807 3132 5862 etenim
3154 5822 3251 5879 per
3277 5812 3600 5880 prophetam
3626 5810 3773 5868 dicit:
