4020 6338
209 325 320 383 905

1170 324 1258 380 DE
1291 323 1684 379 VARIETATE
1726 320 2096 378 LIBIIOilUM.
2137 349 2205 358 —
2242 318 2368 372 LIB.
2406 317 2470 372 ll.

3357 311 3461 367 906

205 439 296 494 Ad
319 455 468 510 quem
489 447 661 494 autem
683 439 970 509 respiciam,
1008 438 1108 492 nisi
1133 437 1200 490 ad
1222 436 1468 491 humilem
1489 447 1535 491 et
1559 438 1786 506 quietum
1816 441 1861 496 Α
1889 431 2029 500 ﬁlius
2052 438 2292 484 nascetur
2313 426 2491 480 domui
2530 424 2719 489 David,
2746 423 2923 478 J’osias
2946 423 3170 486 nomine,
3197 431 3245 476 et
3277 422 3464 476 immo-

205 541 261 588 et
290 539 586 585 trementem
610 546 868 584 sermones
895 545 1033 582 meos
1053 530 1078 581 ?
1099 527 1234 599 (lsa.
1266 527 1413 598 LXVI)
1441 527 1576 582 Hinc
1603 528 1788 581 beatus

206 621 409 678 Petrus
442 621 714 691 apostolus
743 621 818 675 ait
847 636 862 674 :
905 620 1096 675 Omnes
1121 630 1294 674 autem
1334 621 1549 675 invicem
1583 619 1790 674 humili-

202 720 369 766 tatem
384 711 665 766 insinuate.
692 709 830 777 Quia
851 711 1245 780 Deus'superbis
1272 709 1788 773 resistit,humilibus

203 811 388 856 autem
417 801 506 854 dat
533 803 757 872 gratiam
781 800 832 872 (Ι
853 800 998 855 Petr.
1018 801 1092 868 v).
1117 800 1246 856 Esto
1267 800 1321 854 in
1343 799 1646 855 humilitate
1671 797 1790 852 fun-

204 890 390 954 datus,
417 898 534 945 esto
566 891 806 946 omnium
834 891 1175 946 novissimus.
1213 890 1444 946 Humilia
1471 900 1525 947 te
1553 899 1612 946 ut
1639 889 1785 944 exal-

205 978 365 1035 teris.
402 978 681 1034 Minimum
716 989 767 1036 te
801 980 887 1036 fac
915 981 1197 1046 omnibus,
1229 981 1359 1036 nulli
1389 991 1442 1036 te
1465 995 1746 1052 pmponas
1769 1020 1784 1046 ,

203 1070 346 1126 nulli
382 1078 433 1126 te
461 1072 792 1142 superiorem
830 1073 1073 1143 deputes.
1124 1070 1359 1128 IEstima
1389 1088 1581 1128 omnes
1623 1085 1786 1140 supe-

200 1162 386 1217 riores
415 1177 536 1216 esse
561 1162 678 1227 tibi,
711 1164 960 1232 quamvis
1001 1179 1244 1219 summus
1283 1164 1375 1220 sis.
1419 1162 1787 1218 Humilitatem

207 1263 336 1309 tene
358 1294 373 1318 ,
402 1255 529 1324 quia
571 1255 619 1310 si
657 1255 1014 1310 humilitatem
1061 1257 1297 1311 tenueris
1319 1296 1335 1322 ,
1363 1254 1628 1326 gloriosus
1655 1254 1784 1309 eris.

207 1343 484 1411 Quantum
515 1343 659 1398 enim
704 1344 956 1400 humilior
981 1343 1170 1410 fueris,
1213 1352 1417 1398 tantum
1451 1353 1502 1399 te
1543 1342 1788 1414 sequitur

207 1434 440 1490 altitudo
461 1432 664 1505 gloriae.
693 1434 967 1490 Descende
995 1443 1055 1489 ut
1089 1433 1352 1490 ascendas
1372 1473 1387 1499 ,
1417 1433 1698 1488 humiliare
1730 1438 1788 1486 ut

203 1524 482 1589 exalteris,
507 1538 574 1579 ne
616 1524 886 1580 exaltatus
912 1524 1232 1579 humilieris.
1277 1523 1562 1578 Humilitas
1604 1529 1785 1576 autem

203 1629 394 1671 casum
423 1613 616 1679 nescit,
643 1613 919 1669 humilitas
944 1613 1152 1684 lapsum
1185 1629 1290 1667 non
1317 1612 1483 1667 novit.
1513 1611 1614 1680 Qui
1641 1610 1787 1665 enim

203 1704 312 1760 sibi
338 1703 458 1760 vilis
484 1711 568 1760 est
591 1711 718 1761 ante
743 1703 910 1760 Deum
941 1719 1169 1776 magnus
1195 1713 1296 1758 est.
1338 1703 1404 1757 Et
1431 1703 1522 1772 qui
1554 1701 1788 1758 sibi‘dis—

1889 521 2012 574 labit
2036 535 2192 590 super
2219 528 2266 572 te
2312 517 2604 572 sacerdotes
2648 513 2968 570 excelsorum
3018 511 3134 582 (III
3163 510 3286 582 Reg.
3319 512 3459 583 xui).

1890 607 2026 663 Hinc
2055 616 2141 661 est
2167 607 2309 674 quod
2364 605 2548 658 Achab
2600 603 2880 672 superbus,
2928 601 3190 655 idolorum
3242 601 3462 656 servitio

1890 697 2167 758 subactus,
2197 710 2320 750 cum
2352 695 2630 761 increpare
2656 692 2826 746 Eliam
2850 691 3421 762 prtesumeret,dicens
3445 708 3460 746 :

1893 787 1973 842 Tu
2020 805 2072 842 es
2101 786 2189 840 ille
2229 787 2317 858 qui
2356 784 2631 839 conturbas
2664 783 2872 837 Israel?
2909 783 3053 838 Elias
3079 784 3325 853 protinus
3373 799 3462 838 su-

1887 880 2041 950 perbi
2070 880 2213 950 regis
2243 877 2523 934 stultitiam
2554 875 2927 945 objurgatione
2957 874 3140 930 libera:
3174 875 3468 929 auctorita-

1889 971 1958 1024 tis
1984 969 2270 1040 percussit,
2295 968 2481 1023 dicens
2507 981 2520 1020 :
2554 965 2675 1019 Non
2700 982 2790 1034 ego
2817 964 3021 1018 turbavi
3061 963 3253 1029 Israel,
3276 964 3366 1018 sed
3409 973 3465 1017 tu

1887 1072 1932 1116 et
1958 1061 2144 1116 domus
2173 1060 2337 1130 patris
2401 1058 2500 1122 tui,
2537 1057 2624 1128 qui
2670 1055 3014 1124 dereliquistis
3062 1053 3315 1108 mandata
3364 1053 3468 1108 Do-

1887 1153 2037 1216 mini,
2065 1161 2113 1205 et
2136 1152 2297 1206 secuti
2321 1151 2443 1204 estis
2463 1146 2672 1203 Baalim
2702 1145 2822 1218 (III
2855 1145 3174 1217 Regavm).
3211 1145 3348 1200 Hinc
3381 1154 3467 1200 est

1889 1242 2033 1313 quod
2062 1242 2274 1297 Eliseus
2301 1255 2484 1296 veram
2522 1238 2761 1309 magistri
2793 1237 3166 1293 celsitudinem
3211 1253 3464 1306 sequens,

1886 1335 2133 1395 eumdem
2163 1333 2352 1388 Achab
2385 1332 2452 1386 ad
2481 1347 2540 1386 se
2567 1347 2687 1386 cum
2717 1330 2978 1400 Josaphat
3007 1345 3133 1401 rege
3161 1330 3465 1390 venientem

1885 1442 1952 1481 ex
2007 1433 2162 1480 reatu
2205 1424 2452 1496 perfidiae
2505 1422 2769 1487 confudit,
2823 1421 3051 1476 dicens:
3089 1420 3228 1486 Quid
3275 1421 3368 1475 tibi
3416 1433 3464 1476 et

1885 1517 2055 1570 mihi?
2092 1515 2236 1570 Vade
2258 1517 2326 1569 ad
2347 1515 2621 1585 prophetas
2641 1514 2807 1584 patris
2838 1513 2914 1565 tui
2939 1523 2984 1566 et
3002 1514 3186 1566 matris
3208 1510 3333 1566 tuw.
3353 1513 3420 1566 Et
3448 1528 3462 1566 :

1895 1607 2028 1662 Vivit
2057 1607 2313 1664 Dominus
2366 1606 2688 1660 exercituum
2749 1606 2806 1659 in
2849 1603 2998 1674 cujus
3040 1615 3312 1675 conspectu
3360 1615 3464 1669 sto,

1887 1700 2026 1772 quod
2058 1700 2103 1754 si
2133 1716 2238 1753 non
2269 1696 2466 1752 vultum
2490 1696 2744 1766 Iosaphat
2769 1697 2900 1766 regis
2914 1694 3072 1749 Iuda:
3093 1697 3464 1759 erubescerem,

202 1796 368 1867 plicet
409 1795 521 1850 Deo
558 1795 751 1867 placet.
779 1797 908 1853 Esto
935 1798 1098 1868 igitur
1128 1812 1327 1868 parvus
1353 1797 1406 1852 in
1436 1796 1608 1852 oculis
1637 1797 1778 1862 tuis,
1810 1786 1858 1847 B
1887 1808 1976 1845 nec
2006 1791 2340 1845 attendissem
2366 1788 2576 1860 quidem
2611 1799 2681 1847 te.
2714 1804 2804 1840 nec
2834 1787 3171 1855 respexissent
3199 1785 3249 1857 (Ι
3270 1783 3305 1836 γ
3331 1785 3460 1855 Reg.

203 1898 268 1945 ut
291 1889 367 1946 sis
392 1905 618 1961 magnus
640 1890 695 1946 in
719 1889 889 1946 oculis
919 1890 1034 1946 Dei.
1074 1890 1304 1944 Tantum
1329 1889 1474 1946 enim
1517 1889 1626 1944 eris
1656 1897 1781 1943 ante

203 1978 373 2033 Deum
403 1981 709 2051 pretiosior,
739 1991 1000 2051 quantum
1050 1979 1217 2036 fueris
1266 1988 1391 2035 ante
1432 1979 1616 2035 oculos
1662 1987 1782 2034 tuos

202 2071 526 2142 despectior.
575 2073 739 2128 Porta
782 2088 998 2144 quoque
1043 2088 1254 2142 semper
1299 2073 1677 2127 verecundiam
1727 2071 1781 2126 in

203 2161 356 2216 vultu
389 2163 455 2217 de
487 2162 861 2218 recordatione
896 2163 1124 2233 peccati.
1156 2161 1336 2217 Pulvis
1363 2177 1454 2227 es,
1484 2161 1537 2215 in
1563 2160 1784 2231 pulvere

204 2255 353 2309 sede.
384 2252 532 2309 Cinis
577 2269 659 2321 es,
706 2255 760 2310 in
801 2255 984 2310 cinere
1028 2255 1168 2310 vive.
1217 2254 1274 2308 In
1325 2269 1536 2310 summo
1579 2254 1782 2308 honore

204 2357 416 2397 summa
466 2344 560 2399 tibi
607 2343 678 2400 sit
717 2345 1017 2411 humilitas,
1063 2361 1170 2400 non
1217 2354 1270 2400 te
1315 2345 1538 2400 extollat
1589 2345 1778 2399 honor.

206 2432 379 2490 Tanto
406 2434 596 2504 majori
619 2427 918 2493 humilitate
938 2438 1250 2510 perspicuus
1272 2448 1411 2504 esto,
1441 2447 1642 2508 quanto
1672 2453 1783 2491 ma-

203 2523 288 2594 gis
311 2522 482 2580 lueris
509 2526 772 2597 dignitate
798 2527 1078 2600 praelatus.
1114 2526 1316 2600 (ϐυ-ες.)
1355 2526 1580 2591 Occasio
1618 2527 1783 2597 igitur

201 2616 526 2686 perditionis
565 2625 764 2674 nostrae
805 2618 949 2674 facta
977 2626 1059 2674 est
1095 2620 1344 2690 superbia
1371 2619 1590 2685 diaboli,
1615 2627 1670 2673 et
1693 2633 1782 2672 ar-

203 2713 517 2776 gumentum
543 2708 927 2779 redemptionis
949 2718 1149 2765 nostrae
1170 2710 1386 2766 inventa
1406 2717 1489 2766 est
1508 2709 1781 2766 humilitas

204 2800 320 2856 Dei.
349 2799 530 2857 Hostis
559 2802 703 2857 enim
730 2811 917 2859 noster
948 2803 1091 2858 inter
1117 2804 1301 2858 omnia
1329 2804 1581 2860 conditus
1605 2802 1780 2859 videri

203 2906 369 2961 super
389 2891 570 2947 omnia
596 2891 762 2970 voluit
787 2891 988 2958 elatus,
1031 2892 1361 2963 Redemptor
1385 2901 1565 2948 autem
1592 2900 1780 2948 noster

201 2995 434 3051 magnus
461 2996 683 3038 manens
707 2996 872 3053 super
896 2984 1076 3038 omnia
1097 3023 1114 3048 ,
1160 2982 1276 3037 lieri
1311 2982 1452 3037 inter
1477 2982 1658 3038 omnia
1705 2981 1780 3038 di-

202 3077 401 3140 gnatus
427 3079 512 3126 est
537 3085 753 3142 parvus.
781 3071 922 3142 Ergo
951 3072 1161 3127 dicatur
1181 3071 1488 3136 humilibus,
1503 3072 1628 3142 quia
1649 3072 1777 3128 dum

1886 1880 1993 1953 ιιι).
2022 1880 2161 1936 Hinc
2203 1888 2287 1936 est
2321 1879 2464 1948 quod
2523 1878 2664 1931 idem
2713 1877 2796 1930 vir
2834 1877 3072 1930 Naamau
3122 1877 3188 1930 ad
3235 1891 3292 1929 se
3340 1892 3463 1930 cum

1885 1971 2041 2042 equis
2079 1981 2134 2026 et
2179 1969 2409 2024 cunibus
2451 1970 2756 2023 venientem
2811 1976 2935 2020 ante
2981 1967 3178 2022 ostium
3226 1965 3364 2030 tixit,
3413 1977 3468 2020 et

1886 2062 2210 2116 talentorum
2248 2060 2401 2130 copia
2432 2074 2497 2114 ac
2524 2060 2752 2114 vestium
2780 2056 2915 2112 fulto
2943 2072 3049 2112 non
3071 2057 3334 2121 occurrit,
3359 2071 3466 2111 non

1878 2150 2104 2221 januam
2152 2151 2343 2206 domus
2387 2151 2619 2220 aperuit,
2663 2149 2758 2204 sed
2807 2157 2867 2202 ut
2915 2147 3098 2202 lavare
3146 2146 3343 2215 septies
3409 2147 3463 2200 in

1883 2241 2118 2297 Iordane
2137 2240 2412 2296 debuisset
2432 2254 2530 2310 per
2555 2239 2802 2294 nuntium
2831 2239 3012 2307 jussit.
3052 2237 3205 2292 Unde
3236 2246 3290 2291 et
3323 2237 3464 2290 idem

1885 2329 2128 2385 Naaman
2171 2331 2342 2385 iratus
2386 2329 2673 2384 recedebat
2728 2328 2914 2383 dicens
2963 2346 2974 2382 :
3025 2327 3287 2381 Putabam
3325 2327 3464 2397 quod

1885 2418 2214 2490 egrederetur
2233 2418 2302 2471 ad
2332 2433 2410 2471 me
2437 2415 2486 2488 (I
2506 2415 2543 2468 V
2571 2415 2700 2487 Reg.
2730 2414 2806 2487 v).
2838 2415 2975 2471 Hinc
2995 2424 3080 2471 est
3100 2415 3244 2485 quod
3272 2414 3468 2470 Petrus

1885 2525 2008 2565 cum
2035 2525 2157 2566 eum
2197 2509 2507 2564 sacerdotes
2535 2517 2590 2563 et
2616 2507 2913 2578 principes,
2941 2507 3105 2562 etiam
3136 2521 3233 2576 per
3260 2505 3467 2576 ﬂagella

1885 2601 2190 2666 saevientes,
2214 2601 2269 2655 in
2312 2598 2439 2655 Iesu
2486 2600 2706 2655 nomine
2749 2598 2894 2669 loqui
2941 2598 3308 2669 prohiberent,
3342 2613 3464 2654 cum

1884 2708 2078 2763 magna
2113 2693 2359 2766 protinus
2417 2693 2747 2749 auctoritate
2810 2691 3099 2764 respondit
3137 2694 3322 2750 dicens
3357 2712 3370 2747 :
3405 2694 3467 2749 Si

1872 2785 2080 2855 justum
2103 2793 2177 2836 est
2218 2783 2272 2836 in
2314 2791 2590 2852 conspectu
2620 2781 2753 2848 Dei,
2779 2799 2865 2837 uos
2893 2784 3066 2853 potius
3093 2783 3276 2838 audire
3309 2799 3469 2854 quam

1882 2874 2070 2940 Deum,
2115 2874 2376 2944 judicate.
2411 2871 2536 2927 Non
2587 2875 2725 2928 enim
2759 2890 3036 2943 possumus
3085 2890 3202 2944 quce
3246 2873 3468 2928 vidimus

1883 2973 1930 3020 et
1953 2963 2246 3018 audivimus
2270 2979 2374 3018 non
2399 2962 2542 3032 loqui
2582 2963 2724 3034 (Act.
2756 2963 2856 3036 tv).
2882 2962 3019 3019 Hinc
3048 2973 3135 3019 est
3157 2964 3300 3034 quod
3331 2963 3470 3018 Pau-

1884 3052 1969 3108 lus
2003 3069 2124 3107 cum
2161 3053 2501 3108 resistentem
2543 3061 2728 3108 contra
2783 3053 3070 3108 veritatem
3125 3042 3469 3111 sacerdotum

204 3136 265 3215 ge
285 3136 564 3230 dejiciunt,
590 3162 656 3218 ad
676 3162 770 3218 Dei
797 3136 1201 3218 similitudinem
1223 3136 1536 3218 ascendunt:
1561 3162 1781 3217 Dicatur
1805 3136 1852 3199 Ο
1881 3143 2180 3214 Principem
2233 3152 2500 3208 cerneret.
2550 3158 2782 3212 eumque
2831 3145 3081 3199 miniswr
3117 3145 3266 3201 illius
3312 3145 3467 3216 alapa

201 3249 384 3317 elatis,
421 3252 548 3323 quia
585 3253 715 3307 dum
743 3267 805 3309 se
831 3252 1067 3324 erigunt,
1092 3253 1148 3308 in
1178 3259 1436 3324 apostata:
1461 3251 1634 3324 angeli
1663 3253 1784 3309 imi-

205 3342 469 3398 tationem
499 3342 718 3398 cadunt.

739 3472 969 3532 CAPUT
1005 3473 1245 3531 XXXIV.

205 3578 363 3646 Quod
383 3541 481 3650 per
506 3581 872 3654 auctoritatem
900 3583 1212 3654 humilitatis
1243 3581 1412 3636 sancti
1459 3583 1559 3638 uiri
1603 3582 1782 3654 culpas

679 3651 1088 3722 delinquentium
1115 3653 1328 3722 feriunt.

283 3784 467 3840 Sancti
483 3785 628 3842 enim
640 3786 743 3842 viri
762 3801 862 3858 per
883 3787 1258 3844 auctoritatem
1281 3788 1602 3845 humilitatis
1624 3789 1784 3845 nullis

203 3876 566 3947 potestatibus
589 3885 776 3932 contra
801 3877 1081 3934 veritatem
1103 3880 1386 3951 agentibus
1405 3891 1653 3951 parcunt.
1679 3880 1786 3938 Sed

205 3985 344 4040 quos
369 3969 542 4025 attolli
566 3984 665 4040 per
685 3969 974 4026 elationem
1015 3971 1374 4042 conspiciunt,
1417 3987 1519 4042 per
1562 3973 1785 4044 spiritus

203 4059 585 4115 auctoritatem
608 4067 880 4130 premunt.
911 4059 1048 4115 Ilinc
1070 4069 1154 4116 est
1174 4060 1318 4116 enim
1344 4061 1487 4132 quod
1513 4076 1543 4115 a
1571 4061 1786 4117 deserto
1810 4120 1820 4128 _

205 4149 420 4222 Moyses
448 4150 670 4207 veniens
694 4150 935 4224 Egypti,
957 4167 1137 4224 regem
1158 4166 1224 4208 ex
1249 4153 1566 4208 auctoritate
1593 4168 1786 4224 aggre-

207 4241 355 4295 ditur
377 4241 562 4297 dicens
593 4258 606 4294 :
637 4240 761 4297 Haec
783 4242 912 4298 dicit
938 4241 1194 4298 Dominus
1220 4241 1365 4298 Deus
1388 4242 1737 4300 Hebraeorum
1769 4259 1785 4298 :

207 4332 506 4404 Usquequo
541 4349 650 4389 non
701 4335 784 4390 vis
825 4334 1019 4406 subjici
1064 4335 1235 4389 mihi?
1279 4334 1498 4390 Dimitte
1533 4333 1788 4405 populum

207 4440 390 4480 meum
418 4433 479 4480 ut
507 4425 777 4482 sacriﬁcet
815 4426 965 4481 mihi.
1012 4424 1109 4480 Cui
1139 4425 1266 4480 dum
1295 4425 1467 4497 plagis
1497 4439 1788 4496 oppressus

1884 3231 2262 3303 percussisset,
2287 3247 2393 3285 non
2415 3230 2760 3286 maledictum
2789 3233 3133 3303 perturbatus
3155 3233 3464 3297 intulit,sed

1885 3320 2122 3390 repletus
2156 3320 2383 3390 Spiritu,
2435 3319 2605 3375 libera
2638 3333 2770 3375 voce
2816 3321 3180 3391 prophetavit,
3229 3322 3416 3376 dicens
3452 3339 3464 3376 :

1885 3407 2150 3463 Percutiet
2177 3417 2226 3462 te
2245 3407 2407 3472 Deus,
2435 3409 2608 3477 paries
2637 3409 2876 3464 dealbate
2903 3425 2922 3464 :
2952 3419 3000 3464 et
3028 3420 3086 3464 tu
3150 3409 3333 3466 sedens
3367 3412 3463 3482 ju-

1886 3498 2032 3552 dicas
2065 3513 2148 3552 me
2188 3498 2472 3552 secundum
2501 3497 2682 3569 legem,
2710 3508 2758 3552 et
2793 3509 2974 3554 contra
3003 3500 3166 3571 legem
3185 3501 3341 3572 jubes
3380 3518 3462 3556 me

1884 3587 2127 3658 percuti?
2157 3579 2294 3660 (Act.
2311 3588 2496 3660 nm.)
2526 3588 2664 3645 Hinc
2687 3591 2930 3660 estquod
2955 3592 3262 3662 Stephanus
3277 3604 3468 3648 contra

1883 3681 1995 3736 vim
2027 3681 2464 3753 persequentium
2491 3681 2869 3738 auctoritatem
2899 3684 3047 3739 vocis
3080 3700 3336 3740 exercere
3367 3701 3467 3742 nec

1887 3774 2182 3829 moriturus
2206 3773 2441 3844 expavit,
2476 3773 2661 3829 dicens
2699 3791 2711 3827 :
2747 3774 2896 3828 Dura
2943 3777 3137 3830 cervice
3198 3787 3246 3831 et
3301 3778 3466 3831 incir-

1886 3871 2126 3952 cumcisis
2157 3869 2400 3924 cordibus
2430 3879 2480 3922 et
2511 3868 2850 3935 auribus,vos
2875 3886 3074 3940 semper
3101 3868 3319 3937 Spiritui
3346 3889 3472 3925 san-

1887 3973 1970 4018 cto
1987 3964 2246 4018 restitistis
2276 3963 2412 4017 sicut
2426 3972 2473 4017 et
2499 3972 2673 4032 patres
2705 3964 2859 4017 vestri
2890 3964 3027 4034 (Act.
3056 3964 3173 4034 vn).
3210 3963 3315 4019 Sed
3343 3965 3470 4035 quia

1885 4054 2058 4110 sancti
2081 4055 2180 4109 viri
2208 4053 2274 4108 ad
2297 4054 2459 4109 verba
2487 4061 2648 4108 tantae
2696 4054 3017 4120 altitudinis,
3040 4057 3158 4111 zelo
3198 4058 3464 4123 veritatis,

1885 4157 1992 4198 non
2024 4155 2204 4200 autem
2237 4143 2372 4200 vitio
2421 4143 2674 4199 elationis
2719 4145 3013 4212 exsiliunt,
3064 4147 3164 4216 ipsi
3220 4156 3474 4217 patenter

1890 4235 2134 4290 indicant
2164 4235 2257 4307 qui
2297 4235 2454 4291 factis
2485 4237 2751 4304 dictisque
2797 4236 2936 4300 aliis,
2969 4246 3024 4292 et
3053 4247 3254 4306 quanta
3287 4240 3470 4294 humi-

1890 4324 2043 4380 litate
2071 4326 2327 4396 polleaut,
2357 4334 2413 4381 et
2441 4342 2569 4396 erga
2595 4342 2690 4382 eos
2713 4341 2850 4396 quos
2896 4328 3227 4397 redarguunt
3270 4339 3472 4398 quanta

1890 4416 2156 4472 charitate
2210 4416 2496 4482 ferveant,
2551 4418 2917 4473 manifestam.
2967 4418 3230 4489 Superbia
3273 4421 3472 4490 quippe

206 4516 424 4573 Pharao
452 4516 691 4573 diceret:
717 4517 817 4582 Ite,
847 4516 1150 4573 sacrificate
1170 4495 1485 4574 Deovestro
1512 4495 1780 4572 interra:
1811 4495 1867 4558 Ῑ)
1895 4508 2078 4564 odium
2125 4517 2371 4579 generat,
2424 4509 2699 4562 humilitas
2747 4523 3010 4564 amorem.
3067 4509 3241 4565 Verba
3290 4512 3472 4580 itaque

209 4617 372 4663 aucta
399 4609 647 4678 protinus
673 4609 995 4665 auctoritate
1026 4609 1303 4679 respondit
1329 4625 1343 4662 :
1371 4607 1489 4664 Non
1510 4615 1688 4678 potest
1709 4607 1783 4662 ita

209 4699 352 4766 ﬁeri,
383 4700 838 4756 abominationem
867 4701 1012 4756 enim
1063 4699 1440 4773 Egyptiorum
1488 4699 1788 4756 immolabi-

208 4801 334 4846 mus
357 4790 588 4847 Domino
625 4791 737 4846 Deo
769 4799 959 4846 nostro
988 4789 1185 4861 (Exod.
1209 4791 1286 4860 v).
1329 4789 1466 4846 Hinc
1510 4790 1653 4846 enim
1706 4799 1790 4846 est

209 4881 356 4952 quod
383 4889 695 4952 peccantem
719 4897 901 4952 regem
932 4880 1142 4936 Nathan
1173 4883 1503 4953 aggreditur,
1525 4882 1611 4938 cui
1638 4881 1790 4952 prius

210 4969 625 5026 similitudinem
657 4979 981 5041 perpetrata:
1025 4971 1487 5041 praevaricationis
1507 4970 1788 5040 objiciens,

213 5074 452 5129 eumque
474 5074 626 5115 reum
655 5074 754 5130 per
779 5059 984 5130 proprii
1000 5059 1189 5131 judicii
1213 5074 1399 5115 vocem
1430 5068 1643 5124 tenens,
1668 5073 1794 5128 pro-

213 5149 366 5205 tinus
408 5148 704 5219 subiunxit,
756 5151 984 5207 dicens:
1027 5149 1106 5205 Tu
1141 5167 1195 5206 es
1241 5148 1330 5204 ille
1361 5151 1440 5205 vir
1486 5150 1576 5221 qui
1624 5148 1795 5219 fecisti

212 5239 352 5293 hanc
381 5255 490 5295 rem
531 5238 618 5310 (ll
641 5239 767 5312 Reg.
791 5240 912 5312 xu).
956 5240 1096 5296 Hinc
1137 5249 1221 5296 est
1269 5239 1414 5311 quod
1449 5240 1532 5293 vir
1576 5238 1669 5293 Dei
1726 5238 1794 5291 ad

217 5329 602 5385 destruendam
633 5329 991 5386 idololatriam
1017 5329 1321 5385 Samariam
1372 5327 1592 5390 missus,
1640 5324 1796 5381 lere.

215 5419 378 5475 boam
425 5436 606 5492 regem
646 5436 808 5494 super
853 5421 1024 5476 altare
1052 5424 1210 5477 thura
1230 5420 1542 5490 iacientem,
1571 5433 1677 5474 non
1709 5433 1796 5473 re-

218 5525 342 5581 gem
371 5511 599 5578 veritus,
644 5527 751 5566 non
785 5510 1069 5567 formidine
1111 5512 1302 5568 mortis
1339 5525 1580 5582 pressus,
1607 5516 1796 5564 contra

221 5601 394 5656 altare
416 5603 716 5672 intrepidus
748 5603 1126 5658 auctoritatem
1149 5603 1330 5659 libera:
1355 5602 1503 5658 vocis
1530 5583 1797 5666 exercuit,

209 5693 408 5751 dicens
437 5709 453 5748 :
481 5694 681 5761 Altare,
730 5697 915 5760 altare,
962 5697 1071 5750 haec
1123 5696 1250 5750 dicit
1306 5695 1557 5750 Dominus
1599 5709 1617 5749 :
1663 5693 1801 5749 Ecce

543 5787 812 5848 Ρηιιοι..
857 5786 1134 5847 CXVIII.

1891 4616 2012 4672 qua:
2036 4617 2188 4656 amor
2229 4611 2534 4672 exasperat,
2565 4601 2810 4671 profecto
2851 4617 2918 4657 ex
2957 4601 3104 4658 fonte
3153 4603 3472 4660 humilitatis

1892 4701 2136 4748 manant.
2165 4693 2444 4761 Quomodo
2478 4708 2608 4761 ergo
2650 4692 2958 4762 Stephanus
2999 4695 3245 4765 proferre
3288 4698 3466 4753 incre-

1892 4786 2162 4857 pationem
2183 4801 2281 4855 per
2305 4785 2590 4840 elationem
2618 4786 2810 4856 potuit,
2837 4787 2926 4855 qui
2956 4802 3054 4857 pro
3078 4787 3302 4854 eisdem,
3327 4805 3466 4860 quos

1895 4877 2306 4947 increpaverat,
2334 4877 2401 4931 ad
2429 4877 2696 4931 deteriora
2724 4879 3112 4944 crescentibus,
3147 4895 3312 4950 seque
3337 4882 3473 4952 lapi-

1896 4965 2151 5021 dantibus
2185 4965 2337 5021 llcxis
2367 4967 2594 5038 genibus
2621 4967 2816 5030 oravit,
2855 4967 3043 5022 dicens
3080 4986 3093 5022 :
3130 4967 3374 5036 Domine,
3410 4992 3474 5027 ne

1894 5067 2096 5112 statuas
2158 5059 2264 5113 illis
2320 5059 2415 5113 hoc
2457 5058 2765 5129 peccatum?
2812 5058 2948 5129 (Act.
3013 5059 3134 5132 vu.)
3193 5061 3475 5130 Quomodo

1895 5145 2094 5201 Paulus
2121 5156 2309 5202 contra
2339 5139 2515 5218 gentis
2539 5163 2648 5202 suae
2682 5150 3017 5206 sacerdotem
3058 5167 3124 5207 ac
3167 5153 3467 5225 principem

1899 5235 2210 5304 asperitatis
2239 5235 2404 5291 verba
2432 5236 2771 5307 superbiens,
2799 5239 3002 5306 intulit,
3045 5242 3136 5312 qui
3169 5243 3476 5299 humilitate

1898 5341 1957 5381 se
2005 5325 2168 5380 etiam
2212 5325 2598 5397 discipulorum
2637 5329 2857 5383 servitio
2884 5330 3201 5395 substernit,
3233 5333 3420 5387 dicens
3461 5353 3473 5386 :

1899 5415 2025 5470 Non
2065 5417 2201 5470 enim
2230 5417 2563 5487 nosmetipsos
2589 5418 2955 5488 praedicamus,
2985 5420 3074 5474 sed
3108 5417 3290 5472 Iesum
3321 5420 3477 5474 Chri-

1899 5517 2036 5562 stum
2089 5507 2369 5562 Dominum
2407 5517 2662 5562 nostrum.
2693 5509 2806 5564 Nos
2835 5521 3009 5563 autem
3037 5509 3170 5563 servi
3199 5510 3352 5562 uestri
3380 5527 3472 5578 per

1902 5596 2206 5652 Christum?
2233 5597 2288 5670 (1
2318 5597 2438 5652 Cor.
2469 5599 2535 5671 ι.)
2557 5599 2834 5666 Quomodo
2889 5599 3081 5654 Petrus
3132 5612 3230 5668 per
3276 5598 3472 5654 elatio-

1902 5706 2026 5748 nem
2073 5691 2408 5763 principibus
2457 5693 2673 5758 restitit,
2719 5705 2948 5762 quorum
2979 5703 3221 5745 errorem
3249 5704 3463 5762 compa-

2915 5783 2994 5844 29
