4020 6338
633 244 736 302 907

1108 247 1463 310 HAYMONIS
1501 249 1980 308 HALBERSTAT.
2019 247 2234 304 EPISC.
2274 246 2429 335 ore.
2471 248 2652 307 rans
2684 249 2770 307 ιιι.
2811 222 3417 335 inscensum.

616 332 795 429 tiens,
829 363 974 420 velut
1009 375 1214 421 reatum
1245 376 1500 433 excusat,
1530 369 1715 425 dicens
1750 387 1762 423 :
1793 364 1912 424 Scio
1946 367 2070 440 quin
2117 383 2211 438 per
2236 365 2285 425 Α
2312 363 2540 433 ρθνρθιί,
2573 372 2760 420 comra
2803 370 2927 422 eum
2966 382 3179 437 quoque
3207 370 3298 440 qui
3345 371 3484 426 mala
3514 372 3752 447 irroga!
3790 372 3919 440 nullo

630 450 984 524 ignorantiam
1034 455 1247 526 fecistis,
1291 458 1423 512 sicut
1470 468 1517 513 et
1559 461 1818 530 principes
1849 459 2022 515 vestri.
2048 459 2207 526 Deus,

628 561 746 616 qua?
785 548 1151 617 prtrnuntiavit
1198 566 1290 620 per
1332 556 1389 605 as
1439 550 1671 607 omnium
1700 553 2068 623 prophetarum
2097 552 2210 622 pati

631 637 897 693 Christum
921 657 1095 705 suum,
1123 640 1348 712 implevit
1376 642 1451 697 sic
1480 644 1619 715 (Act.
1646 644 1750 714 ιιι).
1777 643 1923 712 Quos
1946 645 2011 701 ad
2037 645 2207 700 vitam

618 731 995 787 misericordia
1045 734 1233 799 trahit,
1278 735 1464 791 dicens
1512 755 1525 791 :
1580 733 1909 792 Paenitemini
1955 738 2118 809 igitur
2157 747 2207 794 et

626 820 1008 887 convertimini,
1067 833 1123 877 ut
1171 822 1447 879 deleantur
1488 838 1702 899 peccata
1764 838 1935 883 vestra
1993 826 2201 902 (Ibid.).

622 910 902 979 Quomodo
949 912 1159 969 Eliseus
1209 915 1394 972 videre
1437 915 1676 973 Naaman
1727 933 1794 973 ex
1835 918 2066 976 elatione
2105 936 2201 977 n0"-

620 1003 742 1069 luit,
770 1005 861 1075 qui
905 1021 1013 1062 non
1041 1006 1213 1063 solum
1244 1025 1301 1064 se
1336 1010 1596 1081 conspici,
1624 1010 1718 1066 scd
1751 1011 1923 1067 teneri
1947 1028 2005 1068 se
2039 1014 2201 1069 etiam

622 1111 651 1148 a
684 1094 932 1160 muliere,
962 1099 1243 1167 permisit?
1284 1101 1360 1156 De
1386 1118 1488 1173 qua
1512 1102 1772 1173 scriptum
1801 1112 1885 1159 est
1918 1123 1930 1159 :
1965 1102 2201 1177 Cumque

618 1186 833 1241 venisset
869 1188 938 1241 ad
975 1189 1144 1244 virum
1181 1188 1280 1245 Dei
1314 1191 1370 1246 in
1424 1203 1615 1260 monte,
1672 1196 2009 1266 apprehendit
2045 1196 2201 1269 pedes

616 1277 751 1345 ejus,
783 1288 831 1334 et
865 1281 1083 1334 accessit
1113 1277 1257 1336 Giezi
1288 1294 1341 1336 ut
1373 1295 1629 1339 amoveret
1662 1303 1798 1341 eam.
1832 1285 1900 1343 Et
1938 1288 2012 1342 ait
2045 1288 2199 1343 honto

614 1367 753 1426 Dei:
787 1369 1001 1427 Dimitte
1029 1371 1195 1433 illam,
1221 1376 1397 1429 anima
1432 1377 1569 1431 enim
1602 1376 1716 1448 ejus
1750 1378 1804 1433 in
1849 1380 2200 1435 amaritudine

612 1470 687 1516 est
736 1459 843 1533 (IV
886 1460 1013 1535 Reg.
1054 1462 1152 1536 iv).
1197 1463 1475 1532 Quomodo
1504 1466 1647 1523 Elias
1691 1469 1924 1541 superbo
1973 1471 2085 1542 regi
2119 1472 2199 1525 in-

612 1551 944 1621 crepationis
971 1553 1133 1607 verba
1170 1563 1391 1625 propter
1426 1566 1688 1611 tumorem
1719 1556 1921 1625 intulit,
1953 1559 2043 1630 qui
2072 1568 2199 1616 ante

610 1638 752 1696 illius
774 1656 992 1696 currum
1021 1640 1298 1698 humiliter
1324 1647 1584 1711 cucurrit,
1619 1644 1760 1702 sicut
1781 1648 2042 1718 scriptum
2070 1661 2190 1704 est:

609 1730 987 1803 Accinctusque
1008 1732 1196 1787 lumbis
1220 1734 1460 1789 currebat
1503 1746 1623 1791 ante
1661 1736 1878 1792 Achab?
1907 1733 2040 1809 (III
2063 1738 2193 1811 Reg.
2222 1732 2293 1807 BI

608 1822 753 1891 χιιι.)
802 1822 1083 1891 Quomodo
1129 1824 1412 1882 Jeroboam
1453 1830 1796 1897 praesentiam
1847 1846 1914 1886 ex
1961 1830 2194 1890 elatione

608 1913 882 1984 despexit,
917 1916 1009 1986 qui
1044 1925 1285 1973 arentem
1317 1914 1562 1972 dextram
1603 1917 1720 1988 ejus
1747 1918 1909 1976 saluti
1952 1922 2193 1993 pristinae

603 2005 851 2074 protinus
879 2022 947 2062 ex
974 2008 1176 2079 pietate
1212 2010 1514 2081 reparavit,
1565 2011 1707 2067 sicut
1753 2013 2015 2085 scriptum
2054 2025 2139 2070 est
2173 2014 2186 2071 ξ

603 2095 835 2167 Cumque
864 2100 1095 2156 audisset
1152 2119 1244 2158 rex
1285 2120 1576 2160 sermonem
1622 2105 1847 2162 hominis
1888 2105 2006 2175 Dei,
2037 2105 2189 2181 quem

602 2192 919 2249 clamaverat
954 2205 1135 2252 contra
1172 2194 1340 2252 altare
1380 2199 1434 2253 in
1472 2197 1676 2266 Bethet,
1702 2201 1932 2256 extendit
1972 2196 2192 2257 manuni

599 2303 753 2340 suam
774 2286 839 2341 de
859 2285 1038 2354 altari,
1065 2288 1242 2352 dicens
1269 2306 1287 2345 :
1313 2290 1691 2361 Apprehendite
1720 2310 1859 2359 eum,
1903 2304 1952 2349 et
1981 2284 2187 2350 exaruit

600 2392 789 2431 manus
817 2377 976 2447 ejus?
1004 2372 1193 2451 (Ibid.)
1222 2379 1289 2434 Et
1327 2380 1487 2451 paulo
1518 2390 1639 2451 post
1678 2400 1689 2435 :
1731 2381 1912 2437 Oravit
1962 2386 2038 2438 vir
2087 2382 2186 2469 Dei

599 2467 786 2537 faciem
806 2468 1040 2536 Domini,
1064 2480 1113 2525 et
1144 2487 1344 2525 reversa
1373 2482 1447 2528 est
1473 2489 1661 2526 manus
1685 2474 1799 2545 ejus
1842 2475 1911 2529 ad
1955 2493 2095 2540 eum,
2135 2467 2183 2531 et
2218 2514 2227 2521 ρ

599 2559 741 2628 facta
794 2572 871 2616 est
900 2563 1033 2646 sicut
1070 2566 1217 2632 prius
1261 2563 1436 2635 fuerat
1473 2564 1681 2638 (Ibid).
1737 2565 1891 2651 Quia
1932 2568 2183 2651 superbia

595 2651 815 2723 gignere
843 2643 1073 2709 virtutes
1102 2654 1295 2720 nescit,
1325 2665 1528 2726 quanta
1559 2672 1625 2713 ex
1654 2646 1957 2715 humilitate
1980 2644 2181 2730 prodiit

598 2756 702 2795 vox
737 2742 1123 2812 iucrepationis
1153 2744 1487 2811 Ostenditur,
1515 2763 1677 2817 quam
1726 2750 1877 2819 signa
1920 2751 2182 2804 comitan-

597 2842 704 2885 tur.
733 2828 1016 2900 Quomodo
1040 2826 1253 2890 Natban
1284 2849 1471 2893 contra
1497 2839 1664 2893 David
1689 2855 1870 2910 regem
1895 2854 1993 2911 per
2014 2842 2196 2897 verba'

595 2921 979 2992 iucrepationis
1010 2925 1228 2990 tumuit,
1273 2927 1366 2997 qui
1408 2943 1530 2981 cum
1575 2928 1901 2997 increpanda
1934 2927 2091 3000 Culpa
2123 2930 2177 2988 in

594 3021 796 3067 terram
832 3012 948 3082 ejus
980 3004 1290 3084 conspwtui
1322 3032 1525 3086 pronus
1569 3020 1797 3085 stravit,
1850 3019 1991 3076 sicut
2044 3008 2185 3104 seri-7'

595 3092 747 3173 ptum
779 3104 1309 3162 estzNuntiaverunt
1340 3109 1452 3177 regi
1482 3100 1752 3166 dicentes:
1781 3100 1945 3167 Adest
1970 3100 2184 3171 Natban
2209 3103 2257 3167 C

595 3196 891 3267 propheta;
922 3214 1154 3269 cumque
1183 3199 1459 3255 introisset
1489 3192 1615 3256 ante
1636 3212 1985 3275 conspectum
2012 3206 2181 3278 regis,

589 3287 835 3343 adoravit
883 3289 1033 3369 illum
1087 3290 1291 3361 pronus
1337 3291 1392 3346 in
1431 3293 1612 3348 terra?
1658 3292 1938 3361 Quomodo
1966 3280 2181 3369 Moyses

591 3374 703 3446 regi
739 3366 993 3448 Egyptio
1028 3379 1195 3461 libere
1233 3380 1492 3437 resistens
1517 3398 1641 3437 eum
1667 3385 1949 3455 despicere
1977 3366 2177 3461 potuit,

594 3469 698 3540 qui'
724 3471 834 3526 Deo
862 3456 1202 3528 familiariter
1215 3473 1551 3543 colloquens,
1576 3487 1890 3545 sequentem
1915 3492 1974 3533 se
1989 3456 2180 3549 Jetbro

588 3564 881 3630 cognatum
925 3563 1147 3618 humilis
1194 3563 1471 3639 adoravit,
1527 3566 1683 3647 cujus
1732 3568 1897 3622 etiam
1950 3570 2177 3639 consilio

588 3662 791 3708 tantam
851 3655 1212 3711 obedientiam
1260 3656 1513 3728 praebuit,
1566 3666 1626 3712 ut
1671 3667 1795 3728 post
1835 3668 2046 3717 secreta
2078 3650 2181 3733 Dei,

585 3743 852 3814 colloquia
877 3760 1133 3817 magnum
1154 3746 1367 3803 lucrum
1396 3748 1643 3818 duceret,
1670 3751 1813 3820 quod
1835 3744 1968 3807 foris
1992 3748 2060 3806 ab
2080 3768 2178 3829 ore

488 3876 491 3877 ν
586 3836 822 3906 hominis
858 3839 1107 3894 audiret?
1157 3840 1238 3896 Ex
1283 3841 1408 3898 aliis
1456 3858 1588 3915 ergo
1643 3853 1955 3900 sanctorum
2017 3847 2177 3925 factis

584 3926 844 4015 discimus
904 3929 1034 3997 quid
1078 3930 1144 3985 de
1175 3931 1296 3988 aliis
1345 3948 1578 4009 pensare
1617 3935 1929 3993 debeamus.
1986 3937 2179 4015 Sancti

590 4014 794 4069 etenim
843 4016 946 4070 viri
993 4031 1095 4072 nec
1138 4032 1206 4072 ex
1255 4019 1492 4075 elatione
1542 4032 1669 4077 sunt
1713 4024 1895 4091 liberi,
1943 4041 2044 4082 nec
2104 4014 2179 4107 ex;

584 4096 780 4169 timore
829 4108 1109 4174 submissi,
1139 4109 1234 4165 sed
1284 4126 1407 4166 cum
1433 4126 1529 4166 eos
1558 4114 1825 4192 rectitude
1850 4116 1917 4173 ad
1948 4100 2176 4195 liberta-i

582 4204 689 4252 tem
712 4197 863 4252 vocis
891 4198 1071 4272 erigit,
1100 4201 1465 4258 consideratio
1486 4201 1821 4260 inﬁrmitatis
1843 4208 2077 4279 propriae
2117 4210 2173 4287 in

592 4288 1176 4364 humilitate‘custodit.
1224 4291 1424 4364 Culpas
1477 4295 1674 4367 quippe
1719 4296 2174 4375 delinquentium,

576 4385 631 4432 et
660 4377 705 4432 si
730 4390 798 4434 ex
824 4379 933 4435 alto
964 4380 1311 4452 increpantes
1349 4382 1555 4452 feriunt
1609 4386 1935 4458 semetipsos
1985 4397 2164 4447 tamen

576 4470 719 4541 apud
750 4486 808 4559 se
836 4471 1090 4528 subtilius
1131 4472 1470 4543 judicantes,
1505 4478 1661 4547 quasi
1701 4478 1756 4533 in
1785 4454 2025 4551 abjectos
2062 4498 2165 4559 po-_

575 4568 730 4615 nunt.
759 4558 827 4615 Et
852 4576 960 4631 quo
984 4578 1151 4633 prava
1190 4564 1245 4619 in
1291 4564 1413 4621 aliis
1458 4565 1840 4637 insequuntur,
1886 4571 1942 4627 in
1986 4586 2052 4628 eo
2093 4575 2161 4629 ad

575 4653 948 4724 reprimendus
976 4670 1036 4709 se
1061 4656 1358 4712 atrociores
1385 4657 1637 4713 reddunt.
1665 4660 2011 4734 Rursumque
2054 4666 2162 4737 quo

571 4744 786 4799 sibimet
831 4744 1054 4800 meliora
1089 4747 1374 4816 agentibus
1424 4763 1767 4820 nequaquam
1816 4740 2066 4823 parcunt,
2095 4770 2160 4810 eo

574 4835 884 4904 vigilantius
939 4835 1113 4893 aliena
1154 4839 1576 4909 reprehendunt.
1624 4840 1762 4909 Quid
1790 4842 1936 4900 enim
1967 4845 2033 4900 de
2062 4846 2163 4900 hu-

575 4939 734 4979 mana
762 4924 1001 4996 potentia
1032 4927 1219 4983 mirari
1249 4938 1506 4999 poterunt
1535 4930 1625 5002 qui
1658 4932 1978 5004 semetipsos
2025 4950 2159 5005 quo-

573 5028 679 5086 que
706 5014 1028 5086 despiciunt,
1074 5018 1237 5073 etiam
1273 5036 1395 5074 cum
1438 5021 1628 5077 intime
1659 5037 1756 5094 per
1803 5039 1924 5079 eam
1972 5042 2158 5082 arcem

574 5102 923 5161 sublimitatis
959 5102 1404 5177 apprehendunt?
1440 5110 1648 5168 Idcirco
1675 5113 1841 5185 igitur
1867 5115 2006 5173 bene
2027 5100 2170 5174 [οι-ἰδ’

574 5197 875 5271 dijudicant
902 5199 1241 5259 altitudinem
1267 5216 1497 5262 terrena:
1523 5206 1881 5276 celsitudinis,
1909 5210 2033 5280 quia
2076 5211 2160 5266 in-

576 5299 663 5349 tus
685 5287 901 5346 oculum
925 5304 1033 5347 non
1068 5304 1256 5365 gravat
1288 5296 1497 5365 pondus
1523 5298 1768 5353 tumoris.

1087 5420 1355 5480 caru'r
1396 5425 1647 5507 xxxv.

1176 5535 1249 5591 De
1277 5538 1552 5608 patientia.

645 5646 851 5723 (συντ.)
875 5632 1143 5709 Patientia
1168 5666 1297 5710 vera
1322 5659 1405 5709 est
1417 5653 1592 5710 aliena
1616 5644 1753 5711 mala
1772 5659 2155 5745 aequanimiter
2182 5696 2198 5713 .

2311 452 2496 509 dolore
2538 458 2792 512 morderi.
2831 454 2966 513 Nam
2996 460 3088 530 qui
3129 456 3207 516 sic
3244 457 3480 531 proximi
3512 462 3679 519 mala
3718 481 3914 537 portat,

2309 553 2369 599 ut
2404 553 2580 602 tamen
2613 548 2811 605 tacitus
2836 547 3036 615 doleat,
3057 559 3114 606 et
3141 558 3354 623 tempus
3382 552 3560 626 digna:
3588 558 3917 620 retributio-

2307 635 2393 691 nis
2426 645 2651 706 quzerat,
2693 638 3008 708 patientiam
3045 654 3154 695 non
3195 642 3449 710 exhibet,
3485 645 3587 700 sed
3654 652 3911 706 ostendit

2308 725 2578 799 Scriptum
2619 730 2813 800 quippe
2844 738 2927 786 est
2957 748 2971 785 :
3000 726 3248 787 Charitas
3287 737 3494 805 patiens
3532 746 3646 802 est,
3700 730 3912 813 benigna

2304 828 2378 873 est
2417 819 2470 891 (I
2494 819 2618 876 Cor.
2637 821 2779 888 xm).
2813 823 3030 880 Patiens
3052 839 3291 896 namque
3314 835 3420 892 est,
3455 837 3513 884 ut
3536 828 3744 885 aliena
3785 836 3904 889 mat:

2305 909 2518 966 toleret.
2553 906 2792 985 Beﬁigna
2832 928 2962 971 vero
2989 924 3094 981 est,
3119 925 3178 971 ut
3208 915 3355 985 ipsos
3403 919 3574 975 etiam
3616 935 3773 991 quos
3797 938 3906 994 por-

2304 1009 2381 1056 tat
2405 1011 2568 1058 amet.

2826 1093 3055 1151 CAPUT
3102 1095 3340 1153 XXXVI.

2704 1205 2708 1209 ’
2785 1207 2860 1262 De
2906 1206 3062 1263 laude
3111 1210 3397 1280 patientiae.

2292 1360 2296 1365 .
2371 1318 2578 1391 (Cypr.)
2612 1319 2879 1377 Patientia
2910 1330 3112 1387 autem,
3144 1320 3343 1379 fratres
3378 1323 3771 1395 dilectissimi,
3806 1346 3892 1385 non

2290 1418 2511 1479 tantum
2549 1411 2687 1467 bona
2723 1412 2979 1479 custodit,
3002 1411 3098 1467 sed
3121 1421 3176 1468 et
3206 1414 3421 1485 repellit
3443 1416 3717 1485 adversa,
3744 1420 3883 1491 Spiri-

2301 1508 2413 1557 tum
2438 1512 2685 1559 sanetum
2712 1502 2921 1571 fovens,
2961 1512 3019 1559 et
3056 1504 3373 1562 cmlestibus
3391 1523 3458 1571 ac
3493 1493 3715 1567 divinis
3736 1516 3889 1571 coha-

2292 1606 2427 1657 rens
2458 1602 2648 1649 contra
2685 1593 2827 1650 facta
2862 1596 3045 1652 carnis
3067 1605 3125 1652 et
3160 1599 3406 1669 corporis
3447 1604 3692 1674 (quibus
3730 1609 3879 1663 anim

2298 1692 2639 1755 extinguatur
2679 1693 2737 1742 et
2761 1686 2999 1758 capitur)
3024 1687 3289 1745 virtutum
3315 1705 3541 1747 suarum
3595 1710 3879 1769 propago;

2298 1772 2420 1828 culo
2450 1774 2768 1831 reluctatur.
2800 1776 2933 1833 Late
2954 1788 3103 1849 patet
3130 1780 3406 1850 patientiae
3430 1784 3644 1851 virtus,
3677 1798 3732 1842 et
3749 1791 3875 1846 uber-

2296 1871 2381 1918 tas
2408 1863 2525 1934 ejus
2558 1876 2614 1921 et
2663 1867 2884 1938 largitas
2926 1869 2995 1924 de
3020 1871 3178 1925 unius
3221 1873 3440 1941 quidem
3480 1860 3736 1934 nominis
3759 1883 3872 1936 tanta

2293 1952 2682 2024 proﬁciscitur,
2718 1955 2813 2011 sed
2832 1973 2898 2012 ex
2919 1957 3249 2017 undantibus
3275 1963 3431 2039 venis
3458 1980 3563 2035 per
3594 1968 3765 2025 multa
3784 1972 3869 2042 glo-

2298 2042 2504 2100 riarum
2534 2045 2729 2102 itinera
2759 2046 3096 2105 ditl‘unditur.
3144 2049 3255 2106 Nec
3302 2053 3585 2123 prolicere
3615 2058 3806 2129 aliquid
3824 2061 3865 2114 ia

2290 2134 2513 2191 actibus
2542 2137 2748 2211 nostris
2786 2146 2966 2208 potest
3012 2140 3081 2195 ad
3121 2146 3621 2201 consummandam
3650 2148 3857 2220 glor'mn,

2292 2224 2397 2283 nisi
2442 2226 2568 2282 inde
2614 2230 3100 2303 consummationis
3126 2234 3364 2307 accipiat
3408 2236 3753 2303 ﬁrmitatem.
3782 2242 3859 2296 Pa-

2292 2318 2481 2375 tientia
2523 2331 2608 2377 est
2649 2336 2770 2392 quae
2806 2339 2905 2379 nos
2934 2324 3166 2381 Domino
3194 2336 3251 2383 et
3290 2335 3661 2393 commendat
3687 2345 3737 2391 et
3773 2352 3857 2393 ser-

2290 2416 2400 2462 vat.
2430 2408 2552 2481 ipsa
2577 2420 2662 2467 est
2689 2428 2809 2484 qua:
2848 2414 2985 2469 iram
3012 2423 3299 2488 temperat,
3329 2436 3455 2492 qua:
3491 2422 3733 2497 linguam
3776 2428 3854 2485 ire

2288 2508 2407 2567 nat,
2436 2517 2557 2572 quae
2583 2513 2820 2559 mentem
2852 2505 3139 2577 gubernat,
3182 2524 3375 2581 pacem
3419 2502 3687 2584 custodit,
3719 2520 3850 2576 ὤεάο

2286 2590 2488 2660 plinam
2535 2594 2709 2666 regit,
2742 2595 2980 2653 libidinis
3019 2599 3279 2671 impetum
3333 2603 3573 2677 frangit,
3620 2619 3846 2668 utmorem

2286 2683 2559 2741 violentiae
2591 2689 2930 2760 comprimit,
2970 2691 3283 2761 incendium
3326 2698 3636 2767 simultatis
3673 2706 3848 2760 exstin-

2286 2772 2420 2864 guit.
2453 2774 2677 2833 Coercet
2702 2780 3000 2847 potentiam
3025 2782 3271 2851 divitum,
3300 2786 3546 2858 inopiam
3579 2808 3845 2864 pauperum

2286 2862 2520 2921 refovet.
2570 2866 2773 2923 Tuetur
2801 2869 2855 2924 in
2891 2871 3193 2943 virginibus
3215 2876 3432 2949 beamus
3484 2862 3848 2953 integritatem,

2286 2953 2342 3025 in
2380 2954 2559 3013 viduis
2608 2956 2935 3016 laboriosam
2962 2963 3307 3039 castitatem,
3369 2968 3425 3022 in
3472 2972 3768 3043 conjugatis
3799 2984 3847 3029 et

2292 3046 2562 3129 maritalis
2591 3048 2924 3106 individuam
2974 3055 3308 3110 castitatem.
3338 3057 3492 3127 Facit
3530 3062 3752 3119 utbiles
3796 3065 3848 3135 ie

2286 3122 2582 3208 prosperis,
2614 3139 2668 3194 in
2694 3140 2936 3197 adversis
2959 3140 3146 3209 fortes,
3180 3124 3613 3222 contrainjurias
3634 3124 3841 3208 acea;

2284 3227 2531 3295 tumelias
2557 3230 2737 3286 mites.
2772 3230 2943 3287 Docet
2963 3233 3407 3310 delinquentibus
3426 3240 3533 3295 cito
3558 3242 3843 3313 ignoscere.

2280 3319 2326 3372 si
2357 3319 2474 3389 ipse
2495 3318 2796 3391 delinquas,
2816 3314 2910 3379 diu
2935 3335 2990 3379 et
3011 3326 3239 3389 multum
3280 3345 3491 3402 rogare.
3523 3322 3843 3393 Tentationes

2278 3420 2570 3482 expugnat,
2613 3415 3019 3485 persecutiones
3074 3416 3286 3486 tolerat,
3326 3423 3613 3491 passiones
3643 3434 3696 3479 et
3722 3440 3839 3478 mar-

2280 3502 2419 3574 tyria
2462 3515 2836 3561 consummat;
2876 3506 3003 3578 Ipsa
3028 3519 3129 3567 est"
3155 3520 3281 3581 quze’
3314 3502 3441 3567 ﬁdei
3465 3524 3668 3570 nostra:
3686 3516 3835 3589 ﬁrma-

2278 3604 2465 3653 menta
2491 3594 2722 3651 llrmiter
2740 3598 2937 3653 munit.
2983 3601 3099 3670 Ipsa
3129 3610 3212 3658 est
3238 3618 3359 3674 qua:
3391 3605 3717 3663 incrementa
3740 3606 3833 3680 spei

2278 3686 2607 3749 sublimitate
2632 3690 2901 3759 perhibet.
2931 3692 3048 3763 Ipsa
3075 3694 3257 3767 dirigit
3277 3703 3349 3751 ut”
3369 3696 3569 3756 tenere
3598 3704 3824 3773 possimus

2288 3776 2433 3832 viam
2462 3777 2686 3846 Christi,
2717 3780 2845 3837 dum
2876 3797 2977 3851 per
3002 3784 3120 3853 eius
3142 3785 3491 3861 tolerantiam
3511 3791 3825 3864 ingredimur.

2279 3866 2398 3937 ipsa
2428 3867 2595 3924 edicit
2618 3880 2677 3925 ut
2697 3886 3108 3948 perseveremus
3138 3875 3233 3932 lilii
3251 3878 3372 3946 Dei,
3393 3881 3531 3937 dum
3552 3886 3833 3953 patiemini

2280 3960 2458 4031 patris
2500 3960 2798 4026 imitamur.
2831 3963 2960 4020 Haec
2999 3967 3147 4023 enim
3180 3969 3616 4043 Christianitatis
3659 3989 3831 4031 sum.

2275 4057 2385 4117 est,
2410 4058 2470 4106 ut
2497 4053 2804 4111 amantibus
2833 4056 3284 4129 vicissitudinem
3306 4061 3640 4133 laedentibus
3665 4067 3833 4139 patiar

2277 4145 2415 4201 tiam
2439 4147 2818 4215 rependamuso
2839 4147 2943 4215 Qui
2964 4165 3094 4224 ergo
3127 4151 3291 4211 tuerit
3310 4156 3613 4225 patientior
3638 4161 3701 4215 ad

2275 4231 2412 4299 riam
2437 4236 2714 4306 potentior
2736 4239 3098 4297 constituetur
3124 4243 3180 4298 in
3210 4259 3399 4317 regno.

2452 4402 2457 4407 .
2522 4398 2527 4405 .
2776 4346 3017 4408 CAPUT
3055 4344 3325 4411 XXXVII.

2412 4434 2673 4509 Exempla
2707 4434 3011 4501 sanctorum
3052 4442 3279 4502 Patrum
3304 4445 3393 4505 de
3434 4453 3715 4521 perientia.

2288 4564 2299 4573 '
2338 4550 2771 4626 (Cypr.)Petrus,
2796 4572 2959 4629 super
2977 4574 3136 4630 quem
3162 4560 3403 4619 Ecclesia
3427 4563 3651 4623 Domini
3672 4566 3832 4640 digna-

2266 4644 2412 4701 tione
2463 4644 2689 4703 fundata
2734 4658 2839 4716 est,
2883 4651 2935 4706 in
2966 4652 3204 4723 Epistola
3241 4662 3338 4710 sua
3384 4657 3545 4731 ponit
3591 4670 3647 4717 et
3682 4656 3830 4719 dicit:

2265 4733 2505 4801 Christus
2546 4754 2732 4811 passus
2755 4751 2831 4796 est
2856 4759 2950 4815 pro
2980 4746 3139 4810 vobis,
3174 4748 3470 4820 relinquens
3512 4751 3663 4807 vobis
3688 4764 3833 4808 eten-

2262 4829 2405 4899 plum
2452 4840 2506 4884 ut
2537 4834 2827 4903 sequamini
2872 4836 3085 4906 vestigia
3130 4838 3245 4908 ejus
3268 4846 3293 4905 ;’
3333 4840 3429 4911 qui
3452 4843 3729 4911 peccatum
3749 4861 3832 4899 uel

2265 4918 2407 4987 fecit,
2436 4936 2526 4976 nec
2555 4922 2788 4976 inventus
2828 4934 2900 4978 est
2929 4924 3083 4979 dotus
3114 4927 3167 4980 in
3202 4944 3291 4983 ore
3311 4929 3444 5000 ejus,
3470 4934 3572 5004 qui
3592 4948 3711 4989 cum
3736 4950 3831 4987 m-

2263 5014 2571 5070 lediceretur
2610 5034 2714 5071 non
2779 5018 3199 5088 remaledicebat,
3254 5036 3370 5076 cum
3432 5034 3710 5092 pateretur
3748 5016 3834 5077 nos

2262 5105 2700 5162 comminabatur.
2732 5104 2992 5164 Tradebat
3040 5121 3216 5166 autem
3267 5124 3325 5168 se
3355 5110 3637 5183 jitdicariti
3668 5115 3833 5187 injuste

2264 5195 2317 5271 (Ι
2334 5194 2482 5252 Petr.
2501 5198 2586 5272 ιι).
2614 5199 2921 5256 Invenimus
2945 5200 3176 5273 denique
3190 5213 3245 5259 et
3266 5203 3616 5275 patriarchas
3645 5217 3699 5263 et
3725 5220 3832 5277 pro-

2261 5286 2475 5369 phetas,
2504 5300 2560 5347 et
2594 5292 2775 5363 justos
2807 5308 3028 5361 omnes,
3065 5279 3165 5367 qui
3199 5288 3432 5368 ﬁguram
3468 5284 3682 5356 Christi
3722 5300 3832 5354 ima-

2260 5384 2384 5459 gine
2412 5370 2688 5455 praeeunte
2715 5385 3026 5456 portabant,
3058 5386 3194 5443 nihil
3231 5389 3406 5461 magis
3453 5382 3758 5449 custodisse
3786 5389 3831 5443 in

2152 5464 2159 5469 ’
2258 5473 2414 5529 laude
2439 5472 2697 5529 virtutum
2727 5490 2970 5541 suarum,
3007 5476 3173 5547 quam
3198 5478 3352 5549 quod
3372 5472 3703 5551 patientiam
3722 5476 3830 5536 forti

2256 5557 2311 5620 et
2342 5563 2522 5621 stabili
2561 5567 2965 5638 aequanimitate
3001 5578 3310 5626 tenuerunt.
3349 5568 3444 5627 Sic
3470 5561 3634 5630 ‘Abel
3684 5572 3829 5643 origi-

2257 5644 2382 5715 nem
2421 5659 2663 5734 martyrii
2709 5668 2766 5717 et
2809 5661 3117 5733 passionem
3155 5663 3290 5735 justi
3328 5664 3568 5724 hominis

3834 271 3926 330 908
