4020 6338
534 271 631 331 911

1009 271 1361 331 HAYMONIS
1399 269 1878 328 HALBERSTAT.
1920 265 2132 322 EPISC.
2170 265 2316 319 UPP.
2358 264 2538 322 PARS
2577 267 2662 322 Ill.
2701 295 2770 311 —
2808 267 3302 325 MISCELLANEA.

3742 267 3862 324 912

535 376 680 442 niter
703 385 757 443 in
799 399 888 452 eo,
917 384 1076 457 quale
1097 385 1170 441 sit
1205 384 1401 440 bonum
1429 382 1720 456 patientite,
1754 380 1995 437 invenire
2025 395 2119 450 po-
2143 381 2196 444 Ᾱ
2221 381 2410 434 bemus
2447 380 2536 435 hic
2566 389 2991 452 permanentem,
3026 385 3122 438 sed
3163 383 3398 438 futuram
3449 381 3855 452 inquirimus.

538 479 688 535 terit.

1068 565 1294 624 CAPUT
1332 563 1572 621 XXXIX.

1121 656 1199 712 De
1229 656 1529 712 tolerantia.

613 770 815 847 (Greg.)
869 771 926 828 Si
981 771 1074 826 lilii
1117 771 1412 827 electorum
1451 787 1658 836 sumus,
1701 777 1869 825 restat
1898 782 2117 824 necesse

541 874 623 921 est
652 873 712 920 ut
741 879 837 936 per
888 880 1074 920 eorum
1111 864 1352 934 exempla
1392 864 1718 936 gradiamur.
1767 861 1946 917 Bonus
1975 861 2118 916 enim

541 973 648 1012 non
687 955 787 1010 fuit
815 956 906 1026 qui
944 955 1115 1010 malos
1142 955 1370 1010 tolerare
1400 954 1686 1010 recusavit.
1717 951 1854 1007 Hine
1889 963 2119 1020 namque

542 1055 627 1103 est
661 1047 803 1117 quod
833 1047 898 1101 de
943 1047 1231 1116 semetipso
1278 1047 1467 1101 beatus
1510 1045 1608 1101 Job
1647 1044 1842 1100 asserit
1886 1043 2114 1098 dicens:

544 1135 739 1193 Frater
786 1135 865 1208 fui
916 1138 1202 1192 draconum
1245 1148 1292 1192 et
1347 1138 1518 1191 socius
1571 1137 1920 1191 struthionum
1973 1133 2113 1205 (Job.

543 1213 696 1301 in).
725 1229 859 1285 Ilinc
887 1245 988 1300 per
1020 1229 1361 1285 Salomonem
1395 1229 1586 1298 Spnnsi
1614 1241 1743 1282 voce
1770 1235 1985 1281 sanctae
2013 1226 2119 1280 Ee-

545 1314 722 1376 clcsize
773 1320 1004 1374 dicitur:
1047 1318 1193 1374 Sicut
1242 1318 1410 1372 lilium
1445 1319 1576 1372 inter
1628 1318 1826 1388 spinas,
1849 1318 1923 1372 sic
1949 1317 2121 1370 amica

547 1419 666 1468 mea
689 1416 826 1466 inter
854 1412 995 1481 ﬁlias
1034 1409 1209 1483 (Cant.
1264 1413 1346 1478 ιι).
1390 1411 1526 1466 Hinc
1553 1413 1619 1466 ad
1659 1409 1991 1466 Ezechielcm
2017 1408 2122 1463 De-

545 1487 724 1560 mittus
769 1503 900 1558 dicit
935 1503 1071 1575 (cap.
1113 1503 1175 1574 ιι)
1206 1521 1218 1557 :
1264 1501 1375 1556 Fili
1419 1502 1658 1565 hominis,
1697 1519 1760 1556 ne
1797 1503 1980 1555 timeas
2011 1515 2118 1564 eos,

545 1607 709 1664 neque
736 1609 995 1647 sermones
1023 1608 1200 1646 eorum
1231 1602 1463 1658 metuas;
1492 1593 1739 1662 quoniam
1777 1589 2035 1644 increduli
2073 1597 2123 1643 et

543 1684 873 1739 subversores
908 1693 1026 1749 sunt
1055 1693 1244 1749 tecum,
1285 1692 1331 1737 et
1358 1700 1475 1737 cum
1505 1680 1864 1751 scorpionibus
1893 1681 2118 1734 habitas.

545 1773 684 1828 Hinc
710 1772 903 1828 Petrus
954 1771 1094 1828 beati
1142 1770 1242 1825 Lot
1288 1772 1454 1826 vitam
1485 1771 1749 1842 glorificat
1790 1771 2010 1826 dicens:
2051 1765 2122 1824 Et

535 1863 743 1934 justum
797 1860 890 1916 Lot
955 1878 1256 1933 oppressum
1304 1879 1334 1914 a
1393 1861 1737 1931 nefandorum
1797 1860 1993 1929 injuria
2060 1875 2122 1913 ac

543 1955 818 2008 luxuriosa
859 1953 1246 2007 conversatione
1281 1951 1489 2022 eripuit.
1520 1951 1741 2021 Aspectu
1765 1951 1900 2004 enim
1936 1960 1984 2004 et
2026 1967 2125 2003 an-

544 2045 658 2099 ditu
678 2043 858 2112 justus
883 2051 993 2096 erat
1023 2041 1265 2096 habitans
1295 2042 1434 2111 apud
1460 2058 1571 2106 eos,
1598 2043 1688 2112 qui
1711 2041 1775 2095 de
1799 2040 1884 2095 die
1912 2042 1965 2094 in
1987 2041 2122 2095 diem

545 2139 778 2191 animam
808 2135 1014 2205 justam
1040 2134 1233 2204 iniquis
1264 2132 1503 2203 operibus
1533 2131 1834 2186 cruciabant
1861 2131 1943 2201 (II
1971 2129 2118 2186 Petr.

545 2227 630 2300 ιι).
661 2219 797 2282 Hine
823 2224 1020 2282 Paulus
1048 2225 1432 2296 discipulorum
1462 2225 1626 2280 vitam
1649 2233 1703 2281 et
1738 2223 1918 2278 laudat
1945 2231 2000 2278 et
2035 2238 2123 2278 ro-

541 2319 719 2382 borat,
751 2317 938 2372 dicens
964 2332 976 2368 :
1015 2315 1083 2370 In
1111 2316 1280 2370 medio
1312 2315 1538 2369 nationis
1577 2331 1752 2384 prava:
1771 2322 1821 2368 et
1849 2329 2119 2385 pervenre,

542 2409 683 2461 inter
767 2423 896 2477 quos
966 2405 1146 2460 lucetis
1205 2406 1339 2460 sicut
1401 2404 1687 2459 luminaria
1744 2403 1798 2458 in
1865 2402 2118 2468 meridie,

539 2499 751 2555 verbum
802 2499 916 2553 vita
965 2497 1282 2552 continentes
1331 2495 1551 2568 (Philip.
1601 2497 1681 2580 ιι).
1725 2496 1862 2552 Hinc
1887 2495 2122 2552 Joannes

537 2590 786 2663 Pergami
818 2590 1072 2646 Ecclesia:
1101 2600 1389 2646 attestatur
1435 2591 1658 2645 dicens:
1707 2587 1829 2644 Scio
1867 2588 1955 2643 ubi
1973 2588 2121 2643 habi-

539 2693 641 2748 tas,
684 2683 772 2736 ubi
817 2682 963 2736 sedes
1003 2691 1077 2736 est
1117 2681 1377 2738 Satanw:
1408 2691 1456 2736 et
1495 2691 1668 2736 tenens
1700 2697 1884 2734 nomen
1925 2695 2116 2743 meum,

540 2791 645 2828 non
701 2776 897 2843 negasti
957 2774 1112 2842 ﬁdem
1175 2768 1344 2826 meam
1384 2773 1564 2844 (Apoc.
1600 2771 1681 2843 ιι).
1735 2771 1896 2836 Ecce,
1924 2769 2120 2824 fratres

542 2864 868 2928 charissimi,
924 2879 1062 2933 pene
1107 2863 1288 2918 omnia
1318 2865 1679 2932 percurrendo
1720 2862 2112 2931 cognoscimus,

543 2955 669 3024 quia
699 2954 870 3009 bonus
905 2969 1013 3009 non
1062 2954 1192 3019 l'uit,
1227 2969 1384 3023 quem
1434 2953 1697 3008 malorum
1735 2953 1973 3023 pravitas
2007 2968 2114 3008 non

540 3047 812 3117 probavit,
845 3053 905 3100 ut
925 3045 1068 3101 enim
1099 3047 1170 3100 ita
1203 3045 1413 3116 loquar,
1442 3041 1647 3099 ferrum
1687 3052 1888 3098 nostra:
1921 3043 2114 3099 animae

540 3157 883 3213 nequaquam
917 3139 1231 3210 producitur
1264 3139 1331 3194 ad
1360 3138 1709 3194 subtilitatem
1740 3136 2027 3199 acuminis,
2069 3136 2114 3191 si

539 3231 645 3288 hoc
672 3245 779 3286 non
809 3229 1036 3285 eraserit
1061 3228 1248 3284 aliena:
1291 3227 1416 3283 lima
1448 3227 1749 3298 pravitatis.
1803 3225 2116 3283 Toleremus

543 3322 710 3394 igitur
730 3319 1070 3376 adversarios
1097 3327 1333 3384 nostros,
1365 3317 1456 3374 sed
1482 3318 1600 3373 sine
1641 3317 1947 3374 cessatione
1970 3331 2114 3371 ame-

543 3429 668 3468 mus
693 3427 829 3483 quos
864 3411 1176 3477 toleramus,
1229 3409 1415 3479 eisque
1452 3423 1782 3479 quaecunque
1834 3424 2117 3479 possumus

542 3510 683 3566 bona
714 3508 873 3564 hilari
906 3507 1088 3564 animo
1126 3508 1442 3563 tribuamus.
1478 3506 1612 3573 Quia
1637 3506 1740 3562 hoc
1772 3506 1945 3562 solum
1977 3505 2118 3560 Deus

543 3599 871 3668 sacriliciutn
901 3598 1115 3670 accipit,
1145 3599 1287 3669 quod
1316 3606 1440 3652 ante
1495 3597 1611 3668 ejus
1645 3597 1830 3652 oculos
1862 3597 1916 3651 in
1961 3595 2118 3650 altari

542 3691 672 3747 boni
708 3690 888 3760 eperis
934 3688 1146 3744 ﬂamma
1172 3690 1452 3745 charitatis
1473 3688 1727 3744 incendit.
1778 3687 1914 3743 Hinc
1940 3686 2118 3743 Demi-

544 3797 646 3836 nus
679 3781 730 3835 in
761 3780 1045 3851 Evangelia
1069 3780 1142 3834 ait
1170 3799 1183 3833 :
1223 3779 1436 3850 Diligite
1469 3780 1708 3834 inimicos
1737 3789 1962 3843 vestros;
1995 3778 2118 3832 bene

540 3870 820 3942 precemini
858 3871 937 3923 his
962 3871 1051 3938 qui
1078 3871 1297 3924 oderunt
1320 3887 1428 3935 vos,
1454 3879 1500 3924 et
1530 3879 1674 3923 orate
1698 3885 1792 3939 pro
1814 3885 2118 3938 persequen-

543 3960 683 4014 tibus
714 3968 759 4012 et
785 3957 1222 4013 calumniantibus
1255 3974 1340 4013 vos
1363 3998 1378 4024 ,
1401 3969 1455 4012 ut
1484 3958 1598 4012 sitis
1621 3958 1718 4025 ﬁlii
1742 3957 1920 4014 Patris
1947 3958 2119 4025 vestri,

543 4051 636 4123 qui
659 4053 715 4106 in
734 4050 873 4108 caelis
897 4060 970 4106 est
997 4049 1213 4122 (Matth.
1243 4051 1320 4121 v).

1139 4185 1362 4244 CAPUT
1408 4185 1520 4242 XL.

547 4298 733 4366 Qualis
766 4298 950 4354 debeat
979 4312 1090 4355 esse
1132 4299 1411 4376 tolerantia
1449 4317 1712 4376 servorum
1752 4301 1847 4357 Dei
1893 4311 2120 4376 tempore

1148 4371 1522 4427 tribulationis.

2139 3093 2187 3158 C

2217 471 2355 537 Quid
2391 480 2446 527 te
2488 487 2618 546 ergo
2645 474 2874 542 patriam
2921 483 3078 544 putas
3123 475 3424 545 perdidisse
3465 476 3566 546 qui
3623 475 3698 530 in
3731 487 3851 532 tota

2222 569 2364 616 terra
2391 563 2708 634 peregrinus
2733 564 2836 618 es?
2873 564 2979 620 Sed
3002 572 3057 620 et
3089 565 3134 620 si
3160 566 3540 636 aegritudinem
3570 567 3852 622 incurri-

2220 657 2289 711 sti
2319 656 2691 728 gravissimam
2714 699 2729 723 ,
2756 665 2907 713 utere
2945 658 3238 729 apostolico
3259 659 3350 714 illo
3379 675 3689 724 sermone,
3738 676 3851 731 quo

2219 749 2292 803 ait
2319 767 2332 803 :
2371 748 2503 803 Nam
2531 750 2635 804 etsi
2672 750 2718 804 is
2745 752 2832 821 qui
2856 750 2984 820 foris
3019 761 3092 806 est
3119 751 3273 805 homo
3296 761 3473 806 noster
3499 768 3849 820 corrmpa-

2221 848 2327 902 tur,
2359 847 2532 894 tamen
2573 841 2617 893 is
2649 841 2738 911 qui
2761 841 2900 895 intus
2928 851 3004 894 est
3049 850 3326 896 renovatur
3353 842 3418 896 de
3456 843 3550 896 die
3601 843 3669 895 in
3698 843 3846 896 diem

2223 927 2307 999 (II
2330 925 2451 982 Cor.
2483 928 2579 1001 tv).
2611 929 2668 983 In
2691 945 2961 986 carcerem
2985 930 3225 987 inclusus
3245 947 3305 987 es
3325 940 3382 986 et
3400 947 3558 988 mors
3582 934 3843 990 crudelis

2221 1019 2468 1076 imminet
2511 1029 2566 1076 et
2616 1021 2930 1087 intentatur,
2959 1022 3134 1078 adduc
3162 1030 3287 1077 ante
3326 1022 3518 1079 oculos
3547 1021 3840 1078 Joannem

2222 1109 2276 1166 in
2307 1125 2525 1166 carcere
2545 1113 2755 1168 cervice
2790 1127 3010 1178 cmsum,
3038 1121 3096 1168 et
3122 1122 3299 1168 tamen
3322 1115 3622 1185 prophetae
3661 1124 3831 1184 caput

2222 1200 2480 1256 saltatrici
2512 1201 2700 1273 puellae
2726 1202 2781 1257 in
2810 1203 3114 1258 mercedem
3158 1202 3396 1259 libidinis
3422 1203 3650 1259 datum.
3713 1203 3836 1260 Hau:

2222 1305 2353 1360 ergo
2379 1292 2586 1364 singula
2617 1308 2738 1348 cum
2769 1291 3076 1348 inferuntur
3106 1292 3319 1362 injuria,
3353 1295 3448 1350 sed
3473 1309 3688 1348 eorum
3716 1310 3832 1364 qua:

2221 1397 2321 1453 pro
2342 1383 2428 1439 his
2454 1384 2826 1440 retribnuntur
2845 1385 3033 1456 gloria,
3067 1401 3172 1442 non
3203 1385 3374 1441 solum
3397 1401 3430 1440 a
3454 1387 3720 1456 peccatis
3746 1388 3832 1440 ab—

2225 1471 2452 1528 solvitur
2484 1473 2574 1542 qui
2616 1473 2720 1528 boc
2756 1473 2980 1544 patitur,
3029 1473 3122 1528 sed
3171 1482 3226 1529 et
3261 1473 3504 1542 justitias
3562 1475 3822 1545 acquirit,

2226 1571 2436 1620 tantum
2463 1572 2546 1620 est
2569 1573 2629 1619 ut
2658 1563 2790 1620 ﬁdes
2813 1579 2936 1620 eum
2966 1565 3378 1638 constantiaque
3401 1582 3513 1622 non
3541 1567 3791 1624 deserat.

2811 1676 3040 1734 CAPUT
3077 1677 3211 1733 XLI.

2780 1767 2859 1824 De
2905 1768 3249 1840 indulgentia.

2295 1882 2388 1938 Ait
2429 1883 2728 1938 Dominus:
2779 1881 2842 1938 Si
2883 1881 3185 1936 dimiseritis
3249 1881 3554 1938 hominibus
3615 1895 3811 1955 peccata

2223 1989 2426 2039 eorum,
2481 1973 2704 2027 dimittet
2756 1981 2804 2026 et
2860 1972 3002 2026 vobis
3042 1971 3205 2026 Pater
3237 1982 3421 2036 vester,
3476 1974 3577 2042 qui
3617 1974 3675 2026 in
3720 1990 3807 2028 ctr-

2224 2065 2296 2120 lis
2323 2075 2419 2128 est,
2451 2073 2666 2134 peccata
2694 2073 2880 2118 vestra.
2914 2061 3011 2118 Sin
3039 2073 3213 2118 autem
3236 2079 3338 2119 non
3366 2063 3686 2120 dimiseritis
3725 2067 3804 2119 ιο-

2221 2157 2448 2212 minibus
2467 2165 2680 2226 peccata
2714 2171 2914 2221 eorum,
2967 2173 3059 2211 nec
3090 2155 3251 2210 Pater
3287 2154 3455 2210 vester
3481 2157 3709 2211 dimittet
3734 2176 3806 2212 ω-

2223 2246 2298 2301 bis
2325 2256 2536 2317 peccata
2574 2261 2742 2300 vestra
2767 2245 2981 2317 (Matth.
3013 2245 3111 2316 v1).
3159 2244 3294 2300 Hinc
3319 2244 3524 2301 Petrus
3543 2245 3665 2301 ait:
3696 2246 3799 2300 Non

2221 2337 2491 2392 reddentes
2518 2347 2717 2390 malum
2746 2353 2839 2406 pro
2878 2336 3039 2400 malo,
3083 2352 3173 2390 nec
3202 2335 3549 2390 maledictum
3579 2354 3676 2407 pro
3699 2353 3798 2390 nta-

2220 2426 2426 2491 ledicto,
2450 2428 2540 2482 sed
2575 2445 2602 2483 e
2634 2429 2900 2482 contrario
2945 2427 3315 2490 benedicentes,
3355 2430 3486 2498 quia
3515 2429 3574 2482 in
3617 2430 3710 2482 hoc
3733 2445 3798 2483 io-

2220 2518 2324 2573 cati
2360 2519 2516 2582 estis,
2571 2525 2626 2571 ut
2674 2515 3078 2572 benedictionem
3128 2517 3448 2571 ha'reditatis
3504 2519 3793 2586 possidentis

2220 2606 2272 2680 (1
2303 2605 2450 2662 Petr.
2482 2607 2587 2678 ιιι).
2618 2606 2757 2662 Hinc
2777 2606 2976 2662 Paulus
2996 2605 3076 2661 ait
3099 2624 3112 2660 :
3146 2604 3278 2659 Cum
3303 2609 3566 2675 patientia
3589 2624 3791 2677 suppor-

2219 2704 2387 2751 tantes
2413 2697 2628 2750 invicem
2651 2695 2866 2767 (Ephes.
2898 2695 2997 2765 tv),
3022 2704 3077 2751 et
3097 2695 3361 2752 donantes
3383 2698 3788 2768 vobismetipsis.

2219 2785 2276 2843 Si
2303 2787 2423 2857 quis
2445 2787 2702 2842 adversus
2730 2786 2964 2857 aliquem
2985 2787 3146 2842 habet
3166 2787 3466 2858 querelam,
3495 2790 3635 2844 sicut
3661 2790 3789 2843 Deus

2216 2880 2271 2936 in
2328 2879 2546 2936 Christo
2582 2879 2805 2935 donavit
2857 2879 3032 2946 vobis,
3091 2879 3165 2934 ita
3195 2888 3250 2935 et
3299 2895 3396 2935 vos
3440 2881 3616 2945 tacite,
3664 2880 3784 2935 nulli

2215 2971 2414 3027 malum
2448 2988 2546 3043 pro
2582 2971 2724 3027 male
2752 2970 3057 3026 reddentes.
3108 2970 3246 3026 Hinc
3288 2971 3464 3027 divina
3510 2972 3777 3042 Scriptum

2216 3063 2386 3118 dicit:
2422 3062 2506 3118 Ne
2529 3079 2736 3134 quieras
2779 3060 3048 3125 ultionem,
3099 3079 3191 3116 nec
3220 3079 3412 3117 memor
3444 3063 3541 3116 eris
3568 3062 3770 3131 injuria

2217 3155 2406 3209 civium
2461 3163 2672 3207 tuorum
2727 3153 2915 3227 (Levit.
2978 3151 3116 3225 xu).
3182 3153 3320 3209 Hinc
3373 3152 3614 3208 Salomon
3663 3153 3774 3206 ait:

2218 3244 2300 3300 Ne
2322 3245 2466 3300 dicas
2487 3245 2756 3300 :Reddam
2785 3245 3004 3311 malum,
3034 3261 3132 3316 pro
3152 3246 3320 3311 male;
3348 3255 3588 3316 exspecta
3613 3245 3776 3300 Domi-

2217 3352 2340 3391 num
2367 3345 2414 3390 et
2445 3335 2681 3390 liberabit
2709 3345 2758 3390 te
2787 3335 2969 3407 (Prov.
2993 3337 3108 3400 xx).
3147 3331 3410 3407 Relinque
3436 3336 3676 3406 proximo
3701 3345 3779 3389 tuo

2216 3427 2434 3480 nocenti
2465 3433 2536 3490 te,
2567 3434 2623 3480 et
2645 3434 2772 3482 tunc
2799 3427 3107 3496 deprecanti
3139 3426 3230 3482 tibi
3255 3437 3479 3497 peccata
3508 3427 3772 3482 solventur.

2216 3516 2382 3588 Igitur
2413 3516 2719 3587 quicunque
2748 3518 3118 3573 remissionem
3151 3532 3370 3572 suorum
3419 3517 3539 3570 vult
3564 3517 3774 3587 accipere

2216 3618 2581 3680 peccatorum,
2629 3609 2862 3664 dimittat
2898 3610 3148 3665 omnibus
3195 3609 3249 3664 in
3294 3625 3356 3664 se
3408 3611 3765 3679 peccantibus;

2217 3701 2342 3771 quia
2367 3700 2529 3756 talem
2559 3701 2925 3772 unusquisque
2952 3701 3336 3773 indulgentiam
3363 3712 3684 3774 accepturus
3708 3711 3775 3756 est

2219 3806 2250 3846 a
2279 3791 2528 3858 Domino,
2551 3792 2762 3862 qualem
2791 3803 2847 3848 et
2870 3794 2984 3864 ipse
3006 3793 3218 3849 dederit
3247 3793 3504 3864 proximo
3545 3810 3660 3850 suo.

2717 3929 2721 3932 ·
2795 3904 3024 3962 CAPUT
3069 3903 3226 3960 XLII.

2762 3995 2842 4052 De
2871 3996 3248 4061 misericordia.

2291 4112 2679 4178 Misericordia,
2729 4109 3104 4180 compatiendo
3146 4108 3334 4164 alienae
3363 4108 3628 4177 miseriae,
3651 4122 3779 4163 vocs.

2218 4207 2405 4264 bulum
2428 4205 2617 4261 sortita
2649 4213 2753 4261 est.
2785 4203 2978 4260 Omnia
3019 4211 3245 4273 peccata
3279 4201 3671 4257 misericordiae
3690 4200 3779 4269 opic

2220 4300 2324 4355 bus
2351 4309 2741 4370 expurgantur,
2762 4296 2980 4366 sedjatn
3007 4304 3198 4352 caveat
3225 4309 3456 4366 peccare
3479 4297 3580 4366 qui
3609 4293 3782 4350 miseri-

2223 4390 2463 4444 cordiam
2493 4387 2816 4458 itnpertitur.
2841 4386 3108 4442 Caeterum
3139 4385 3282 4442 nulla
3309 4394 3394 4442 est
3425 4385 3615 4444 delicti
3637 4384 3782 4444 venia,

617 4479 844 4550 Oportet
867 4489 939 4545 te,
968 4495 1001 4535 ο
1027 4478 1348 4545 Christiane,
1373 4481 1516 4537 inter
1535 4481 1655 4536 odia
1689 4482 1950 4548 cordiam,
1979 4483 2121 4537 inter
2149 4455 2198 4515 Ῑ)
2223 4496 2346 4536 cum
2376 4481 2455 4535 sic
2498 4455 2753 4551 pri—ecedit
2796 4478 3168 4534 misericordia
3194 4518 3211 4545 ,
3253 4487 3313 4533 ut
3357 4494 3481 4534 eam
3511 4484 3785 4551 sequantur

539 4571 737 4642 probra
765 4570 1092 4641 linguarum,
1149 4571 1290 4626 inter
1327 4571 1470 4642 ipsas
1517 4574 1955 4643 persequentium
2004 4589 2120 4627 ma-

541 4675 645 4714 nus
672 4660 887 4730 aequali,
921 4660 1028 4716 imo
1054 4660 1265 4726 ltetiori,
1303 4677 1515 4732 semper
1539 4665 1701 4718 corde
1720 4666 1947 4719 versari.
1974 4665 2039 4719 Et
2076 4663 2123 4718 si

542 4751 636 4804 tibi
666 4751 856 4805 ablata:
897 4749 1095 4806 fuerint
1119 4750 1404 4806 facultates
1432 4761 1560 4818 tuae,
1591 4753 1712 4807 die:
1761 4753 1952 4807 Nudus
1991 4754 2127 4808 exivi

540 4839 606 4893 de
653 4850 798 4894 utero
829 4843 1013 4894 matris
1045 4858 1194 4907 metr,
1241 4843 1412 4896 nudus
1441 4851 1488 4896 et
1518 4843 1637 4896 hinc
1681 4843 1956 4898 abscedam
2004 4843 2127 4914 (Job

541 4936 604 5000 t).
640 4929 791 4984 Adde
844 4939 898 4984 et
945 4931 1071 4986 illud
1120 4933 1510 5002 apostolicum:
1571 4933 1720 4988 Nihil
1769 4935 2038 4991 intulimus
2067 4936 2123 4994 in

538 5021 678 5072 hunc
708 5019 984 5085 mundum,
1007 5021 1097 5074 sed
1125 5039 1216 5076 nec
1237 5023 1447 5092 auferre
1467 5024 1593 5094 quid
1615 5041 1887 5095 possumus
1911 5024 1962 5098 (Ι
1987 5024 2124 5082 Tim.

539 5114 640 5181 γι).
669 5110 838 5165 Audis
873 5119 925 5166 te
956 5112 1200 5168 maledici
1253 5123 1309 5169 et
1340 5115 1589 5170 infamari
1620 5117 1760 5186 apud
1789 5117 2039 5174 homines
2072 5128 2128 5174 et

503 5229 515 5280 τ
540 5201 882 5257 contumeliis
910 5205 1147 5268 onerari,
1176 5207 1460 5262 recordare
1489 5215 1545 5262 et
1571 5216 1695 5262 ante
1746 5208 1932 5263 oculos
1988 5225 2128 5280 pone

466 5257 512 5298 ’⁸
538 5291 764 5346 verbum
797 5291 1026 5358 Domini,
1047 5257 1242 5364 quibus
1261 5295 1367 5349 ait:
1402 5293 1494 5349 Va:
1524 5296 1686 5359 vobis,
1705 5312 1823 5350 cum
1844 5257 2121 5353 benedice-

541 5380 646 5435 rint
676 5382 818 5436 vobis
839 5399 1016 5438 omnes
1044 5385 1276 5443 homines
1309 5383 1460 5455 (Luc.
1489 5385 1589 5454 γι).
1619 5383 1686 5440 Et
1714 5386 1908 5441 iterum
1938 5428 1950 5441 .
1982 5387 2125 5443 Gau-

539 5473 656 5528 dete
685 5483 733 5528 et
765 5475 1024 5532 exsultate
1043 5516 1058 5542 ,
1104 5492 1222 5530 cum
1248 5476 1490 5546 ejecerint
1518 5492 1704 5531 nomen
1752 5489 1976 5535 vestrum
2001 5491 2123 5536 tan-

538 5581 695 5636 quam
743 5566 982 5633 malum,
1031 5576 1244 5638 propter
1286 5567 1456 5638 ﬁlium
1494 5567 1719 5622 hominis
1757 5567 1967 5643 (lbid.).
2019 5571 2128 5627 Ex-

533 5653 725 5734 pulsus
751 5670 811 5710 es
829 5658 1008 5734 patria
1037 5665 1092 5712 et
1139 5656 1320 5723 domo,
1373 5657 1658 5725 recordare
1704 5659 1829 5741 quia
1869 5676 1977 5717 non
2025 5661 2123 5716 ha-

2223 4581 2466 4646 peccata.
2508 4571 2695 4626 Nullus
2721 4580 2900 4626 autem
2932 4572 2984 4626 in
3015 4571 3194 4626 alieno
3225 4571 3541 4626 misericors
3569 4587 3687 4626 esse
3713 4583 3786 4640 po-

2228 4673 2356 4728 test,
2405 4662 2497 4732 qui
2545 4676 2710 4732 prave
2737 4660 2965 4716 vivendo
3000 4661 3053 4715 in
3085 4676 3143 4716 se
3196 4661 3507 4716 misericors
3555 4677 3664 4718 non
3702 4667 3786 4715 est.

2231 4753 2332 4820 Qui
2371 4753 2514 4807 enim
2545 4753 2646 4807 sibi
2668 4768 2900 4822 nequam
2927 4763 3033 4818 est,
3063 4753 3151 4807 cui
3176 4753 3391 4807 bonus?
3416 4751 3582 4808 Nulla
3613 4751 3788 4808 scelera

2232 4843 2620 4897 misericordiis
2643 4843 2830 4898 redimi
2860 4851 3104 4913 possunt,
3152 4844 3198 4898 si
3227 4842 3282 4896 in
3312 4846 3554 4914 peccatis
3595 4844 3789 4915 quisque

2228 4932 2608 5004 permanserit.
2643 4931 2794 4986 Tunc
2820 4941 2999 4986 autem
3034 4932 3268 4986 fructum
3319 4933 3790 4989 misericordiarum

2230 5022 2580 5092 consequitur
2622 5021 2991 5092 indulgentia,
3047 5037 3172 5076 cum
3217 5023 3287 5077 ab
3334 5023 3610 5078 scelerum
3654 5034 3790 5090 opere

2228 5112 2512 5168 desinitur.
2562 5110 2936 5166 Misericordes
2961 5111 3125 5182 igitur
3153 5113 3324 5168 simus
3349 5113 3418 5167 ad
3438 5128 3652 5175 omnes,
3682 5121 3732 5166 ut
3751 5119 3792 5163 et

2228 5204 2332 5276 ipsi
2362 5201 2793 5259 misericordiam
2826 5216 3223 5272 consequamur
3245 5218 3276 5257 a
3308 5202 3563 5267 Domino,
3601 5204 3708 5274 ipso
3728 5199 3793 5254 di-

2228 5305 2424 5354 cente:
2477 5293 2625 5349 Beati
2673 5294 3056 5360 misericordes,
3101 5294 3352 5366 quoniam
3381 5295 3478 5364 ipsi
3524 5292 3793 5367 misericor-

2230 5389 2376 5443 diam
2419 5395 2795 5458 consequentur
2838 5385 3054 5457 (Matth.
3085 5385 3162 5458 v).
3216 5387 3286 5442 Et
3341 5386 3538 5442 iterum
3571 5401 3590 5440 :
3642 5384 3793 5440 Estote

2230 5479 2393 5551 igitur
2413 5478 2793 5542 misericordes,
2823 5479 2957 5532 sicut
2977 5487 3025 5532 et
3048 5477 3211 5533 Pater
3231 5487 3394 5535 vester
3419 5479 3712 5534 misericors
3734 5482 3791 5528 est

2233 5569 2387 5643 (Luc.
2419 5572 2516 5640 vt).
2564 5569 2700 5625 Hine
2726 5568 2924 5625 Paulus
2948 5571 3055 5624 ait:
3087 5569 3266 5623 Estote
3298 5579 3471 5623 autem
3499 5571 3710 5624 invicem
3729 5567 3791 5618 be-

2240 5664 2405 5730 niqni,
2434 5663 2823 5726 misericordes:
2853 5663 3049 5722 induite
3072 5679 3156 5716 vos
3179 5662 3312 5716 sicut
3336 5662 3483 5717 electi
3507 5661 3606 5722 Dei
3628 5661 3790 5718 vita!"
