4020 6338
189 399 294 456 915

187 514 661 571 misericordian
692 510 903 585 (Ephes.
944 511 1038 584 tv).
1065 511 1198 566 Hinc
1225 511 1478 567 Salomon
1503 511 1613 565 ait:
1647 507 1756 588 Fa-
1779 506 1837 571 Α,

185 625 300 665 cere
337 606 743 661 misericordiam
768 614 815 659 et
853 605 1114 674 judicium
1139 605 1303 674 magis
1329 603 1494 672 placet
1536 601 1756 656 Domino

187 712 348 768 quam
376 696 594 751 uictima!
637 691 816 766 (Prov.
859 692 991 763 xxi).
1033 691 1168 747 Hinc
1209 708 1306 763 per
1334 693 1622 764 quemdam
1667 706 1757 746 sa-

181 791 417 860 pientem
482 785 712 841 dicitur:
770 783 873 850 Qui
916 785 1042 854 facit
1095 783 1506 838 misericordiam
1531 823 1546 849 ,
1606 783 1758 851 oﬁ‘ert

181 877 502 948 sacriﬁcium
531 871 722 948 (Eccli.
757 873 942 946 xxxv).

753 1003 978 1061 CAPUT
1012 1003 1187 1060 XLIII.

719 1113 796 1170 De
834 1114 1210 1186 compassione.

250 1248 356 1302 Per
377 1244 722 1318 Evangelium
756 1258 988 1314 namque
1021 1258 1174 1298 suum
1207 1242 1459 1298 admonet
1503 1257 1603 1298 nos
1645 1241 1756 1298 Do-

171 1341 358 1396 mitius
403 1339 632 1395 dicens:
690 1335 880 1392 Omnia
923 1351 1242 1407 quaecunque
1271 1335 1424 1390 vultis
1455 1344 1510 1389 ut
1555 1335 1755 1406 faciant

173 1429 318 1483 vobis
340 1429 594 1490 homines,
626 1428 698 1480 ita
718 1435 766 1480 et
795 1442 881 1480 vos
920 1426 1074 1496 facite
1098 1426 1241 1479 illis:
1267 1425 1376 1478 Iure
1406 1437 1478 1479 est
1509 1425 1644 1478 enim
1671 1424 1756 1478 lea:

169 1529 226 1574 et
246 1518 507 1590 prophetas
534 1517 748 1589 (Matth.
779 1517 898 1588 vu).
927 1516 1076 1584 Quod
1115 1517 1210 1572 tibi
1240 1516 1483 1572 accidere
1512 1532 1616 1571 non
1649 1516 1752 1580 vis,

169 1624 279 1664 nec
305 1609 549 1680 proximo
581 1617 671 1663 tuo
697 1609 883 1678 cupias
928 1607 1166 1663 evenire.
1218 1606 1452 1662 Condole
1478 1607 1529 1660 in
1563 1606 1754 1661 alienis

169 1699 593 1766 calamitatibus,
627 1699 825 1754 satiare
853 1697 1085 1762 ﬂetibus,
1134 1699 1186 1752 in
1230 1697 1418 1752 alienis
1459 1697 1752 1764 laboribus,

176 1793 236 1847 in
266 1792 612 1847 tribulatione
639 1790 881 1857 alterius,
926 1799 980 1846 et
1023 1799 1078 1845 tu
1106 1800 1221 1846 esto
1248 1790 1434 1845 tristis.
1467 1788 1612 1846 Talis
1635 1797 1752 1845 esto

171 1883 296 1939 aliis
326 1882 509 1953 quales
533 1890 690 1953 optas
716 1897 837 1938 esse
864 1883 1009 1939 circa
1051 1887 1101 1937 te
1131 1881 1284 1937 alios.
1334 1880 1486 1948 Quod
1515 1895 1620 1935 non
1670 1880 1752 1935 vis

171 1975 286 2044 pati
332 1989 438 2030 non
467 1974 656 2040 facias,
711 1990 814 2030 nec
839 1974 1039 2030 inferas
1087 1973 1192 2029 alio
1225 1973 1385 2038 mala,
1436 1987 1503 2028 ne
1531 1973 1752 2043 patiaris

173 2065 391 2120 similia.
437 2065 514 2120 Ita
540 2065 778 2120 clemens
810 2075 928 2122 esto
971 2066 1025 2120 in
1073 2064 1264 2118 alienis
1291 2064 1501 2119 delictis
1529 2065 1672 2118 sicut
1697 2064 1752 2118 in

176 2154 306 2219 tuis,
332 2162 391 2207 ut
411 2168 513 2208 nec
550 2153 708 2207 aliter
742 2163 816 2219 te,
848 2168 948 2208 nec
971 2153 1128 2207 aliter
1155 2153 1292 2208 alios
1318 2167 1527 2222 penses.
1564 2152 1633 2208 Et
1674 2154 1753 2210 sic

176 2238 314 2294 alios
334 2237 518 2308 iudica
547 2249 606 2293 ut
621 2239 852 2310 iudicari
893 2239 1065 2309 cupis.
1107 2239 1164 2294 In
1189 2239 1530 2296 tribulatione
1565 2241 1753 2311 positis

175 2329 468 2385 subvenire
507 2344 615 2385 non
663 2344 860 2395 cesses,
897 2329 1167 2386 dolentem
1216 2329 1503 2399 consolari,
1548 2345 1616 2388 ne
1666 2331 1750 2388 di-

175 2418 382 2474 mittas.

749 2510 974 2570 CAPUT
1009 2511 1192 2570 XLIV.

789 2625 870 2680 De
903 2626 1156 2681 castitate.

249 2752 482 2811 Castitas
516 2753 661 2811 enim
699 2755 910 2812 fructus
937 2757 1118 2812 suavis
1149 2765 1261 2824 est,
1294 2757 1639 2828 pulchritudo
1664 2758 1747 2812 in-

171 2845 375 2899 violata
402 2855 710 2902 sanctorum
738 2848 981 2913 castitas,
1010 2849 1272 2903 securitas
1301 2850 1520 2914 mentis,
1548 2850 1750 2916 sanitas

173 2938 555 3008 corporis.Nisi
568 2940 713 2995 enim
725 2941 1092 3012 unusquisque
1107 2949 1289 2995 castus
1302 2941 1747 3010 perseveraverit,

173 3029 248 3086 ad
286 3039 598 3101 perpetuam
633 3033 874 3102 requiem
904 3032 1215 3102 pervenire,
1259 3043 1313 3087 et
1359 3033 1528 3088 Deum
1571 3033 1752 3088 videre

172 3137 286 3178 non
317 3123 546 3193 poterit,
579 3132 812 3180 testante
839 3123 1006 3179 Paulo
1035 3123 1276 3196 apostolo
1303 3140 1319 3178 :
1350 3121 1545 3179 Pacem
1581 3133 1752 3179 secta-

171 3217 309 3270 mini
350 3234 467 3272 cum
507 3218 746 3273 omnibus
783 3228 830 3273 et
870 3218 1302 3284 sanctimoniam,
1330 3219 1440 3273 sine
1465 3235 1571 3288 qua
1606 3234 1753 3273 nemo
1779 3198 1824 3261 ί)

171 3306 364 3361 uidebit
395 3307 562 3362 Deum
593 3305 774 3380 (Hebr.
811 3308 929 3378 xu).
969 3306 1069 3363 llic
1096 3323 1310 3378 quoque
1338 3307 1616 3363 evidenter
1639 3307 1756 3363 sine
1815 3321 1827 3331 °

175 3397 538 3453 sanctimonia
580 3399 708 3470 (qua
745 3397 881 3454 solet
914 3399 1276 3469 integritatem
1307 3398 1504 3453 mentis
1532 3397 1617 3452 vel
1661 3414 1759 3468 pu-

177 3489 398 3544 ritatem
423 3491 665 3562 corporis
693 3491 982 3563 appellare)
1013 3491 1383 3568 pronuntiavit
1413 3492 1580 3546 Deum
1606 3491 1760 3561 peni-

175 3590 270 3637 tus
311 3582 481 3637 videri
524 3598 632 3637 non
683 3598 860 3654 posse.
895 3581 1181 3654 (Cassiod.)
1210 3581 1346 3640 Hinc
1382 3599 1478 3653 per
1509 3585 1756 3640 eumdem

176 3671 483 3741 apostolum
512 3672 711 3729 dicitur
739 3693 753 3728 :
788 3673 918 3728 Ilwc
947 3684 1020 3728 est
1054 3675 1290 3730 voluntas
1321 3673 1419 3729 Dei
1455 3676 1757 3745 sanctiﬁca-

173 3765 252 3819 tio
279 3776 476 3830 vestra,
508 3776 561 3820 ut
601 3766 902 3821 abstineatis
940 3784 1025 3821 vos
1058 3785 1090 3822 a
1128 3767 1471 3837 fornicatione
1491 3808 1506 3834 ,
1533 3777 1590 3820 ut
1627 3769 1757 3822 sciat

172 3859 535 3930 unusquisque
562 3873 783 3913 vestrum
810 3875 901 3914 vas
935 3875 1087 3912 suum
1116 3858 1379 3929 possidere
1406 3859 1461 3913 in
1488 3859 1684 3914 honore
1709 3868 1758 3914 et

173 3951 611 4021 sanctiﬁcatione,
630 3969 734 4007 non
762 3953 816 4006 in
842 3954 1084 4024 passione
1107 3953 1374 4020 desiderii,
1402 3957 1535 4009 sicut
1558 3965 1606 4010 et
1633 3972 1755 4026 gen-

175 4056 256 4102 tes
280 4063 400 4118 qua:
421 4049 662 4118 ignorant
689 4047 858 4104 Deum
891 4047 947 4121 (I
977 4048 1152 4105 Thess.
1184 4050 1279 4122 iv).
1311 4051 1566 4108 Amemus
1593 4054 1756 4124 igitur

176 4141 516 4206 castitatem,
573 4143 698 4212 quia
745 4151 923 4199 castas
977 4153 1185 4200 mentes
1233 4156 1487 4218 castaque
1528 4163 1753 4220 corpora

176 4229 325 4286 Deus
359 4231 641 4299 inhabitat,
669 4232 972 4289 luxuriosas
1001 4245 1179 4290 autem
1209 4245 1263 4291 et
1287 4237 1593 4294 immundas
1621 4254 1754 4294 con-

177 4324 416 4379 demnat.
454 4323 664 4391 Quanta
703 4326 846 4380 enim
885 4327 1023 4381 bona
1055 4329 1176 4397 quis
1206 4326 1429 4394 fecerit,
1463 4328 1589 4384 licet
1613 4339 1753 4396 oret,

178 4412 305 4467 licet
335 4421 523 4469 noctes
560 4414 616 4468 in
659 4415 994 4470 orationibus
1021 4425 1076 4470 et
1101 4416 1299 4486 vigiliis
1336 4417 1625 4488 pervigiles
1651 4419 1753 4473 du-

1141 392 1226 456 DE
1266 389 1660 454 VARIETA'I‘E
1697 383 2074 451 LIBRORUM.
2114 423 2184 438 -
2219 393 2348 453 LIB.
2386 385 2451 452 il.

2400 498 2664 566 CAPUT
2714 501 2885 566 XLV.

2423 600 2500 656 De
2537 597 2848 657 obedientia.

1927 691 2237 750 Obedientia
2273 701 2360 747 est
2385 693 2470 747 via
2503 701 2692 750 sancta
2725 709 2844 763 quae
2873 701 3171 752 sectatores
3195 712 3324 754 suos
3357 702 3428 758 ad

1856 784 2128 840 cmlestem
2160 783 2401 852 perducit
2425 785 2687 852 patriam;
2714 799 2812 853 per
2831 784 2972 839 hanc
2993 785 3136 840 viam
3167 786 3428 845 Dominus

1848 870 2040 929 noster
2063 872 2216 928 Jesus
2241 872 2486 928 Christus
2511 882 2730 943 propter
2753 888 2850 929 nos
2869 883 2923 927 et
2945 884 3164 946 propter
3187 887 3428 936 nostram

1856 965 2080 1020 salutem
2117 964 2392 1020 ambulare
2419 964 2667 1035 dignatus
2691 972 2810 1029 est,
2840 965 2906 1019 de
2933 981 3039 1035 quo
3072 965 3270 1023 Paulus
3298 970 3429 1024 dicit

1855 1057 2186 1128 Apostolus:
2225 1055 2421 1111 Factus
2463 1065 2537 1111 est
2582 1055 2820 1110 Christus
2862 1057 3102 1112 obediens
3146 1076 3307 1130 usque
3357 1061 3429 1114 ad

1855 1159 2100 1214 mortem,
2132 1158 2346 1213 mortem
2389 1159 2559 1204 autem
2604 1149 2773 1202 crucis
2813 1147 2977 1220 (Phil.
3009 1150 3091 1221 ιι).
3142 1150 3248 1206 Per
3289 1153 3430 1208 hanc

1853 1240 2124 1296 Abraham
2153 1243 2472 1312 patriarcha,
2491 1244 2888 1330 euigirrit,cum
2913 1245 2980 1299 ad
3006 1246 3290 1316 imperiunm
3324 1248 3428 1302 Do-

1854 1333 1984 1388 mini
2009 1333 2260 1389 dilectum
2285 1334 2449 1389 lilium
2472 1335 2537 1388 ad
2562 1333 2942 1388 immolandum
2965 1337 3138 1391 duxit.
3164 1338 3268 1392 Per
3288 1339 3429 1392 hanc.

1845 1409 2078 1496 apostoli
2127 1428 2296 1482 sancti
2343 1426 2533 1482 Petrus
2579 1435 2632 1482 et
2677 1426 2922 1483 Andreas
2972 1428 3040 1482 ad
3092 1431 3426 1485 vocationem

1855 1515 2085 1582 Domini,
2115 1517 2318 1572 relictis
2348 1518 2573 1583 retibus,
2613 1518 2779 1573 secuti
2814 1527 2938 1574 sunt
2967 1533 3112 1574 eum.
3153 1520 3256 1574 Per
3284 1521 3427 1576 hanc

1853 1605 1994 1659 viam
2033 1605 2314 1661 Matthaeus
2343 1616 2559 1663 secutus
2597 1616 2683 1663 est
2722 1607 3005 1662 Dominum
3027 1649 3040 1674 ,
3073 1609 3262 1664 relicto
3288 1605 3428 1666 telo-

1854 1696 2011 1751 naico
2039 1695 2209 1752 lucro.
2240 1696 2344 1752 Per
2373 1698 2515 1754 hanc
2543 1697 2686 1752 viam
2715 1708 2957 1754 sanctam
2983 1713 3171 1755 omnes
3197 1701 3430 1769 patriar-

1853 1788 1985 1849 clue,
2024 1789 2319 1858 prophetae,
2345 1788 2594 1858 apostoli,
2619 1797 2901 1860 martyres,
2944 1769 3232 1860 exterique
3271 1790 3430 1846 electi

1854 1887 2164 1932 meruerunt
2191 1879 2476 1947 pervenire
2502 1880 2567 1933 ad
2589 1878 2944 1934 Deum.Licet
2969 1890 3119 1936 arcta
3150 1883 3221 1936 sit
3248 1891 3303 1936 et
3329 1899 3427 1938 ano

1852 1975 2006 2036 gusta
2034 1967 2144 2032 via,
2179 1976 2357 2022 tamen
2387 1969 2624 2023 viatores
2672 1984 2798 2023 suos
2840 1970 2906 2023 ad
2957 1979 3272 2040 perpetuam
3301 1986 3430 2041 per-

1853 2056 2003 2110 duxit
2054 2057 2242 2122 vitam,
2301 2058 2514 2112 dicente
2562 2057 2789 2113 Domino
2833 2072 2847 2112 :
2895 2059 3055 2112 Arcta
3104 2069 3152 2113 et
3205 2069 3430 2129 augusta

1852 2154 1927 2198 est
1974 2145 2056 2198 uia
2100 2161 2218 2215 quae
2267 2145 2408 2199 ducit
2454 2146 2523 2199 ad
2565 2147 2726 2200 vitam
2770 2145 2963 2216 (Marc.
2992 2147 3110 2218 vn).
3139 2146 3255 2201 Non
3281 2147 3427 2202 enim

1851 2233 2045 2288 durum
2083 2235 2179 2289 tibi
2209 2243 2263 2290 et
2291 2251 2540 2306 asperum
2567 2237 2845 2302 videatur,
2876 2253 2999 2291 cum
3038 2237 3192 2292 audis
3220 2245 3430 2292 arctam

1852 2333 1907 2378 et
1931 2334 2212 2394 angustam
2227 2326 2370 2380 viam
2392 2339 2513 2381 esse
2533 2325 2915 2391 obedientiam,
2943 2327 3036 2382 sed
3060 2325 3231 2394 magis
3254 2325 3430 2396 gaude

1851 2421 2072 2482 propter
2098 2413 2198 2468 hoc
2245 2415 2387 2484 quod
2416 2414 2798 2485 subsequitur:
2829 2431 2948 2486 qua:
2973 2416 3120 2471 ducit
3146 2416 3214 2471 ad
3235 2416 3425 2471 vitam.

1855 2502 1911 2558 Si
1951 2504 2092 2558 enim
2122 2504 2365 2560 homines
2394 2515 2617 2577 propter
2646 2507 2788 2575 regis
2809 2507 3104 2577 jussionem
3141 2516 3235 2562 aut
3259 2505 3426 2562 alicu-

1847 2591 1936 2661 jus
1965 2594 2199 2663 potentis
2222 2596 2476 2662 hominis,
2502 2597 2556 2651 in
2580 2604 2795 2652 exteras
2820 2597 3085 2668 regiones,
3110 2604 3164 2652 et
3183 2597 3347 2652 etiam
3373 2595 3429 2652 in

1856 2685 2215 2738 transmarina
2255 2693 2310 2740 et
2341 2686 2655 2757 peregrina,
2689 2695 2742 2740 et
2772 2687 2991 2758 omnino
3041 2687 3342 2758 incognita,
3373 2695 3431 2742 et

1852 2770 2007 2825 valde
2035 2773 2335 2842 periculosa
2368 2774 2504 2840 loca,
2535 2784 2753 2844 propter
2778 2775 2992 2845 aliquod
3019 2776 3315 2847 temporale
3342 2775 3427 2830 lu-

1854 2877 2005 2917 crum
2037 2865 2202 2934 (quod
2238 2880 2361 2920 cum
2392 2867 2681 2922 habuerint
2710 2868 2890 2922 statim
2921 2867 3024 2923 illis
3051 2868 3292 2924 abstrahi
3332 2883 3428 2938 po-

1856 2954 2003 3024 test),
2026 2954 2077 3008 in
2102 2963 2305 3010 tantum
2318 2955 2630 3012 obedientes
2647 2958 2883 3012 existunt
2905 2966 2961 3011 ut
2973 2959 3134 3013 etiam
3155 2973 3254 3029 per
3272 2957 3432 3012 innu-

1854 3058 2033 3098 meras
2052 3045 2297 3115 regiones
2321 3053 2374 3100 et
2398 3047 2621 3116 patrias,
2648 3061 2745 3117 per
2765 3047 3016 3103 diﬂiculta
3026 3057 3105 3104 tes
3132 3056 3423 3111 terrarum.

1855 3147 1954 3202 per
1978 3149 2170 3204 aspera
2200 3146 2255 3190 et
2283 3136 2416 3190 dura
2446 3137 2659 3202 itinera,
2696 3153 2794 3207 per
2819 3138 3116 3209 periculosa
3147 3138 3426 3212 naufragia

1855 3221 2154 3290 ﬂuminum,
2185 3239 2282 3295 per
2311 3225 2578 3281 terribiles
2615 3227 2786 3282 undas
2825 3225 3122 3299 ﬂuctusque
3168 3229 3429 3294 marinos,

1859 3314 2002 3370 inter
2029 3314 2250 3371 hostiles
2277 3315 2504 3387 gladios,
2534 3317 2674 3373 inter
2709 3317 2974 3374 latronum
3009 3319 3252 3385 insidias,
3291 3320 3433 3375 inter

1859 3403 2198 3459 inimicorum
2229 3405 2496 3472 incursus,
2523 3407 2823 3465 voluntarie
2848 3419 2903 3465 et
2940 3409 3190 3466 alacriter
3217 3410 3429 3467 discur-

1859 3501 2006 3556 runt,
2039 3502 2094 3548 et
2125 3495 2239 3550 haec
2267 3497 2448 3550 omnia
2485 3497 2771 3564 sustinent,
2819 3497 3042 3555 dimissa
3080 3500 3298 3570 propria
3341 3514 3429 3555 re-

1859 3584 2039 3656 gione,
2070 3585 2308 3642 dimissis
2336 3589 2673 3657 parentibus,
2706 3599 2889 3658 patre,
2919 3600 3121 3654 matre,
3157 3590 3431 3658 fratribus,

1858 3674 2170 3742 sororibus,
2213 3679 2560 3748 propinquis,
2607 3681 2898 3746 uxoribus,
2951 3681 3106 3747 ﬁliis,
3159 3683 3429 3750 domibus,

1857 3767 2162 3837 mancipiis,
2186 3780 2486 3840 cunctaque
2514 3773 2837 3839 substantia,
2861 3790 2996 3845 quos
3024 3775 3150 3831 licet
3173 3776 3432 3848 plangant

1857 3857 2038 3923 amici,
2073 3858 2288 3930 lugeant
2326 3871 2609 3932 parentes,
2640 3863 2851 3933 plorent
2881 3865 3007 3932 lilii,
3039 3868 3427 3924 contristentur

1855 3947 2123 4018 mancipia
2143 3989 2157 4014 ,
2188 3951 2488 4007 nescientes
2521 3961 2698 4008 utrum
2729 3970 2822 4011 eos
2858 3958 3087 4028 amplius
3123 3958 3235 4028 jam
3263 3960 3433 4016 visuri

1855 4040 1996 4104 sint,
2031 4056 2098 4095 an
2127 4056 2232 4096 non
2280 4041 2402 4098 illos
2439 4043 2571 4098 nihil
2611 4047 2804 4101 horum
2833 4063 2862 4102 a
2899 4045 3143 4116 jussione
3175 4047 3314 4105 illius
3340 4051 3433 4120 qui

1847 4129 2012 4200 jussit
2044 4141 2220 4202 potest
2247 4134 2558 4203 retrahere,
2586 4136 2678 4191 sed
2713 4145 2826 4193 tota
2855 4139 3153 4196 intentione
3199 4142 3434 4211 potentis

1854 4220 2108 4289 hominis,
2132 4225 2222 4294 qui
2257 4227 2419 4283 hodie
2442 4237 2526 4282 est
2560 4238 2616 4283 et
2647 4228 2872 4286 forsitan
2910 4233 3146 4287 crastina
3177 4248 3282 4288 non
3308 4234 3430 4294 erit,

1855 4313 2216 4370 obedientiam
2238 4317 2526 4372 exhibent?
2553 4317 2706 4374 Sicut
2723 4322 2864 4376 enim
2889 4322 3000 4391 jam
3024 4321 3282 4388 diximus,
3312 4323 3432 4377 ideo

1856 4400 1973 4457 haec
1995 4407 2174 4460 omnia
2206 4407 2469 4473 tolerant,
2499 4417 2556 4462 ut
2591 4425 2691 4479 pro
2729 4411 2814 4466 his
2840 4412 3181 4467 commodum
3216 4412 3431 4482 aliquod

178 4513 293 4570 cat,
321 4503 447 4559 licet
473 4519 687 4560 omnem
725 4507 1080 4561 substantiam
1109 4521 1262 4561 suam
1293 4507 1618 4577 pauperibus
1655 4508 1752 4562 ιιιί-
1781 4543 1835 4605 D
1858 4492 1990 4598 lucri
2024 4499 2222 4553 terreni
2249 4501 2535 4571 accipiant,
2565 4501 2608 4556 si
2638 4501 2711 4556 illi
2738 4502 2840 4557 hoc
2865 4501 3068 4604 faciunt
3088 4512 3308 4574 propter
3334 4503 3433 4558 ho-

181 4595 334 4660 buat,
362 4594 489 4650 licet
515 4595 691 4652 inedia
731 4604 786 4651 et
813 4611 913 4665 per
933 4595 1135 4667 jejunia
1164 4597 1321 4668 longa
1368 4614 1564 4669 corpus
1593 4614 1749 4654 suum
1781 4586 1832 4620 "'
1861 4586 2061 4641 minem
2090 4597 2364 4657 Ροῑθηῑθηι
2391 4599 2514 4660 Ροεῑ
2547 4607 2717 4662 Pauca
2745 4593 3082 4658 moriturum:
3119 4603 3176 4649 ει
3211 4602 3432 4666 Propter

181 4693 409 4750 auerat,
445 4685 572 4741 licet
611 4693 806 4741 caetera
836 4687 1017 4741 divina
1048 4698 1314 4758 praecepta
1355 4689 1669 4760 adimpleat,
1708 4689 1755 4746 si

185 4775 488 4830 castitatem
518 4790 622 4830 non
667 4777 934 4841 habuerit,
981 4777 1112 4831 nihil
1132 4779 1180 4832 ei
1228 4780 1484 4850 proderit.
1517 4780 1671 4836 Unde
1705 4791 1760 4837 et

186 4866 446 4922 Dominus
481 4867 534 4921 in
572 4866 860 4939 Evangelio
894 4869 1148 4939 praecepit
1183 4869 1371 4926 dicens
1389 4888 1416 4934 ,ς
1450 4870 1565 4926 Sint
1596 4871 1758 4926 lumbi

187 4956 341 5010 vestri
361 4956 645 5026 pracincti,
658 4965 706 5011 et
729 4957 955 5012 lucerna
976 4959 1214 5013 ardentes
1236 4960 1290 5014 in
1315 4960 1555 5016 manibus
1577 4963 1758 5016 vestris

188 5043 345 5116 (Luc.
373 5047 495 5114 xu).
519 5046 642 5122 Duo
664 5055 846 5102 autem
873 5056 997 5102 sunt
1025 5063 1146 5118 qua:
1163 5046 1442 5117 jubentur,
1467 5057 1522 5104 et
1549 5050 1761 5107 lumbos

190 5137 549 5208 restringere,
591 5147 646 5192 et
689 5137 936 5194 lucernas
968 5147 1173 5206 tenere,
1216 5147 1278 5194 ut
1306 5149 1360 5194 et
1389 5141 1653 5196 munditia
1691 5141 1763 5196 sit

189 5227 554 5298 castitatisjn
595 5243 853 5300 corpore,
895 5238 951 5284 et
979 5229 1161 5285 lumen
1188 5230 1434 5286 veritatis
1473 5231 1528 5287 in
1567 5247 1763 5303 opera-

191 5321 357 5379 tione.
392 5319 736 5393 Redemptori
774 5325 972 5378 etenim
1011 5332 1196 5380 nostro
1231 5341 1394 5380 unum
1428 5326 1545 5382 sine
1593 5326 1765 5383 altero

189 5413 408 5485 placere
431 5428 767 5483 nequaquam
793 5422 990 5483 potest,
1013 5415 1061 5468 si
1091 5424 1271 5471 autem
1298 5417 1344 5472 is
1371 5417 1461 5487 qui
1488 5416 1628 5473 bona
1654 5418 1766 5486 agit

194 5504 372 5560 adhuc
401 5503 626 5559 luxuriae
657 5505 1059 5573 inquinamenta
1095 5521 1202 5560 non
1235 5507 1452 5571 deserit,
1484 5517 1576 5562 aut
1600 5509 1645 5563 is
1671 5509 1763 5578 qui

193 5600 444 5654 castitate
470 5600 775 5670 praeeminet
805 5598 1030 5653 necdum
1056 5613 1114 5653 se
1141 5613 1236 5670 per
1255 5599 1392 5655 bona
1423 5598 1596 5671 opera
1613 5617 1766 5657 exer-

191 5699 302 5748 cet.
349 5689 458 5746 Nec
500 5693 722 5748 castitas
749 5707 878 5764 ergo
915 5706 1106 5762 magna
1137 5702 1220 5747 est
1249 5694 1365 5747 sine
1410 5694 1549 5751 bono
1583 5711 1765 5766 opere,

193 5797 301 5840 nec
326 5796 460 5852 opus
486 5783 684 5841 bonum
712 5793 794 5840 est
825 5782 1025 5853 aliquid
1050 5784 1166 5838 sine
1189 5785 1452 5841 castitate.

1863 4676 2010 4733 lucra
2041 4678 2128 4734 illa
2165 4681 2482 4750 periturum,
2515 4684 2643 4755 quid
2685 4700 2782 4740 nos
2811 4685 2993 4740 miseri
3029 4686 3082 4740 in
3116 4686 3203 4742 die
3240 4685 3432 4756 judicii

1865 4767 1974 4824 Deo
2000 4778 2186 4826 nostro
2214 4772 2267 4826 in
2297 4774 2644 4830 excusatione
2668 4767 2847 4829 nostra
2877 4775 3071 4830 dicturi
3101 4791 3308 4854 sumus,
3333 4775 3426 4847 qui

1864 4861 1979 4931 ejus
2019 4865 2221 4920 sanctis
2260 4881 2324 4922 ac
2351 4868 2654 4923 salubribus
2684 4868 3018 4940 jussionibus
3063 4868 3434 4927 inobedientes

1865 4953 2148 5011 existimus
2167 4997 2180 5020 ,
2208 4965 2263 5012 et
2299 4959 2516 5013 monitis
2543 4958 2845 5014 salubribus
2885 4971 3100 5030 patrum
3127 4969 3435 5017 nostrorum

1865 5059 1972 5099 non
2001 5046 2469 5117 obtemperamus?
2500 5048 2648 5117 Quod
2677 5051 2821 5106 enim
2861 5052 3106 5108 homines
3138 5054 3320 5111 δεουιί
3351 5053 3435 5110 fa-

1868 5135 2018 5192 ciunt
2044 5148 2264 5208 propter
2291 5155 2403 5194 rem
2441 5141 2759 5210 perituram,
2790 5140 2988 5197 faciant
3013 5143 3209 5201 milites
3237 5145 3439 5202 Christi

1867 5238 2092 5298 propter
2116 5228 2336 5300 gloriam
2365 5231 2480 5285 sine
2507 5231 2613 5286 line
2641 5248 2970 5288 mansuram.
3000 5233 3152 5303 Quod
3184 5236 3330 5292 enim
3360 5236 3438 5290 illi

1870 5319 2183 5376 obedientes
2239 5321 2478 5376 existunt
2531 5333 2749 5394 propter
2795 5325 3006 5380 inanem
3050 5326 3440 5391 extollentiam,

1871 5416 2003 5472 ﬂant
2035 5417 2176 5472 servi
2216 5416 2416 5473 Christi
2451 5419 2763 5474 obedientes
2797 5427 3016 5491 prOpter
3044 5420 3441 5476 indelicientem

1869 5506 2263 5562 excellentiam.
2300 5507 2453 5575 Quod
2495 5509 2636 5564 enim
2675 5510 2748 5564 illi
2788 5509 3100 5566 obedientes
3141 5509 3276 5563 ﬁunt
3313 5523 3435 5578 pro-

1870 5611 1992 5671 pter
2015 5600 2310 5669 perituram
2332 5599 2556 5670 gloriam
2579 5602 2798 5671 perituri
2827 5601 3074 5663 hominis,
3103 5600 3233 5654 ﬂant
3256 5598 3441 5654 famuli

1872 5693 2072 5749 Christi
2108 5695 2446 5759 obedientes,
2485 5703 2703 5765 propter
2728 5702 3038 5764 perpetuam
3066 5691 3291 5763 gloriam
3320 5705 3442 5762 per-

1875 5786 2019 5857 petui
2045 5783 2436 5855 Redemptoris.
2473 5781 2625 5838 Nulla
2662 5783 2824 5852 igitur
2852 5781 3103 5850 segnitia,
3135 5779 3276 5837 nulla
3303 5780 3444 5837 inso-
