4020 6338
600 383 725 460 ὲ9ης

1101 377 1385 434 HAYMON
1393 376 1452 430 IS
1493 373 1968 448 HALBERSTAT,
2007 369 2201 443 EPISC

2306 370 2407 430 PP.
2446 367 2624 422 PARS
2663 368 2757 422 lll.‘
2788 364 3390 422 *"MISCELLANEA.

3799 361 3894 417 sis
3962 401 3963 432 ι

621 494 809 555 lentia,
840 492 978 546 nulla
1008 491 1252 558 tarditas,
1281 488 1422 546 nulla
1450 487 1688 560 pigritia,
1720 503 1749 540 a
1778 487 1917 540 bono
1940 483 2275 556 obedieu-fA
2301 489 2525 536 cieteras
2564 480 2729 534 menti
2755 479 2956 538 inserit
2975 519 2990 544 ,
3040 479 3270 532 insertas
3311 477 3575 532 custodit.
3647 474 3814 530 Unde
3852 485 3894 530 et

623 586 712 640 tite
739 599 900 654 opere
925 599 1022 637 nos
1049 581 1309 649 retrahat,
1336 581 1460 651 quia
1492 582 1594 636 etsi
1631 595 1818 651 aspera
1849 587 1930 634 est
1956 579 2041 632 via
2089 591 2194 646 qua

615 677 763 740 .itur,
807 683 985 744 tamen
1015 674 1170 730 beata
1205 679 1289 727 est
1326 673 1500 741 patria
1549 672 1612 726 ad
1660 686 1818 740 quam
1859 669 2190 740 pervenitur.

615 766 948 837 ,Obedientes
971 765 1129 835 igitur
1146 766 1314 818 simus
1335 763 1577 832 patribus
1597 770 1649 815 et
1672 761 1973 816 senioribus
1997 759 2196 818 nostris

620 863 674 916 in
703 869 964 930 quantum
991 858 1284 916 semiudum
1311 857 1482 916 Deum
1514 855 1769 911 exhibent
1791 853 2121 922 jussionem;
2149 853 2196 912 si

619 961 800 1005 autem
827 959 1014 1014 contra
1040 949 1206 1004 Deum
1235 957 1318 1003 est
1340 949 1482 1016 quod
1511 948 1809 1016 imperant,
1845 945 2088 999 dicamus
2116 943 2198 1004 eis

619 1043 895 1100 humiliter
931 1051 986 1098 et
1024 1050 1374 1096 reverenter:
1405 1039 1625 1095 Obedire
1661 1047 1858 1108 oportet
1893 1036 2001 1092 Deo
2029 1036 2198 1112 magis

623 1150 775 1206 suam
799 1133 1094 1203 hominibus
1126 1131 1263 1202 (Aet.
1293 1132 1370 1203 v).

1183 1225 1411 1280 CAPUT
1455 1223 1634 1279 XLVI.

731 1316 969 1382 Qualiter
988 1316 1182 1371 subditi
1205 1315 1491 1370 obedientes
1518 1315 1618 1368 sint
1647 1312 1938 1384 pra’positis
1959 1314 2089 1366 suis.

676 1428 1064 1484 Existimamus
1077 1427 1258 1496 igitur,
1275 1426 1467 1480 fratres
1482 1423 1808 1485 charissimi,
1827 1420 1982 1475 hilari
1997 1419 2198 1484 animo,

622 1526 800 1573 mente
825 1517 1223 1588 promptissima
1253 1515 1564 1570 obedientes
1593 1513 1830 1582 praelatis
1874 1521 1929 1567 et
1959 1511 2202 1581 patribus

624 1612 844 1670 nostris,
874 1611 998 1679 quia
1039 1610 1218 1663 divina
1245 1623 1350 1664 vox
1387 1609 1614 1677 imperat
1654 1607 1808 1661 nobis
1839 1619 1934 1674 per
1973 1602 2202 1657 Paulum

623 1701 925 1770 apostolum
959 1700 1144 1755 dicens
1175 1717 1188 1753 ε
1219 1698 1436 1753 Obedite
1469 1696 1759 1767 prmposilis
1796 1694 1976 1750 vestris
2004 1694 2060 1748 in
2088 1690 2200 1746 Do-

625 1795 766 1851 mino
806 1803 854 1845 et
897 1792 1160 1862 subjacete
1189 1794 1263 1847 eis
1302 1791 1488 1862 (Hebr.
1517 1794 1660 1857 xm).
1690 1790 1903 1858 Quanto
1933 1789 2074 1844 enim
2105 1789 2203 1843 hu-

627 1881 866 1936 miliores
905 1891 959 1937 et
993 1881 1392 1937 obedientiores
1418 1880 1700 1943 fuerimus,
1730 1888 1876 1934 tanto
1910 1879 2079 1932 levius
2108 1893 2200 1932 su-

627 1988 723 2042 per
750 1988 846 2027 nos
873 1987 938 2027 ac
961 1973 1170 2028 dulcius
1192 1973 1378 2044 jugum
1408 1971 1618 2027 Domini
1645 1971 1958 2026 sentiemus.
1991 1968 2203 2035 Quanto

624 2065 1021 2122 obedientiores
1040 2064 1301 2120 fuerimus
1323 2063 1623 2134 praepositis
1641 2072 1696 2118 et
1719 2062 1962 2132 patribus
1980 2062 2203 2128 nostris,

627 2156 680 2210 iu
725 2166 931 2210 tantum
971 2157 1185 2211 obediet
1221 2158 1362 2212 Deus
1399 2156 1732 2213 orationibus
1779 2155 1996 2210 nostris.
2035 2154 2206 2209 Citius

625 2249 769 2302 enim
809 2250 1096 2304 exauditur
1122 2266 1224 2303 una
1260 2249 1560 2304 obedientis
1595 2249 1770 2304 oratio
1810 2263 1972 2316 quam
2019 2249 2206 2303 decem

627 2338 791 2393 millia
821 2341 1226 2411 contemptoris.
1266 2339 1462 2396 Sancta
1500 2340 1641 2393 enim
1680 2338 1974 2392 intentione
2001 2345 2205 2391 etcum

625 2429 769 2484 omni
799 2430 1080 2485 velocitate
1101 2431 1270 2501 jussis
1294 2430 1565 2484 seniorum
1595 2438 1900 2484 nostrorum
1927 2429 2206 2498 obtempe-

627 2535 829 2585 remus,
857 2531 913 2576 et
945 2538 1066 2576 mox
1095 2531 1152 2576 ut
1180 2522 1382 2590 aliquid
1410 2523 1565 2578 nobis
1593 2523 1914 2592 imperatum
1945 2537 1974 2574 a
2003 2519 2207 2588 majore

629 2612 810 2676 fuerit,
842 2628 910 2667 ac
936 2613 982 2667 si
1011 2614 1268 2668 divinitus
1296 2615 1606 2683 imperetur,
1625 2628 1828 2667 moram
1858 2612 1964 2680 pati
1994 2611 2206 2665 nescia-

631 2718 751 2758 mus
778 2704 830 2758 in
859 2704 1122 2767 faciendo,
1141 2707 1264 2774 quia
1291 2705 1594 2760 obedientia
1619 2721 1738 2775 qum
1767 2702 2060 2770 majoribus
2085 2715 2208 2771 per-

630 2791 863 2858 hibetur,
885 2795 992 2848 Deo
1014 2795 1319 2850 exhibetur.
1355 2796 1472 2864 Ipse
1491 2796 1634 2848 enim
1661 2795 1795 2848 dixit
1826 2813 1836 2846 :
1866 2792 1968 2857 Qui
1997 2809 2080 2845 vos
2111 2809 2209 2844 au-

628 2881 726 2946 dit,
755 2897 836 2934 me
863 2883 1010 2935 audit
1041 2882 1192 2951 (Luc.
1222 2887 1299 2951 x).
1347 2883 1450 2936 Pro
1493 2883 1584 2936 Dei
1635 2891 1810 2936 autem
1843 2895 2027 2935 amore
2063 2879 2207 2934 omni

627 2971 929 3026 obedientia
958 2981 1058 3027 nos
1099 2974 1392 3026 subdamus
1419 2973 1710 3042 majoribus
1739 2973 1958 3037 nostris,
1989 2980 2048 3025 ut
2084 2970 2208 3024 imi—

634 3071 836 3119 tatores
874 3065 1148 3120 valeamus
1175 3081 1294 3120 esse
1333 3064 1543 3118 Domini
1589 3065 1790 3129 nostri,
1828 3065 1892 3119 de
1929 3079 2036 3134 quo
2080 3063 2210 3118 dicit

628 3151 916 3223 Apostolus
961 3171 974 3206 :
1024 3152 1216 3209 Factus
1262 3165 1336 3209 est
1377 3153 1616 3210 Christus
1657 3156 1897 3209 obediens
1940 3171 2100 3226 usque
2140 3151 2209 3207 ad

627 3256 843 3301 mortem
873 3244 1038 3316 (Phil.
1067 3248 1152 3317 It).

1182 3339 1407 3396 CAPUT
1445 3339 1536 3394 XL
1546 3339 1648 3395 Vll.

891 3430 1166 3496 Quomodo
1200 3433 1415 3486 invicem
1451 3433 1656 3489 obedire
1691 3433 1954 3489 debemus.

702 3537 932 3595 Invicem
988 3543 1207 3598 obedire
1267 3545 1563 3611 debemus,
1624 3547 1763 3602 sicut
1810 3547 1954 3602 servi
2000 3544 2210 3608 Domini

631 3633 923 3686 secundum
953 3634 1093 3702 quod
1134 3635 1385 3705 praecepit
1420 3636 1693 3699 Dominus,
1727 3637 1850 3707 quia
1881 3635 1972 3705 qui
2002 3635 2118 3690 vult
2155 3634 2211 3692 in

633 3721 785 3776 vobis
820 3737 940 3778 esse
970 3739 1216 3794 magnus,
1242 3724 1333 3779 ﬁat
1360 3727 1600 3780 omnium
1629 3726 1977 3794 novissimus,
2005 3732 2060 3778 et
2089 3739 2209 3778 om-

635 3811 781 3865 nium
823 3828 1010 3868 servus
1043 3813 1254 3882 (Matth.
1293 3814 1406 3884 xx).
1441 3815 1644 3881 Quibus
1674 3815 1909 3880 addidit,
1955 3823 2013 3868 ut
2041 3813 2208 3884 magis

634 3915 732 3954 nos
750 3903 970 3956 inclinet
995 3902 1060 3954 ad
1087 3903 1442 3958 humilitatem
1470 3925 1482 3958 :
1511 3904 1660 3960 Sicut
1683 3907 1822 3974 ﬁlius
1856 3906 2080 3958 hominis
2107 3922 2210 3960 non

630 3990 763 4043 venit
799 3991 1116 4054 ministrari,
1145 3993 1234 4044 sed
1275 3995 1571 4047 ministrare
1601 3993 1811 4066 (lbid.).
1858 3994 1961 4049 Sed
1996 4003 2050 4048 et
2082 3993 2219 4062 illud

629 4080 782 4149 quod.
795 4081 863 4135 ab
885 4080 1140 4149 Apostolo
1165 4083 1365 4137 dictum
1389 4092 1472 4138 est
1497 4102 1508 4137 :
1541 4083 1642 4138 Per
1664 4085 1970 4139 charitatem
1995 4075 2214 4150 spiritus.

627 4173 810 4227 servile
842 4172 1055 4226 invicem
1086 4172 1226 4243 (Gal.
1255 4175 1331 4245 v).

1173 4263 1399 4319 CAPUT
1438 4264 1662 4320 XLVIII.

629 4354 733 4421 Qui
784 4371 900 4409 uere
951 4354 1115 4408 Deum
1168 4355 1393 4426 diligunt
1442 4357 1580 4410 ultra
1637 4358 1764 4412 vires
1826 4374 1950 4412 suas
2001 4357 2210 4412 obedire

1257 4428 1571 4481 desiderant.

694 4539 796 4608 Qui
827 4540 1057 4596 fideliter
1081 4550 1134 4594 et
1162 4513 1292 4611 pure
1320 4540 1486 4595 Deum
1516 4540 1708 4613 diligit,
1740 4549 1795 4596 et
1823 4550 2006 4597 certus
2032 4549 2116 4595 est
2142 4541 2208 4596 de
2234 4571 2286 4630 D

629 4632 981 4685 retributione
1013 4631 1246 4693 Domini,
1280 4646 1376 4686 nec
1406 4631 1648 4686 sufficere
1676 4632 1776 4686 sibi
1803 4641 1958 4702 putat
1991 4647 2054 4686 ea
2085 4646 2206 4701 qua:

627 4721 1000 4790 injunguntur,
1035 4722 1127 4774 sed
1159 4736 1371 4790 semper
1395 4730 1677 4790 augmenta
1704 4723 1882 4791 operis
1912 4723 2122 4792 quierit,
2151 4729 2208 4777 et

628 4810 830 4878 majora
852 4827 971 4880 qua:
994 4809 1341 4881 iniunguntur
1362 4812 1628 4866 desiderat
1645 4822 1698 4866 et
1724 4821 1962 4880 exoptat,
1987 4810 2204 4864 etiamsi

628 4917 788 4970 supra
831 4901 971 4956 vires
1023 4916 1141 4956 esse
1184 4902 1428 4956 videatur
1451 4903 1594 4972 quod
1620 4900 1766 4963 facit,
1793 4915 1892 4954 nec
1915 4899 2205 4970 aliquando

629 5008 850 5047 securus
879 5003 964 5047 est
1001 5003 1254 5063 tanquam
1283 5008 1444 5062 opere
1475 4993 1685 5063 expleto
1705 5033 1718 5055 ,
1751 4993 1843 5047 sed
1872 5008 1902 5046 e
1930 4990 2205 5045 contrario

629 5085 888 5140 sollicitus
930 5096 1012 5141 est
1054 5096 1102 5141 et
1150 5087 1340 5141 anxius
1376 5095 1628 5156 tanquam
1673 5087 1764 5156 qui
1810 5085 1943 5140 nihil
1984 5086 2205 5156 dignum

630 5179 916 5251 prmeeptis
939 5179 1274 5250 Evangelicis
1301 5180 1502 5251 egerit,
1529 5194 1737 5233 memor
1768 5178 1909 5231 illius
1939 5175 2205 5232 Dominici

628 5267 898 5326 sermonis
924 5269 1152 5324 dicentis
1179 5287 1190 5320 :
1234 5267 1364 5322 Cum
1394 5278 1566 5321 autem
1598 5266 1822 5335 feceritis
1853 5266 2028 5320 omnia
2062 5281 2207 5336 qua!-

629 5377 829 5434 cunque
853 5361 1074 5430 praecepi
1102 5362 1262 5423 vobis,
1292 5371 1416 5413 tunc
1444 5361 1666 5413 dicetis:
1702 5358 1851 5414 Servi
1881 5358 2092 5412 inutiles
2119 5374 2211 5413 su-

628 5459 765 5520 mus,
790 5454 927 5525 quod
954 5453 1226 5507 debuimus
1254 5453 1426 5522 facere
1451 5451 1668 5521 fecimus
1697 5449 1849 5523 (Luc.
1878 5453 2034 5522 xvu).

1191 5563 1416 5619 CAPUT
1451 5562 1636 5618 XLlX.

936 5658 1008 5713 De
1034 5657 1192 5710 laude
1222 5667 1268 5710 et
1297 5655 1548 5726 qualitate
1574 5657 1898 5713 obedientite.

650 5823 659 5829 .
702 5770 829 5842 Sola
857 5785 1089 5846 namque
1120 5771 1290 5826 virtus
1327 5777 1409 5849 est
1444 5769 1780 5838 obedientia,
1830 5790 1952 5846 quae
1979 5775 2211 5845 virtutes

2295 573 2504 643 primus
2534 573 2694 626 homo
2720 579 3047 642 prae-ceptum
3062 570 3214 639 quod
3244 579 3500 634 servaret,
3533 567 3798 636 accepit,
3819 569 3890 626 cui

2297 683 2355 724 se
2386 668 2429 722 si
2462 667 2622 722 vellet
2648 665 2904 720 obediens
2927 664 3182 728 subdere,
3205 663 3273 718 ad
3292 670 3562 716 :eteruun
3596 660 3887 714 beatiuidi.

2291 775 2420 817 nem
2442 759 2557 814 sine
2578 759 2759 812 labore
2780 757 3112 826 perveniret.
3145 754 3276 809 Hie
3300 753 3522 808 Samuel
3552 752 3645 805 ait
3669 770 3683 805 :
3717 749 3890 805 Helia

2298 860 2370 905 est
2396 849 2684 903 obedientia
2707 863 2863 918 quam
2886 847 3128 910 victimm,
3148 854 3196 899 et
3211 842 3513 902 auscultare
3537 842 3730 910 magis
3750 857 3885 909 qua

2301 941 2487 1010 offerre
2509 939 2713 1008 adipem
2740 939 2960 994 arietum
2984 934 3036 1006 (Ι
3062 933 3318 1008 Beg.xr).
3342 933 3685 988 Obedientia
3711 931 3886 1000 quippe

2299 1030 2534 1084 victimis
2574 1028 2694 1096 jure
2737 1026 3084 1097 prmponitur,
3127 1023 3252 1094 quia
3294 1038 3392 1102 per
3415 1022 3694 1076 victimas
3729 1020 3883 1073 aliena

2301 1137 2452 1186 caro,
2487 1137 2584 1190 per
2609 1119 2966 1174 obedientiam
2991 1131 3122 1172 vero
3149 1117 3396 1171 voluntas
3422 1114 3670 1184 propria
3703 1120 3884 1166 macta-

2297 1221 2409 1266 tur.
2444 1211 2616 1267 Tanto
2643 1210 2804 1279 igitur
2821 1208 3049 1278 quisque
3071 1208 3242 1262 Deum
3265 1206 3428 1262 citius
3454 1205 3682 1274 placat,
3702 1214 3881 1274 quarto

2303 1311 2430 1358 ante
2450 1300 2565 1369 ejus
2586 1299 2771 1356 oculos
2794 1312 3039 1367 repressa
3069 1296 3280 1351 arbitrii
3299 1296 3382 1352 sui
3407 1295 3701 1365 superbia.
3727 1293 3880 1364 gladio

2303 1393 2554 1466 praecepti
2597 1408 2656 1447 se
2696 1391 2955 1446 immolat.
3009 1387 3117 1444 Sed
3150 1387 3275 1459 quia
3309 1402 3720 1456 nonnunquam
3749 1388 3877 1441 nobis

2299 1484 2463 1554 hujus
2491 1483 2673 1537 mundi
2713 1495 3002 1552 prospera,
3050 1494 3440 1548 nonnunquam
3475 1491 3622 1531 vero
3646 1475 3877 1544 iubentur

2305 1577 2556 1637 adversa,
2592 1574 2868 1630 sciendum
2897 1585 3240 1640 summopere
3264 1580 3382 1633 est,
3411 1568 3570 1638 quod
3595 1566 3871 1622 obedientis

2299 1668 2616 1737 aliquando,
2647 1666 2691 1720 si
2721 1665 2787 1722 de
2816 1678 2914 1718 suo
2946 1663 3145 1718 habeat
3169 1660 3405 1730 aliquid,
3447 1658 3611 1712 nulla
3647 1669 3760 1720 est;
3799 1657 3871 1712 ali-

2305 1761 2519 1829 quando
2531 1768 2735 1822 autem,
2753 1759 2799 1814 si
2823 1758 2889 1812 de
2915 1771 3015 1812 suo
3040 1754 3242 1825 aliquid
3265 1768 3372 1810 non
3399 1754 3636 1816 habeat,
3662 1752 3864 1812 minitas.

2233 1856 2281 1916 Β
2307 1855 2440 1910 Nam
2471 1870 2593 1910 cum
2625 1853 2784 1922 hujus
2815 1849 2998 1906 mundi
3026 1864 3310 1906 successus
3327 1847 3685 1918 praecipitur,
3703 1855 3754 1900 et
3773 1861 3866 1901 eun

2302 1948 2453 2006 locus
2479 1947 2729 2015 superior
2759 1945 3074 2014 imperatur,
3108 1942 3154 1997 is
3178 1941 3271 2011 qui
3301 1940 3366 1998 ad
3398 1936 3753 2009 percipienda
3779 1938 3863 2008 ἡκ

2304 2037 2506 2100 obedit,
2538 2033 2858 2090 obedientim
2887 2031 2990 2088 sibi
3020 2031 3272 2085 virtutem
3303 2035 3578 2091 evacuat,
3617 2027 3663 2084 si
3694 2025 3755 2080 ad
3781 2025 3861 2080 hat

2303 2128 2464 2183 etiam
2478 2143 2546 2182 ex
2559 2125 2777 2198 proprio
2790 2122 3060 2180 desiderio
3087 2120 3322 2180 anhelat.
3351 2117 3548 2186 Neque
3564 2117 3707 2172 enim
3717 2130 3770 2172 se
3789 2113 3860 2172 σὺ

2304 2218 2607 2280 obedientia
2623 2215 2826 2284 dirigit,
2850 2214 2942 2282 qui
2964 2213 3030 2266 ad
3049 2211 3398 2282 percipienda
3425 2208 3603 2280 hujus
3627 2208 3742 2272 vita:
3768 2220 3858 2274 pro

2306 2323 2486 2377 spera,
2508 2306 2713 2360 libidini
2727 2304 2956 2374 propria:
2970 2301 3282 2368 ambitionis
3307 2300 3504 2356 servit.
3522 2299 3751 2356 Rursum
3767 2311 3854 2354 cal

2306 2395 2788 2464 mundidespectus
2819 2393 3151 2462 praecipitur,
3185 2407 3307 2446 cum
3337 2390 3548 2460 probra
3591 2388 3795 2457 adipisci
3815 2395 3853 2442 ι

2306 2487 2644 2544 contumelia:
2650 2486 2928 2554 jubentur,
2945 2485 3048 2544 nisi
3063 2485 3176 2542 htth
3189 2497 3255 2541 ex
3271 2482 3577 2550 semetipso
3591 2481 3782 2534 annuus
3791 2491 3853 2544 ap-

2305 2589 2478 2650 petat,
2490 2579 2809 2634 obedieutia:
2840 2577 3088 2638 meritum
3115 2575 3214 2634 sibi
3229 2575 3445 2638 minuit,
3465 2574 3599 2643 quia
3614 2574 3677 2626 ad
3693 2587 3749 2626 ea
3766 2583 3849 2639 qu:

2311 2673 2362 2725 in
2382 2673 2483 2726 hac
2501 2671 2607 2725 vita
2627 2671 2877 2740 despecta
2903 2677 3049 2733 sunt,
3066 2668 3266 2722 invitus
3282 2667 3589 2736 nolensque
3600 2663 3846 2719 descendit

2379 2763 2456 2817 Ad
2495 2763 2875 2816 detrimentum
2916 2761 3112 2830 quippe
3144 2758 3448 2815 obedientia
3494 2758 3722 2818 ducitur.
3757 2771 3846 2810 cum

2311 2861 2544 2907 mentem
2589 2853 2653 2906 ad
2703 2850 3044 2920 suscipienda
3094 2851 3290 2919 probra
3344 2848 3509 2918 hujus
3568 2846 3734 2902 δειλαιιὶ
3774 2860 3846 2899 ne-

2311 2956 2580 3012 quaquam
2630 2955 2697 2995 ex
2750 2949 2904 3010 parte
2953 2939 3165 3008 aliqua,
3201 2938 3363 2993 etiam
3419 2953 3515 2991 sua
3549 2947 3664 2991 vota
3709 2935 3847 2991 corni-

2315 3041 2513 3087 tantur.
2567 3033 2733 3086 Debet
2778 3046 2906 3101 ergo
2956 3031 3260 3086 obedientia
3311 3038 3367 3091 et
3419 3030 3468 3084 in
3514 3029 3737 3083 adversis
3791 3040 3849 3080 ex

2313 3142 2411 3183 suo
2426 3128 2625 3198 aliquid
2651 3126 2872 3189 habere,
2897 3133 2950 3180 et
2969 3140 3186 3180 rursum
3212 3125 3265 3179 in
3295 3125 3550 3194 prosperis
3574 3138 3632 3175 ex
3653 3136 3743 3174 suo
3755 3117 3843 3171 ali-

2238 3210 2283 3272 C
2316 3219 2441 3286 quid
2461 3218 2778 3272 omnimodo
2799 3232 2902 3272 non
2935 3217 3157 3281 habere,
3190 3225 3454 3284 quatenus
3478 3223 3532 3268 et
3555 3215 3606 3267 in
3627 3210 3843 3266 adversis

2312 3316 2460 3363 tanto
2501 3307 2572 3362 sit
2607 3307 2913 3377 gloriosior,
2947 3316 3152 3377 quanto
3183 3307 3366 3364 divino
3405 3307 3594 3360 ordine
3618 3304 3761 3358 etiam
3789 3314 3842 3356 ex

2313 3401 2578 3456 desiderio
2602 3400 2864 3470 jungitur.
2919 3399 2986 3453 Et
3020 3399 3074 3453 in
3103 3399 3376 3470 prosperis
3408 3407 3566 3453 tanto
3594 3398 3658 3450 sit
3682 3395 3840 3457 verior,

2313 3501 2517 3563 quanto
2563 3506 2594 3544 a
2637 3492 2887 3560 prtesenti
2935 3492 3084 3562 ipsa,
3135 3508 3295 3561 quam
3332 3492 3595 3546 divinitus
3627 3487 3838 3561 percipit.

2313 3583 2480 3654 gloria
2507 3581 2750 3636 funditus
2779 3598 2842 3636 ex
2873 3590 3054 3637 mente
3079 3590 3380 3652 separatur.
3416 3580 3528 3636 Sed
3557 3582 3653 3635 hoc
3673 3575 3838 3631 virtutis

2311 3676 2522 3746 pondus
2550 3675 2744 3730 melius
2772 3675 3140 3741 ostendimus,
3181 3675 3228 3729 si
3265 3674 3511 3730 caelestis
3544 3673 3714 3744 patria!
3733 3671 3834 3723 duoo'

2312 3782 2430 3822 rum
2461 3767 2685 3821 heroum
2720 3779 3104 3819 memoramus.
3154 3764 3363 3835 Moyses
3395 3778 3636 3833 namque
3669 3773 3762 3814 cum
3788 3757 3834 3808 il

2312 3857 2526 3912 deserto
2549 3870 2678 3911 oves
2706 3864 2956 3924 pasceret
2983 3870 3011 3908 a
3040 3855 3266 3909 Domino
3293 3869 3388 3924 per
3411 3855 3662 3924 angelum
3687 3853 3730 3905 in
3749 3847 3840 3919 igni

2312 3948 2564 4018 loquente
2586 3955 2811 4002 vocatus
2833 3955 2938 4011 est,
2959 3955 3020 4000 ut
3041 3947 3333 4016 eripienda:
3355 3947 3506 4000 omni
3531 3945 3843 4001 lsrselitarm

2312 4039 2641 4094 multitudini
2676 4049 2951 4109 praeesset.
3003 4039 3113 4094 Sed
3145 4041 3268 4110 quia
3301 4039 3444 4109 apud
3483 4054 3554 4093 se
3591 4046 3747 4093 ruente
3768 4035 3840 4086 litt-

2311 4130 2455 4186 milis
2484 4130 2726 4194 exstitit,
2759 4129 2994 4184 oblatam
3024 4129 3272 4200 protinus
3304 4129 3437 4183 tanti
3469 4122 3843 4200 regiminisglo‘

2312 4223 2445 4276 riam
2486 4222 2734 4291 expavit,
2782 4237 3013 4292 moxque
3052 4223 3118 4277 ad
3157 4221 3490 4276 inﬁrmitatis
3537 4216 3842 4290 patrocinium

2312 4311 2563 4375 recurrit,
2581 4311 2796 4366 dicens:
2825 4311 3068 4372 Obsecro,
3088 4309 3326 4374 Domine,
3351 4327 3454 4363 non
3476 4325 3602 4363 sum
3621 4308 3843 4375 eloquar:

2311 4402 2376 4455 ab
2405 4403 2516 4455 heri
2543 4403 2680 4455 enim
2710 4411 2758 4455 et
2801 4401 2994 4455 nudius
3031 4402 3214 4454 tertius
3232 4440 3248 4465 ,
3288 4417 3354 4454 ea:
3383 4417 3485 4470 quo
3515 4401 3707 4470 cupisti
3736 4391 3844 4460 loqd

2312 4493 2380 4546 ad
2427 4508 2631 4546 servum
2681 4501 2862 4557 tuum,
2911 4491 3160 4545 tardioris
3207 4500 3254 4544 et
3301 4491 3656 4560 impeditioris
3697 4488 3846 4554 lingu

2313 4582 2482 4652 factus
2511 4599 2627 4636 sum
2655 4581 2854 4650 (Exod.
2880 4580 2990 4652 IV);
3033 4589 3090 4635 et
3115 4595 3174 4636 se
3203 4579 3505 4650 postposito
3537 4579 3697 4633 alium
3722 4575 3846 4642 dsp-

2306 4675 2438 4740 scit,
2471 4675 2692 4730 dicens:
2728 4672 2876 4726 Mitte
2914 4688 3066 4743 quem
3105 4673 3363 4727 missurus
3398 4687 3456 4725 ss
3481 4669 3695 4741 (Ibit).
3739 4666 3848 4720 Era

2305 4780 2426 4820 cum
2448 4763 2770 4818 auctoritate
2796 4762 2992 4832 linguae
3014 4761 3254 4831 loquitur
3279 4770 3335 4815 et
3357 4775 3428 4815 ne
3453 4762 3596 4814 tanti
3620 4753 3850 4828 regimini

2303 4865 2625 4926 potestatem
2671 4855 2968 4924 suscipiat,
3018 4855 3290 4924 elinguem
3334 4866 3396 4916 se
3441 4867 3569 4907 esse
3611 4854 3844 4907 causam.

2306 4945 2503 5000 Paulus
2531 4961 2748 5015 quoque
2773 4944 3036 5000 divinitus
3062 4943 3241 4997 fuerat
3279 4943 3632 5004 admonitus,
3674 4935 3848 5009 quan.

2310 5036 2737 5107 Hierosolymam
2766 5034 3061 5092 ascendere
3089 5033 3342 5097 deberet,
3372 5033 3511 5086 sicut
3544 5033 3660 5103 ipse
3683 5023 3847 5084 Calatis

2217 5160 2220 5164 -
2311 5128 2467 5183 dicit:
2492 5127 2693 5182 Deinde
2718 5135 2831 5196 post
2857 5141 3022 5180 annos
3041 5122 3435 5194 quatuordecim
3461 5123 3657 5176 iterum
3677 5112 3847 5174 sset-5

2313 5219 2765 5289 Hierosolymam,
2801 5225 3067 5286 assumpto
3098 5212 3357 5268 Barnaba
3393 5221 3443 5266 et
3474 5210 3615 5264 Tito.
3666 5199 3853 5262 Αεαά

2315 5321 2487 5366 autem
2517 5308 2802 5365 secundum
2828 5305 3196 5360 reuelationem
3225 5300 3369 5372 (Gal.
3397 5301 3483 5368 ιι).
3529 5301 3690 5369 Isque
3712 5298 3758 5350 in
3779 5293 3849 5348 iti-

2315 5417 2444 5458 nere
2472 5415 2593 5456 cum
2621 5398 2940 5468 prophetam
2967 5395 3210 5466 Agabum
3239 5393 3532 5462 reperisset
3552 5433 3567 5456 ,
3599 5397 3785 5461 quanta
3805 5392 3855 5440 η

2313 5494 2611 5550 adversitas
2650 5493 2702 5546 in
2746 5489 3132 5561 Hierosolymis
3166 5496 3431 5552 maneret,
3467 5486 3693 5541 audivit.

2385 5583 2657 5652 Scriptum
2679 5579 2876 5650 quippe
2899 5587 3012 5634 est:
3040 5576 3221 5633 Virum
3240 5577 3390 5646 cujus
3411 5576 3523 5631 hare
3544 5592 3678 5629 sonu
3693 5581 3777 5632 est,
3795 5566 3852 5620 sit

2311 5674 2596 5746 alligabunt
2643 5674 2697 5727 in
2744 5670 3040 5726 Jerusalem
3084 5669 3262 5723 Judaei
3291 5669 3428 5738 (Act.
3459 5668 3592 5736 ut).
3649 5664 3694 5719 Α
3721 5657 3852 5716 Pati

2311 5779 2489 5822 autem
2520 5765 2766 5839 protinus
2791 5763 3174 5839 respondetur:
3201 5758 3313 5833 Ego
3339 5776 3441 5815 non
3465 5759 3634 5816 solum
3655 5749 3858 5828 alliam}
