4020 6338
199 466 303 524 917

1086 512 1089 515 .
1126 514 1129 517 .
1160 465 1251 522 DE
1294 462 1683 521 VARIETATE
1720 461 2203 521 LUiRORUM.—-
2240 464 2368 523 LIB.
2407 469 2469 524 ll.

3274 484 3277 487 '
3339 464 3444 532 918

175 577 289 645 ,ςιά
333 586 383 643 at
427 575 564 633 osori
606 578 659 643 in
697 575 1247 648 Jerusaletnporatus
1287 594 1403 633 sum
1444 576 1772 647 pronomine
1798 578 1990 643 Anus.
2038 578 2096 633 In
2124 579 2348 636 Actibus
2392 575 2757 652 apostolorum
2805 586 2997 655 legitur
3024 589 3165 657 quod
3204 605 3324 645 cum
3354 605 3448 646 ve-

174 668 328 724 Ᾰεεκ
350 665 569 740 (“id-li
602 682 775 741 neque
799 668 946 729 enim
970 670 1343 740 pretiosiorem
1368 670 1510 726 facio
1532 670 1770 725 animam

196 770 397 811 meam.
417 754 763 826 Percoptione
790 757 954 829 igitur
978 758 1325 817 revelationis
1350 757 1772 831 Hierosolymam

196 860 454 919 pergens,
484 845 711 919 adversa
737 849 1043 916 cognoscit,
1073 859 1129 906 et
1154 858 1267 905 tum
1292 849 1521 909 libenter
1547 850 1770 921 appetit.

182 940 353 1011 .audit
391 955 517 1010 qua:
549 940 758 1007 tuncet,
807 943 905 998 sed
949 943 1015 1000 ad
1061 942 1177 1001 haec
1215 943 1493 1000 ardentior
1532 944 1768 1000 anhelat.

176 1033 414 1105 .Moyses
438 1033 629 1104 itaque
649 1034 723 1115 ad
757 1049 1017 1107 prospera
1044 1036 1112 1095 de
1139 1052 1237 1094 suo
1261 1037 1395 1093 nihil
1423 1037 1615 1100 habet,
1647 1036 1772 1105 quia

178 1125 457 1197 precibus
479 1126 776 1189 remittitur
800 1142 871 1183 ne
900 1128 1207 1187 lsraeliticaa
1246 1130 1391 1201 plebi
1431 1129 1769 1200 praeferatur.

178 1217 401 1281 Paulus
427 1218 652 1284 adversa
678 1220 846 1283 etiam
875 1236 943 1279 ex
972 1237 1070 1279 suo
1096 1232 1219 1283 voto
1248 1223 1480 1287 ducitur,
1504 1223 1627 1293 quia
1662 1236 1775 1277 ma-

177 1306 373 1382 .lorum
402 1308 798 1377 seminecum
822 1312 1187 1382 cognitionem
1216 1313 1475 1383 percipit,
1491 1313 1585 1368 sed
1613 1312 1775 1368 (levo.-

196 1399 348 1454 tione
380 1399 603 1469 spiritus
630 1401 799 1461 etiam
831 1403 901 1465 ad
939 1403 1153 1460 acriora
1176 1402 1465 1473 fervescit.
1513 1404 1606 1459 ille
1633 1419 1772 1474 praes

195 1492 370 1547 sentis
419 1493 839 1573 principalitatis
886 1495 1146 1569 gloriam,
1193 1497 1302 1551 Deo
1324 1496 1568 1567 jubente,
1606 1496 1776 1552 voluit

196 1583 492 1639 declinare.
524 1583 649 1649 Iste,
680 1584 791 1665 Deo
836 1602 1026 1663 aspera
1073 1596 1133 1643 et
1175 1591 1309 1644 dura
1354 1590 1667 1659 spondente,
1716 1602 1778 1644 se

195 1675 405 1755 studuit
434 1675 500 1745 ad
528 1678 776 1748 graviora
805 1695 1127 1752 praeparare.
1165 1680 1447 1747 Preceunte
1474 1697 1606 1757 ergo.
1630 1688 1778 1738 utro-

184 1750 429 1839 rumque
469 1767 664 1829 ducum
710 1750 938 1827 infracta
972 1775 1205 1840 virtute,
1251 1775 1584 1832 instituimus
1628 1785 1687 1832 ut
1729 1775 1776 1833 si

182 1848 516 1926 :obedientia:
543 1859 775 1929 palmam
804 1863 1207 1935 apprehendere
1233 1865 1501 1921 veraciter
1530 1865 1773 1935 nitimur,

1866 674 2042 728 uisset
2076 672 2273 730 Paulus
2298 674 2613 731 Corinthum
2647 694 2750 733 non
2780 680 3018 749 patiatur
3044 696 3103 737 se
3130 697 3449 751 permanere

1866 763 1975 819 nisi
2005 767 2144 835 apud
2175 765 2421 836 Aquilam
2459 777 2517 823 et
2544 770 2863 838 Priscillam,
2912 788 2978 829 eo
3019 776 3162 847 quod
3206 776 3448 847 ejusdem

1870 854 2006 909 artis
2031 866 2216 912 essent
2239 848 2463 927 opiﬁces
2487 874 2647 928 quam
2692 869 2749 916 et
2793 863 2906 932 ipse
2932 863 3124 920 solitus
3149 875 3268 920 crat
3294 881 3453 922 exer-

1868 957 2014 998 cere.
2060 943 2138 999 Ita
2174 946 2317 1001 enim
2346 948 2544 1002 habet:
2576 947 2701 1003 Post
2730 951 2839 1005 hwc
2868 951 3070 1009 Paulus
3108 971 3343 1025 egressus
3382 954 3448 1009 ab

1868 1034 2112 1101 Athenis,
2142 1038 2278 1094 venit
2307 1037 2613 1096 Corinthum
2637 1058 2655 1096 :
2685 1052 2730 1096 et
2759 1044 3021 1100 inveniens
3050 1042 3326 1117 quemdam
3352 1047 3455 1104 Ju-

1873 1125 2047 1180 dtrum
2077 1130 2282 1183 nomine
2306 1130 2570 1202 Aquilam,
2608 1132 2883 1188 Ponticum
2911 1153 3113 1206 genere,
3156 1148 3204 1192 et
3231 1137 3453 1193 Priscil-

1875 1215 1980 1269 lam
2012 1233 2224 1272 uxorem
2264 1221 2398 1289 ejus,
2443 1208 2653 1276 occessit
2686 1223 2754 1275 ad
2784 1240 2891 1289 eos,
2936 1242 2994 1278 eo
3041 1227 3180 1296 quod
3218 1227 3451 1295 ejusdem

1865 1310 2043 1361 essent
2071 1310 2225 1374 artis,
2243 1320 2292 1363 et
2318 1308 2558 1365 monebat
2584 1329 2701 1366 cum
2728 1314 2823 1380 eis,
2852 1322 2902 1367 et
2927 1317 3240 1385 aperabatur
3257 1332 3276 1370 :
3304 1328 3454 1374 erant

1877 1399 2011 1451 enim
2041 1400 2433 1470 scenofartorite
2461 1402 2588 1456 artis
2619 1403 2756 1472 (Act.
2784 1404 2956 1485 xvm).
3014 1407 3073 1483 Et
3108 1424 3215 1463 non
3244 1418 3455 1485 tantum

1868 1499 2131 1558 operatus
2159 1502 2243 1547 est
2267 1502 2528 1562 quantum
2571 1495 2670 1549 soli
2710 1496 2851 1561 sibi,
2890 1480 2989 1553 sed
3026 1480 3191 1575 etiam
3238 1480 3323 1557 bis
3363 1502 3457 1573 qui

1868 1596 1999 1637 'cum
2025 1597 2091 1638 eo
2115 1593 2289 1651 erant,
2321 1584 2491 1656 possit
2520 1576 2781 1645 sufﬁcere.
2819 1588 3093 1662 Scriptum
3121 1603 3204 1648 est
3231 1596 3374 1650 enim
3402 1586 3459 1652 in

1874 1673 2100 1729 Actibus
2149 1676 2514 1746 apostolorum
2562 1679 2704 1749 quod
2732 1722 2746 1745 ,
2823 1683 3124 1751 procedens
3170 1682 3352 1741 Mileto
3403 1692 3461 1742 et

1878 1767 2074 1823 exinde
2102 1769 2321 1825 mittens
2352 1772 2646 1841 Ephesum,
2680 1790 3089 1847 convocausquc
3130 1781 3193 1831 ad
3241 1795 3300 1834 se
3328 1774 3461 1852 ‘pro-
3502 1804 3509 1808 τ

1876 1854 2128 1931 sbyteros
2177 1861 2430 1917 Ecclesiae
2480 1864 2859 1934 Ephesiorum,
2907 1877 2960 1922 et
3008 1870 3141 1924 dans
3189 1860 3460 1941 praecepta

186 1950 471 2021 prosperis
512 1950 673 2025 hujus
714 1954 894 2011 saeculi
940 1972 1006 2011 ex
1052 1956 1165 2011 sola
1204 1956 1449 2027 jussione
1471 1999 1485 2025 ,
1533 1957 1776 2014 adversis
1802 1938 1851 2007 Β
1880 1953 2330 2021 quemadmodum
2356 1970 2541 2026 regere
2561 1956 2855 2012 Ecclesiam
2881 1959 2997 2024 Dei,
3022 1976 3078 2014 se
3108 1963 3350 2027 absente,
3372 1964 3463 2019 de-

188 2040 379 2094 'autem
404 2040 568 2099 etiam
595 2057 661 2097 ex
688 2043 970 2121 devotione
993 2046 1303 2109 militemus.
1337 2046 1624 2101 Sciendum
1653 2062 1781 2109 vero

188 2127 281 2186 'est
302 2146 578 2202 nunquam
601 2142 700 2205 per
717 2135 1080 2211 obedientiam
1107 2138 1306 2193 malum
1331 2138 1469 2204 ﬁeri,
1492 2138 1782 2210 aliquando

185 2216 378 2282 autem
421 2229 581 2286 debet
624 2246 722 2301 per
777 2232 1138 2291 obedientiam
1167 2234 1367 2291 bonum
1419 2235 1564 2307 quod
1605 2236 1784 2307 agitur

192 2314 501 2371 intermitti.
551 2317 739 2391 Neque
763 2320 908 2376 enim
938 2323 1079 2383 mala
1109 2324 1162 2379 in
1196 2324 1448 2395 paradiso
1489 2326 1653 2381 arbor
1683 2342 1781 2383 ex-

195 2407 360 2475 'stitit,
383 2426 545 2480 quam
576 2414 719 2470 Deus
748 2414 975 2482 homini,
1004 2433 1070 2474 ne
1095 2419 1454 2491 contingeret,
1479 2420 1779 2479 interdixit.

196 2496 306 2554 Sed
353 2511 410 2557 ut
447 2520 545 2575 per
573 2507 763 2561 melius
793 2508 1116 2566 obedientia:
1158 2511 1411 2568 meritum
1455 2512 1616 2567 homo
1644 2513 1784 2573 bene

192 2593 446 2650 'conditus
475 2604 778 2665 cresceret,
807 2598 1024 2672 dignum
1058 2599 1231 2673 fuerat
1268 2608 1327 2655 ut
1382 2602 1527 2657 hunc
1556 2603 1719 2658 etiam
1749 2586 1782 2661 tt

191 2678 337 2735 bono
387 2685 732 2756 prohiberet,
799 2699 1064 2765 quatenus
1097 2699 1246 2746 tanto
1273 2689 1453 2747 verius
1498 2692 1601 2748 hoc
1639 2692 1782 2764 quod

190 2774 381 2843 ageret
403 2773 575 2831 virtus
602 2787 769 2844 esset,
788 2791 993 2849 quanto
1017 2788 1075 2835 et
1101 2795 1132 2834 a
1160 2781 1301 2835 bono
1324 2797 1546 2841 cessans
1571 2783 1781 2859 auctori

191 2865 295 2917 auo
320 2876 380 2923 se
404 2863 679 2925 subditum
704 2867 963 2935 humilius
987 2869 1288 2927 exhiberet.
1766 2868 1769 2919 Ῑ

790 3002 1052 3077 tum
1088 3004 1149 3060 L.

672 3160 679 3171 ε
707 3111 788 3170 De
815 3130 968 3185 opere
992 3131 1267 3171 manum.
1304 3120 1307 3121 ⁷

200 3258 215 3267 .
266 3220 655 3297 ossium
677 3223 906 3281 militum
919 3225 1121 3282 cst-nu
1141 3226 1354 3298 operari
1376 3225 1627 3283 minibus
1642 3227 1776 3296 suis,

1879 2039 2073 2097 herent
2091 2083 2106 2108 ,
2130 2044 2206 2096 ait
2233 2045 2376 2099 enim
2403 2063 2417 2099 :
2450 2045 2733 2117 Argentum
2757 2058 2806 2102 et
2830 2065 3014 2103 aurum
3045 2050 3239 2105 nullius
3271 2070 3465 2107 concu-

1879 2135 2003 2205 piui,
2048 2138 2182 2191 sicut
2222 2138 2322 2207 ipsi
2361 2139 2527 2204 scitis,
2570 2140 2817 2211 quoniam
2848 2140 2917 2194 ad
2945 2158 3006 2195 ea
3033 2159 3149 2217 qua!
3176 2143 3306 2198 mihi
3330 2130 3461 2215 opus

1881 2234 2049 2289 erant,
2077 2235 2127 2280 et
2157 2227 2239 2281 his
2264 2228 2357 2299 qui
2384 2242 2581 2283 mecum
2627 2238 2770 2295 sunt,
2814 2230 3235 2305 ministraverunt
3274 2250 3463 2290 manus

1880 2316 2016 2371 ista.
2049 2317 2241 2372 Omnia
2273 2319 2472 2374 ostendi
2502 2320 2663 2387 vobis,
2692 2322 2815 2393 quia
2841 2322 2916 2376 sic
2939 2321 3233 2378 laborantes
3264 2332 3465 2394 oportet

1880 2410 2142 2475 suscipere
2166 2410 2405 2479 inﬁmos
2428 2412 2565 2483 (Act.
2590 2414 2704 2485 xx).
2746 2413 2876 2468 Nam
2907 2422 2963 2469 et
2990 2415 3155 2471 multa
3184 2417 3312 2472 vitia
3342 2432 3463 2472 am-

1881 2507 2038 2570 putat
2083 2502 2328 2569 operatio
2376 2518 2654 2558 manuum.
2712 2502 2985 2574 Scriptum
3038 2514 3123 2560 est
3170 2507 3354 2562 enim:
3394 2507 3464 2562 In

1882 2578 2158 2644 desideriis
2205 2600 2281 2645 est
2327 2594 2494 2646 omnis
2538 2594 2755 2648 otiosus.
2807 2594 2874 2651 Et
2920 2595 3151 2669 iterum:
3205 2596 3465 2670 Otiositas

1882 2678 2101 2735 inimica
2121 2688 2207 2735 est
2228 2682 2444 2749 animae,
2466 2692 2521 2738 et
2540 2682 2714 2741 fomes
2743 2684 3073 2742 Sodomitica
3100 2703 3163 2761 ex
3189 2689 3466 2746 otiositate

1882 2773 2119 2827 crevisse
2147 2775 2512 2844 cognoscitur,
2556 2786 2616 2831 ut
2654 2777 2911 2848 propheta
2942 2779 3200 2849 loquitur,
3235 2782 3461 2837 dicens:

1881 2861 2011 2916 Haec
2051 2862 2154 2918 fuit
2200 2865 2459 2936 iniquitas
2500 2866 2749 2924 Sodomae
2789 2872 2929 2939 quod
2972 2887 3167 2940 panem
3209 2888 3366 2928 suum
3409 2873 3465 2928 in

1882 2954 2171 3011 saturitate
2213 2965 2269 3011 et
2313 2958 2427 3013 otio
2465 2958 2821 3015 comedebant
2853 2959 3069 3033 (Ezech.
3101 2963 3234 3033 XVI).
3284 2962 3463 3019 Perti-

1884 3057 2192 3101 mescamus
2215 3046 2381 3117 igitur
2407 3048 2699 3104 otiositatis
2725 3049 2946 3116 malum,
2972 3051 3286 3107 insistamus
3308 3053 3466 3108 bonis

1882 3144 2141 3190 manuum
2186 3145 2494 3191 nostrarum
2543 3137 2774 3207 opibus,
2830 3138 3238 3210 Psalmographi
3286 3141 3463 3195 adim-

1884 3223 2096 3294 plentes
2140 3220 2501 3280 sententiam:
2544 3225 2774 3281 Labores
2808 3244 3059 3282 manuum
3094 3241 3305 3284 tuarum
3339 3232 3466 3302 quia

193 3317 274 3376 ita
293 3326 351 3375 ut
370 3296 697 3388 quibuslibet
713 3321 882 3376 variis
1220 3319 1450 3388 artibus,
1474 3318 1781 3377 laborilmjs
1805 3296 1857 3365 θ
1885 3315 2251 3380 manduoabis,
2275 3316 2456 3370 beatus
2482 3334 2536 3371 es
2563 3326 2609 3371 et
2642 3316 2767 3372 bene
2788 3318 2882 3372 tibi
2904 3320 3002 3372 erit
3032 3317 3202 3390 (Psal.
3231 3296 3463 3394 cxxvu).

191 3425 303 3480 quo
347 3412 585 3469 studium
626 3416 793 3468 sum
830 3413 1145 3483 impendat,
1195 3427 1430 3483 sequens
1472 3413 1787 3484 loquentem

192 3499 514 3572 Apostolus“
542 3503 639 3572 qui
668 3503 838 3560 dicit:
872 3503 1055 3574 Neque
1082 3520 1271 3573 pauent
1304 3505 1465 3575 gratis
1490 3504 1785 3563 mandanda

192 3593 385 3659 nimus,
429 3593 521 3649 sed
548 3593 606 3649 in
635 3593 814 3649 labore
839 3604 889 3648 et
918 3594 1231 3663 fatigatione
1260 3604 1408 3649 nocte
1439 3603 1488 3649 et
1514 3594 1600 3648 die
1627 3593 1785 3649 labo-

194 3692 373 3740 rantes
393 3682 447 3754 (Ι
471 3683 652 3740 Thess.
675 3684 783 3750 In).
819 3685 891 3741 Et
913 3686 1113 3741 iterum
1138 3700 1153 3739 :
1183 3684 1289 3751 Qui
1314 3702 1418 3741 non
1445 3684 1552 3741 vult
1572 3684 1787 3757 operari

193 3793 304 3834 non
338 3778 625 3847 orandum.
646 3776 860 3850 (Ibit).
913 3778 1018 3835 Per
1042 3778 1211 3833 otium
1251 3778 1399 3833 enim
1439 3777 1692 3834 libidines
1725 3786 1786 3844 οι

195 3869 485 3925 noxiarum
500 3870 892 3941 cogitationum
914 3870 1249 3926 nutrimenta
1271 3879 1647 3926 concrescunt.
1677 3870 1791 3929 Pes

196 3960 408 4031 laboris
421 3976 556 4018 vero
578 3961 902 4017 exercitus:
922 3961 1053 4019 vitia
1092 3961 1443 4017 nihilominus
1471 3962 1789 4018 elabuntur;

196 4049 531 4106 Patriarcbte
557 4065 789 4120 namque
814 4065 1006 4123 greges
1032 4061 1317 4122 paverunt,
1339 4061 1394 4108 et
1416 4052 1643 4124 gentiies
1660 4052 1791 4123 phis;

197 4143 409 4213 losopbi
437 4150 650 4198 sutores
669 4150 726 4197 et
743 4143 987 4198 sartores’
1001 4142 1240 4198 ﬁlerunt.
1272 4143 1340 4198 Et
1358 4142 1556 4213 Josepb
1576 4144 1779 4214 justus,

197 4235 288 4290 aii
314 4234 471 4303 vim
490 4231 675 4290 lania
701 4234 1024 4304 despmsata
1054 4235 1282 4299 exstitit,
1314 4234 1472 4290 faber
1506 4233 1789 4297 ferratas

200 4324 321 4379 fuit.
347 4323 645 4395 Siquidem
667 4334 723 4380 et
739 4324 935 4381 Petrus
954 4325 1319 4396 apostolorum
1341 4328 1590 4397 princeps
1610 4328 1784 4399 pisca-

198 4414 336 4470 toris
380 4415 546 4492 gessit
586 4412 857 4479 oliicium,
903 4422 960 4469 et
1001 4429 1191 4492 omnes
1216 4416 1457 4486 apostoli
1503 4417 1786 4487 corporale

194 4492 335 4575 opus
365 4488 677 4570 faciebant,
712 4496 855 4567 unde
883 4488 1047 4559 vitam
1089 4506 1335 4576 corporis
1382 4509 1780 4563 sustentabant.

199 4593 261 4648 Si
308 4580 663 4664 igitur-mutae
687 4593 1030 4649 auctoritatis
1076 4593 1322 4650 homines
1348 4637 1363 4661 ,
1410 4596 1688 4652 laboribus
1729 4588 1791 4653 et

1889 3404 2039 3463 Sicut
2071 3408 2216 3463 enim
2251 3409 2455 3464 nullum
2488 3410 2661 3465 ferme
2698 3428 2728 3465 a
2766 3410 2863 3465 Dei
2902 3413 3075 3467 servis
3117 3415 3210 3468 otii
3255 3424 3468 3485 tempus

1884 3502 2135 3573 excipere
2174 3502 2458 3568 convenit,
2502 3501 2576 3557 ita
2616 3501 2952 3558 meditationi
2989 3504 3204 3575 quidem
3236 3504 3469 3575 spiritali
3576 3519 3585 3526 ‘

1885 3598 2051 3652 linem
2082 3596 2375 3666 imponere.
2425 3594 2559 3650 Nam
2597 3595 2806 3665 pariter
2834 3610 3089 3652 exercere
3125 3612 3347 3654 necesse
3381 3605 3469 3654 est

1887 3687 2132 3757 corporis
2165 3686 2466 3756 animaeque
2489 3685 2755 3741 virtutes:
2797 3687 3084 3743 exterioris
3120 3689 3327 3743 scilicet
3361 3690 3465 3744 bo-

1887 3778 2065 3832 Ininis-
2084 3777 2347 3848 stipendia
2366 3817 2381 3842 ,
2424 3775 2702 3832 interioris
2729 3791 2862 3833 vero
2890 3777 3154 3853 spiritalia
3185 3779 3466 3835 alimenta.

1885 3869 1963 3926 De
1994 3871 2097 3926 hoc
2122 3869 2316 3925 beatus
2340 3867 2673 3941 Augustinus
2702 3869 2932 3926 eximius
2970 3871 3160 3926 doctor
3192 3872 3335 3927 inter
3363 3888 3472 3929 cte-

1886 3967 2001 4015 tera
2029 3960 2142 4016 ait:
2177 3959 2403 4015 Cantica
2425 3946 2556 4015 vero
2576 3959 2755 4015 divina
2780 3967 3003 4015 cantare
3027 3960 3191 4016 etiam
3219 3962 3470 4019 manibus

1884 4060 2172 4122 operantes
2195 4049 2356 4106 facile
2379 4058 2627 4122 possunt,
2648 4058 2706 4106 et
2731 4050 2905 4122 ipsum
2939 4051 3177 4108 laborem
3211 4062 3470 4124 tanquam

1886 4140 2070 4195 divino
2113 4139 2413 4196 celeumate
2459 4138 2746 4196 consolari.
2797 4140 2883 4196 An
2929 4140 3241 4212 ignoramus
3280 4133 3472 4200 omnes
3555 4196 3561 4202 .

1884 4224 2110 4300 opifices
2136 4230 2190 4284 in
2220 4228 2416 4300 quibus
2444 4230 2803 4297 Vanitatibus,
2856 4241 2911 4285 et
2951 4231 3266 4303 plerumque
3302 4235 3471 4289 etiam
3555 4216 3564 4252 ξ

1888 4319 2311 4389 turpitudinibus
2346 4320 2700 4375 textricarum
2734 4319 3033 4374 fabularum
3066 4321 3266 4375 donent
3304 4322 3470 4376 corda

1886 4419 1942 4465 et
1977 4410 2190 4482 linguas
2215 4426 2342 4466 suas
2370 4425 2492 4466 cum
2525 4426 2718 4465 manus
2748 4411 2817 4465 ab
2840 4424 3005 4479 Opere
3036 4424 3141 4463 non
3172 4410 3472 4465 recedant?

1887 4502 2025 4570 Quid
2051 4516 2193 4574 ergo
2218 4503 2442 4573 impedit
2479 4516 2695 4557 servum
2728 4502 2823 4579 Dei
2853 4502 3103 4557 manibus
3126 4510 3467 4572 operantem,

1888 4596 1945 4651 in
1973 4594 2091 4667 lege
2119 4594 2335 4651 Domini
2363 4594 2611 4650 meditari
2630 4635 2646 4661 ,
2679 4604 2733 4651 et
2760 4592 2991 4667 psallere
3020 4595 3226 4651 nomini
3253 4586 3471 4667 Domini

198 4657 455 4754 operibus
471 4683 640 4739 etiam
662 4685 954 4740 rusticanis
976 4657 1362 4752 inservierunt,
1384 4696 1587 4759 quanto
1611 4688 1787 4761 magis
1808 4657 1865 4718 Π
1887 4657 2179 4743 altissimi?

200 4775 323 4840 nos,
352 4787 492 4843 quos
514 4780 739 4845 operm
761 4789 867 4851 non
897 4774 1069 4853 solum
1091 4776 1216 4832 vitae
1254 4787 1455 4833 nostrae
1477 4781 1791 4838 necessaria

200 4864 718 4936 propriismanibus
748 4866 1044 4933 exhibere,
1090 4866 1184 4923 sed
1224 4868 1389 4924 etiam
1431 4870 1785 4941 indigentiam

203 4955 445 5011 diorum
468 4955 749 5013 laboribus
782 4957 985 5013 nostris
1015 4956 1270 5025 reﬁcere,
1310 4961 1606 5016 secundum
1638 4962 1785 5034 Apo-

202 5038 401 5102 stolam
428 5045 697 5103 dicentem
726 5065 741 5101 :
782 5047 895 5114 Qui
922 5048 1224 5118 furabatur,
1263 5049 1383 5120 jam
1422 5066 1527 5106 non
1559 5052 1787 5122 foretur,

204 5136 372 5208 magis
398 5145 575 5191 autem
605 5136 1095 5208 laboretroperando
1122 5139 1365 5194 manibus
1390 5141 1501 5197 suis
1527 5145 1667 5214 quod
1697 5144 1790 5199 bo.

204 5241 339 5283 nam
361 5234 460 5294 est,
492 5236 551 5284 ut
578 5228 767 5283 habeat
794 5229 933 5284 unde
960 5231 1161 5285 tribuat
1194 5234 1547 5288 necessitatem
1576 5236 1791 5305 patiam

206 5318 347 5378 tibus
370 5318 585 5392 (Ephes.
602 5319 702 5392 tv).
737 5318 871 5379 Nam
891 5329 945 5375 et
966 5322 1111 5377 idem
1130 5324 1321 5379 beatus
1346 5325 1622 5394 apostolus
1643 5323 1789 5382 Pau-

207 5415 295 5472 los
310 5417 380 5472 ob
398 5418 502 5474 hoc
520 5417 772 5473 manibus
790 5417 903 5473 suis
920 5429 1175 5487 operatus
1195 5429 1296 5485 est,
1311 5427 1373 5474 ut
1391 5422 1545 5477 nobis
1564 5438 1792 5494 operan-

1892 4948 2049 5016 Quod‘
2247 4948 2322 5025 eis
2365 4949 2527 5019 prosit
2564 4951 2655 5021 qui
2696 4949 2975 5025 facultates
3001 4967 3152 5025 __suas
3189 4951 3469 5025 objiciunt,

2140 5019 2193 5074 si
2219 5018 2509 5075 voluntates
2533 5018 2773 5091 proprias
2807 5038 2913 5077 non
2936 5018 3253 5095 relinquunt.

1916 5162 1921 5166 ι
1962 5130 2109 5187 Nihil
2145 5130 2257 5189 illis
2276 5133 2499 5204 prodest
2521 5133 2615 5202 qui
2654 5132 2940 5191 facultates
2969 5135 3259 5207 abjiciunt,
3300 5138 3345 5193 si
3372 5151 3477 5196 vo-

1891 5226 2129 5282 luntates
2188 5226 2439 5297 proprias
2484 5238 2613 5281 non.
2640 5226 2983 5298 relinquunt,
3035 5245 3159 5285 cum
3202 5231 3272 5287 sit
3316 5231 3479 5303 longe

1894 5320 2243 5392 praestantius
2274 5318 2644 5378 voluntatibus
2673 5322 2907 5392 propriis
2937 5324 3359 5394 renuntiareque
3384 5339 3479 5379 re-

1894 5415 2013 5471 bus.
2036 5414 2148 5471 Res
2165 5429 2294 5470 suas
2313 5414 2478 5469 etiam
2505 5415 2690 5469 mundi
2718 5415 2881 5486 hujus
2903 5416 3209 5487 philosophi
3238 5416 3477 5485 abjicero

208 5506 261 5564 di
290 5509 556 5578 prabet-et
577 5508 905 5589 exemplum.
938 5507 1037 5563 Ait-
1057 5509 1204 5564 enim
1233 5511 1374 5566 inter
1395 5525 1629 5568 cetera:
1662 5514 1801 5572 Non»
1892 5514 2220 5579 potuerunt,
2261 5513 2319 5561 et
2356 5520 2500 5560 nunc
2533 5506 2769 5576 quilibet
2804 5507 3048 5563 haeretici
3086 5506 3334 5577 possunt.
3366 5496 3477 5562 Sed

208 5599 362 5671 quasi
392 5614 495 5654 non
520 5599 863 5655 habuerimus
885 5608 1190 5671 potestatem
1208 5642 1221 5667 ,
1248 5602 1340 5656 sed
1364 5612 1422 5655 ut
1448 5604 1791 5676 nosmetipsos

209 5689 443 5761 [oh-nt
462 5691 709 5746 daremus
737 5691 883 5746 nobis
919 5696 986 5745 ad
1021 5692 1332 5746 imitandum
1364 5712 1458 5749 nos
1489 5693 1574 5766 (11
1604 5695 1787 5754 Thess.

208 5782 318 5854 II).
341 5781 534 5840 Pendit
552 5796 775 5838 causam
797 5797 898 5839 cur
916 5790 1120 5838 tantum
1140 5782 1344 5839 laboris
1362 5785 1463 5840 sibi
1488 5786 1787 5844 indixerat:

211 5874 363 5946 Hoc,
384 5875 585 5953 inquit,
609 5884 669 5932 ut
692 5875 921 5953 {mam
940 5874 1186 5932 daremus
1211 5877 1357 5933 vobis
1382 5877 1453 5933 ad
1479 5880 1799 5941 imitandum
1826 5966 1865 5977 η

1896 5613 1999 5655 nec
2022 5598 2131 5665 illi,
2158 5612 2283 5655 cum
2314 5612 2425 5654 suae
2450 5597 2715 5655 voluntati
2752 5598 2943 5654 ﬁerent
2980 5607 3251 5652 amatores
3282 5612 3479 5652 secun-

1896 5693 2026 5747 dum
2054 5690 2387 5746 voluntatem
2419 5690 2515 5745 Dei
2543 5691 2827 5755 vixerunt,
2850 5699 2906 5745 et
2939 5688 3028 5745 isti
3054 5688 3347 5744 Dominica:
3376 5705 3474 5745 vo-

1895 5781 2088 5837 iuntati
2116 5795 2228 5838 suae
2260 5780 2555 5837 voluntatis
2578 5781 2756 5837 etudio
2774 5779 3169 5835 contradicunt.
3200 5777 3321 5835 Non
3349 5788 3484 5850 ergo

1897 5891 1965 5936 ea
1983 5891 2077 5935 res
2102 5891 2205 5936 nos
2227 5875 2342 5935 Deo
2369 5876 2743 5942 commendat,
2772 5887 2934 5953 quam
2959 5881 3017 5929 et
3044 5871 3253 5931 inimici
3278 5870 3375 5928 Dei
3400 5868 3491 5965 fas.
