4020 6338
602 445 707 501 919
1090 440 1440 499 HAYMONIS
1479 441 1953 501 HALBEBSTAT.
1991 442 2203 499 EPISC.
2238 440 2389 500 OPP.
2425 441 2605 499 PARS
2638 441 2726 499 Ill.
2759 470 2832 484 -
2867 441 3370 502 MISCELLANEA.
3793 444 3896 502 εει

603 563 771 625 ciunt,
803 560 894 614 sed
925 557 1051 612 illud
1081 558 1223 627 quod
1255 574 1359 613 non
1389 558 1488 612 nisi
1517 573 1642 614 vere
1671 557 1964 613 Christiani
1990 567 2045 613 et
2073 573 2174 628 per
2203 566 2254 628 Α
2278 566 2362 614 est
2386 573 2415 613 a
2439 557 2785 614 saecularibus
2811 574 3033 630 prorsus
3070 559 3360 628 illecebris,
3397 569 3654 618 remotus
3683 559 3771 617 ab
3799 563 3899 620 ini-

603 649 708 704 boc
736 655 1009 708 amatores
1039 646 1132 701 Dei
1165 645 1469 716 proﬁciunt.
1505 646 1568 701 lli
1608 659 1732 702 sunt
1761 647 1851 716 qui
1883 647 2176 703 voluntati—
2281 650 2520 715 micitiis,
2544 660 2784 707 remotus
2805 653 2875 706 ab
2903 651 3116 709 insidiis
3140 652 3353 720 alienis,
3390 662 3648 709 remotus
3686 669 3727 707 a
3757 656 3896 718 rapi-

611 739 714 794 bus
760 740 873 793 suis
903 739 1173 807 rebusque
1214 737 1469 808 projectis
1498 752 1558 794 se
1588 753 1686 794 suo
1710 739 1941 793 creatori
1972 755 2039 794 ex
2067 747 2180 794 toto
2280 743 2366 798 nis
2395 743 2479 798 vel
2510 743 2894 800 occultioribus
2923 745 3006 800 vel
3050 747 3272 815 apertis,
3299 753 3541 802 remotus
3569 761 3607 800 a
3655 746 3893 804 malitiis

602 831 767 887 corde
803 828 1113 900 subjiciunt,
1160 845 1225 884 ac
1266 845 1422 885 suum
1468 829 1602 885 velle
1647 845 1715 884 ex
1754 830 1872 900 ejus
1902 831 2180 886 voluntate
2280 836 2394 891 sive
2432 837 2725 907 perijuriis,
2766 845 3044 907 postremo
3090 847 3328 893 remotus
3365 840 3433 892 ab
3475 839 3640 894 omni
3692 855 3890 910 genere

600 923 956 993 suspendunt,
1003 933 1058 976 et
1097 921 1218 977 ideo
1255 922 1514 992 quidquid
1544 923 1624 977 eis
1651 937 1848 978 sensus
1887 923 2068 977 carnis
2096 937 2181 978 se-
2279 924 2602 998 ﬂagitiorum
2639 928 2754 982 sive
2791 927 3094 983 facinorum
3131 929 3326 998 quibus
3347 929 3667 985 carnaliter
3700 932 3887 985 viven-

595 1015 870 1086 quendum
921 1013 1335 1082 faciendumque
1382 1012 1729 1084 suggesserlt,
1773 1011 1998 1082 iustitia:
2037 1013 2178 1084 capti
2279 1027 2362 1074 tes
2405 1018 2573 1074 Deum
2625 1017 2931 1085 oﬂ'endunt,
2975 1027 3032 1074 et
3078 1021 3276 1076 mortui
3312 1029 3542 1092 peccato
3607 1037 3733 1077 non
3779 1039 3886 1078 ser-

601 1105 953 1161 dclectationc
979 1112 1353 1160 contemnunt.
2279 1109 2450 1174 viunt;
2474 1109 2634 1174 sicut,
2653 1109 2890 1180 inquam,
2907 1126 3070 1168 carne
3095 1121 3340 1169 mortuus
3367 1127 3471 1168 nec
3485 1113 3692 1169 facere
3712 1123 3885 1185 potest

1203 1195 1430 1260 CAPUT
1468 1195 1575 1252 ιιι.
2280 1197 2382 1252 ista
2412 1214 2534 1268 qua:
2571 1199 2706 1264 dixi,
2732 1213 2832 1256 nec
2858 1201 2991 1272 pati,
3033 1201 3105 1256 ita
3139 1203 3225 1258 bis
3250 1211 3308 1259 et
3331 1202 3536 1260 talibus
3565 1202 3736 1258 vitiis
3772 1220 3879 1259 on-

601 1286 842 1354 Qualiter
874 1289 1042 1345 vivere
1089 1289 1322 1364 debeant_
1364 1289 1452 1359 qui
1497 1287 1765 1345 Christum
1811 1291 2012 1345 imitari
2041 1290 2181 1344 desi-
2280 1290 2408 1346 nino
2435 1306 2542 1346 non
2567 1292 2787 1358 vivunt,
2830 1294 2922 1364 qui
2951 1303 3012 1350 ut
3049 1296 3233 1352 vivant
3261 1295 3408 1362 Deo,
3449 1311 3698 1354 carnem
3735 1313 3880 1356 sua:

1287 1359 1492 1414 demnt-
2279 1396 2402 1438 cum
2433 1382 2578 1439 vitiis
2603 1391 2658 1438 et
2681 1359 3135 1455 concupiscentiis
3164 1359 3509 1460 cmciligunt.

671 1469 739 1524 Et
774 1469 896 1525 ideo
932 1469 977 1524 si
1010 1469 1063 1524 in
1111 1468 1203 1524 illo
1249 1482 1371 1524 esse
1415 1469 1665 1526 volumus
1703 1471 1846 1541 quod
1871 1485 1993 1527 esse
2021 1469 2182 1526 debe-
2863 1495 3092 1553 CAPUT
3135 1496 3270 1552 Lm.

595 1578 742 1627 mus,
791 1563 932 1617 sicut
967 1561 1201 1618 Joannes
1246 1561 1521 1632 apostolus
1565 1563 1696 1619 dicit
1735 1581 1747 1617 :
1787 1561 2060 1629 Quomodo
2090 1561 2180 1617 ille
2840 1585 2920 1641 De
2968 1587 3137 1643 αειξιια
3173 1589 3297 1644 vim,

597 1652 883 1708 ambulavit
910 1663 957 1707 et
990 1669 1081 1706 nos
1111 1652 1420 1723 spiritaliter
1448 1652 1775 1708 ambulemus
1821 1652 1875 1722 (1
1905 1652 2065 1708 Joan.
2092 1653 2176 1724 ιι).

597 1744 736 1810 Quid
765 1752 846 1799 est
875 1743 1150 1798 ambulare
1180 1742 1323 1798 sicut
1349 1742 1435 1797 ille
1461 1743 1775 1809 ambulavit,
1807 1744 1908 1798 nisi
1935 1753 2180 1799 contem-

596 1850 730 1890 nere
773 1835 950 1890 omnia
981 1848 1239 1904 prospera
1288 1848 1407 1902 quae
1449 1834 1796 1904 contempsit,
1839 1849 1944 1889 non
1983 1835 2175 1889 timere

597 1927 823 1982 adversa
852 1941 970 1996 quae
990 1924 1240 1994 pertulit,
1268 1924 1500 1980 libenter
1520 1923 1699 1980 facere
1719 1940 1838 1995 quae
1863 1925 1993 1981 fecit
2020 1925 2136 1980 fieri
2157 1967 2172 1992 ,
2205 1931 2253 1993 Β

595 2019 895 2089 docereque
944 2016 1257 2084 mandavit,
1291 2033 1513 2088 sperare
1551 2033 1671 2088 quae
1705 2019 1993 2089 promisit,
2020 2019 2173 2090 sequi

593 2125 703 2180 quo
732 2111 844 2180 ipse
874 2109 1176 2179 praecessit,
1205 2118 1464 2179 praestare
1493 2108 1755 2165 beneficia
1785 2110 1948 2164 etiam
1987 2109 2171 2179 ingra-

593 2199 705 2255 tis?
733 2200 846 2253 Non
879 2199 1178 2255 retribuere
1205 2200 1499 2255 secundum
1516 2200 1718 2255 merita
1745 2215 1842 2256 sua
1869 2200 2168 2266 malevolis,

592 2298 646 2343 et
674 2304 834 2344 orare
872 2303 970 2359 pro
1002 2289 1265 2354 inimicis,
1299 2304 1483 2344 amare
1530 2289 1720 2354 bonos,
1762 2291 2007 2346 misereri
2049 2307 2175 2362 per-

591 2381 786 2446 versis,
813 2381 1041 2436 invitare
1071 2381 1346 2446 adversos,
1375 2381 1651 2449 suscipere
1681 2381 1734 2435 in
1759 2381 2023 2436 eharitate
2051 2395 2175 2436 con-

591 2485 796 2535 versos,
828 2479 881 2525 et
905 2471 1281 2540 aequanimiter
1308 2471 1416 2540 pati
1447 2470 1702 2526 subdolos
1727 2487 1792 2526 ac
1823 2471 2104 2540 superbos.

661 2563 741 2617 Ad
765 2563 866 2618 hoc
902 2567 1066 2618 etiam
1097 2563 1325 2632 pertinet
1352 2563 1494 2633 quod
1529 2563 1604 2617 ait
1635 2562 1905 2634 apostolus
1932 2563 2129 2618 Paulus
2154 2580 2168 2618 :

593 2653 656 2710 Si
697 2656 1098 2709 consurrexistis
1132 2671 1250 2709 cum
1279 2653 1517 2720 Christo,
1560 2671 1622 2708 ea
1651 2671 1769 2725 qua:
1799 2670 2012 2709 sursum
2049 2662 2172 2709 sunt

589 2747 832 2818 qumrite,
885 2748 971 2801 ubi
1021 2745 1262 2802 Christus
1313 2757 1387 2801 est
1431 2748 1500 2801 ad
1543 2747 1813 2802 dexteram
1850 2746 1948 2802 Dei
1989 2748 2171 2802 sedens

593 2831 733 2903 (Col.
768 2836 869 2905 ιιι).
896 2835 973 2888 11ιί
999 2845 1289 2907 resurgunt
1316 2853 1437 2892 cum
1465 2837 1703 2902 Christo,
1725 2838 1816 2906 qui
1845 2838 2168 2903 moriuntur,

591 2927 731 2979 sicut
753 2926 858 2990 ille,
884 2938 1124 2996 peccato,
1149 2939 1202 2983 et
1225 2937 1402 2983 tamen
1421 2930 1766 2985 distinctione
1781 2938 2012 2996 servata,
2029 2932 2172 3002 quod

592 3014 683 3070 ille
711 3027 955 3072 mortuus
982 3029 1066 3074 est
1092 3029 1338 3089 peccato,
1372 3035 1476 3076 non
1491 3036 1612 3088 suo,
1629 3022 1722 3077 sed
1754 3030 1957 3078 nostro.
1990 3000 2168 3078 [Jnus-
2719 3050 2722 3054 -
2873 3000 3098 3062 CAPUT
3135 3003 3271 3061 uv-

591 3109 820 3178 quisque
850 3118 1030 3164 autem
1074 3119 1316 3166 nostrum
1349 3127 1456 3166 non
1497 3113 1737 3167 omnium
1768 3113 1995 3169 moritur
2040 3128 2168 3185 pec-

2742 3098 2816 3154 De
2841 3097 3240 3169 contemplativa
3264 3099 3391 3153 vita.

2350 1697 2539 1753 Aetiva
2567 1699 2678 1754 vita
2707 1706 2791 1756 est
2825 1685 3124 1756 studiosum
3169 1699 3373 1757 Christi
3399 1699 3680 1758 famulum
3722 1703 3867 1772 justis

2282 1789 2531 1846 insistere
2558 1791 2861 1858 laboribus,
2890 1802 2946 1849 et
2971 1793 3119 1863 prius
3143 1794 3360 1864 quidem
3390 1795 3646 1866 seipsum
3675 1799 3743 1852 ab
3778 1800 3862 1855 hoc

2282 1885 2478 1940 saeculo
2522 1885 2924 1941 immaculatum
2952 1887 3253 1953 custodire,
3286 1896 3551 1953 mentem,
3597 1889 3858 1961 lingua,

2280 1991 2520 2043 manum,
2547 1993 2611 2032 ac
2639 1981 2880 2032 membra
2913 1978 3158 2048 corporis
3189 1987 3385 2034 caetera
3410 1979 3483 2034 ab
3513 1981 3672 2034 omni
3701 1981 3854 2051 inqui-

2278 2077 2534 2122 namento
2565 2067 2734 2139 culpae
2775 2069 3034 2123 tentantis
3061 2070 3343 2124 continere
3363 2109 3381 2135 ,
3421 2083 3490 2124 ac
3523 2069 3728 2124 divinis
3751 2084 3852 2140 per-

2276 2168 2440 2228 petuo
2469 2157 2754 2229 subjugare
2782 2145 3035 2214 servitus.
3067 2151 3270 2214 Deinde
3309 2159 3480 2214 etiam
3510 2160 3749 2230 proximi
3777 2175 3852 2213 se-

2277 2250 2622 2306 cessilatibus
2641 2249 2794 2318 juxta
2825 2251 2968 2306 vires
2995 2264 3338 2314 succurrere,
3368 2250 3650 2304 esurienti
3672 2239 3847 2314 cibum,

2276 2349 2459 2413 potum
2483 2341 2708 2406 sitienti,
2741 2341 2941 2412 algenti
2973 2342 3248 2396 vestitum.
3278 2339 3651 2395 Ministrando
3671 2341 3843 2412 egenis,

2274 2448 2548 2504 vagosque
2575 2433 2629 2488 in
2660 2433 2878 2488 domum
2902 2433 3244 2503 recipiendo,
3272 2433 3559 2488 inﬂrmum
3582 2433 3841 2493 visitando.

2275 2533 2550 2579 mortuum
2602 2524 2940 2596 sepeliendo,
2998 2524 3276 2596 eripiendo
3310 2525 3538 2596 inopem
3597 2523 3667 2580 de
3709 2539 3842 2578 manu

2276 2615 2512 2674 fortioris
2548 2617 2685 2686 ejus.
2737 2619 2977 2691 Egenum
3020 2629 3077 2674 et
3112 2633 3402 2690 pauperem
3446 2634 3479 2673 a
3529 2618 3837 2690 rapientibus

2275 2724 2397 2764 eum
2427 2710 2689 2776 eruendo,
2720 2711 2924 2766 erranti
2958 2709 3097 2765 viam
3121 2710 3370 2766 veritatis
3398 2711 3758 2772 ostendendo,
3789 2723 3837 2762 ac

2275 2804 2485 2860 caeteris
2507 2819 2565 2860 se
2587 2804 2942 2874 mancipando
2960 2802 3217 2859 fraternae
3239 2789 3556 2858 dilectionis
3569 2802 3839 2872 obsequiis,

2276 2896 2499 2970 insuper
2525 2905 2580 2953 et
2605 2912 2775 2969 usque
2803 2896 2872 2952 ad
2893 2905 3123 2952 mortem
3150 2910 3249 2967 pro
3265 2893 3477 2965 iustitia
3503 2893 3778 2951 certando.

591 3208 732 3263 cato,
759 3201 854 3256 sed
883 3216 999 3256 suo.
1030 3199 1169 3268 Quid
1189 3210 1272 3257 est
1296 3211 1519 3273 peccato
1545 3203 1704 3268 mori,
1721 3204 1821 3260 nisi
1848 3205 2169 3261 damnandis
2343 3207 2768 3278 Contemplativa
2803 3207 2913 3263 vita
2943 3215 3027 3263 est
3049 3206 3372 3262 charitatem
3408 3205 3614 3276 quidem
3632 3214 3689 3258 et
3710 3218 3834 3274 pro-

590 3290 842 3366 operibus
895 3293 1116 3347 omnino
1160 3307 1268 3347 non
1325 3293 1544 3348 vivere?
1595 3293 1730 3348 nihil
1785 3295 2168 3366 concupiscere
2194 3289 2241 3354 C
2272 3303 2404 3358 ximi
2443 3311 2556 3358 tota
2585 3311 2769 3358 mente
2809 3301 3066 3367 retinere,
3107 3300 3202 3356 sed
3237 3301 3308 3356 ab
3345 3299 3604 3356 exteriori
3639 3299 3838 3354 actione

589 3381 900 3446 carnaliter,
931 3381 1063 3437 nihil
1091 3382 1298 3438 ambire
1317 3423 1332 3447 ,
1367 3393 1426 3438 ut
1458 3385 1537 3439 sic
1565 3392 1811 3439 mortuus
1837 3399 2000 3441 carne
2034 3385 2167 3441 nulli
2272 3394 2574 3465 quiescere,
2605 3392 2704 3449 soli
2733 3393 3003 3449 desiderio
3025 3391 3334 3448 Conditoris
3362 3390 3654 3456 inbuere,
3678 3399 3735 3444 ut
3759 3390 3833 3443 ni-

581 3472 694 3544 jam
726 3473 992 3538 detrahit,
1023 3473 1228 3528 nullum
1259 3483 1542 3530 aversatur
1563 3483 1657 3530 aut
1681 3474 1941 3546 despicit,
1969 3475 2169 3531 nullius
2271 3486 2348 3542 hit
2373 3500 2534 3558 agere
2557 3486 2740 3552 libeat,
2768 3486 2862 3542 sed
2883 3484 3106 3540 calcatis
3129 3484 3274 3540 curis
3304 3485 3565 3541 omnibus
3582 3483 3649 3539 ad
3673 3482 3834 3538 viden-

586 3565 903 3636 pudicitiam
922 3565 1115 3620 callida
1141 3566 1603 3621 circumventione
1623 3567 1940 3636 corrumpit,
1965 3566 2167 3622 nemini
2271 3577 2394 3632 dam
2431 3577 2625 3632 faciem
2659 3577 2744 3632 sui
2771 3575 3050 3631 Creatoris
3071 3575 3286 3631 animus
3315 3575 3666 3641 iniu-deccat,
3702 3575 3763 3629 ita
3783 3581 3832 3626 ut

587 3658 853 3713 violentus
891 3658 1106 3720 existit,
1154 3658 1425 3714 neminem
1455 3659 1814 3715 calumniatur
1855 3670 1950 3715 aut
1993 3661 2170 3732 oppri-
2262 3665 2376 3738 jam
2398 3668 2612 3724 noverit
2635 3667 2818 3723 carnis
2843 3665 3210 3737 corruptibilis
3230 3666 3444 3736 pondus
3467 3681 3601 3722 cum
3629 3677 3829 3720 intemn-

586 3749 717 3814 mit;
761 3764 866 3804 non
917 3749 1118 3804 invidet
1160 3749 1338 3814 bonis,
1379 3757 1472 3805 aut
1510 3750 1736 3806 insultat
1775 3749 2004 3808 alilictis.
2048 3750 2168 3810 Non
2269 3769 2511 3832 portare,
2543 3761 2779 3830 totisque
2805 3758 3088 3814 desideriis
3106 3765 3359 3829 appetere
3389 3757 3498 3813 illis
3538 3754 3828 3829 hymnidicis

586 3838 812 3904 luxuriae
855 3841 1036 3895 carnis
1075 3840 1331 3905 inservit,
1374 3857 1480 3897 non
1505 3841 1814 3898 vinolentia;
1851 3842 2065 3898 deditus
2111 3844 2168 3900 in
2271 3853 2584 3924 angelorum
2625 3851 2807 3907 choris
2859 3850 3153 3916 interesse,
3194 3847 3490 3904 admisceri
3550 3846 3832 3904 celatim

589 3943 648 3983 se
691 3929 910 3984 bibendi
938 3930 1081 3984 sitim
1117 3930 1350 3985 bibendo
1375 3932 1547 4003 magis
1583 3947 1648 3988 ac
1685 3933 1858 4005 magis
1883 3934 2162 4000 accendit;
2270 3943 2482 4002 civibus
2495 3950 2512 4011 ',
2543 3945 2611 4000 de
2639 3951 2842 4000 aeterna
2881 3943 2935 3998 in
2976 3950 3268 4014 conspectu
3316 3940 3414 3997 Dei
3451 3941 3832 4012 incorruptione

593 4033 700 4072 non
714 4017 958 4071 odiorum
975 4017 1212 4074 fascibus
1241 4019 1676 4086 inardescit,non
1700 4023 2015 4094 compendia
2031 4023 2170 4094 inju-
2271 4038 2527 4110 gaudere,

590 4118 673 4162 sta
712 4115 972 4174 sectatur,
1021 4123 1127 4163 non
1170 4109 1482 4179 potentibus
1513 4126 1577 4166 ac
1611 4113 1865 4168 divitibus
1891 4113 2166 4181 adulatur,
2285 4109 2293 4110 ί
2865 4122 3095 4180 CAPUT
3133 4123 3246 4181 LV.

587 4211 693 4289 non
739 4197 977 4268 inquieta
1013 4200 1329 4255 curiositate
1371 4211 1651 4272 raptatur,
1703 4219 1812 4258 non
1859 4204 2168 4262 domesticae
2271 4217 2404 4285 οιιιε
2434 4225 2481 4272 ει
2516 4229 2713 4289 quamq
2751 4218 2818 4271 sit
2852 4217 2908 4289 in
2938 4217 3051 4289 hac
3079 4233 3238 4289 carne
3275 4215 3393 4289 uiue
3441 4219 3835 4289 contemptam

587 4287 966 4346 sollicitudinis
995 4305 1123 4346 cura
1157 4291 1512 4359 distenditur,
1550 4309 1657 4350 non
1691 4295 1942 4352 ofﬁciosis
1968 4310 2167 4353 occur-
2337 4285 2620 4372 perfectip._
2635 4287 2714 4343 vel
2745 4288 2971 4372 qualiter
3004 4287 3054 4342 ei
3082 4285 3386 4359 perfundi
3416 4285 3835 4342 muniﬁca-tel-

589 4382 821 4436 rentium
854 4381 1266 4440 salutationibus
1306 4384 1636 4452 delectatur,
1681 4401 1779 4442 nec
1809 4385 2166 4456 superborum
2337 4359 2511 4430 luam
2543 4359 2852 4414 inha’m'm-

585 4470 798 4542 injuriis
826 4469 1111 4544 fatigatur;
1145 4489 1251 4529 non
1272 4490 1395 4530 eum
1431 4476 1681 4546 superbia
1709 4475 1878 4543 inﬂat,
1908 4492 2016 4532 non
2048 4493 2166 4532 am-

2340 4466 2574 4524 Proinde
2607 4467 2734 4523 vita:
2762 4466 3196 4539 contemplativa
3230 4474 3471 4524 sectator
3501 4467 3582 4522 ad
3613 4464 3838 4523 Condito-

583 4560 720 4644 hitio
764 4572 985 4618 ventosa
1032 4563 1328 4634 praecipitat
1350 4605 1366 4630 ,
1411 4580 1518 4621 non
1549 4581 1686 4621 vana
1718 4566 1888 4638 gloria
1934 4567 2166 4638 turpiter
2191 4641 2229 4644 _
2270 4575 2388 4616 rem
2417 4575 2572 4614 suum
2597 4559 2760 4616 corde
2786 4558 3172 4614 illuminandus
3202 4558 3448 4623 accedat.
3479 4558 3594 4629 ἰρεί
3621 4565 3840 4613 ωοιω·

581 4641 776 4728 jactat,
801 4673 907 4714 non
928 4659 1254 4716 desiderium
1279 4660 1522 4732 gloriosa:
1554 4661 1824 4732 opinionis
1845 4660 2164 4728 inﬂammat,

2282 4650 2467 4722 plaudo
2487 4658 2651 4721 atque
2680 4649 3062 4706 insatiabiliter
3100 4649 3426 4722 perfruendo
3462 4649 3756 4720 vigilanter
3776 4647 3842 4700 iu-

589 4763 697 4803 nou
727 4751 1003 4805 distinctio
1046 4750 1207 4806 alieni
1236 4760 1390 4807 actus
1423 4751 1708 4822 illaqueat,
1759 4767 1866 4808 non
1893 4751 1960 4807 ad
1991 4753 2167 4809 socie-

2282 4740 2494 4795 serviat.
2521 4739 2698 4810 Ipsum
2723 4739 2925 4810 jugiter
2954 4740 3342 4810 concupiscat,
3371 4753 3472 4809 pro
3513 4754 3715 4795 amore
3745 4733 3842 4803 eius

589 4850 755 4896 talem
785 4842 1132 4913 turpitudinis
1160 4858 1312 4899 amor
1333 4843 1547 4910 invitat,
1577 4859 1682 4900 non
1710 4845 1886 4902 rabies
1912 4845 2166 4902 immanis

2282 4829 2451 4885 smnia
2473 4829 2670 4899 quibus
2700 4829 2824 4886 inde
2850 4831 3227 4902 averti'potest
3257 4829 3450 4902 fugiat,
3477 4845 3685 4886 omnes
3709 4829 3839 4896 coli-

589 4929 790 5006 furoris
814 4933 1082 5004 exagitat,
1115 4949 1223 4988 non
1250 4945 1684 5004 sumptuosarum
1713 4934 2026 4990 deliciarum
2049 4944 2166 4990 stu-

2282 4921 2506 4976 Lationes
2547 4936 2674 4977 suas
2717 4936 2781 4977 ac
2817 4930 2985 4977 totam
3018 4935 3167 4993 spem
3201 4937 3270 4979 ex
3311 4922 3454 4977 illius
3493 4919 3843 4979 delectatione

591 5023 738 5077 dium
773 5033 995 5088 mactat,
1024 5042 1130 5079 non
1170 5028 1335 5081 ardor
1373 5025 1628 5081 animosa:
1672 5027 2034 5082 contentionis
2071 5041 2169 5082 ex-

2282 5011 2567 5082 suspendat
2582 5052 2597 5077 ,
2625 5012 2929 5068 litterarum
2951 5013 3256 5068 divinarum
3280 5013 3452 5069 sacris
3485 5009 3846 5069 meditationi-

586 5115 810 5170 animat.
842 5114 956 5169 Non
987 5116 1114 5170 facit
1153 5117 1516 5187 impudentem
1538 5117 1782 5181 audacia,
1801 5117 2046 5188 iniquum
2077 5117 2162 5172 in-

2282 5107 2370 5160 bus
2400 5113 2584 5170 vacet,
2619 5105 2673 5159 in
2707 5104 2787 5160 eis
2815 5120 2874 5161 se
2896 5105 3152 5162 divinitus
3197 5105 3534 5162 illuminatus
3588 5105 3842 5164 oblectet.

576 5205 824 5276 justitia,
871 5206 1042 5262 ferum
1092 5208 1466 5275 inclementia,
1517 5209 1724 5264 varium
1773 5209 2161 5276 inconstantia,

2282 5195 2342 5250 ibi
2365 5209 2424 5250 se
2447 5203 2617 5251 totum
2643 5193 2791 5251 velut
2815 5196 2869 5252 in
2893 5195 3112 5266 speculo
3137 5195 3373 5266 quodam
3404 5194 3718 5268 refulgente
3735 5208 3847 5250 con-

579 5297 916 5368 pertinacem
936 5301 1294 5366 contumacia,
1319 5301 1565 5355 insanum
1593 5301 1831 5366 vesania,
1849 5301 2164 5358 deliciosum

2282 5293 2504 5359 sideret,
2536 5293 2682 5364 quod
2713 5293 2768 5348 in
2797 5307 2855 5349 se
2888 5307 3116 5364 pravum
3140 5290 3568 5364 deprehenderit
3598 5288 3844 5359 corrigat.

587 5390 730 5462 gula,
759 5391 1010 5446 rebellem
1033 5392 1417 5454 inobedientia,
1446 5390 1941 5460 vanumjactautia,
1974 5391 2166 5447 inflde-
2270 5385 2413 5455 (ιυοά
2448 5394 2654 5441 remum
2683 5394 2894 5448 ῑθηθὲῑ.
2927 5384 3070 5454 (111οά
3097 5381 3340 5438 deforme
3365 5390 3694 5450 οοηψοηεῐν
3719 5373 3844 5448 quod

586 5482 691 5538 lem
746 5485 1007 5555 perfidia,
1059 5485 1232 5541 lenem
1280 5484 1540 5550 felicitas,
1591 5500 1791 5540 saevum
1850 5485 2160 5553 crudelitas,

2282 5475 2556 5544 pulchrum
2597 5483 2806 5541 servet,
2845 5475 2989 5543 quod
3029 5488 3220 5528 sanum
3254 5472 3498 5536 excolat,
3528 5465 3842 5542 quodinlir-

586 5575 978 5632 manduconem
1009 5587 1217 5648 turpem
1242 5574 1482 5630 edacitas
1502 5615 1515 5641 ,
1555 5574 1920 5646 impatientem
1951 5575 2166 5630 mobili-

2282 5582 2417 5620 num
2447 5566 2662 5621 assidua
2694 5565 2925 5623 lectione
2963 5567 3299 5622 corroboret.
3344 5564 3562 5620 Domini
3593 5565 3681 5620 sui
3725 5573 3844 5633 pra-

584 5677 697 5729 tas,
737 5668 984 5722 mobilem
1013 5667 1368 5733 instabilitas,
1397 5682 1586 5738 vagum
1629 5667 1886 5738 spiritalis
1927 5667 2161 5722 infirmi-
2267 5669 2422 5730 cepla
2473 5657 2880 5731 infatigabililer
2937 5659 3121 5730 1883‘,
3171 5655 3580 5727 ἰοειριθδίίίιθτ
3635 5652 3840 5725 diu?"

581 5762 688 5818 tas,
721 5755 1033 5811 iracundum
1056 5757 1391 5820 animositas,
1421 5757 1778 5826 suspiciosum
1810 5759 2164 5828 perversitas,
2266 5755 2558 5811 eﬂicaciter
2593 5757 2839 5828 impleat,
2888 5763 2942 5810 et
2967 5754 3096 5826 quid
3140 5753 3242 5807 sibi
3289 5751 3618 5815 cavendum,
3659 5745 3844 5818 quide

579 5844 869 5900 verbosum
889 5845 1120 5915 vanitas,
1145 5847 1424 5904 irrisorcm
1445 5847 1772 5920 malignitas.
1797 5847 1898 5916 Qui
1921 5855 2164 5905 remotus
2268 5850 2583 5903 sectandum
2606 5853 2672 5905 sit
2698 5852 2765 5904 ab
2785 5853 2865 5908 eis
2895 5846 3229 5905 sufﬁcienter
3241 5844 3543 5900 instructus
3564 5843 3841 5910 agnoscat.
