4020 6338
1155 440 1245 500 DE
1280 430 1676 496 VARIE‘I‘ATE
1713 418 2093 484 LIBBORUM.
2134 445 2202 458 -
2240 413 2369 471 LIB.
2409 412 2474 470 ll.

183 559 460 637 llysteriis
497 561 807 616 earumdem
847 555 1150 613 divinarum
1190 552 1590 621 Scripturarum
1630 559 1755 616 per-
1780 549 1834 609 Α
1856 530 2270 602 contemplativa
2324 526 2637 598 fastigium;
2672 523 2785 578 haec
2828 519 2956 575 facit
2993 515 3269 574 hominem
3303 527 3433 569 san-

1899 636 1902 637 ν
2465 635 2489 637 .-
2565 614 2731 637 ιιι-ε---
2757 615 2879 637 -.ε...
2920 619 2999 637 η-.
3040 607 3169 637 -..ιιι
3207 620 3430 637 mum...

183 655 496 716 scrutandis
544 652 798 717 insistat,
856 649 1129 707 Christum
1177 646 1250 702 ibi
1309 643 1634 716 promissum
1676 639 1756 694 le-

184 756 321 820 gat,
383 753 822 816 rcpraasentatum
895 742 1115 806 videat,
1189 737 1562 808 pr0phetatam
1636 745 1760 803 per-

182 839 449 894 ditionem
509 834 688 906 populi
743 832 1075 890 contumacis
1119 826 1399 900 intelligat,
1439 823 1649 895 impleri
1685 823 1763 878 lu-

185 939 314 1004 geat
341 970 358 996 ,
408 929 474 984 de
526 927 702 983 saluto
745 927 986 998 gentium
1034 921 1286 994 gaudeat.
1349 918 1428 973 Ex
1470 915 1762 988 praeteritis

184 1003 312 1090 qlia:
362 1017 619 1088 praedicta
665 1023 722 1071 et
756 1014 972 1086 impleta
1028 1017 1240 1073 teneat,
1289 1007 1486 1063 futuris
1533 1003 1764 1076 promis-

183 1112 433 1169 sionihus
453 1111 660 1166 credat.
699 1109 782 1164 Ab
805 1107 1034 1177 strepitu
1053 1102 1394 1174 negotiorum
1419 1096 1761 1155 saecularium

182 1205 583 1263 remotissimus
615 1217 680 1258 ea
706 1202 977 1257 ferventer
1003 1196 1276 1268 excogitat
1295 1193 1493 1264 quibus
1523 1189 1762 1244 animum

181 1312 346 1353 suum
379 1296 433 1350 in
477 1293 803 1350 desiderium
848 1288 1042 1345 futura:
1071 1282 1520 1342 remunerationis
1548 1279 1762 1336 inflam-

182 1398 323 1452 met,
348 1385 541 1441 studiis
559 1383 916 1454 spiritalibus,
942 1379 1139 1452 quibus
1167 1378 1222 1432 in
1255 1376 1372 1431 dies
1398 1371 1637 1444 singulos
1657 1383 1768 1425 me-

181 1477 288 1531 linr
319 1489 384 1529 ac
419 1472 608 1528 melior
640 1471 763 1537 fiat,
796 1468 1054 1540 invigilet.
1088 1467 1248 1522 Amet
1283 1463 1453 1520 otium
1492 1469 1762 1523 sanctum,

181 1566 241 1619 in
271 1579 380 1636 quo
405 1572 655 1619 exerceat
677 1561 869 1616 anima:
895 1573 1007 1615 sua:
1034 1556 1310 1628 negotium
1329 1593 1344 1619 ,
1369 1559 1639 1608 mortuum
1661 1548 1766 1604 sibi

182 1659 410 1726 deputet
438 1655 716 1720 mundum,
744 1668 808 1708 ac
837 1667 896 1708 se
924 1649 1112 1705 mundi
1141 1646 1470 1704 blandientis
1497 1641 1767 1698 illecebris

182 1749 442 1804 exhibeat
497 1747 838 1803 cruc'fixum.
895 1742 1266 1800 Delectatione
1336 1735 1767 1810 spectaculorum

184 1841 532 1912 praesentium
560 1837 1053 1910 incomparabiliter
1071 1838 1364 1909 anteponat
1389 1829 1472 1886 sui
1494 1827 1768 1885 Creatoris

187 1933 465 1997 intuitum,
507 1948 720 2004 semper
761 1930 1152 2003 proficientem,
1200 1936 1507 1983 successum
1534 1919 1588 1978 in
1619 1916 1771 1977 fasti-

187 2024 339 2094 gium
386 2024 578 2078 divinae.
616 2021 1082 2092 contemplationis
1109 2017 1338 2072 attollat.
1386 2015 1669 2084 Nunquam
1699 2010 1768 2065 ad

190 2124 526 2170 momentum
550 2113 764 2182 quidem
787 2126 818 2164 a
843 2107 1286 2180 promissionibus
1307 2103 1501 2158 futuris
1525 2099 1772 2157 conside-

192 2210 383 2264 randis
403 2223 622 2262 aversus
646 2207 710 2260 ad
737 2214 952 2261 terrena
977 2201 1247 2273 respiciat.
1278 2199 1356 2255 Eo
1376 2197 1548 2253 aciem
1576 2193 1770 2250 mentis

194 2299 563 2354 indesinenter
630 2295 909 2361 intendat,
971 2307 1080 2363 quo
1139 2289 1424 2362 pervenire
1473 2285 1767 2342 desiderat.

197 2389 593 2444 Beatitudinem
622 2387 746 2442 vita
767 2385 964 2439 futura:
993 2391 1120 2438 ante
1144 2379 1329 2438 oculos
1352 2378 1517 2434 animi
1539 2376 1622 2432 sui
1649 2389 1774 2445 pro-

198 2489 366 2551 ponat
403 2488 459 2534 et
491 2479 695 2549 diligat.
739 2475 848 2532 Nec
877 2483 1079 2532 metuat
1111 2472 1311 2542 aliquid
1344 2465 1637 2539 temporale
1672 2479 1776 2521 nec

201 2571 414 2639 cupiat,
445 2583 513 2624 ne
539 2577 632 2622 aut
658 2576 834 2624 metus
863 2564 1171 2621 amittenda:
1200 2562 1279 2617 rei
1307 2558 1650 2631 temporalis,
1683 2563 1778 2611 aut

198 2661 468 2730 cupiditas
509 2659 850 2731 acquirendae
900 2659 978 2713 rei
1025 2655 1374 2711 intentionem
1420 2651 1617 2707 mentis
1662 2647 1778 2716 ejus

200 2752 460 2808 emolliat.
494 2751 609 2807 Non
639 2767 762 2808 eum
793 2749 988 2805 blanda
1016 2754 1386 2818 corrumpant,
1419 2759 1519 2800 nec
1551 2741 1778 2797 adversa

200 2844 535 2909 concutiant,
586 2858 690 2898 non
735 2842 881 2897 inflet
905 2840 1088 2910 opinio
1117 2837 1381 2901 secunda,
1432 2848 1532 2889 nec
1560 2832 1777 2888 sinistra

203 2938 443 3008 dejiciat,
474 2952 574 2992 nec
601 2935 730 2990 falsa
761 2932 1089 3004 vituperatio
1117 2930 1233 2985 sive
1253 2927 1512 2992 laudatio,
1548 2932 1644 2979 aut
1674 2939 1774 2978 au-

204 3035 329 3098 geat
352 3026 545 3096 gaudia
573 3025 816 3095 ejus,aut
839 3022 1065 3078 minuat.
1094 3019 1211 3075 Non
1238 3018 1468 3090 gaudeat
1487 3015 1554 3071 de
1573 3023 1780 3084 tempo-

205 3118 414 3174 ralibus
434 3118 656 3172 omnino
679 3131 778 3171 nec
804 3115 1007 3185 lugeat,
1037 3113 1178 3167 inter
1205 3111 1326 3166 laeta
1359 3124 1422 3164 ac
1449 3107 1624 3162 tristia
1649 3105 1781 3159 invi-

204 3217 330 3264 ctus
368 3223 530 3263 unam
575 3205 768 3261 faciem
817 3202 984 3258 animi
1035 3197 1472 3256 constantissime
1516 3195 1776 3256 obtineat,

203 3313 312 3354 nec
339 3298 544 3370 pectori
582 3296 700 3366 ejus
727 3293 971 3351 stabilem
1011 3291 1322 3348 firmitatem
1357 3279 1617 3358 quidquid
1650 3297 1778 3356 pro-

205 3391 380 3445 mittit
408 3387 638 3444 mundus
667 3395 761 3441 aut
787 3385 1026 3442 minatur
1055 3381 1315 3445 excutiat,
1347 3379 1442 3434 sed
1468 3379 1609 3433 idem
1637 3390 1784 3430 sem-

206 3499 312 3557 per
333 3498 396 3538 ac
431 3482 534 3538 sibi
561 3479 752 3536 similis
780 3490 1161 3549 perseverans,
1197 3469 1382 3527 mundi
1405 3468 1568 3536 hujus
1589 3467 1785 3522 damna

207 3555 375 3631 simul
397 3587 462 3628 ac
492 3571 641 3626 lucra
664 3585 770 3625 non
794 3567 1012 3625 sentiat.
1042 3565 1109 3620 Et
1134 3579 1258 3618 cum
1282 3562 1397 3616 haec
1424 3567 1585 3628 atque
1605 3557 1690 3611 his
1720 3555 1790 3610 si-

209 3664 367 3720 milia
391 3661 821 3732 contemplativa:
847 3659 970 3715 vita:
991 3655 1261 3713 desiderio
1283 3651 1505 3708 aﬂ'ectns
1530 3648 1786 3719 impleve-

208 3757 310 3820 rit,
341 3769 441 3810 nec
469 3769 528 3809 se
571 3753 659 3807 hic
697 3750 808 3820 jam
854 3765 921 3805 ex
969 3747 1116 3804 omni
1159 3752 1313 3814 parte
1347 3739 1666 3813 perfectum,
1695 3735 1789 3792 sed

207 3847 604 3921 perficiendum
637 3847 690 3901 in
725 3844 814 3898 illa
837 3844 995 3899 beata
1026 3843 1133 3894 vita
1155 3852 1275 3907 qua:
1295 3834 1474 3890 futura
1495 3839 1578 3887 est
1601 3831 1793 3886 immo-

209 3940 400 3997 biliter
430 3938 652 4002 credat,
689 3944 849 4005 atque
877 3933 944 3988 ad
970 3945 1050 3996 se,
1081 3928 1169 3984 ubi
1201 3925 1294 3982 Dei
1320 3921 1675 3980 substantiam
1701 3931 1791 3973 re-

212 4035 394 4090 velata
416 4033 555 4089 facie
580 4028 762 4086 videre
789 4027 979 4100 possit,
1000 4022 1274 4081 extendat.

219 4220 226 4226 .
805 4157 1032 4218 CAPUT
1068 4154 1203 4213 LVI.

220 4279 367 4348 Quid
397 4279 534 4332 inter
571 4291 626 4330 se
660 4273 905 4343 differant
935 4269 1103 4323 activa
1142 4273 1192 4320 et
1233 4257 1636 4330 contemplativa
1662 4254 1790 4309 vita.

1857 636 2039 691 ctum,
2076 623 2166 679 illa
2201 619 2516 693 perfectum.
2565 614 2735 684 Hujus
2757 615 2881 669 vita:
2917 619 3003 668 est
3040 607 3171 666 nulli
3207 620 3435 679 prorsus

1859 717 2084 789 injurias
2127 715 2399 784 irrogare;
2446 708 2522 763 illi
2561 715 2811 777 erogatus
2850 701 3228 773 aequanimiter
3267 696 3432 754 susti-

1858 786 2008 864 nere.
2026 805 2159 869 imo,
2175 811 2236 858 ut
2253 799 2505 872 proprius
2516 796 2711 859 dicam,
2737 800 3021 850 exsecutor
3047 789 3234 845 activae
3254 786 3434 842 studet

1862 902 1916 958 in
1937 915 1995 956 se
2017 904 2328 970 peccantem
2350 892 2641 956 dimittere,
2663 884 3090 956 contemplativa
3111 894 3240 937 vero
3261 887 3438 935 secta-

1862 1001 1949 1048 tor
1975 969 2196 1046 ofl‘ensis
2223 985 2418 1056 quibus
2456 979 2702 1052 pulsatur
2729 991 2832 1032 nec
2855 973 3076 1030 omnino
3106 969 3436 1032 concutitur,

1864 1083 2113 1154 ignorare
2168 1077 2339 1147 magis
2385 1079 2605 1144 paratus
2657 1082 2818 1139 quam
2869 1065 3088 1121 donare.
3149 1061 3255 1116 Iste
3302 1060 3437 1113 iram

1863 1148 2139 1242 patientia:
2162 1168 2362 1221 virtute
2385 1159 2700 1231 compescit,
2730 1153 3098 1211 immoderatis
3129 1148 3441 1222 cupiditati-

1864 1263 1966 1318 bus
1991 1257 2337 1332 parcimonize
2365 1255 2577 1310 frenum
2608 1248 2851 1321 imponit.
2875 1246 3136 1317 Tangitur
3155 1242 3441 1300 desideriis

1867 1351 2173 1410 carnalibus
2193 1363 2294 1404 nec
2313 1343 2610 1410 consentit,
2626 1341 2868 1412 pulsatur
2885 1337 3045 1406 hujus
3071 1335 3254 1391 mundi
3272 1333 3443 1390 curio~

1868 1448 2029 1504 sitate
2071 1459 2174 1500 nec
2213 1441 2442 1513 rapitur,
2487 1438 2726 1509 quatitur
2756 1432 3018 1491 diabolica
3045 1429 3446 1502 impugnatione

1869 1553 1972 1594 nec
2018 1535 2273 1598 vincitur,
2318 1542 2373 1587 et
2406 1532 2517 1586 Deo
2553 1544 2652 1584 suo
2696 1529 2886 1583 devota
2931 1531 3112 1579 mente
3153 1521 3441 1589 subjectus,

1869 1645 1975 1686 non
1991 1628 2240 1684 atteritur
2264 1623 2493 1679 diversis
2510 1618 2917 1682 tentationibus,
2941 1612 3033 1670 sed
3054 1613 3330 1684 probatur.
3355 1609 3448 1664 Ille

1873 1736 2063 1778 omnes
2092 1717 2412 1774 aillictiones
2455 1711 2652 1784 quibus
2689 1709 2799 1764 vita
2848 1704 3152 1762 mortalium
3181 1703 3446 1766 variatur,

1873 1812 2078 1868 sanctis
2107 1808 2398 1864 virtutibus
2428 1803 2612 1859 vincit.
2647 1798 3015 1870 Cupiditatum
3052 1810 3118 1850 ac
3163 1793 3450 1865 perturba-

1795 1897 1847 1963 B
1873 1903 2080 1962 ticnum
2105 1899 2344 1959 omnium
2376 1895 2511 1954 liber
2536 1893 2698 1952 beata
2725 1889 2904 1964 quiete
2927 1884 3243 1961 perfruiuir,
3259 1891 3313 1938 et
3337 1881 3451 1936 ille-

1870 1997 2047 2052 cebris
2086 2009 2151 2048 ac
2173 1988 2537 2060 voluptatibus
2573 1985 2748 2040 factus
2784 1980 3034 2051 expedita
3079 1985 3258 2032 mente
3289 1988 3450 2044 supe-

1871 2086 2004 2150 rior,
2034 2080 2288 2138 ineffabili
2321 2078 2514 2151 gaudio
2539 2073 2734 2130 divina:
2773 2067 3241 2139 contemplationis
3283 2063 3452 2119 cilici-

1872 2187 1984 2234 tur.
2031 2175 2136 2231 Iste
2158 2170 2504 2242 suscipiendo
2524 2165 2892 2238 peregrinum,
2923 2157 3207 2216 vestiendo
3229 2156 3454 2218 nudum,

1873 2265 2225 2339 gubernando
2246 2263 2566 2333 subjectum,
2599 2254 2913 2313 redimendo
2938 2251 3231 2322 captivum,
3259 2245 3457 2301 tuendo

1873 2335 2136 2413 violenter
2159 2366 2495 2424 oppressum,
2514 2347 2716 2420 jugiter
2747 2359 2806 2399 se
2826 2341 2895 2397 ab
2923 2338 3172 2396 omnibus
3198 2335 3456 2404 iniquita-

1875 2450 2019 2506 tibus
2047 2448 2159 2504 suis
2183 2443 2478 2508 emaculat,
2498 2448 2552 2496 et
2580 2439 2744 2492 vitam
2772 2448 2926 2490 suam
2949 2431 3212 2486 bonorum
3233 2439 3458 2496 operum

1875 2541 2143 2598 fructibus
2171 2539 2326 2595 ditat.
2358 2535 2450 2590 llle
2478 2528 2824 2588 facultatibus
2865 2525 2978 2582 suis
3005 2523 3060 2578 in
3089 2535 3219 2576 usus
3252 2531 3458 2588 paupec

1876 2648 1998 2690 rum
2026 2629 2328 2688 distributis
2347 2624 2513 2683 semel
2534 2619 2856 2694 exspoliavit
2879 2631 2940 2672 se
2969 2613 3166 2669 mundo
3193 2619 3249 2666 et
3272 2611 3460 2664 admo-

1875 2725 1957 2781 vit
1982 2739 2042 2779 se
2071 2723 2199 2778 totis
2224 2719 2427 2775 viribus
2448 2715 2608 2773 caelo.
2636 2714 2742 2768 Res
2769 2707 2954 2766 mundi
2987 2703 3185 2760 mundo
3213 2699 3463 2772 projecit,

1877 2824 1934 2870 et
1976 2815 2212 2882 seipsum
2247 2810 2465 2865 Christo
2509 2806 2704 2861 devota
2743 2808 2922 2856 mente
2971 2794 3237 2857 restituit,
3281 2784 3319 2844 'a
3358 2802 3466 2859 quo

1880 2902 2212 2961 immortales
2235 2901 2450 2957 divitias
2481 2895 2585 2952 sibi
2607 2893 2796 2950 donari
2825 2898 2946 2947 orat
2979 2898 3038 2943 ut
3071 2899 3298 2957 pauper,
3342 2895 3466 2951 pro-

1880 2997 1987 3067 tegi
2027 3010 2087 3051 se
2116 2991 2356 3064 quotidie
2384 2986 2620 3059 postulat
2645 2992 2704 3039 ut
2738 2981 3004 3041 inﬁrmus,
3047 2970 3469 3031 immortalitatis

1883 3062 2199 3144 indumento
2225 3080 2411 3137 vestiri
2443 3078 2591 3148 cupit
2613 3084 2674 3130 ut
2703 3073 2896 3128 nudus.
2927 3066 3150 3123 Defendi
3177 3079 3236 3119 se
3263 3063 3334 3116 ab
3362 3062 3466 3114 im-

1882 3175 2209 3248 pugnatione
2232 3168 2589 3227 .invisibilium
2617 3164 2854 3219 hostium
2879 3157 3146 3228 supplicat
3174 3162 3234 3207 ut
3261 3150 3470 3221 fragili-

1807 3248 1854 3314 c
1883 3241 1995 3325 tate
2014 3266 2196 3323 carnis
2213 3274 2522 3334 oppressus,
2539 3266 2593 3314 et
2605 3253 2881 3311 caelestem
2904 3247 3006 3304 sibi
3027 3243 3218 3302 donari
3240 3241 3471 3314 patriam

1887 3359 2157 3418 desiderat
2185 3332 2604 3426 ut'peregrinus.
2635 3346 2824 3401 Activa
2852 3343 2963 3396 vita
2995 3337 3159 3393 habet
3182 3332 3473 3390 sollicitum

1887 3463 2138 3512 cursum,
2187 3420 2607 3511 contemplativa
2655 3433 2908 3507 gaudium
2954 3427 3365 3498 sempiternum.
3415 3420 3474 3476 In

1889 3543 1992 3598 hac
2017 3509 2318 3608 acquiritur
2344 3509 2607 3603 regimen,
2635 3527 2690 3581 in
2721 3523 2811 3578 illa
2837 3518 3156 3592 percipitur.
3192 3512 3318 3568 Haec
3343 3509 3474 3565 facit

1888 3603 2117 3706 pulsare
2131 3630 2394 3684 bonorum
2418 3634 2668 3693 operum,
2695 3609 3178 3683 velutquibusdam
3203 3603 3473 3666 manibus,

1885 3694 2139 3797 januam;
2169 3721 2257 3775 illa
2284 3725 2443 3775 vocat
2475 3717 2880 3770 consummatos
2914 3704 2967 3758 in
2999 3699 3252 3772 patriam.
3279 3695 3337 3750 ln
3369 3694 3474 3748 hac

1893 3783 2258 3873 contemnitur
2281 3809 2534 3870 mundus,
2579 3805 2633 3858 in
2672 3800 2763 3856 illa
2804 3795 3074 3851 videbitur
3099 3790 3262 3845 Deus.
3296 3783 3384 3849 Et,
3415 3791 3478 3837 ut

1894 3907 2064 3964 multa
2093 3911 2410 3976 praeteream
2438 3911 2558 3969 quae
2581 3898 3012 3951 commemorare
3055 3896 3162 3936 non
3192 3876 3365 3941 valeo,
3418 3873 3474 3928 in

1894 4001 1998 4057 hac
2017 3969 2127 4053 vita
2138 3995 2232 4066 qui
2259 3990 2551 4049 immundis
2575 3984 2855 4058 spiritibus
2877 3973 3191 4034 exstiterint
3205 3969 3476 4031 fortiores,

1895 4092 1952 4149 in
2000 4091 2090 4146 illa
2135 4065 2554 4156 contemplativa
2593 4081 2704 4135 vita
2749 4090 2869 4146 qua
2920 4083 3132 4127 summa
3168 4065 3328 4120 beata
3375 4068 3478 4156 est,

1895 4185 2277 4238 remunerante
2307 4147 2553 4237 Domino,
2598 4169 2736 4223 fiunt
2783 4161 2988 4233 angelis
3017 4153 3218 4213 sanctis
3248 4147 3483 4219 aequales

1899 4280 2064 4340 atque
2084 4270 2139 4324 in
2164 4276 2424 4324 aeternum
2446 4276 2570 4319 cum
2596 4259 2702 4315 illis
2722 4253 3026 4325 regnabunt
3049 4247 3106 4302 in
3133 4244 3224 4300 illa
3248 4250 3483 4310 superna

297 4388 488 4443 Activa
512 4384 621 4440 vita
650 4390 828 4437 autem
854 4392 976 4432 cum
1003 4387 1230 4442 corpore
1256 4368 1469 4432 deficit;
1507 4364 1629 4435 quis
1652 4361 1798 4417 enim
1900 4361 2118 4416 civitate
2139 4358 2346 4415 felices.

223 4483 283 4537 in
304 4487 503 4534 aeterna
528 4473 699 4544 patria
727 4482 920 4541 panem
946 4461 1206 4521 esurienti
1232 4459 1492 4531 porrigat,
1530 4453 1620 4510 ubi
1640 4465 1799 4508 nemo

225 4568 440 4625 esurit?
468 4541 600 4634 Quis
631 4571 815 4634 potum
847 4557 1045 4613 tribuat
1074 4551 1309 4616 sitienti,
1351 4548 1441 4603 ubi
1471 4559 1628 4601 nemo
1654 4541 1801 4598 sitit?

225 4661 365 4730 Quis
409 4619 678 4713 nidi-tuum
727 4649 971 4721 sepeliat,
1016 4645 1108 4702 ubi
1156 4656 1314 4699 nemo
1354 4636 1624 4695 moritur?
1668 4634 1803 4690 Cum
1830 4619 1885 4681 D

229 4727 485 4826 praesenti
524 4761 652 4817 ergo
704 4744 814 4799 vita
862 4739 1104 4796 aufertur
1147 4736 1352 4800 activa,
1391 4727 1804 4799 contemplativa

229 4821 413 4900 autem
462 4841 551 4895 bic
594 4837 782 4907 incipit
823 4842 884 4888 ut
933 4833 986 4887 in
1022 4827 1229 4886 caelesti
1268 4824 1441 4898 patria
1468 4821 1800 4893 perficiatur.

230 4937 371 5006 Quia
395 4931 594 4990 amoris
622 4929 762 5000 ignis
788 4925 878 4997 qui
903 4923 993 4978 hic
1018 4921 1209 4976 ardere
1240 4914 1447 4985 incipit,
1479 4927 1600 4970 cum
1630 4911 1806 4980 ipsum

233 5002 396 5100 quem
420 5031 566 5088 amat
591 5021 807 5083 viderit,
831 5019 886 5072 in
914 5027 1098 5071 amore
1127 5009 1353 5080 amplius
1381 5005 1621 5078 ignescit.
1661 5002 1805 5059 Con—

236 5097 542 5190 templativa
571 5129 699 5185 ergo
723 5110 829 5165 vita
853 5107 1073 5164 minime
1097 5102 1361 5165 aufertur,
1386 5098 1512 5169 quia
1532 5097 1808 5152 subtracta

2487 4437 2714 4496 CAPUT
2751 4433 2906 4491 LVII.

2334 4533 2410 4588 De
2441 4527 2832 4600 rompunctione
2866 4521 3060 4577 cordis.

1981 4635 2336 4703 Compunctto
2359 4625 2539 4682 cordis
2560 4631 2642 4677 est
2661 4616 2933 4676 humilitas
2957 4610 3154 4669 mentis
3168 4621 3290 4665 cum
3311 4603 3487 4676 lacry-

1908 4723 2014 4780 mis
2026 4693 2279 4777 exoriens
2291 4717 2359 4772 de
2375 4711 2750 4770 recordatione
2767 4704 2974 4779 peccati
2990 4710 3045 4758 et
3067 4702 3258 4755 timore
3273 4693 3484 4766 judicii.

1907 4815 2000 4872 Illa
2040 4822 2124 4870 est
2152 4811 2432 4869 conversis
2471 4805 2760 4878 perfectior
2806 4793 3237 4868 compunctionis
3275 4785 3489 4845 affectio

1909 4922 2030 4978 qua:
2057 4921 2090 4960 a
2117 4919 2176 4960 se
2217 4901 2608 4960 desideriorum
2635 4893 2858 4950 affectus
2885 4888 3093 4960 repellit
3125 4894 3181 4940 et
3227 4880 3490 4937 intentio-

1910 4969 2038 5055 nem
2071 5011 2225 5052 suam
2255 5002 2368 5049 toto
2396 4990 2594 5047 mentis
2621 4985 2799 5042 studio
2841 4983 2896 5064 in
2936 4979 3032 5036 Dei
3082 4969 3492 5062 contemplatio-

1914 5105 2039 5146 nem
2076 5085 2282 5157 deiigit.
2329 5082 2457 5138 Haec
2497 5087 2580 5135 est
2620 5077 2764 5132 enim
2812 5054 3015 5129 homini
3060 5047 3345 5138 baptizato'
3363 5074 3492 5116 vera

236 5147 345 5177 ιυιιι
387 5147 542 5172 manu
571 5147 620 5169 CI
666 5147 699 5166 υ
729 5147 829 5165 VIIII
853 5147 1073 5164 Iulusuuv
1097 5147 1240 5158 *ιιι-ν-
1255 5147 1328 5154 ---
1347 5147 1361 5165 ,
1389 5147 1512 5169 1—-..
1533 5147 1675 5152 __._.-e
1694 5147 1745 5150 η,
1764 5147 1771 5148 ,
2188 5147 2217 5157 ν

235 5147 523 5283 νιοωζθιιιίε
550 5147 727 5259 saguli
751 5201 868 5253 luce
893 5194 1188 5268 perficitur.
1211 5189 1399 5246 Activa
1413 5188 1522 5241 vita
1545 5183 1810 5240 laboriosa
1913 5177 2255 5251 compunctio
2299 5173 2499 5236 cordis,
2545 5183 2736 5239 magna
2765 5179 2926 5237 agere
2965 5170 3020 5216 et
3058 5157 3281 5215 humilia
3308 5147 3491 5221 loqui,

1233 5282 1238 5283 ⁷
1309 5281 1317 5283 _
1768 5275 1781 5283 ⁸
1916 5271 1928 5283 ⁸
2005 5279 2014 5283 ⁸
2220 5281 2233 5283 ‘
2275 5274 2315 5283 “
2354 5277 2512 5283 ‘---“-
2555 5266 2864 5283 *λΑιιιιιΑ-Λο
2909 5253 3099 5283 ΙῖΜΛ-ιΔ
3139 5264 3201 5283 an
3237 5252 3489 5283 Irpmpm_

239 5299 468 5358 desudat
509 5297 564 5351 in
611 5291 927 5354 certamine,

974 5281 1391 5352 contemplativa
1414 5293 1562 5342 vero,
1607 5275 1813 5347 pacatis
1909 5271 2054 5342 juste
2081 5281 2241 5339 agere
2265 5274 2320 5320 et
2351 5277 2512 5332 super
2555 5266 2868 5329 peccatores
2909 5253 3099 5307 timere
3139 5264 3202 5302 ac
3225 5252 3489 5300 tremere.

2689 5350 2698 5352 -
2868 5346 2878 5352 -
2914 5347 2922 5352 -
3223 5337 3258 5352 ο-
3304 5341 3342 5352 _.
3381 5326 3466 5352 -1:

239 5326 468 5358 uestiunt
509 5326 564 5351 ιιι
611 5326 927 5354 υυιιοιιιιιιυ,
975 5326 1391 5352 νυ...ν...,,........
1426 5326 1562 5342 .__-,
1611 5326 1808 5347 raw-"
1909 5326 1950 5342 ,ν
2115 5326 2145 5339 ν
2415 5326 2433 5332 _
2556 5326 2569 5329 _

239 5391 500 5445 vitiorum
525 5381 1054 5448 tumultibus,optata
1069 5378 1122 5429 in
1149 5370 1362 5429 Christo
1382 5367 1562 5438 quiete
1584 5362 1816 5434 perfrui-
1916 5362 2069 5417 Sicut
2095 5358 2239 5414 enim
2265 5355 2405 5426 ignis
2428 5367 2586 5407 omne
2615 5350 2807 5404 animae
2832 5346 3020 5400 vitium
3058 5337 3266 5412 perurit
3296 5341 3349 5387 et
3379 5326 3495 5382 adi-

243 5490 355 5535 tur.
394 5477 474 5531 Ad
503 5473 732 5529 activam
758 5468 922 5522 vitam
951 5463 1186 5535 pertinet
1213 5463 1350 5516 inter
1384 5459 1618 5512 humana
1647 5450 1813 5523 profl-

1918 5454 2037 5517 mit,
2089 5451 2164 5524 ita
2194 5423 2536 5517 compunctio
2566 5441 2746 5498 cordis
2774 5445 3192 5510 quantacunque
3233 5423 3495 5495 repererit

247 5512 355 5535 sui.
394 5512 474 5531 [lu
503 5512 732 5529 unt-qu-
770 5512 922 5522 ν---υ-
955 5512 1038 5535 τν-
1056 5512 1182 5518 --ηνν
1213 5512 1338 5516 _---_,
1649 5512 1665 5523 -
2024 5512 2033 5517 ν

246 5583 393 5631 θεῖε.
442 5573 498 5619 ει
546 5559 772 5616 When“
824 5554 1065 5624 corporis
1110 5559 1288 5606 ῐηοῑιιε
1323 5546 1548 5603 rationis
1595 5541 1818 5612 imperio
1921 5541 2093 5605 mala,
2127 5512 2394 5594 absterret
2423 5533 2670 5588 universa
2697 5539 2751 5583 ct
2778 5527 2993 5600 penitus
3033 5519 3194 5575 delet.
3231 5512 3496 5582 Concupi-

1777 5630 1782 5631 7
2275 5627 2297 5631 λ
2567 5625 2577 5631 ⁸
2612 5623 2623 5631 ⁸
2839 5620 2871 5631 ⁸-
2967 5623 2979 5631 ⁸
3009 5609 3197 5631 ι“----Ῐ--ι-
3231 5603 3495 5631 ι-ι--ιιιιιη-

247 5668 573 5727 temperare.
619 5651 699 5705 Ad
728 5644 1194 5716 contemplativam
1225 5655 1382 5710 supra
1415 5638 1652 5692 humano
1677 5630 1819 5686 desi-

254 5749 405 5804 derio
428 5741 772 5816 perfectionis
799 5738 1108 5798 ascendere,
1142 5743 1196 5788 et
1226 5731 1591 5787 indesinenter
1619 5739 1822 5795 augen-

259 5840 344 5900 dis
389 5835 678 5896 virtutibus
724 5832 998 5892 incubare.
1051 5827 1224 5884 Habet
1271 5824 1447 5882 activa
1493 5819 1788 5894 perfectum
1809 5856 1825 5883 ,

1923 5633 2250 5689 scentiarum
2267 5627 2509 5682 flammas
2535 5625 2579 5680 si
2612 5620 2899 5681 invenerit,
2927 5623 2986 5668 ut
3009 5609 3200 5664 fluvius
3230 5603 3498 5660 inundans

1926 5719 2221 5788 exstinguit
2247 5726 2300 5772 et
2316 5724 2523 5772 enecat.
2547 5713 2808 5769 Curarum
2829 5699 3196 5760 multitudines
3219 5704 3274 5748 et
3291 5701 3498 5765 pertur-

1931 5786 2177 5867 bationes
2217 5809 2261 5863 si
2307 5809 2519 5871 videat,
2554 5818 2613 5860 ut
2654 5803 2863 5874 ﬂagello
2889 5797 3120 5868 quodam
3165 5786 3416 5843 exturbat
3447 5793 3501 5844 et
