4020 6338
593 269 697 333 927

1074 272 1430 332 HAYMONIS
1465 268 1948 330 HALBERSTAT.
1990 269 2202 330 EPISC.
2242 267 2392 329 OPP.
2435 266 2614 330 PARS
2651 269 2736 329 Ill.
2776 303 2848 317 --
2884 273 3382 332 MISCELLANEA.

593 395 715 450 dest
748 394 794 448 si
834 392 926 448 ira:
953 390 1136 460 culpas
1163 391 1276 460 jam
1299 389 1498 461 lugeat,
1536 400 1593 446 et
1623 400 1800 446 tamen
1829 391 2005 446 adhuc
2031 389 2168 444 invi-
2193 391 2245 450 Α
2273 386 2533 447 versionis
2559 388 2734 457 perire
2754 389 3080 444 mercedem.
3131 389 3241 445 Hoc
3266 391 3409 446 enim
3440 389 3744 459 judicare
3773 390 3898 446 vide

594 485 694 540 dite
720 483 928 540 facibus
955 481 1212 536 tabescat.
1273 481 1381 536 Sed
1411 481 1590 537 minus
1617 491 1699 538 est
1725 481 1880 535 valde
1920 482 2063 552 quod
2087 480 2169 535 di-

594 577 786 638 cimus,
834 583 892 628 ut
929 573 1019 644 qui
1071 581 1291 642 peccata
1331 573 1597 642 deplorat,
1641 573 1900 643 ploranda
1947 574 2171 629 minime

591 669 913 734 committat,
946 676 1002 724 et
1025 668 1116 737 qui
1143 667 1348 738 plangit
1372 668 1562 723 vilium
1592 678 1904 740 perpetrare
1936 669 2065 723 vitia
2109 670 2171 724 ti-

592 769 756 815 meat.
806 759 940 814 Nam
981 749 1325 830 cogitandum
1368 776 1710 831 summopere
1753 771 1856 828 est,
1893 771 1950 817 ut
1983 763 2074 833 qui
2111 777 2170 818 se

592 849 777 906 illicita
819 851 1064 906 meminit
1099 850 1462 916 commisisse,
1498 868 1530 906 a
1570 853 1889 922 quibusdam
1917 853 2080 909 etiam
2108 853 2172 908 li-

591 942 714 997 citis
738 942 952 997 studeat
980 942 1270 1007 abstinere,
1313 950 1578 1012 quatenus
1611 957 1710 1012 per
1747 943 1852 998 hoc
1895 941 2170 998 Conditori

591 1047 690 1087 suo
723 1031 1042 1097 satisfaciat,
1072 1041 1132 1087 ut
1164 1033 1255 1102 qui
1294 1033 1566 1088 commisit
1601 1033 1890 1103 prohibita,
1933 1033 2173 1088 sibimet-

591 1123 692 1194 ipsi
718 1124 1034 1180 abscindere
1056 1123 1250 1179 debeat
1273 1123 1435 1178 etiam
1480 1138 1753 1187 concessa,
1789 1132 1844 1178 et
1886 1139 1946 1179 se
1984 1139 2170 1194 repre-

593 1213 792 1268 hemlat
813 1215 865 1270 in
889 1214 1124 1270 minimis
1147 1214 1237 1283 qui
1261 1214 1504 1270 meminit
1523 1214 1576 1269 in
1601 1216 1848 1270 maximis
1861 1215 2168 1286 deliquisse.

595 1304 783 1375 Magna
817 1305 960 1360 enim
983 1305 1207 1375 justitize
1234 1319 1358 1374 pars
1394 1312 1478 1360 est
1516 1305 1751 1375 seipsum
1795 1321 1976 1371 nosse,
2025 1307 2172 1377 quod

593 1408 791 1464 parvus
810 1403 913 1460 est,
945 1403 1006 1449 ut
1032 1410 1098 1449 ex
1133 1409 1197 1449 eo
1228 1395 1419 1450 divinae
1451 1395 1635 1450 virtuti
1662 1395 1925 1450 subdatur
1955 1398 2171 1455 humilis

593 1470 792 1555 ex'quo
817 1501 967 1540 suam
1005 1484 1370 1540 infirmitatem
1399 1487 1658 1557 agnoscit.
1712 1486 1857 1544 Bene
1886 1504 1944 1544 se
1969 1489 2174 1560 judicat

594 1577 647 1630 in
677 1577 777 1632 hac
798 1576 906 1631 vita
927 1617 942 1642 ,
972 1592 1036 1631 ne
1053 1577 1324 1648 judicetur
1343 1594 1373 1632 a
1395 1580 1503 1633 Deo
1527 1580 1870 1637 damnatione
1891 1591 2168 1654 perpetua.

595 1666 745 1724 Tunc
793 1679 972 1725 autem
1019 1671 1280 1740 judicium
1330 1672 1396 1726 de
1433 1687 1491 1727 se
1529 1674 1755 1744 quisque
1799 1677 2000 1742 sumit,
2046 1693 2170 1733 cum

2273 487 2360 534 tur
2385 479 2569 543 Isaias,
2603 481 2690 534 ubi
2740 483 2805 536 de
2846 481 3043 551 populo
3081 480 3387 536 Judaeorum
3437 483 3572 537 talia
3637 484 3907 551 quaedam

2269 570 2401 624 dicit
2430 587 2442 622 :
2468 568 2697 640 Pr0pter
2741 583 3023 642 peccatum
3066 573 3274 628 modice
3301 573 3654 628 contristavi
3691 587 3837 627 eum
3862 589 3910 632 et

2269 661 2507 730 percussi
2541 677 2686 728 eum,
2718 672 2771 717 et
2802 663 2974 716 averti
3005 662 3196 717 faciem
3226 678 3403 718 meam
3440 666 3511 719 ab
3543 679 3660 729 eo,
3698 674 3766 717 et
3795 679 3890 720 can

2271 750 2516 804 tristatus
2540 761 2623 806 est
2652 763 2704 806 et
2731 752 3028 807 ambulavit
3072 753 3260 820 tristis,
3307 764 3362 810 et
3399 756 3611 810 sanavi
3671 771 3814 808 eum
3856 773 3897 811 et

2271 842 2577 897 consolatus
2600 859 2716 898 sum
2747 859 2891 898 eum.
2928 845 3242 901 Evidentius
3271 856 3452 902 autem
3483 849 3896 903 testimonium

2271 931 2420 986 dabit
2445 932 2607 987 etiam
2647 948 2743 988 rex
2778 934 2864 988 ille
2895 935 3112 1005 impius,
3149 937 3242 1007 qui
3278 939 3613 1007 cupiditatis
3674 941 3891 1008 quidem

2271 1035 2382 1076 suae
2405 1025 2638 1090 praedam
2672 1025 2856 1079 uxoris
2883 1026 3125 1096 nequitia
3151 1027 3417 1098 quaesivit,
3450 1030 3556 1084 sed
3591 1032 3894 1099 perturba-

2273 1119 2357 1164 tus
2388 1111 2555 1180 ipsius
2573 1113 2793 1169 sceleris
2815 1115 3150 1171 immanitate
3185 1118 3458 1187 paenituit,
3487 1128 3554 1173 et
3587 1121 3793 1174 cilicio
3814 1121 3885 1174 fa-

2271 1201 2424 1258 cinus
2445 1219 2598 1258 suum
2624 1203 2769 1259 flevit
2792 1215 2952 1275 atque
2974 1207 3047 1260 ita
3071 1222 3195 1278 erga
3227 1223 3285 1263 se
3312 1209 3404 1264 Dei
3431 1210 3886 1264 misericordiam

2271 1295 2599 1363 provocavit,
2653 1304 2712 1350 ut
2762 1297 2970 1352 cunctis
3017 1313 3139 1354 eum
3187 1299 3493 1355 absolveret
3549 1302 3752 1355 malis.
3802 1303 3878 1356 Sic

2271 1387 2415 1442 enim
2463 1389 2721 1458 scriptum
2767 1401 2850 1446 est
2880 1409 2896 1446 :
2923 1392 2989 1446 Et
3031 1394 3165 1449 dixit
3209 1396 3470 1451 Dominus
3520 1398 3602 1451 ad
3665 1398 3878 1452 Eliam:

2284 1475 2471 1532 Vidisti
2497 1481 2756 1550 quomodo
2785 1495 3127 1552 compunctus
3157 1496 3232 1539 est
3257 1487 3440 1540 Achab
3475 1505 3507 1540 a
3546 1489 3707 1557 [acie
3749 1506 3868 1552 mea,

2271 1577 2318 1622 et
2349 1569 2474 1636 quia
2523 1570 2661 1638 ﬂevit
2695 1571 2754 1624 in
2795 1585 3069 1643 conspectu
3119 1592 3252 1641 meo,
3287 1594 3388 1631 non
3429 1578 3709 1632 inducam
3744 1585 3868 1633 male

2273 1657 2327 1712 in
2353 1659 2536 1714 diebus
2575 1661 2688 1730 ejus
2719 1661 2840 1734 (Ill
2880 1662 3005 1734 Reg.
3046 1667 3182 1738 XXI).
3238 1667 3344 1722 Sed
3391 1682 3518 1738 post
3579 1671 3734 1726 hunc
3781 1673 3842 1727 ite

591 1774 690 1829 per
713 1760 928 1831 dignam
956 1761 1325 1830 paenitentiam
1355 1776 1450 1819 sua
1474 1740 1638 1835 prava
1669 1740 1808 1821 facta
1829 1740 2163 1824 condemnat.

2277 1766 2394 1805 rum
2420 1751 2711 1817 Manasses,
2740 1754 2832 1824 qui
2862 1769 3051 1811 omnes
3078 1766 3333 1827 tyrannos
3376 1759 3740 1816 immanitate
3763 1779 3859 1818 sce-

592 1849 909 1909 Antaritudo
959 1855 1288 1924 poenitentiae
1339 1854 1466 1911 facit
1503 1857 1744 1912 animum
1793 1866 1847 1912 et
1893 1875 1988 1914 sua
2032 1859 2171 1917 facta

593 1939 842 1998 subtilius
892 1943 1162 1999 discutere
1191 1985 1206 2010 ,
1251 1954 1308 2000 et
1353 1947 1491 2001 dona
1544 1947 1636 2002 Dei
1690 1964 1810 2018 quae
1851 1953 2173 2020 contempsit

592 2029 768 2088 flendo
802 2046 1245 2088 commemorare.
1302 2035 1445 2090 Nihil
1479 2045 1660 2091 autem
1687 2036 1837 2107 pejus
1863 2055 2024 2109 quam
2059 2039 2173 2094 cul—

589 2137 713 2193 pam
743 2139 1036 2194 agnoscere
1070 2141 1171 2181 nec
1201 2125 1415 2182 deflere.
1467 2129 1742 2198 Duplicem
1778 2131 1976 2186 habere
2014 2132 2172 2187 debet

591 2209 772 2267 fletum
804 2212 856 2266 in
885 2213 1198 2283 pmnitentia
1227 2215 1403 2270 omnis
1437 2225 1706 2286 peccator,
1753 2218 1868 2274 sive
1912 2221 2036 2290 quia
2074 2235 2172 2290 per

590 2304 968 2376 negligentiam
1009 2306 1208 2388 bonum
1244 2321 1350 2362 non
1387 2306 1547 2372 fecit,
1577 2323 1671 2363 seu
1697 2310 1822 2378 quia
1853 2311 2052 2366 malum
2075 2327 2171 2383 per

590 2396 866 2451 audaciam
908 2397 1257 2467 perpetravit.
1283 2397 1434 2465 Quod
1475 2401 1714 2468 oportuit
1758 2417 1864 2457 non
1899 2403 2089 2473 gessit,
2115 2413 2172 2460 et

589 2488 914 2557 gessitquod
939 2503 1098 2559 agere
1119 2505 1223 2543 non
1244 2489 1501 2558 oportuit.
1516 2491 1608 2547 llle
1627 2493 1995 2562 pmnitentiam
2015 2494 2171 2566 digne

588 2578 718 2647 agit,
749 2579 840 2649 qui
867 2587 1076 2634 reatum
1107 2595 1263 2635 suum
1285 2579 1656 2636 satisfactione
1679 2581 1913 2653 legitima
1944 2583 2168 2654 plangit,

587 2666 990 2722 condemnando
1016 2667 1220 2724 scilicet
1249 2684 1313 2724 ac
1338 2669 1580 2726 deflendo
1612 2669 1735 2740 quae
1759 2674 1941 2742 gessit.
1997 2673 2170 2730 Tanto

588 2757 642 2811 in
667 2757 992 2828 deplorando
1011 2758 1347 2828 profundius,
1362 2763 1574 2830 quando
1595 2762 1802 2817 exstitit
1824 2763 1874 2816 in
1898 2765 2170 2832 peccando

589 2846 898 2915 proclivior,
926 2849 1272 2916 quantumvis
1321 2850 1565 2920 quisquis
1593 2852 1663 2906 sit
1693 2861 1946 2921 peccator
1982 2863 2038 2909 et
2073 2855 2170 2910 itu-

588 2935 727 3002 pius,
754 2935 799 2988 si
825 2935 892 2988 ad
926 2937 1300 3005 paenitentiam
1325 2950 1700 3008 convertatur,
1731 2945 1984 3013 consequi
2014 2961 2169 3015 posse

588 3022 799 3076 veniam
829 3023 1084 3078 creditur.
1138 3024 1204 3080 Et
1245 3030 1587 3095 quantumvis
1632 3045 1729 3100 per
1772 3033 2164 3102 pmnitentiam,

587 3112 896 3182 propitiatio
941 3123 1287 3184 peccatorum
1330 3117 1421 3184 sit,
1473 3129 1650 3177 tamen
1683 3124 1799 3178 sine
1839 3135 1982 3180 metu
2009 3127 2167 3184 homo

586 3217 706 3258 esse
741 3220 852 3262 non
893 3206 1071 3272 debet,
1114 3209 1240 3277 quia
1283 3211 1611 3280 poenitentia:
1649 3214 1944 3272 satisfactio
1983 3218 2166 3274 divino

587 3301 794 3350 tantum
817 3305 1075 3366 pensatur
1093 3298 1315 3368 judicio,
1348 3317 1453 3357 non
1483 3303 1739 3360 humano.
1785 3305 2014 3363 Proinde
2039 3309 2165 3380 quia

585 3384 862 3440 miseratio
889 3386 985 3442 Dei
1018 3388 1226 3444 occulta
1267 3399 1371 3457 est,
1423 3392 1542 3447 sine
1591 3394 1990 3454 intermissione
2037 3399 2166 3456 flere

582 3490 809 3532 necesse
836 3487 937 3534 est.
987 3477 1169 3549 Neque
1208 3481 1351 3536 enim
1392 3499 1627 3553 unquam
1663 3496 1874 3555 oportet
1902 3490 2166 3558 paeniten-

584 3574 692 3622 tem
723 3567 923 3624 habere
947 3569 1013 3625 de
1039 3574 1272 3641 peccatis
1295 3575 1658 3631 securitatem.
1715 3580 1880 3649 Igitur
1906 3581 2162 3650 respicia-

583 3674 708 3715 mus
739 3661 978 3727 tandem,
1003 3670 1059 3717 et
1086 3663 1370 3720 Dominum
1397 3674 1638 3720 nostrum
1663 3666 1844 3724 Iesum
1865 3670 2161 3740 Christum,

583 3757 841 3822 tanquam
872 3752 996 3807 boui
1023 3753 1164 3808 servi
1188 3763 1244 3810 et
1267 3754 1423 3811 utiles
1456 3758 1823 3825 requiramus,
1851 3775 1950 3816 nec
1977 3763 2165 3832 despe-

582 3855 766 3896 remus
813 3844 938 3898 dum
982 3843 1034 3897 in
1076 3845 1177 3899 hac
1224 3845 1344 3902 luce
1387 3847 1638 3913 vivimus,
1673 3851 1884 3905 veniam
1913 3867 2012 3906 nos
2055 3869 2163 3908 non

584 3943 744 3999 posse
803 3946 899 4000 per
953 3933 1321 4000 paenitentiam
1380 3939 1697 4004 promereri.
1755 3940 1885 3996 Post
1934 3951 2163 3999 mortem

584 4017 731 4070 enim
775 4018 1101 4086 poenitentia:
1138 4021 1528 4078 medicamenta
1575 4042 1678 4081 non
1730 4030 2053 4098 proderunt,
2107 4034 2162 4089 in

585 4108 690 4163 hac
737 4123 866 4164 vero
922 4109 1043 4165 luce
1103 4111 1261 4181 positi
1334 4114 1545 4171 etiamsi
1596 4117 1650 4172 in
1715 4128 1955 4177 extrema
2006 4133 2163 4182 aetate

584 4199 840 4254 adhibeas
865 4201 1233 4271 paenitentiam
1262 4219 1465 4273 veram,
1501 4209 1631 4264 mihi
1660 4212 1836 4276 crede,
1862 4217 2157 4273 curaberis.

583 4291 706 4348 ideo
736 4293 979 4350 diabolus
1005 4297 1182 4350 omnia
1213 4307 1393 4354 movet
1413 4309 1468 4355 et
1497 4303 1626 4373 agit,
1660 4312 1719 4359 ut
1744 4307 1981 4363 animum
2008 4310 2160 4367 nobis

583 4383 975 4454 desperationis
1019 4387 1254 4444 inducat.
1314 4389 1428 4446 Scit
1479 4394 1623 4448 enim
1672 4395 1754 4450 vel
1801 4398 1844 4452 si
1893 4398 1946 4453 in
1992 4416 2158 4470 parvo

584 4487 824 4550 tempore
845 4480 967 4550 quis
994 4482 1378 4550 pmnitudinem
1409 4496 1575 4554 gerat,
1610 4489 1857 4558 quamvis
1881 4491 1951 4546 sit
1976 4490 2157 4550 brevis

582 4587 686 4626 non
714 4573 818 4627 erit
853 4581 1029 4628 tamen
1067 4573 1396 4632 infructuosa
1424 4579 1724 4634 conversio.
1763 4579 1892 4647 Sed,
1920 4583 2059 4638 sicut
2107 4585 2154 4641 is

579 4663 903 4733 quicalicem
927 4679 1079 4735 aqua:
1104 4665 1307 4736 frigidae
1333 4671 1655 4737 porrexerit,
1680 4687 2017 4744 nequaquam
2042 4675 2153 4731 fru-

579 4767 725 4810 ctum
771 4756 1035 4811 mercedis
1069 4757 1286 4822 amittit,
1328 4758 1400 4813 ita
1429 4768 1484 4813 et
1508 4761 1553 4815 is
1577 4761 1666 4831 qui
1696 4779 1794 4832 pro
1825 4765 1963 4820 male
1985 4768 2152 4837 gestis

582 4848 868 4915 praeteritis
917 4847 1298 4917 paenitudinem
1346 4850 1536 4919 egerit,
1587 4850 1712 4905 licet
1763 4853 1942 4910 minus
1991 4857 2148 4927 digna

583 4937 827 4990 videatur
871 4937 938 4990 ad
982 4948 1321 5007 peccatorum
1363 4940 1570 5010 pondus
1610 4942 1946 5010 paenitentia,
1974 4954 2151 5002 tamen

582 5026 1082 5098 quantuluscunque
1109 5029 1195 5084 ille
1225 5038 1386 5084 nutus
1413 5032 1705 5100 paenitendi
1730 5031 1890 5088 fuerit
1908 5034 1991 5090 vel
2020 5051 2152 5091 con-

582 5117 847 5172 versionis
879 5129 1202 5176 momentum
1221 5163 1236 5185 ,
1265 5137 1457 5191 expers
1485 5139 1590 5179 non
1622 5125 1725 5179 erit
1760 5129 2152 5184 remuneratio-

585 5206 670 5261 nis
715 5207 994 5261 honormn.
1058 5207 1198 5262 Nihil
1239 5211 1380 5266 enim
1422 5212 1546 5267 boni
1573 5215 1772 5282 operis,
1802 5218 2047 5285 quamvis
2080 5219 2152 5274 sit

584 5298 855 5368 exiguum,
883 5296 1208 5366 deSpicietur
1232 5301 1369 5368 apud
1388 5300 1592 5368 justum
1623 5303 1859 5373 judicem
1883 5307 2068 5373 Deum,
2097 5317 2152 5364 et

582 5389 688 5460 jam
721 5390 764 5444 si
793 5405 896 5445 non
926 5388 1150 5460 potuerit
1179 5389 1392 5459 explere
1419 5407 1632 5447 omnem
1663 5393 2023 5451 satisfaciendi
2060 5412 2151 5452 or-

583 5481 779 5542 dinem,
822 5478 1348 5549 quantulumcunque
1395 5489 1571 5536 tamen
1627 5493 1682 5536 et
1725 5485 1962 5553 quolibet
2003 5487 2148 5540 brevi

584 5580 820 5641 tempore
844 5581 1068 5642 gestam,
1101 5586 1204 5624 non
1241 5582 1454 5638 respuet
1482 5575 1872 5643 pmnitentiam,
1897 5577 2153 5645 suscipiet

582 5669 638 5715 et
667 5659 776 5730 jam
807 5663 996 5732 ipsam,
1030 5678 1129 5721 nec
1156 5663 1356 5735 patitur
1393 5665 1734 5736 quantumvis
1773 5667 1977 5737 exigua
2014 5681 2148 5722 con-

2274 1841 2444 1897 lerum
2468 1844 2774 1912 superavit,
2800 1845 2892 1914 qui
2919 1845 3120 1901 cultum
3145 1848 3340 1904 divina:
3370 1851 3671 1922 religionis
3698 1863 3749 1907 et
3773 1854 3853 1908 ob-

2274 1934 2601 1988 servantiam
2626 1933 2758 2004 legis
2783 1945 3054 1992 everterat
3093 1938 3299 1994 ccclesti
3349 1941 3501 1996 cultu
3555 1953 3849 1998 vacuatam.

2275 2021 2374 2077 Hic
2416 2039 2546 2095 ergo
2591 2025 2866 2097 impietate
2905 2029 3164 2086 scelerum
3193 2035 3626 2103 supergrediens
3661 2050 3848 2089 onmem

2273 2116 2608 2183 memoriam,
2645 2118 2768 2186 quia
2799 2127 2974 2175 tamen
3005 2122 3285 2192 paenituit,
3332 2124 3479 2179 inter
3521 2128 3735 2181 amicos
3769 2127 3842 2181 Dei

2271 2207 2612 2276 postmodum
2645 2220 2956 2266 numeratus
2989 2220 3094 2268 est.
3122 2211 3257 2268 Nam
3295 2223 3352 2270 et
3391 2213 3547 2270 filius
3591 2217 3841 2286 prodigus.

2271 2299 2364 2369 qui
2392 2299 2746 2356 substantiam
2771 2317 2922 2357 suam
2947 2319 3069 2358 cum
3095 2305 3478 2362 meretricibus
3503 2309 3836 2376 consumpsit,

2271 2402 2370 2455 per
2396 2390 2765 2458 paenitentiam
2804 2393 3006 2464 recepit
3036 2395 3231 2465 prioris
3274 2395 3461 2468 gloriae
3505 2407 3728 2453 statum.
3770 2397 3828 2451 V'i

2271 2479 2366 2534 des
2391 2495 2518 2552 ergo
2545 2491 2741 2551 quanta
2766 2483 2838 2538 sit
2864 2485 3068 2540 utilitas
3088 2488 3419 2557 poenitentiae
3438 2489 3465 2542 ?
3495 2499 3702 2559 quanta
3727 2504 3830 2543 ωηο

2271 2571 2535 2628 versionis
2573 2574 2733 2643 spes?
2772 2573 2986 2630 Nullum
3037 2586 3121 2632 est
3167 2579 3310 2632 enim
3357 2589 3672 2649 peccatum,
3719 2580 3830 2633 nulla

2271 2663 2547 2735 iniquitas,
2573 2681 2692 2736 quae
2715 2683 2822 2723 non
2846 2669 3236 2725 medicamento
3259 2672 3595 2740 pcenitentiaz
3617 2683 3827 2736 sanetur,

2271 2755 2314 2810 si
2354 2759 2635 2813 conversio
2669 2775 2802 2830 pura
2843 2768 2898 2814 et
2948 2761 3160 2816 sincera
3203 2753 3386 2816 fuerit.
3445 2764 3630 2818 Donec
3671 2778 3827 2818 sumus

2271 2845 2324 2900 in
2355 2847 2456 2902 hac
2485 2849 2611 2914 vita,
2637 2860 3050 2921 quantacunque
3097 2854 3250 2908 nobis
3283 2855 3579 2909 acciderint
3599 2865 3826 2924 peccata,

2269 2939 2524 3009 possibile
2579 2951 2663 2997 est
2707 2945 2886 2998 omnia
2930 2945 3071 3000 ablui
3129 2962 3227 3016 per
3278 2949 3661 3018 paenitentiam,
3713 2957 3826 3018 post

2271 3040 2501 3087 mortem
2527 3041 2704 3089 autem
2735 3035 2879 3090 nulla
2901 3037 3006 3090 erit
3035 3037 3236 3092 utilitas
3263 3039 3591 3109 poenitentiae.
3637 3037 3819 3091 Nullus

2194 3099 2240 3161 (ἶ
2271 3131 2522 3191 peccator
2545 3123 2794 3193 desperet
2827 3125 2893 3180 de
2935 3099 3303 3181 misericordia
3331 3128 3440 3189 Dei,
3466 3128 3558 3182 sed
3589 3127 3710 3181 dum
3736 3129 3817 3179 δά.

2182 4450 2236 4511 D

2267 3211 2376 3268 huc
2403 3214 2696 3286 vivit,agat
2725 3216 3095 3285 paenitentiam
3118 3233 3216 3288 pro
3243 3220 3480 3288 peccatis
3507 3219 3638 3281 suis,
3657 3227 3709 3271 et
3731 3216 3819 3270 erit

2268 3303 2573 3360 misericors
2599 3305 2857 3362 Dominus
2885 3291 3096 3362 delictis
3120 3317 3174 3362 et
3204 3308 3540 3363 facinoribus
3565 3307 3693 3362 suis.

2818 3437 3044 3496 CAPUT
3101 3439 3281 3496 LXIV.

2567 3547 2644 3602 De
2679 3548 2835 3603 laude
2865 3559 2915 3604 ct
2946 3550 3168 3605 utilitate
3203 3552 3544 3622 paenitentia.

2335 3660 2563 3717 Provida
2610 3670 2788 3717 mente
2817 3675 2870 3717 et
2900 3661 3163 3733 profundo
3190 3664 3427 3735 cogitatu
3459 3664 3705 3736 cognosci
3727 3663 3802 3718 de-

2264 3754 2390 3809 bent
2415 3755 2523 3810 duo
2556 3769 2740 3810 rerum
2776 3739 3027 3810 distincta
3077 3757 3309 3826 negotia,
3354 3756 3410 3811 id
3454 3767 3544 3812 est
3589 3766 3807 3828 quantum

2263 3845 2423 3901 distet
2452 3847 2592 3901 inter
2619 3847 2816 3902 bonum
2843 3855 2898 3900 et
2923 3847 3143 3902 malum.
3205 3845 3314 3902 Nec
3349 3847 3575 3903 aliunde
3605 3851 3704 3902 haec
3732 3861 3805 3901 co—

2263 3938 2431 4005 gnitio
2456 3952 2577 4006 quae
2630 3952 2660 3990 a
2700 3937 2994 4006 primordio
3041 3937 3328 4006 repetenda
3367 3947 3469 4002 est,
3523 3940 3667 4009 quod
3694 3935 3805 3990 aliud

2262 4029 2333 4084 sit
2369 4027 2586 4092 malum,
2618 4029 2830 4097 quando
2856 4037 3135 4099 peccatum
3160 4028 3541 4094 committitur,
3579 4029 3709 4084 aliud
3729 4043 3803 4079 au-

2264 4128 2370 4175 tem
2401 4121 2470 4174 sit
2496 4121 2696 4174 bonum
2733 4135 2840 4189 quo
2884 4121 3256 4189 paenitentiam
3303 4120 3515 4190 agimus
3561 4137 3660 4192 pro
3693 4135 3808 4174 cotu-

2262 4210 2446 4265 misso.
2499 4209 2624 4265 Haec
2651 4219 2734 4266 est
2758 4211 3008 4266 discretio
3031 4211 3311 4282 utriusque
3352 4214 3586 4283 negotii,
3627 4226 3807 4281 serpens

2261 4299 2314 4354 in
2357 4299 2606 4369 paradiso
2648 4309 2929 4370 peccatum
2969 4301 3136 4356 suasit
3174 4301 3318 4366 Eva,
3349 4303 3720 4371 paenitentiam
3743 4313 3808 4353 re-

2261 4391 2437 4458 clusit,
2468 4402 2522 4447 et
2554 4393 2675 4447 inde
2698 4401 2774 4448 est
2807 4394 2932 4448 boni
2962 4402 3016 4449 et
3041 4392 3166 4448 mali
3194 4394 3362 4464 origo.
3414 4394 3554 4460 Quis
3607 4395 3703 4448 Deo
3742 4392 3806 4446 di-

2261 4484 2418 4554 gnior
2445 4499 2604 4554 quam
2631 4482 2797 4538 David
2822 4484 2845 4538 τ
2873 4493 2929 4539 et
2954 4493 3130 4539 tamen
3159 4483 3401 4554 deliquit,
3431 4484 3528 4554 qui
3559 4483 3808 4540 cecidisset

2261 4577 2328 4631 de
2370 4575 2601 4631 culmine
2653 4577 2754 4631 nisi
2806 4575 2994 4632 fuisset
3044 4583 3415 4645 compunctus.
3491 4575 3634 4642 Quis
3674 4571 3807 4629 scele-

2207 4678 2218 4688 ·
2261 4663 2429 4718 ratior
2478 4663 2766 4719 Manasse?
2818 4673 2873 4718 et
2926 4665 3067 4718 hunc
3113 4663 3486 4734 ptenitentiam
3540 4662 3805 4718 revocavit.

2256 4751 2512 4808 Poenituit
2541 4753 2709 4807 Deum
2737 4754 2880 4824 quod
2921 4751 3136 4807 Saulem
3175 4751 3396 4824 elegerit
3447 4767 3660 4823 regem,
3702 4766 3809 4821 qua-

2255 4841 2520 4911 propter?
2579 4840 2690 4897 Nisi
2748 4842 2870 4910 quia
2908 4842 3048 4896 idem
3113 4841 3484 4912 paenitentiam
3544 4842 3803 4914 ignoravit.

2261 4932 2394 4998 Quis
2433 4933 2724 5002 sapientior
2773 4930 3100 4987 Salomone?
3145 4933 3240 4988 sed
3283 4933 3528 4987 nesciens
3573 4933 3808 5004 pteniten.

2261 5021 2412 5088 tiam,
2441 5021 2670 5092 perdidit
2710 5023 2957 5094 gratiam.
2989 5022 3034 5078 Ο
3060 5023 3394 5093 paenitentia,
3429 5038 3554 5092 quae
3596 5031 3805 5093 peccata.

2258 5111 2550 5167 miserante
2580 5112 2710 5178 Deo,
2745 5113 2994 5178 remittis,
3029 5121 3084 5169 et
3113 5113 3424 5183 paradisum
3455 5128 3690 5177 reseras,
3710 5123 3807 5180 qua:

2259 5204 2547 5258 contritum
2574 5219 2756 5270 sanas,
2780 5219 2995 5259 omnem
3022 5205 3231 5260 tristem
3254 5204 3548 5270 exhilaras,
3579 5206 3734 5258 vitam
3754 5201 3804 5255 ὼ

2258 5294 2476 5350 interitu
2499 5310 2738 5361 revocas,
2762 5306 2959 5351 statum
2979 5306 3274 5359 restauras,
3299 5297 3560 5351 honorem
3581 5308 3800 5354 renovas,

2257 5386 2506 5441 fiduciam
2552 5387 2834 5453 reformas,
2879 5390 3212 5458 gratiamque
3250 5387 3696 5442 abundantiorem
3737 5398 3801 5437 re-

2253 5477 2452 5534 fundis.
2488 5478 2532 5536 Ο
2559 5481 2890 5549 ptBnitentia,
2923 5482 3050 5550 quid
3083 5483 3150 5538 de
3184 5493 3236 5537 te
3261 5482 3383 5536 novi
3410 5481 3677 5537 referam?
3699 5476 3803 5534 0m-

2256 5574 2344 5628 nia
2372 5573 2532 5642 ligata
2566 5584 2620 5628 tu
2646 5574 2808 5628 solvis
2828 5614 2841 5639 ,
2872 5575 3050 5628 omnia
3089 5574 3261 5629 soluta
3305 5581 3358 5628 tu
3389 5587 3624 5638 reseras,
3644 5569 3798 5626 omnia

2257 5667 2479 5722 adversa
2503 5676 2558 5722 tu
2590 5666 2823 5739 mitigas,
2851 5666 3029 5722 omnia
3057 5666 3286 5723 contrita
3322 5675 3378 5721 tu
3419 5680 3600 5730 sanas,
3644 5662 3801 5720 omnia
