4020 6338
161 337 274 396 .929

1131 334 1219 392 DE
1254 332 1652 392 VARIETATE
1686 329 2065 388 LlBBORUM.
2109 359 2182 373 —
2219 331 2346 388 LIB.
2384 333 2450 390 ll.

3324 342 3432 402 930

168 448 392 507 confusa
447 456 504 504 tu
555 447 793 514 lucidas,
819 446 1025 502 ‘omnia
1075 446 1356 516 desperata
1401 454 1458 500 tu
1513 445 1742 500 animas.
1770 445 1822 507 Α
1849 459 2026 496 coram
2056 441 2281 497 Domino
2301 446 2392 516 qui
2412 447 2532 514 fecit
2563 463 2657 503 nos
2684 445 2857 521 (Psal.
2881 450 3048 521 xciv).
3092 453 3158 510 Et
3189 455 3426 513 iterum:

167 541 214 598 0
258 539 600 613 paenitentia,
648 537 954 594 rutilantior
1008 552 1167 602 auro,
1215 536 1543 607 splendidior
1593 535 1742 601 sole,

165 651 328 708 quam
369 648 476 688 non
526 632 694 686 vincit
729 640 1043 702 peccatum,
1093 646 1194 686 nec
1229 629 1462 685 deﬂictio
1502 633 1744 698 superat,

163 741 268 783 nec
321 723 624 795 desperatio
683 722 842 778 delet.
907 717 1231 777 Pmnitentia
1302 718 1508 789 respuit
1569 717 1746 772 avari-

163 818 300 873 tiam
333 856 350 881 ,
412 815 600 870 horret
648 813 961 879 luxuriam,
1021 812 1156 883 fugit
1222 811 1459 866 furorem
1491 850 1507 876 ,
1567 809 1746 863 ﬁrmat

159 923 426 974 amorem,
465 907 638 964 calcat
675 907 1006 978 superbiam,
1046 904 1283 976 linguam
1313 903 1574 968 continet,
1601 917 1748 957 com-

157 1001 312 1072 ponit
343 1015 544 1066 mores,
587 999 703 1054 odit
732 997 1017 1063 malitiam,
1039 996 1272 1052 excludit
1300 995 1575 1050 invidiam.
1610 991 1742 1048 Per-

158 1091 304 1146 fecta
356 1089 670 1160 paenitentia
712 1087 854 1156 cogit
899 1095 1236 1156 peccatorem
1283 1084 1466 1140 omnia
1513 1083 1745 1138 libenter

155 1180 418 1246 sufferre;
450 1179 494 1235 si
513 1178 778 1234 violentus
799 1187 1006 1249 quterat
1026 1193 1147 1249 quae
1164 1176 1347 1241 habet,
1368 1192 1473 1230 non
1494 1183 1668 1240 vetat;
1697 1173 1743 1230 si

153 1279 364 1326 vestem
396 1269 598 1334 demat,
622 1283 728 1324 non
752 1268 1073 1339 refragatur.
1114 1265 1440 1322 Percutienti
1469 1263 1742 1319 maxillam

152 1366 364 1436 prmbet
410 1371 466 1418 et
498 1361 744 1427 alteram,
794 1361 1103 1433 angariatus
1130 1359 1270 1414 ultro
1297 1358 1533 1430 adjiciet,
1581 1357 1744 1413 casti-

151 1463 316 1526 gatus
365 1453 568 1525 gratias
621 1453 752 1522 agit,
801 1459 1127 1522 provocatus
1182 1459 1342 1524 tacet,
1391 1456 1743 1520 exasperatus

152 1545 454 1602 blanditur.
500 1544 780 1615 Superiori
812 1544 1037 1615 supplex
1065 1551 1168 1606 est,
1200 1541 1442 1597 inferiori
1477 1540 1738 1610 subiacet.

148 1637 210 1692 In
265 1636 430 1693 corde
471 1635 588 1705 ejus
641 1636 893 1691 contritio
935 1643 1040 1698 est,
1095 1634 1148 1688 in
1199 1648 1296 1688 ore
1343 1631 1633 1696 confessio,
1687 1631 1741 1687 in

1849 529 2089 585 Fuerunt
2118 533 2244 586 mihi
2278 533 2526 605 lacryma:
2575 555 2704 592 mea:
2737 556 2896 608 panes
2950 542 3034 595 die
3083 558 3146 596 ac
3177 555 3342 612 nocte,
3378 557 3426 601 et

1847 631 2025 692 potum
2062 640 2232 678 meum
2263 640 2380 678 cum
2408 628 2533 696 ﬂetu
2559 629 2859 704 miscebant,
2896 641 3218 704 stratumque
3254 652 3425 692 meum

1846 731 1940 784 per
1978 715 2212 786 singulas
2269 726 2442 773 noctes
2495 699 2740 791 lacrymis
2797 724 2976 793 rigabo
3008 699 3181 795 (Psal.
3209 727 3305 799 Cl).
3363 729 3431 784 Et

1847 806 2080 862 iterum:
2132 807 2294 874 Deus,
2331 810 2488 866 vitam
2536 827 2706 866 meam
2750 815 2984 870 nuntiavi
3033 817 3167 883 tibi;
3207 821 3430 888 posuisti

1845 896 2104 968 lacrymas
2152 915 2296 954 meas
2333 901 2389 954 in
2436 911 2709 971 conspectu
2733 913 2822 958 tuo
2857 904 3029 974 (Psal.
3063 907 3171 976 ιν).
3203 907 3430 977 Oportet

1846 987 2010 1059 igitur
2061 1004 2162 1045 nos
2211 990 2440 1046 salutem
2492 1001 2736 1047 nostram
2791 994 2973 1064 lugere
3021 997 3308 1066 perditam,
3341 1008 3426 1054 at-

1845 1095 1951 1149 que
1978 1081 2220 1136 animam
2270 1091 2510 1138 nostram
2547 1095 2815 1140 mortuam
2845 1087 3153 1156 lamentari,
3200 1099 3260 1144 ut
3303 1106 3426 1148 cum

1845 1168 1913 1224 de
1934 1171 2038 1226 hoc
2060 1172 2258 1228 saeculo
2287 1175 2545 1232 abstracti
2600 1175 2882 1246 fuerimus,
2915 1182 2984 1236 ad
3025 1180 3189 1237 vitam
3217 1198 3426 1241 merea-

1845 1275 1966 1315 mur
1990 1263 2275 1331 pervenire
2293 1272 2630 1336 perpetuam.

2409 1356 2640 1416 CAPUT
2682 1357 2864 1418 LXVI.

1845 1463 1950 1532 Qui
1975 1466 2079 1521 sint
2106 1467 2312 1551 fructus
2350 1469 2496 1540 digni
2540 1473 2874 1551 poenitentiae,
2916 1473 2994 1530 vel
3040 1478 3268 1548 qualiter
3309 1482 3422 1551 pati

2229 1539 2330 1594 vim
2359 1539 2575 1610 regnans
2603 1539 3061 1616 caelorumpotest;

1916 1621 2116 1696 (Greg.)
2147 1625 2342 1683 Beatus
2374 1627 2610 1686 Joannes
2633 1631 2875 1702 Baptista
2915 1644 2970 1690 et
2998 1637 3211 1693 Domini
3250 1641 3422 1696 nostri

149 1743 316 1798 opere
342 1735 454 1782 tota
496 1725 788 1782 humilitas.
837 1725 963 1781 Haec
986 1733 1068 1780 est
1095 1723 1331 1796 perfecta
1385 1733 1441 1779 et
1467 1722 1769 1798 fructifera,
1841 1713 1968 1770 Iesu
2000 1731 2302 1786 praecursor
2335 1721 2402 1776 ad
2442 1723 2627 1778 turbas
2676 1723 2914 1794 loquitur
2960 1726 3182 1784 dicens:
3238 1727 3422 1786 Facite

145 1817 450 1889 pmnitudo.
491 1816 583 1873 Sic
603 1817 933 1890 paenitentia:
961 1817 1262 1888 praastitum
1286 1826 1390 1881 est,
1435 1815 1579 1872 Deus
1601 1831 1730 1872 esu-
1758 1797 1808 1860 B
1833 1819 1955 1874 ergo
1988 1805 2189 1874 fructus
2215 1808 2401 1879 dignos
2418 1812 2735 1879 ptenitentice
2765 1813 2978 1884 (Matth.
3003 1818 3108 1888 Ill).
3137 1817 3195 1872 ln
3226 1819 3421 1888 quibus

150 1910 317 1966 rienti
347 1909 582 1966 nutritor
630 1916 735 1974 est,
790 1909 992 1965 sitienti
1023 1917 1258 1980 potator.
1311 1906 1557 1978 Sapienti
1585 1907 1730 1978 quod
1837 1895 2015 1950 verbis
2044 1905 2230 1952 ηοῑυω
2261 1907 2364 1965 θεῖν
2412 1902 2555 1969 quo“
2606 1903 2813 1960 amicus
2859 1907 3041 1975 εβοηδί
3087 1924 3194 1964 non
3245 1910 3419 1967 SOlum

145 1999 371 2054 ειυιωιη
397 2006 618 2070 puum,
642 1998 801 2070 sap“,
858 1998 1000 2066 quod
1035 1997 1189 2053 ιι-ίειε
1233 2006 1318 2052 εει
1356 1996 1554 2067 placet,
1586 1999 1731 2067 quod
1834 1983 2042 2040 fructus
2071 1987 2424 2056 poenitentiae,
2456 1990 2550 2045 sed
2592 1991 2781 2062 dignos
2809 1996 3142 2063 paenitentia:
3167 1999 3422 2054 admonet

145 2090 311 2146 molle
336 2098 420 2144 est
447 2089 714 2160 displicet,
741 2088 885 2157 quod
914 2087 1116 2141 ﬂuxum
1145 2094 1229 2142 est
1246 2087 1453 2141 horret.
1476 2084 1521 2140 Ο
1551 2086 1729 2156 νωιιί-

147 2180 337 2244 tentia,
379 2177 765 2233 misericordia:
814 2184 1007 2239 mater,
1040 2183 1095 2229 et
1145 2175 1400 2244 magistra
1446 2174 1726 2242 virtutum,

144 2284 342 2341 magna
385 2270 553 2324 ubera
606 2277 694 2323 tua
746 2267 942 2338 quibus
986 2281 1108 2322 reos
1158 2266 1400 2330 resolvis,
1446 2281 1511 2322 ac
1551 2265 1730 2321 reficis

145 2359 544 2428 delinquentes,
602 2356 780 2427 lapsos
829 2356 1039 2412 relevas
1062 2396 1077 2421 ,
1135 2371 1348 2412 recreas
1391 2356 1724 2427 desperatos.

142 2444 254 2502 Per
299 2456 351 2501 te
393 2445 582 2512 David,
612 2453 735 2516 post
770 2444 1029 2516 flagitium
1075 2443 1225 2510 felix,
1273 2446 1469 2500 iterum
1521 2444 1729 2514 recepit

142 2535 409 2607 Spiritum
445 2545 712 2592 sanctum.
769 2535 875 2590 Per
919 2544 972 2590 te
1017 2534 1314 2600 Manasses,
1346 2541 1468 2604 post
1500 2541 1726 2590 cruenta

140 2624 407 2691 facinora,
433 2639 560 2681 ecce
589 2625 788 2682 meruit
805 2639 926 2681 esse
944 2625 1286 2696 receptibilis.
1317 2624 1424 2681 Per
1449 2634 1502 2680 te
1534 2624 1726 2681 Petrus

143 2713 447 2784 apostolus,
475 2722 762 2785 postquam
799 2724 883 2770 ter
920 2716 1154 2786 negavit,
1187 2715 1311 2770 data
1339 2724 1423 2771 est
1470 2716 1518 2770 ei
1547 2715 1725 2770 indul-

139 2805 338 2877 gentia:
360 2807 602 2860 dextera.
632 2806 735 2860 Per
773 2814 827 2860 te
879 2805 1021 2862 ﬁlius
1046 2807 1302 2877 prodigus
1345 2822 1621 2879 regressus
1653 2807 1722 2866 ad

136 2903 374 2966 patrem,
429 2911 537 2951 non
573 2893 744 2950 solum
800 2893 1103 2964 amplexum
1147 2894 1498 2965 osculumque
1542 2903 1698 2965 pater

132 3002 290 3052 num,
320 2986 416 3043 sed
469 2987 634 3041 etiam
657 2984 873 3057 epulum
910 2985 1064 3040 vituli
1093 2985 1320 3056 saginati
1359 2985 1570 3057 insigne
1593 3000 1720 3056 pro-

1833 2089 1953 2132 esse
1978 2076 2274 2134 faciendos.
2324 2078 2484 2136 Aliud
2535 2097 2770 2154 namque
2810 2093 2893 2141 est
2934 2086 3169 2143 fructum
3213 2087 3416 2156 facere,

1831 2166 1977 2222 aliud
1998 2167 2218 2239 dignum
2247 2171 2581 2240 poenitentiae
2618 2172 2820 2231 facere.
2856 2175 2928 2232 Ut
2947 2178 3093 2232 enim
3120 2181 3418 2236 secundum

1830 2258 2023 2330 dignos
2042 2261 2374 2330 paenitentiae
2393 2261 2601 2320 fructus
2647 2266 2956 2338 loquamur,
2983 2270 3260 2327 sciendum
3290 2274 3416 2344 quia

1829 2352 2074 2422 quisquis
2104 2355 2290 2410 illicita
2313 2357 2458 2412 nulla
2481 2361 2776 2429 commisit,
2806 2363 2933 2446 buic
2958 2364 3082 2435 jure
3101 2367 3419 2423 conceditur

1828 2448 1890 2495 ut
1940 2441 2104 2498 licitis
2143 2453 2347 2500 utatur.
2399 2446 2596 2518 Sicque
2641 2441 2858 2521 pietatis
2910 2468 3072 2524 opera
3125 2455 3310 2522 faciat,
3357 2465 3417 2512 ut

1827 2543 2008 2592 tamen
2046 2537 2090 2593 si
2119 2553 2225 2594 non
2256 2539 2508 2609 voluerit,
2540 2557 2605 2598 ea
2643 2559 2761 2614 qua:
2791 2548 2977 2602 mundi
3021 2557 3146 2604 sunt
3193 2566 3300 2606 non
3331 2566 3418 2606 re-

1825 2626 2066 2697 linquat;
2095 2641 2152 2684 at
2181 2630 2227 2685 si
2273 2631 2396 2702 quis
2444 2633 2496 2688 in
2550 2633 2924 2692 fornicationis
2967 2639 3145 2710 culpa,
3179 2641 3260 2697 vel
3299 2640 3414 2698 for-

1826 2722 1971 2771 tasse
2015 2716 2182 2787 (quod
2207 2729 2292 2775 est
2339 2723 2576 2795 gravius)
2625 2723 2678 2779 in
2728 2727 3050 2784 adulterium
3097 2730 3280 2801 lapsus
3303 2743 3410 2800 est,

1825 2814 1974 2861 tanto
2007 2822 2038 2860 a
2063 2822 2122 2863 se
2149 2809 2294 2864 licita
2324 2811 2487 2867 debet
2525 2815 2860 2882 abscindere,
2901 2830 3107 2890 quanto
3137 2837 3194 2877 se
3215 2825 3408 2880 memi-

1823 2895 1904 2950 nit
1925 2904 1980 2950 et
2026 2897 2212 2952 illicita
2239 2910 2599 2970 perpetrasse.
2636 2904 2820 2976 Neque
2865 2910 3010 2964 enim
3053 2927 3151 2982 par
3201 2912 3410 2970 fructus

1821 2984 1946 3040 boni
1969 2987 2149 3057 operis
2185 3003 2306 3046 esse
2345 2990 2507 3048 debet
2545 2993 2662 3064 ejus
2703 2998 2794 3066 qui
2845 2999 3048 3068 minus,
3088 3011 3144 3058 et
3172 3003 3288 3072 ejus
3317 3007 3409 3076 qui

131 3078 339 3133 meruit
385 3076 634 3147 adipisci.
685 3076 788 3132 Per
838 3083 891 3131 te
935 3076 1132 3132 mulier
1179 3075 1472 3132 fornicaria
1521 3076 1719 3132 uberes
1747 3145 1790 3167 η
1825 3076 2054 3147 amplius
2083 3078 2328 3149 deliquit,
2369 3091 2463 3138 aut
2503 3085 2624 3155 ejus
2654 3089 2747 3158 qui
2774 3090 2955 3158 nullis,
2990 3102 3045 3148 et
3073 3093 3190 3164 ejus
3233 3075 3408 3167 quiin

129 3169 364 3226 stillavit
408 3145 696 3242 lacrymas,
732 3169 1045 3240 fontemque
1081 3169 1162 3225 sui
1203 3169 1544 3260 baptismatis
1588 3185 1717 3260 pro-
1745 3145 1792 3209 ο
1821 3145 2140 3260 quibusdam
2183 3145 2761 3256 facinoribus'cecidit.
2811 3145 3051 3241 Peri
3079 3145 3218 3258 ergo

129 3261 289 3316 tinus
340 3259 472 3315 lavit
527 3261 692 3332 pedes
725 3258 946 3322 Christi,
996 3259 1239 3314 crinibus
1282 3258 1498 3328 quidem
1543 3258 1716 3314 tersit.

124 3350 244 3407 Per
299 3360 352 3406 te
402 3348 592 3404 Ninive
639 3347 830 3404 civitas
883 3363 1076 3419 magna
1126 3347 1458 3418 populusque
1513 3347 1720 3418 integer

123 3440 492 3497 barbarorum
521 3440 699 3497 subito
737 3441 902 3496 Deum
931 3439 1130 3511 sapuit,
1179 3439 1542 3508 virtutemque
1569 3446 1718 3494 tuam

123 3530 330 3597 sensit,
351 3532 576 3586 odorem
602 3540 752 3586 tuum
780 3530 1010 3601 accepit,
1033 3544 1280 3600 saporem
1306 3538 1451 3585 tuum
1476 3531 1715 3597 strinxit,

125 3621 475 3678 dulcedinem
506 3631 653 3676 tuam
676 3621 932 3691 gustavit,
959 3620 1195 3676 cilicium
1224 3627 1374 3675 tuum
1421 3621 1712 3685 contraxit,

121 3715 402 3787 lacrymas
440 3722 559 3769 tuas
591 3711 847 3785 profudit,
898 3713 1154 3783 gemitum
1204 3719 1351 3766 tuum
1398 3711 1717 3781 suspirium-

121 3821 240 3878 que
263 3805 553 3876 persensit,
602 3803 811 3859 fructus
838 3803 1103 3858 ubertatis
1129 3811 1234 3858 tua:
1258 3803 1596 3858 abundanter
1617 3817 1714 3858 ex-

121 3898 334 3962 hibuit,
363 3905 418 3952 et
447 3896 528 3950 sic
559 3910 723 3964 opera
771 3903 861 3949 tua
891 3909 996 3949 non
1025 3894 1196 3949 solum
1248 3894 1478 3949 decreta:
1524 3893 1715 3950 mortis

120 3990 426 4045 discrimen
453 3987 646 4053 evasit,
672 3985 767 4041 sed
809 3985 973 4041 etiam
1001 3985 1125 4041 vita:
1153 3985 1435 4056 incognita:
1457 3999 1711 4040 coronam

120 4080 359 4151 accepit.
382 4078 523 4134 Dum
545 4078 708 4150 igitur
729 4077 783 4132 in
805 4078 909 4133 hac
931 4078 1041 4131 vita
1064 4092 1273 4143 sumus,
1296 4091 1518 4148 agamus
1543 4076 1714 4146 poeni-

123 4172 357 4229 tentiam
378 4184 502 4226 cum
538 4169 794 4241 lacrymis
818 4177 874 4224 et
909 4169 1265 4233 orationibus,
1287 4165 1529 4237 jejuniis,
1571 4166 1712 4224 elee-

117 4262 394 4335 mosynis,
419 4262 736 4332 exterisque
757 4261 913 4317 bonis
956 4261 1214 4330 operibus
1261 4275 1360 4329 pro
1391 4260 1630 4330 peccatis
1654 4267 1712 4314 et

121 4352 429 4410 sceleribus
459 4352 680 4418 nostris,
704 4365 773 4406 ne
817 4351 933 4406 sine
967 4350 1074 4404 line
1103 4350 1158 4404 in
1204 4350 1478 4418 perpetuis
1503 4350 1708 4405 crucie-

122 4457 257 4499 mur
283 4441 484 4513 puanis,
512 4443 602 4497 ubi
640 4457 746 4496 non
773 4450 856 4496 est
881 4439 1218 4512 ptenitentia,
1253 4454 1355 4495 nec
1395 4439 1505 4494 ulla
1531 4439 1708 4496 indul-

121 4533 338 4607 gentia,
368 4533 465 4588 sed
503 4533 583 4588 ira
612 4541 668 4588 et
694 4532 812 4588 sine
843 4532 1148 4588 cessatione
1184 4539 1469 4586 tormenta.

695 4661 921 4719 CAPUT
969 4661 1133 4717 LXV.

273 4777 352 4833 De
375 4776 530 4832 laude
558 4784 606 4830 et
637 4774 861 4829 utilitate
887 4775 1237 4847 lacrymarum
1262 4777 1595 4848 paenitentia.

199 4888 554 4959 Omnipotens
581 4888 726 4943 enim
752 4887 893 4941 Deus
936 4888 1313 4944 contritiouem
1361 4892 1578 4960 quaerit,
1609 4891 1706 4950 ne.

121 4981 277 5038 tibus
317 4980 572 5043 ﬂectitur,
598 4979 846 5048 lugentes
873 4978 1130 5043 lzetilicat,
1161 4981 1547 5048 paenitentibus
1570 5000 1706 5056 prte-

120 5082 210 5128 sto
240 5079 346 5137 est,
380 5084 608 5142 magnus
629 5067 902 5140 profectus
927 5075 1010 5122 est
1035 5067 1413 5138 lacrymarum.
1437 5071 1704 5131 Plorando

123 5179 324 5220 servus
371 5162 630 5234 pr0pitiat
683 5160 979 5226 dominum,
1030 5161 1172 5215 [ilius
1201 5161 1452 5234 lacrymis
1496 5167 1704 5240 mitigat

121 5269 361 5329 patrem,
386 5263 441 5310 et
465 5267 713 5326 asperam
748 5261 977 5307 matrem
1005 5251 1222 5322 plorans
1258 5255 1512 5324 parvulus
1562 5258 1702 5312 mul-

124 5360 237 5408 cet.
263 5351 340 5406 lta
359 5364 487 5420 ergo
513 5357 566 5404 et
614 5355 868 5418 peccator
905 5344 1138 5417 profusis
1185 5346 1435 5419 lacrymis
1464 5361 1704 5406 removet

126 5443 272 5497 iram
298 5441 393 5496 Dei
421 5437 750 5495 reformatus
775 5437 829 5492 in
862 5437 1000 5508 ipso.
1036 5436 1229 5493 Petrus
1254 5451 1486 5510 namque
1509 5441 1704 5498 trinam

127 5533 474 5603 negationem
500 5529 754 5600 lacrymis
791 5527 966 5583 diluit.
1015 5526 1285 5597 Scriptum
1315 5539 1397 5586 est
1420 5531 1600 5586 enim:
1635 5533 1703 5588 Et

131 5623 438 5677 recordatus
487 5621 696 5686 Petrus,
747 5629 876 5685 etc.,
918 5619 1053 5690 ﬂeuit
1088 5636 1270 5674 amare
1313 5621 1505 5694 (Marc.
1531 5625 1698 5696 xxvr).

130 5714 304 5772 David
350 5714 494 5770 enim
541 5713 708 5768 dicit:
771 5711 972 5774 Venite,
1032 5709 1307 5766 adoremus
1356 5723 1403 5768 et
1441 5713 1700 5782 ploremus

1819 3257 2018 3313 dicitur
2059 3273 2073 3312 :
2119 3259 2306 3318 Facite
2357 3279 2486 3334 ergo
2534 3265 2742 3325 fructus
2791 3271 2982 3342 dignos
3035 3257 3404 3348 paenitentia,

1816 3349 2241 3420 uniuscujusque
2287 3355 2616 3412 conscientia
2656 3363 2996 3431 convenitur,
3029 3375 3090 3420 ut
3118 3375 3269 3425 tanto
3291 3386 3405 3426 ma-

1811 3436 1932 3508 jora
1960 3448 2170 3510 quaerat
2195 3443 2458 3500 bonorum
2497 3461 2662 3516 opera
2691 3449 2841 3507 lucra
2885 3468 2983 3523 per
3006 3458 3401 3528 pmnitentiam,

1816 3541 2016 3600 quanto
2049 3533 2297 3604 graviora
2321 3536 2423 3592 sibi
2455 3537 2632 3595 intulit
2659 3542 2856 3598 damna
2880 3560 2978 3616 per
3003 3547 3237 3618 culpam.
3263 3550 3402 3619 Quia

1815 3636 1946 3677 vero
1969 3624 2037 3678 ad
2061 3640 2252 3695 magna
2267 3641 2368 3682 nos
2381 3642 2543 3698 opera
2556 3629 2793 3690 Joannes
2807 3636 3060 3694 admonet
3075 3641 3261 3698 dicens
3277 3643 3405 3699 τιθα-

1815 3713 1913 3766 cite
1927 3712 2127 3781 fructus
2140 3715 2326 3785 dignos
2339 3719 2650 3787 pwnitentia:
2666 3721 2882 3796 (Matth.
2911 3727 2996 3799 tu)
3019 3739 3113 3793 ;et
3144 3747 3358 3788 rursum
3381 3752 3397 3788 :

1819 3800 1926 3868 Qui
1956 3803 2107 3858 habet
2134 3804 2269 3861 duas
2291 3808 2522 3876 tunicas,
2546 3811 2633 3866 det
2661 3830 2765 3868 non
2788 3814 3037 3883 habenti;
3063 3827 3113 3873 et
3131 3822 3222 3891 qui
3249 3822 3402 3878 habet

1814 3908 1980 3958 escas,
2010 3894 2251 3950 similiter
2291 3897 2451 3967 faciat
2480 3900 2632 3972 (Luc.
2659 3903 2742 3976 ιιι)
2770 3920 2784 3969 ;
2830 3903 2942 3973 jam
2966 3917 3216 3977 patenter
3243 3913 3402 3969 datur

1813 3983 2034 4057 intelligi
2074 3987 2203 4056 quid
2229 3997 2312 4045 est
2359 3991 2501 4061 quod
2531 3991 2743 4052 Veritas
2765 3997 2932 4053 dicit:
2963 3999 3007 4052 Α
3036 4001 3216 4056 diebus
3237 4003 3402 4059 Joan-

1811 4075 1892 4127 nis
1919 4073 2173 4158 Baptista:
2201 4095 2362 4150 usque
2381 4097 2519 4136 nunc
2547 4099 2758 4155 regnum
2782 4087 3026 4145 caelorum
3053 4093 3154 4147 vim
3177 4097 3396 4165 patitur,

1810 4176 1858 4220 et
1885 4167 2092 4223 violenti
2143 4173 2352 4242 rapiunt
2381 4174 2515 4229 illud
2569 4179 2784 4248 (Matth.
2815 4183 2913 4253 xi).
2971 4185 3100 4253 Quae
3150 4204 3396 4259 superna:

1809 4261 1973 4316 verba
1999 4266 2280 4320 sententiae
2297 4268 2451 4324 nobis
2475 4279 2601 4324 sunt
2628 4289 2952 4345 magnopere
2977 4283 3390 4346 perscrutanda.

1809 4349 1942 4406 Nam
1961 4356 2308 4423 quaerendum
2330 4368 2415 4413 est
2459 4362 2728 4428 quomodo
2752 4364 2857 4418 vim
2886 4382 3107 4437 regnum
3135 4369 3394 4426 ctelorum

1811 4443 2017 4512 perpeti
2045 4445 2235 4513 possit.
2277 4445 2410 4514 Quis
2433 4450 2579 4504 enim
2619 4452 2757 4508 celo
2798 4455 3112 4513 violentiam
3149 4459 3394 4532 irrogat?

1813 4541 1869 4589 et
1902 4548 2088 4590 rursus
2111 4538 2456 4605 quaerendum
2508 4549 2591 4595 est
2633 4543 2679 4597 si
2713 4544 2825 4612 pati
2855 4545 2962 4600 vim
3008 4562 3232 4619 regnum
3275 4565 3389 4606 cm-

1811 4621 1986 4678 lorum
2017 4632 2215 4694 potest.
2272 4627 2382 4682 Cur
2425 4632 2672 4687 eamdem
2721 4632 2830 4688 vim
2861 4650 2892 4690 a
2936 4636 3126 4694 diebus
3167 4637 3394 4698 Joannis

1810 4712 2065 4784 Baptista:
2111 4723 2166 4770 et
2213 4732 2320 4773 non
2372 4720 2534 4774 etiam
2567 4731 2724 4778 antea
2753 4724 3082 4795 pertulerit?
3129 4727 3235 4785 Sed
3266 4747 3386 4788 cum

1810 4803 1898 4861 lex
1933 4805 2080 4860 dicat
2109 4823 2123 4858 :
2151 4805 2206 4862 Si
2235 4807 2356 4878 quis
2385 4809 2499 4865 haec
2523 4811 2607 4866 vel
2637 4812 2726 4867 illa
2781 4812 2971 4869 fecerit
2997 4826 3170 4872 morte
3193 4821 3391 4876 moria-

1811 4904 1916 4960 tur,
1948 4897 2156 4952 cunctis
2180 4898 2479 4970 legentibus
2507 4901 2689 4971 liquet,
2728 4906 2852 4975 quia
2888 4917 3200 4976 peccatores
3222 4927 3388 4982 quos-

1809 5003 1914 5059 que
1943 5003 2098 5058 pcena
2121 5005 2232 5046 suae
2279 4992 2581 5048 severitatis
2608 4996 2857 5064 perculit,
2909 5013 3015 5053 non
3062 5012 3240 5058 autem
3291 5019 3388 5074 per

1810 5079 2179 5150 paenitentiam
2209 5081 2276 5136 ad
2305 5081 2468 5136 vitam
2495 5085 2765 5154 perduxit.

1878 5168 2012 5224 Cum
2026 5179 2204 5225 autem
2219 5170 2454 5227 Joannes
2469 5173 2728 5245 Baptista,
2751 5175 3125 5248 Redemptoris
3149 5184 3378 5254 gratiam

1809 5276 2172 5332 praecurrens,
2185 5262 2556 5332 paenitentiam
2571 5267 2826 5336 praedicat
2838 5276 2897 5323 ut
2909 5281 3176 5339 peccator,
3199 5275 3290 5342 qui
3315 5289 3380 5328 ex

1812 5353 1966 5424 culpa
1981 5365 2064 5410 est
2086 5363 2330 5410 mortuus
2355 5371 2450 5426 per
2469 5360 2873 5418 conversionem
2895 5363 3060 5427 vivat,
3075 5365 3319 5434 profecto
3347 5382 3380 5419 a

1807 5446 1987 5502 diebus
2008 5447 2230 5503 Joannis
2258 5447 2509 5520 Baptista:
2537 5467 2749 5520 regnum
2777 5455 3019 5510 caelorum
3044 5458 3142 5509 vim
3162 5457 3376 5526 patitur.

1808 5535 1943 5604 Quid
1967 5547 2050 5594 est
2071 5547 2249 5593 autem
2279 5555 2500 5609 regnum
2514 5542 2772 5597 caelorum
2797 5545 2896 5598 nisi
2914 5543 3335 5612 locusjustorum
3357 5547 3382 5600 ?

1807 5627 1947 5684 Solis
1973 5629 2294 5697 enimjustis
2337 5631 2571 5687 caelestis
2613 5635 2799 5703 patria:
2844 5634 3060 5703 praemia
3093 5633 3376 5702 debentur,

1804 5731 1866 5776 ut
1899 5721 2148 5789 humiles,
2179 5723 2332 5791 casti,
2365 5725 2543 5791 mites,
2573 5733 2736 5798 atque
2761 5725 3136 5786 misericordes
3164 5726 3231 5783 ad
3251 5744 3379 5802 gau—
