4020 6338
618 329 720 399 est

1109 340 1459 394 nnatoms
1499 337 1980 392 HALBERSTA'I‘.
2022 341 2229 390 lsi’lbb.
2271 322 2418 388 ῢιιιι.
2459 337 2636 393 PARS
2671 338 2758 393 Ill.
2797 366 2870 380 --
2907 333 3403 392 MISCELLANEA.

620 459 706 516 dia
730 455 1056 526 sempiterna
1097 453 1430 522 perveniant.
1485 452 1616 505 Cum
1652 467 1778 505 vero
1812 451 1930 519 quis
1981 449 2064 503 vel
2105 465 2200 502 su-
2226 451 2274 510 Α
2302 449 2540 504 avaritia:
2592 448 2812 503 testibus
2867 449 3126 503 anhelans
3151 446 3324 500 aliena
3351 443 3612 516 dirimit,
3665 444 3914 514 aspiciat

623 548 805 620 perbia
859 545 1113 607 tumidtts,
1165 543 1246 596 vel
1299 544 1478 596 carnis
1532 541 1772 595 facinore
1795 541 2059 610 pollutus,
2114 539 2196 594 vel

626 636 905 694 iracundia
934 649 1213 698 accensus,
1243 634 1325 686 vel
1351 632 1666 686 crudelitate
1696 633 1911 701 impius,
1939 639 2058 700 post
2086 631 2198 684 cul-

624 745 718 800 pas
753 727 820 781 ad
868 726 1237 796 paenitentiam
1289 724 1448 786 redit,
1480 732 1534 777 et
1581 724 1745 776 vitam
1777 735 2031 776 aeternam
2073 737 2198 790 per-

621 821 770 888 cipit,
817 817 970 886 quasi
1029 817 1080 870 in
1136 816 1308 869 locum
1340 822 1589 883 peccator
1635 814 1800 866 intrat
1854 811 2107 866 alienum.
2156 810 2200 861 Α

623 910 803 963 diebus
828 924 949 976 ergo
1003 907 1225 960 Joannis
1267 905 1519 975 Baptism.
1573 919 1785 972 regnum
1815 903 2059 954 ceiornm
2102 902 2202 954 vim

621 1001 838 1070 pulitnr,
864 1008 910 1050 et
936 998 1140 1051 violenti
1165 997 1372 1065 rapiunt
1394 993 1689 1061 illud,quia
1715 993 1805 1061 qui
1830 991 2199 1060 paenitentiam

625 1088 996 1160 peccatoribus
1021 1086 1230 1148 indixit,
1256 1084 1380 1154 quid
1405 1084 1546 1138 aliud
1571 1098 1728 1152 quam
1755 1097 1916 1153 regno
1941 1083 2201 1136 caelorum

625 1177 746 1235 ﬁeri
793 1176 1114 1230 .violenliam
1166 1175 1366 1229 docuit.
1402 1175 1781 1243 Recogitemus
1827 1187 1976 1242 ergo,
2009 1173 2203 1227 fratres

625 1262 949 1332 charissimi,
980 1266 1114 1318 mala
1166 1281 1283 1333 qua:
1307 1265 1549 1326 fecimus,
1587 1273 1641 1319 et
1700 1265 2058 1333 nosmetipsos
2111 1279 2202 1318 as-

627 1358 796 1412 siduis
826 1358 1077 1409 lamentis
1130 1363 1446 1420 atteramus,
1495 1356 1862 1410 luereditatem
1907 1355 2198 1424 iustorum,

625 1461 786 1514 quam
810 1461 913 1500 non
944 1447 1211 1500 tenuimus
1234 1461 1331 1514 per
1359 1446 1544 1509 vitam,
1589 1446 1859 1515 rapiamus
1900 1460 1996 1514 per
2029 1446 2201 1514 βαδιιί-

628 1537 872 1590 tentiam.
915 1535 1038 1588 Vult
1085 1549 1115 1588 a
1162 1536 1316 1590 nobis
1345 1536 1684 1603 omnipotens
1716 1535 1854 1589 Deus
1907 1535 2065 1588 talem
2093 1535 2204 1588 vio-

627 1623 848 1679 lentiam
891 1625 1120 1694 perpeti.
1154 1624 1288 1678 Nam
1344 1640 1567 1694 regnum
1617 1625 1875 1679 caelorum
1933 1627 2045 1695 rapi
2094 1626 2206 1679 vult

629 1715 830 1768 nostris
869 1715 1106 1782 ﬂetibus,
1136 1717 1277 1785 quod
1329 1717 1529 1770 nostris
1556 1717 1766 1771 meritis
1819 1732 1928 1772 non
1956 1717 2199 1772 debetur.

2302 540 2595 606 Zacheum,
2635 544 2724 611 qui
2753 543 2798 595 si
2844 542 2970 610 quid
3021 537 3179 592 alicui
3233 538 3476 599 abstulit,
3517 537 3918 606 quadmplum

2303 633 2556 687 reddidit.
2583 633 2734 687 Alius
2757 631 2992 685 libidinis
3023 630 3144 699 igne
3171 643 3491 692 succensus,
3521 627 3728 680 carnis
3754 643 3912 679 nn-

2304 722 2489 776 ditiam
2513 723 2762 793 perdidit,
2796 722 3017 789 aspiciat
3053 719 3278 773 Mariam
3325 733 3444 788 qua:
3475 718 3530 771 in
3558 734 3624 772 se
3655 733 3914 772 amorem

2304 813 2483 868 carnis
2528 815 2647 884 igne
2671 814 2836 868 divini
2873 814 3074 868 amoris
3096 812 3333 867 excoxit.
3376 811 3517 867 Ecce
3538 809 3912 879 Omnipotens

2304 907 2503 975 ubique
2527 907 2700 961 oculis
2729 907 2928 961 nostris
2945 906 3087 975 quod
3113 903 3315 958 imitari
3346 905 3654 959 debeamus
3697 902 3914 970 objicit,

2305 997 2503 1066 ubique
2524 999 2766 1068 exempla
2795 1012 2906 1052 sua:
2927 996 3312 1052 misericordiae
3329 995 3582 1065 opponit.
3615 993 3766 1047 Maia
3789 1009 3912 1064 ergo

2299 1085 2411 1156 iam
2443 1089 2763 1157 displiceant
2815 1088 2900 1141 vel
2950 1095 3194 1156 experta.
3258 1086 3518 1140 Libenter
3555 1083 3909 1139 obliviscitur

2305 1180 2645 1248 ottinipotens
2669 1179 2810 1233 Deus
2837 1179 2982 1248 quod
3009 1185 3268 1233 nocentes
3307 1177 3532 1240 fuitnns,
3571 1185 3813 1244 paratus
3835 1186 3908 1229 est

2305 1273 2675 1341 pcenitentiam
2700 1271 2937 1326 nostram
2962 1269 3115 1324 nobis
3133 1269 3200 1322 ad
3226 1266 3601 1322 innocentiam
3624 1265 3905 1335 deputant.

2306 1364 2571 1433 inquinati
2600 1372 2719 1431 post
2746 1377 2915 1431 aquas
2935 1359 3125 1415 salutis
3150 1371 3500 1414 renascamur
3518 1373 3597 1411 ex
3630 1356 3904 1426 laus-mis.

2306 1454 2657 1523 itaquejuxta
2690 1452 2846 1520 primi
2875 1451 3106 1520 pastoris
3129 1463 3346 1504 vocem:
3378 1447 3532 1502 Sicut
3559 1447 3730 1499 modo
3760 1449 3906 1516 geniti

2307 1541 2531 1608 infantes
2575 1541 2658 1594 lac
2688 1540 3033 1609 concupiscite
3074 1537 3124 1608 (1
3158 1537 3274 1590 Pet.
3304 1543 3392 1606 tt).
3435 1534 3666 1598 Redite,
3705 1535 3901 1603 νοτηιΙὶ

2309 1633 2424 1697 lilii,
2451 1634 2514 1686 ad
2545 1633 2720 1687 sinuin
2763 1633 2953 1686 matris
2980 1639 3172 1686 vestrae
3204 1639 3419 1684 aeterna
3464 1628 3785 1697 sapientia.
3815 1627 3899 1681 Sa-

2309 1724 2415 1794 gite
2463 1723 2609 1793 larga
2640 1723 2803 1776 ubera
2856 1723 3073 1791 pietatis
3123 1721 3233 1774 Dei.
3290 1720 3602 1774 Transacta
3654 1719 3900 1787 plangite,

627 1807 673 1860 Α
703 1807 814 1876 spei
836 1822 965 1879 ergo
983 1806 1304 1862 certitudine
1329 1807 1468 1861 nulla
1494 1825 1590 1863 nos
1618 1809 1875 1863 malorum
1902 1820 2208 1864 nostrorum
2242 1809 2286 1875 Β
2315 1817 2648 1872 imminentia
2680 1817 2862 1870 vitate.
2893 1815 3232 1884 Redemptor,
3259 1821 3445 1868 noster
3487 1822 3896 1866 morantem

628 1899 878 1968 qualitas,
908 1898 1049 1952 nulla
1101 1900 1374 1968 quantitas
1402 1898 1631 1970 frangat.
1683 1899 1905 1954 Praestat
1957 1903 2207 1970 magnam’

628 1992 798 2045 Venia:
819 1992 1066 2046 ﬁduciam
1090 1990 1227 2044 latro
1249 1992 1336 2046 ille
1348 1992 1687 2058 venerabilis,
1705 1993 1793 2060 qui
1811 2007 1914 2046 non
1929 1993 2051 2047 inde
2067 2007 2200 2045 vene

630 2083 813 2138 rabilis
827 2083 1117 2137 uudelatro
1138 2102 1149 2136 :
1173 2085 1449 2139 namlatro
1462 2100 1524 2137 ex
1551 2084 2224 2148 crudelitate,venerabilis
2324 2109 2328 2112 -

627 2189 692 2229 ex
710 2175 1060 2230 confessione.
1077 2176 1316 2244 Cogitate
1326 2189 1476 2243 ergo,
1491 2177 1721 2245 cogitate
1741 2191 1860 2246 qua:
1887 2177 1996 2230 sint
2023 2176 2226 2229 incom-

630 2265 1006 2336 prehensibilia
1049 2266 1398 2336 omnipotenti
1441 2267 1548 2321 Deo
1576 2265 1959 2320 misericordiae
1991 2267 2221 2321 viscera.

631 2357 794 2411 Latro
808 2356 906 2409 iste
919 2357 1157 2410 cruentis
1171 2356 1735 2432 npuibusabstractus
1748 2365 1831 2411 est
1846 2373 1874 2410 a
1900 2355 2052 2412 fauce
2067 2357 2224 2412 itinel

631 2447 726 2510 ris,
743 2461 1034 2516 suspensus
1055 2455 1138 2502 est
1160 2448 1211 2501 in
1236 2449 1474 2516 patibulo
1498 2449 1790 2514 crucis,-ibi
1817 2448 2094 2504 confessus
2121 2456 2222 2514 est,

631 2521 705 2591 ibi
723 2547 940 2592 sanatus
952 2547 1056 2601 est,
1075 2538 1148 2593 ibi
1172 2538 1360 2592 audire
1382 2540 1605 2594 meruit:
1636 2538 1802 2592 Hodie
1819 2553 2024 2594 mecum
2049 2539 2224 2592 crisin

631 2631 899 2700 paradiso.
926 2631 1064 2698 Quid
1082 2639 1166 2687 est
1187 2633 1287 2686 hoc
1312 2633 1335 2684 ?
1356 2633 1477 2700 quis
1503 2641 1704 2685 tantam
1729 2633 2025 2686 bonitatem
2044 2632 2226 2686 dicere

634 2720 751 2782 Dei,
781 2721 904 2789 quis
932 2722 1205 2775 aestimare
1250 2717 1521 2774 sufﬁciat?
1561 2721 1627 2774 de
1652 2721 1766 2789 ipsa
1797 2735 1956 2789 poena
1984 2721 2226 2776 criminis

632 2813 876 2879 pervenit
906 2813 972 2864 ad
1013 2812 1231 2880 praemia
1285 2812 1518 2865 virtutis.
1570 2811 1775 2864 Idcirco
1818 2821 1998 2864 autem
2047 2811 2224 2864 omni-

633 2909 826 2970 potens
872 2901 1012 2954 Deus
1054 2900 1256 2954 electos
1283 2916 1409 2956 suos
1436 2902 1490 2953 in
1528 2900 1850 2969 quibusdam
1874 2900 2109 2969 lapsibus
2137 2909 2226 2955 ea;

635 2991 763 3044 dere
812 2991 1077 3059 permisit,
1111 3003 1172 3044 ut
1217 2990 1337 3046 aliis
1389 2993 1440 3044 in
1471 2991 1627 3061 culpa
1653 2989 1982 3059 iacentibus,
2014 2992 2060 3046 si
2113 2991 2226 3047 toto

638 3083 706 3136 ad
738 3098 860 3137 eum
891 3083 1051 3137 corde
1073 3092 1424 3153 consurgunt,-
1456 3097 1604 3153 spem
1641 3084 1809 3138 venite
1833 3084 2041 3150 reddat,
2065 3093 2121 3139 et
2149 3085 2227 3138 eis

636 3278 853 3320 ceamus
871 3278 1000 3332 ergo
1020 3264 1374 3332 nosmetipsos
1397 3264 1450 3317 in
1492 3262 1763 3328 lamentis,
1813 3264 2225 3334 exstinguamus

636 3356 866 3418 ﬂetibus,
895 3355 1066 3423 dignis
1090 3355 1419 3423 paenitentia:
1441 3353 1728 3416 fructibus,
1753 3353 1958 3422 culpas,
1982 3362 2226 3422 tempora

638 3449 843 3506 indulta
884 3464 950 3503 ne
977 3459 1218 3518 pereant,
1250 3448 1373 3517 quia
1421 3449 1510 3517 qui
1553 3448 1752 3501 inultos
1778 3463 1807 3500 a
1839 3447 1951 3502 suis
1980 3447 2227 3515 impietas

639 3538 907 3606 tibusjam
934 3548 1151 3593 sanatos
1185 3540 1496 3609 aspicimus,
1522 3540 1649 3608 quid
1674 3540 1814 3594 aliud
1837 3555 1997 3608 quam
2033 3554 2225 3609 super-

642 3646 722 3683 nae
748 3629 1129 3684 misericordia:
1152 3630 1345 3700 pignus
1379 3641 1641 3686 tenemus.
1668 3630 1988 3685 lmmcnsam
2017 3629 2229 3684 miseri-

644 3720 884 3774 cordiam
916 3719 1228 3776 Conditoris
1284 3722 1456 3776 nostri
1508 3723 1748 3790 aspicere
1797 3722 2075 3786 debemus,
2136 3723 2228 3791 qul

642 3812 796 3865 nobis
825 3812 972 3866 velut
995 3813 1044 3866 in
1074 3814 1229 3884 signo
1265 3815 1332 3868 ad
1360 3815 1665 3884 exemplum
1696 3817 2028 3884 pteniteutia:
2048 3817 2228 3886 posuit

642 3915 736 3954 eos
779 3915 913 3968 quos
939 3917 1034 3970 per
1062 3903 1432 3970 paenitentiam
1473 3904 1655 3958 vivere
1700 3915 1821 3973 post
1846 3905 2052 3973 lapsum
2082 3905 2226 3959 fecit;

647 3989 927 4058 Perpendo
971 3991 1172 4044 etenim
1199 3991 1441 4055 Petrum,
1469 3995 1752 4048 considero
1774 3995 2058 4059 latronem,
2089 3995 2231 4064 aspi-

646 4079 731 4134 cio
757 4078 1057 4143 Zacbeum,
1084 4080 1296 4134 intueor
1343 4081 1588 4148 Mariam,
1617 4091 1673 4138 et
1702 4085 1833 4138 nihil
1863 4085 1914 4138 in
1964 4085 2048 4139 bis
2086 4084 2232 4140 aliud

647 4166 825 4233 video,
860 4167 962 4221 nisi
988 4179 1112 4223 ante
1136 4169 1322 4224 oculos
1348 4177 1560 4225 nostros
1602 4174 1772 4241 posita
1815 4175 1927 4242 spei
1972 4181 2026 4228 et
2059 4176 2233 4244 poenis

649 4256 825 4310 lentia:
876 4257 1140 4328 exempla.
1175 4258 1429 4314 Fortasse
1476 4269 1653 4315 autem
1686 4263 1735 4317 iu
1784 4262 1888 4317 fide
1917 4263 2100 4333 lapsus
2147 4271 2230 4320 est

645 4346 862 4415 aliquis,
885 4349 1111 4417 aspiciat
1131 4348 1348 4404 Petrum
1371 4351 1460 4419 qui
1483 4367 1666 4406 amare
1693 4351 1856 4418 ﬂevit,
1879 4357 2021 4422 quod
2046 4357 2231 4413 timide

641 4447 952 4510 negaverat.
986 4439 1138 4495 Alius
1185 4452 1396 4507 contra,
1427 4444 1727 4512 proximum
1755 4446 1810 4498 in
1853 4446 2055 4501 malitia
2105 4463 2230 4502 cru-

2323 1903 2475 1963 iletus
2498 1918 2708 1963 vestros
2733 1916 2936 1962 aeterno
2965 1905 3333 1961 consolabitur
3357 1905 3587 1974 gaudio.

2873 2039 3097 2097 CAPUT
3136 2037 3339 2095 LXVII.

2679 2152 2755 2206 De
2777 2151 3159 2220 perseverantia
3193 2151 3312 2203 boni
3343 2151 3543 2218 operis.

2400 2261 2583 2316 Virtus
2607 2261 2734 2316 boni
2766 2260 2949 2331 aperis
2980 2257 3387 2328 perseverantia
3415 2267 3532 2322 est,
3555 2266 3618 2310 et
3655 2272 3780 2312 voce
3799 2258 3884 2309 Ve-

2325 2354 2502 2409 ritatis
2550 2352 2749 2408 dicitur
2793 2370 2806 2405 :
2847 2351 2952 2416 Qui
2993 2361 3166 2403 autem
3204 2349 3624 2417 perseveraverit
3675 2349 3882 2418 equi:

2319 2445 2502 2514 ﬁnem,
2527 2445 2610 2497 hic
2632 2442 2807 2497 salvus
2831 2443 2928 2496 erit
2953 2439 3166 2511 (Matth.
3191 2441 3270 2510 x)‘.
3291 2439 3586 2494 incassum
3607 2439 3795 2508 quippe
3813 2439 3882 2492 bo-

2327 2549 2455 2589 num
2503 2534 2682 2604 agitur
2731 2534 2774 2588 si
2820 2539 2946 2586 ante
2986 2531 3109 2584 vita:
3146 2528 3436 2584 terminum
3482 2528 3787 2582 deseratur.
3821 2525 3881 2580 Et

2325 2633 2596 2695 prtecepto
2645 2623 2780 2694 legis
2831 2621 3025 2691 (Leuit.
3079 2619 3176 2688 tu)
3222 2618 3394 2672 cauda
3449 2619 3657 2672 hostia:
3699 2617 3879 2685 iubear

2325 2712 2532 2768 oﬂ‘erri.
2579 2714 2640 2767 In
2688 2713 2857 2767 cauda
2897 2711 3094 2780 quippe
3135 2710 3259 2763 ﬁnis
3302 2718 3389 2763 est
3418 2710 3703 2778 corporis.
3736 2708 3880 2761 Etillt

2327 2805 2466 2862 bene
2498 2805 2742 2861 immolat
2777 2804 2869 2874 qui
2905 2801 3232 2858 sacriﬁcium
3266 2801 3394 2854 boni
3427 2802 3625 2869 operis
3654 2799 3880 2869 usquead

2331 2900 2494 2954 tinem
2528 2897 2722 2952 debita:
2773 2894 3022 2965 perducit
3067 2891 3318 2946 actionis.
3352 2889 3494 2944 Hinc
3543 2889 3748 2959 Joseph
3774 2891 3883 2942 inter

2325 2991 2569 3060 reliquos
2594 2990 2791 3042 fratres
2822 2987 3049 3041 talarem
3094 2983 3332 3039 tunicam
3360 2983 3622 3038 habuisse
3643 2981 3883 3037 deseriti-

2332 3092 2420 3139 tur
2447 3081 2599 3155 (Gen.
2637 3080 2866 3150 xxxvii).
2896 3079 3102 3133 Tunica
3138 3091 3268 3130 vero
3295 3089 3462 3144 usque
3495 3075 3568 3128 ad
3600 3073 3789 3136 talum,
3819 3081 3887 3125 est

539 3171 543 3176 ⁷
636 3188 733 3243 per
764 3173 996 3227 lamenta
1026 3173 1355 3243 pii-nitentia:
1381 3175 1521 3227 viam
1551 3175 1766 3244 pietatis
1800 3173 2029 3244 aperiat.
2060 3174 2224 3228 Exer—
2251 3173 2296 3238 C
2329 3175 2530 3230 bonum
2569 3187 2704 3243 opus
2730 3185 2897 3240 usque
2921 3170 2988 3224 ad
3015 3167 3558 3228 consummationem.
3589 3163 3730 3218 Tunc
3747 3162 3886 3216 enim

2329 3268 2506 3338 placet
2560 3265 2672 3321 Deo
2719 3274 2903 3320 nostra
2941 3263 3312 3324 conversatio,
3349 3274 3478 3315 cun!
3511 3257 3704 3312 bonum
3749 3253 3882 3323 ped

2329 3360 2668 3420 inchoamus,
2724 3355 3092 3425 perseveranti
3143 3353 3250 3407 line
3297 3351 3658 3421 complet-us.
3699 3348 3880 3402 honeri

2328 3468 2460 3523 ergo
2504 3465 2612 3506 non
2659 3449 2920 3520 cepisse,
2966 3449 3060 3503 sed
3086 3445 3379 3517 perfecisse
3423 3444 3607 3498 virtus
3645 3453 3740 3496 est.
3785 3439 3879 3492 Non

2327 3542 2714 3600 inchoantibus
2741 3539 3022 3610 prmmium
3057 3536 3416 3607 promittitur,
3435 3534 3542 3588 sed
3573 3543 3879 3603 persevcra-

2331 3638 2474 3692 tibus
2496 3636 2672 3689 datur.
2705 3631 2932 3701 Semper
2950 3630 3004 3684 in
3032 3629 3142 3683 vita
3174 3626 3412 3681 hominis
3439 3625 3576 3678 linis
3604 3619 3879 3693 querendi

2332 3737 2432 3792 est,
2465 3726 2591 3797 quia
2644 3726 2784 3779 Deus
2817 3738 2922 3776 nou
2970 3721 3188 3791 respicit
3239 3717 3432 3788 quales
3462 3728 3604 3771 ante
3643 3714 3876 3774 breviatis,

2332 3819 2426 3872 sed
2455 3817 2650 3886 quales
2673 3816 2816 3869 circa
2856 3814 3016 3866 tinem
3041 3811 3163 3864 vita:
3195 3810 3422 3865 erimus.
3463 3807 3880 3876 Unumqnemtpt

2326 3907 2476 3960 enim
2507 3904 2648 3959 Deus
2675 3905 2740 3958 de
2778 3917 2876 3957 suo
2919 3901 3046 3966 ﬁne,
3085 3915 3192 3954 non
3221 3900 3288 3953 de
3313 3898 3425 3952 vita
3454 3898 3736 3966 przeterita
3764 3893 3874 3963 indi-

2331 4004 2440 4051 cat.
2472 3995 2830 4049 Persistatnus
2850 3993 3032 4063 igitur,
3059 3987 3386 4051 cbarissimi,
3415 3990 3576 4042 omni
3607 4003 3726 4042 cum
3748 3986 3878 4039 im

2334 4086 2479 4139 tione
2505 4085 2558 4138 in
2581 4083 2778 4137 divinis
2807 4080 3300 4143 obsecrationibus,-
3319 4088 3378 4132 ut
3401 4093 3462 4133 ea
3493 4095 3630 4148 qua:
3658 4073 3879 4146 τίμιόν

2333 4188 2482 4242 sunt,
2517 4176 2681 4231 faciat
2708 4190 2806 4230 nos
2851 4189 2974 4228 cum
3003 4187 3100 4228 sua
3148 4170 3535 4226 benedictione
3564 4169 3818 4226 inchoare,
3839 4170 3879 4217 et

2333 4280 2505 4335 usque
2549 4266 2614 4319 ad
2661 4263 3116 4334 perseverantiam
3147 4262 3302 4316 bona!
3336 4261 3654 4330 perducere
3677 4268 3881 4314 contun-

2333 4356 2610 4420 matiouis,
2649 4355 2740 4424 qui
2777 4363 2860 4409 est
2895 4375 2930 4408 σι
2967 4361 3021 4407 et
3050 4375 3111 4415 ω,
3135 4351 3461 4420 principium
3495 4359 3560 4404 et
3609 4350 3741 4411 ﬁnis,
3759 4342 3881 4398 Jesas

2333 4447 2585 4501 Christus
2634 4444 2893 4498 Dominus
2937 4452 3146 4507 noster,
3195 4442 3450 4511 quicum
3481 4439 3657 4496 Patre
3700 4439 3810 4492 vivit
3841 4441 3882 4488 α

641 4526 879 4584 delitatis
897 4531 1119 4595 exarsit,
1135 4533 1639 4602 aspiciatlatronem
1658 4537 1748 4606 qui
1764 4538 1884 4590 etin
1908 4538 2022 4606 ipso
2038 4540 2225 4594 mortis
2255 4519 2306 4580 Β
2335 4546 2525 4609 regnat
2563 4537 2726 4599 Deae;
2763 4535 2817 4589 in
2858 4535 3066 4588 unitate
3097 4533 3334 4603 Spiritus
3365 4533 3551 4587 sancti
3584 4545 3684 4602 per
3715 4526 3881 4586 inhit!

643 4618 872 4676 articulo
905 4620 972 4675 ad
1000 4622 1125 4677 vitae
1168 4625 1364 4693 primia
1407 4627 1723 4696 paenitendo
1774 4629 2042 4698 pervenit.
2074 4629 2228 4685 Alius

2336 4630 2529 4686 szccula
2555 4628 2895 4684 saeculorum.
2920 4626 3111 4683 Amen.

651 4821 2217 4843 Μ

2705 4823 2722 4828 __
3717 4813 3763 4843 ,Ι

1867 4993 2161 5072 LIBER
2213 4939 2717 5071 LTERTIUS.

1245 5342 1638 5401 ΡΒᾸΞΡΑΤΙΟ.

721 5455 794 5510 De
825 5457 946 5526 igne
971 5454 1284 5524 purgatorio
1311 5462 1366 5508 et
1394 5456 1470 5524 de
1490 5455 1724 5509 adventu
1757 5451 1960 5508 Christi
1995 5453 2062 5507 ad
2080 5447 2228 5522 judia

649 5550 790 5605 cium
831 5564 1040 5603 necnon
1071 5554 1128 5600 et
1159 5546 1225 5600 de
1269 5553 1472 5603 mterno
1506 5548 1745 5602 cruciatu
1788 5548 1980 5601 tertius
2021 5546 2110 5600 hic
2143 5546 2226 5600 in-

649 5641 810 5695 choat
837 5639 1067 5702 libellus,
1110 5638 1200 5708 qui
1232 5652 1294 5693 cx
1338 5646 1647 5693 sanctorum
1677 5638 1898 5692 Patrum
1931 5637 2226 5707 opusculis,

653 5729 911 5801 largiente
941 5729 1189 5794 Domino,
1224 5738 1436 5784 constat
1461 5743 1581 5784 esse
1601 5739 1912 5798 excerptas.
1944 5727 2226 5784 Excelleno

2339 5362 2612 5416 tissimam
2662 5361 3054 5432 paternita'tem'
3092 5365 3241 5414 tuam
3295 5359 3501 5416 obnixe
3555 5358 3814 5432 om
3847 5365 3890 5410 ι

2333 5453 2570 5507 divinam
2601 5451 2915 5520 suppliciter
2935 5451 3124 5505 sterni
3155 5449 3363 5505 Iudicis
3383 5451 3748 5521 maiestatem
3778 5450 3890 5506 in“

2335 5544 2630 5613 ﬁciensque
2660 5543 2945 5614 implores,
2975 5551 3036 5598 ut
3072 5559 3177 5599 una
3209 5553 3386 5600 tecum
3416 5560 3448 5598 a
3493 5548 3677 5602 tantis
3723 5551 3892 5602 metu!

2332 5635 2468 5705 eripi
2523 5634 2726 5701 malis,
2789 5643 2842 5690 et
2879 5634 2945 5689 ad
3001 5635 3168 5690 vitam
3227 5637 3515 5705 pervenire
3580 5641 3890 5708 perpetual.

2334 5729 2524 5784 Amen.
3871 5755 3878 5760 .
