4020 6338
184 274 296 345 95:
1144 274 1235 326 DE

394 430 399 435 .
696 380 923 438 CAPUT
961 380 1249 437 PRIMUM.

184 488 346 568 Quod
370 470 464 567 pro
482 472 796 568 quibusdam
827 492 1019 568 leuibus
1047 492 1212 568 culpis
1256 493 1390 568 ignis
1429 492 1769 563 purgatorius

483 563 593 620 esse
628 575 747 619 ante
766 563 1031 634 judicium
1054 564 1342 618 credendus
1372 573 1483 640 est:

260 701 366 755 Pro
399 699 719 768 quibusdam
763 700 972 756 levibus
996 700 1168 771 culpis
1198 715 1321 756 esse
1346 708 1473 755 ante
1503 699 1768 770 judicium

174 790 539 860 purgatorius
556 791 696 861 ignis
722 792 1027 848 credendus
1048 801 1153 857 est,
1182 808 1279 862 pro
1304 806 1370 846 eo
1391 792 1532 861 quod
1556 790 1768 846 Veritas

178 882 320 935 tlicit
352 899 366 935 :
400 880 554 947 Quod
598 883 649 936 si
692 884 811 954 quis
844 884 902 937 in
932 881 1134 952 Spiritu
1173 886 1355 937 sancto
1393 883 1766 953 blasphemiam

174 976 402 1039 dixerit,
430 990 535 1029 non
565 977 853 1033 remittetur
887 977 935 1029 ei
963 976 1017 1030 in
1040 976 1138 1029 hoc
1162 975 1381 1040 aesculo,
1413 988 1576 1046 neque
1595 976 1651 1027 in
1683 973 1766 1044 fu.

172 1074 303 1117 tura
327 1063 679 1138 (Humum).
697 1066 755 1121 ln
775 1081 877 1136 qua
902 1068 1166 1124 sententia
1191 1067 1587 1138 daturintelligi
1604 1080 1764 1136 quas,

180 1154 314 1207 dam
349 1150 540 1224 culpas
580 1156 632 1210 in
662 1156 763 1212 hoc
803 1157 1017 1221 saeculo,
1043 1158 1307 1228 quasdam
1329 1172 1459 1213 vero
1486 1159 1541 1211 in
1581 1156 1763 1212 futuro

179 1258 347 1313 posse
398 1244 592 1305 laxari.
643 1246 795 1313 Quod
842 1249 986 1304 enim
1024 1249 1091 1305 de
1136 1263 1245 1303 uno
1283 1257 1529 1321 negatur,
1571 1262 1763 1305 conse-

177 1349 359 1404 quens
388 1333 694 1392 intellectus
729 1348 899 1407 patet,
942 1339 1067 1408 quia
1106 1337 1174 1393 de
1213 1337 1532 1409 quibusdam
1562 1352 1758 1394 coneev

178 1424 348 1485 ditur.
378 1423 491 1481 Sed
507 1435 690 1482 tamen
711 1435 772 1482 ut
788 1430 1041 1499 praedixit
1064 1430 1167 1484 hoc
1194 1430 1262 1485 de
1286 1431 1469 1499 parvis
1492 1430 1761 1486 minimis-

176 1528 291 1583 que
314 1513 575 1584 peccatis,
602 1516 929 1573 credendum
973 1528 1058 1574 est
1099 1518 1216 1574 ﬁeri
1257 1534 1433 1590 posse.
1485 1521 1638 1576 Sicut
1675 1529 1760 1577 est

178 1605 439 1661 assiduus
460 1604 776 1679 otiosusque
824 1623 1025 1676 sermo,
1059 1609 1443 1668 immoderatus
1486 1613 1648 1677 risus,
1672 1614 1756 1671 vel

1144 268 1235 326 DE
1270 261 1667 324 VARIETATE
1713 259 2088 317 LIBRORUM.
2122 290 2200 325 ,τ-
2234 262 2367 321 LIB.
2404 261 2502 327 ΙΙΙ,

1790 380 1836 438 Α
1869 354 2189 441 temporales
2212 389 2276 429 ac
2297 374 2581 431 saeculares
2602 383 2843 447 tempore
2868 360 3184 453 tentatipnis
3201 368 3454 433 maluerit

1794 476 1803 484 ί
1874 472 2055 518 tenere
2084 480 2244 535 quam
2272 464 2570 532 Christum,
2596 480 2718 521 eum
2745 467 2799 521 in
2836 464 3186 521 fundamento
3214 481 3320 521 non
3351 468 3451 523 ha-

3232 276 3240 285 ‘
3335 261 3455 333 .934

2934 320 2948 351 γ

1866 551 2004 618 huit,
2039 554 2164 624 quia
2198 555 2298 609 hoc
2327 556 2507 626 priore
2555 555 2673 611 loco
2708 557 2913 622 habuit,
2952 572 3076 612 cum
3115 557 3168 611 in
3213 557 3450 612 aedifica-

1870 642 2015 698 tione
2046 645 2196 714 prius
2225 652 2330 699 non
2359 646 2430 699 sit
2463 646 2666 719 aliquid
2697 644 3061 700 fundamenti.
3100 645 3247 717 Ignis
3269 656 3453 701 autem

1869 736 1935 790 de
1962 752 2026 791 eo
2051 737 2186 802 loco,
2210 738 2275 792 de
2298 753 2404 807 quo
2433 746 2515 792 est
2549 738 2760 793 locutus
2794 738 3103 816 Apostolus,
3139 739 3259 795 talis
3292 739 3453 820 debet

1869 826 2113 898 intelligi,
2144 837 2202 882 ut
2236 830 2395 884 ambo
2416 845 2512 900 per
2536 846 2658 884 eum
2686 838 2980 893 transeant,
3020 830 3072 884 id
3101 838 3184 889 est
3205 831 3295 900 qui
3321 828 3450 885 mdi-

1869 914 2033 970 licant
2073 933 2234 988 super
2263 920 2366 976 hoc
2396 919 2805 975 fundamentum
2836 924 3051 987 aurum,
3080 926 3361 993 argentum
3395 926 3447 977 (εί

1860 1004 2072 1076 lapides
2092 1010 2375 1078 pretiosos,
2406 1018 2460 1066 et
2486 1010 2574 1082 qui
2610 1011 2877 1066 tediﬁcant
2910 1010 3077 1083 ligna,
3110 1010 3311 1079 fenum,
3344 1012 3445 1067 stl-

1858 1084 2065 1167 'pulam.
2115 1099 2247 1156 Cum
2290 1112 2469 1158 autem
2513 1103 2617 1158 hoc
2651 1101 2874 1158 dixisset
2923 1103 3206 1174 adjnnxit:
3253 1102 3443 1170 Unius,

1856 1176 2281 1265 .cujttsqtte‘Opus
2322 1196 2475 1266 quale
2515 1194 2601 1263 sit,
2636 1196 2769 1266 ignis
2810 1195 3044 1265 probabit
3087 1193 3137 1269 (1
3184 1195 3304 1251 Cor.
3338 1197 3441 1269 tu).

1864 1279 1923 1336 Si
1967 1284 2121 1355 cujus
2169 1302 2304 1357 opus
2359 1287 2744 1357 permanserit,
2795 1286 2937 1358 quod
2994 1286 3445 1358 supertedilicavlt

1863 1366 2165 1430 mercedem
2213 1377 2458 1448 accipiet.
2496 1376 2561 1432 Si
2609 1377 2761 1450 cujus
2805 1387 2985 1431 autem
3023 1385 3155 1447 opus
3192 1388 3441 1433 exustum

1861 1465 2045 1532 fuerit,
2079 1468 2332 1523 damnum
2360 1470 2613 1540 patietur,
2657 1471 2768 1540 ipse
2800 1478 2980 1523 autem
3005 1466 3188 1524 salvus
3215 1470 3336 1533 erit,
3363 1469 3439 1525 si'c

1862 1565 2040 1613 tamen
2071 1560 2225 1629 quasi
2249 1575 2345 1628 per
2372 1562 2571 1631 ignem.
2598 1558 2717 1614 Non
2757 1560 2917 1614 unius
2952 1574 3081 1629 ergo
3106 1572 3317 1625 eorum,
3346 1559 3440 1614 sed

1856 1650 2139 1720 utriusque
2159 1664 2294 1720 opus
2319 1648 2456 1722 ignis
2478 1651 2743 1722 probabit.
2772 1651 2868 1706 Est
2890 1648 3276 1721 ignis
3312 1658 3436 1717 ten,-

174 1701 742 1813 Ψξῖωηῗῖἷηί
770 1700 1071 1813 {agimur-‘8‘
1097 1704 1187 1813 {vi
1325 1704 1755 1813 δ¹¹ξέξ¹¹¹Ρ³ίυξ¹²
1788 1723 1831 1789 Β
1861 1740 1994 1794 tatio
2024 1700 2408 1807 ti'ibulationi’s,
2438 1700 2507 1797 de
2532 1758 2639 1812 quo
2672 1749 2855 1813 aperte
2884 1700 2990 1796 alio
3016 1739 3139 1795 loco
3157 1700 3441 1809 .oscriptum

174 1787 248 1842 ab
286 1787 420 1858 ipsis
465 1790 664 1861 agitur,
720 1793 810 1862 qui
856 1792 1067 1863 culpam
1097 1795 1328 1864 qualiter
1365 1792 1638 1851 declinare
1659 1798 1754 1852 deo
1785 1826 1794 1835 ο

176 1874 358 1941 beant,
408 1877 585 1933 sciunt
634 1899 647 1933 :
701 1891 795 1954 aut
840 1882 893 1949 in
942 1899 1050 1937 non
1099 1885 1355 1955 gravibus
1402 1890 1564 1943 rebus
1604 1904 1758 1943 error

172 1966 516 2043 ignorantiae,
539 1986 661 2041 quae
678 1982 872 2028 cuncta
906 1975 1074 2042 etiam
1103 1986 1223 2044 post
1250 1987 1475 2034 mortem
1505 1989 1754 2055 gravant,

176 2056 223 2110 si
249 2058 424 2114 adhuc
455 2059 507 2113 in
535 2051 639 2116 hac
667 2063 776 2128 vita
796 2065 988 2133 positis
1014 2067 1235 2120 minime
1265 2066 1467 2124 fuerint
1489 2051 1753 2126 relaxata.

175 2143 313 2199 Nam
341 2155 397 2209 et
438 2164 560 2203 cum
582 2148 782 2204 Paulus
809 2152 956 2207 dicat
978 2154 1254 2210 Christum
1284 2169 1406 2212 esse
1444 2157 1758 2222 fundamen—

179 2243 297 2289 tum
324 2244 486 2306 atque
536 2237 893 2309 subiungatur
939 2258 952 2295 :
998 2242 1060 2298 Si
1104 2244 1219 2314 quis
1264 2248 1758 2317 supertedi/icaverit

177 2339 336 2395 super
375 2325 472 2379 hoc
501 2326 904 2395 fundamentum
946 2348 1157 2399 aurum,
1214 2346 1508 2404 argentum,
1558 2338 1757 2407 lapides

177 2416 461 2493 pretiosos,
519 2418 752 2489 lignum,
786 2422 1084 2501 _stipulam,
1144 2426 1565 2498 uniuscujusque
1628 2444 1757 2501 opus

176 2504 335 2587 quale
371 2509 461 2573 sit,
511 2510 647 2580 ignis
690 2496 947 2581 probabit.
1001 2514 1063 2570 Si
1112 2518 1266 2587 cujus
1301 2534 1432 2589 opus
1478 2496 1754 2590 manserit,

173 2595 316 2669 quod
348 2601 864 2669 superwdiﬁcaverit,
896 2607 1179 2661 mercedem
1228 2610 1464 2678 accipiet.
1508 2610 1567 2666 Si
1605 2614 1755 2684 cujus

175 2704 307 2758 opus
332 2686 541 2757 arserit,
565 2684 934 2765 detrimentum
964 2701 1213 2766 patietur,
1244 2701 1350 2771 ipse
1378 2713 1553 2760 tamen
1579 2706 1755 2770 salvus

174 2783 297 2849 erit,
323 2785 398 2839 sic
426 2794 603 2842 tamen
627 2788 781 2858 quasi
800 2805 895 2859 per
914 2790 1085 2861 ignem
1131 2791 1182 2864 (Ι
1206 2791 1328 2848 Cor.
1357 2796 1462 2865 nt).
1498 2796 1755 2864 Quamvis

176 2864 280 2930 hoc
310 2876 376 2930 de
402 2876 524 2946 igne
553 2878 911 2935 tribulationis
954 2881 1006 2935 in
1037 2883 1139 2938 hac
1175 2885 1329 2939 nobis
1355 2887 1465 2941 vita
1494 2889 1755 2951 adhibitio

174 2967 345 3034 possit
381 2961 623 3037 intelligi,
657 2976 836 3022 tamen
882 2971 1159 3041 siquibus
1208 2974 1324 3030 hmo
1364 2975 1525 3047 digne
1560 2980 1752 3036 futura:

171 3055 512 3127 purgationis
552 3047 802 3127 accipiai,
849 3048 1184 3129 pensandum
1217 3064 1445 3121 sollicite
1488 3076 1592 3135 est,
1624 3072 1748 3139 quia

174 3145 323 3214 illum
358 3142 491 3202 dixit
513 3165 611 3220 per
641 3144 821 3221 ignem
842 3167 1010 3231 posse
1040 3153 1261 3219 salvari,
1305 3172 1411 3212 non
1452 3159 1545 3227 qui
1591 3142 1793 3231 super;

175 3237 280 3293 hoc
298 3230 703 3295 fundamentum
728 3226 955 3309 ferrum,
969 3259 1068 3309 ars,
1087 3244 1170 3298 vel
1199 3226 1485 3316 plumbum,
1499 3226 1751 3318 tedifieat,

167 3329 229 3389 id
248 3340 330 3385 est
357 3342 581 3404 peccata
611 3332 838 3403 majora,
854 3335 1055 3391 idcirco
1067 3338 1306 3405 duriora,
1323 3349 1484 3410 atque
1499 3351 1627 3398 tunc
1639 3343 1753 3412 jam

170 3424 623 3492 insolubilia,sed
651 3427 816 3498 ligna,
863 3427 1069 3496 fenum,
1108 3432 1381 3503 stipulam,
1426 3435 1479 3492 id
1509 3446 1596 3493 est
1623 3454 1751 3509 pec+
1848 3424 1857 3453 ⁵

89 3590 94 3595 θ
168 3527 292 3593 cata
321 3510 545 3575 minima
570 3529 733 3590 atque
757 3522 1056 3590 levissima,
1088 3542 1211 3596 qua
1231 3528 1388 3585 facile
1410 3529 1535 3600 igne
1560 3547 1754 3588 consu,

166 3618 415 3666 muntur.
444 3602 736 3669 sciendum
783 3622 963 3670 tamen
1009 3616 1114 3671 hoc
1141 3627 1225 3673 est
1261 3619 1386 3688 quia
1422 3620 1529 3676 illic
1559 3623 1750 3678 saltem

166 3703 239 3758 de
277 3702 517 3759 minimis
564 3704 639 3759 nil
676 3705 912 3776 "quisque
954 3709 1294 3779 purgationis
1334 3712 1619 3777 obtinebit,
1652 3716 1753 3770 nisi

163 3793 326 3848 bonis
364 3794 468 3849 hoc
493 3796 709 3850 actibus
736 3795 790 3850 in
820 3796 925 3851 hac
953 3798 1134 3853 adhuc
1161 3800 1273 3854 vita
1300 3801 1525 3870 positus,
1552 3812 1610 3858 ut
1642 3804 1752 3861 illic

163 3878 428 3944 obtineat,
456 3872 851 3950 promereatur.

739 3970 771 4013 ³
799 4008 1030 4068 canor
1060 4003 1121 4068 η.

172 4120 246 4175 De
267 4118 532 4177 salvandis
552 4120 869 4200 per-ignem,
898 4125 953 4200 id
974 4135 1048 4179 est
1081 4126 1144 4180 de
1169 4125 1248 4181 his
1272 4129 1359 4198 qui
1382 4146 1538 4200 super
1561 4124 1755 4199 funda-

164 4205 173 4211 '
240 4203 489 4269 mentum,
531 4188 775 4269 quodest
807 4188 1075 4269 Christus,
1104 4188 1316 4264 aurum,
1343 4188 1636 4269 argentum,
1670 4201 1749 4254 lu-

176 4310 183 4323 ,
236 4263 398 4339 oides_
424 4264 701 4339 pretiosos,
746 4280 838 4318 seu
876 4276 924 4318 et
959 4269 1025 4319 de
1059 4268 1139 4320 his
1177 4270 1267 4339 qui
1303 4263 1527 4339 lignum,
1555 4263 1751 4330 fenum.

168 4386 177 4395 ,
238 4333 485 4404 stipulam
513 4333 803 4403 aediﬁcant.

168 4478 209 4497 ν.
240 4461 315 4518 De
366 4462 449 4518 his
486 4464 577 4534 qui
630 4445 1062 4534 Superaadilicant
1102 4480 1266 4538 super
1311 4466 1743 4536 fundamentum,
1770 4450 1851 4512 Π.

167 4555 309 4626 quod
342 4564 427 4609 est
472 4554 742 4620 Christus,
795 4569 900 4609 non
937 4571 1149 4623 aurum,
1192 4567 1495 4630 argentum,
1542 4559 1750 4630 lapides

168 4646 451 4717 pretiosos,
483 4645 576 4700 sed
606 4645 832 4716 lignum,
861 4645 1062 4711 fenum,
1094 4650 1378 4721 stipulam;
1400 4652 1466 4707 de
1498 4652 1581 4707 his
1603 4655 1745 4709 enim
1844 4712 1851 4721 ,

167 4738 368 4795 dictum
395 4744 479 4791 est
502 4737 645 4805 quod
668 4753 765 4808 per
787 4738 967 4809 ignem
1002 4739 1137 4799 salvi
1168 4751 1347 4808 erunt,
1393 4758 1519 4799 cum
1555 4744 1749 4815 funda.-

165 4829 331 4884 menti
362 4829 556 4884 merito
586 4845 693 4885 non
740 4832 1010 4900 peribunt.
1050 4832 1142 4889 Sic
1181 4842 1267 4889 est
1313 4835 1745 4909 intelligendum,

165 4926 225 4972 nt
272 4914 358 4973 his
407 4917 707 4975 manifestis
768 4934 881 4977 non
941 4923 1229 4978 videantur
1282 4936 1403 4980 esse
1452 4932 1743 4985 contraria.

164 5009 331 5079 Ligna
356 5009 553 5081 quippe
579 5019 634 5065 et
668 5009 870 5079 fenum,
914 5022 969 5069 et
1016 5014 1210 5083 stipula
1242 5031 1349 5070 non
1393 5018 1626 5076 absurde
1648 5036 1746 5077 ac-

163 5100 270 5171 cipi
316 5111 541 5173 possunt
589 5119 768 5160 rerum
801 5105 1138 5162 saecularium
1174 5098 1426 5178 quamvis
1452 5110 1597 5167 licite
1619 5128 1748 5171 con—

163 5205 457 5246 ccssarum.
475 5184 633 5247 Tales
664 5193 989 5264 cupiditates
1004 5204 1184 5252 autem
1206 5198 1405 5265 amitti,
1434 5200 1551 5255 sine
1576 5186 1744 5258 animi

163 5283 345 5340 dolore
366 5296 481 5339 ’non
514 5294 759 5356 possunt.
808 5286 942 5342 Cum
983 5298 1164 5344 autem
1214 5289 1319 5345 iste
1345 5289 1498 5346 dolor
1538 5292 1669 5360 urit,
1699 5277 1745 5351 si

161 5374 409 5432 Christus
434 5378 487 5431 in
513 5379 678 5434 corde
699 5374 1033 5436 fundamenti
1061 5383 1227 5439 habet
1255 5382 1453 5450 locum,
1481 5368 1535 5440 id
1561 5395 1662 5452 est,
1686 5395 1747 5443 ut

162 5468 294 5525 nihil
315 5470 363 5525 ei
399 5480 783 5543 anteponatur,
821 5481 875 5529 et
910 5474 1063 5531 malit
1095 5476 1279 5543 homo,
1309 5482 1401 5549 qui
1431 5480 1524 5535 tali
1560 5462 1745 5540 dolore

164 5559 356 5642 uritur,
405 5561 566 5618 rebus
602 5579 738 5634 quas
781 5564 854 5619 ita
901 5565 1098 5636 diligit,
1142 5566 1315 5639 magis
1359 5584 1548 5627 carere
1579 5587 1740 5642 quam

163 5640 394 5720 Christo,
422 5651 518 5726 per
540 5652 717 5727 ignem
763 5654 822 5709 ﬁt
848 5655 1049 5712 salvus.
1076 5656 1131 5712 Si
1159 5667 1339 5714 autem
1367 5674 1454 5716 res
1475 5640 1737 5742 ejusmodi

1856 1840 1938 1885 est
1970 1849 1983 1884 :
2020 1828 2161 1885 Vasa
2201 1831 2352 1902 ﬁguli
2388 1833 2572 1902 probat
2626 1833 2820 1900 famas:
2843 1872 2858 1897 ,
2902 1841 2953 1885 et
3001 1829 3232 1886 homines
3263 1829 3438 1899 justas

1855 1920 2073 1975 tentatio
2104 1922 2458 1987 tribulationis
2490 1922 2681 1993 (Eccli.
2714 1920 2907 1994 xxv").
2943 1920 3051 1977 Iste
3088 1921 3230 1992 ignis
3255 1920 3309 1975 in
3336 1921 3439 1976 hac

1856 2012 2075 2067 interim
2110 2013 2221 2066 vita
2259 2012 2425 2077 facit,
2474 2014 2616 2083 quod
2646 2012 2933 2083 Apostolus
2962 2012 3049 2067 ait
3078 2029 3092 2065 :
3121 2010 3179 2066 Si
3215 2010 3441 2068 accedat

1855 2101 2065 2156 duobus
2101 2102 2367 2166 fidelibus,
2391 2104 2482 2156 uni
2511 2102 2718 2158 scilicet
2737 2102 2997 2173 cogitanti
3018 2108 3137 2170 qua:
3165 2109 3292 2156 sunt
3319 2099 3437 2166 Dei,

1855 2192 2129 2260 quomodo
2183 2192 2394 2263 placeat
2444 2192 2556 2249 Deo
2580 2234 2597 2260 ,
2651 2195 2754 2250 hoc
2803 2201 2887 2249 est
2935 2192 3222 2253 aedificanti
3276 2205 3439 2262 super

1853 2281 2130 2338 Christum
2160 2282 2588 2353 fundamentum,
2627 2299 2842 2350 aurum,
2888 2290 3193 2355 argentum,
3225 2282 3432 2361 lapides

1854 2376 2121 2444 pretiosos
2159 2394 2174 2431 :
2207 2376 2365 2431 alteri
2397 2387 2575 2432 autem
2615 2378 2873 2449 cogitanti
2908 2384 3184 2447 quaesnnt
3222 2375 3433 2440 mundi,

1852 2464 2126 2539 quomodo
2175 2473 2389 2541 placeat
2429 2474 2603 2539 uxori,
2656 2474 2760 2529 hoc
2804 2482 2893 2537 est
2938 2473 3226 2528 aedificanti
3278 2486 3439 2542 super

1856 2560 2281 2628 fundamentum,
2333 2562 2494 2632 ligna,
2548 2565 2750 2627 fenum,
2800 2564 3077 2635 stipulam,
3136 2564 3279 2620 illius
3302 2579 3439 2635 opus

1856 2667 1961 2707 non
1988 2653 2252 2718 exuritur,
2284 2653 2410 2723 quia
2438 2669 2544 2723 non
2580 2669 2645 2710 ea
2675 2654 2863 2709 dilexit
2890 2671 3118 2726 quorum
3146 2655 3439 2710 amissione

1852 2744 2147 2819 crucietur.
2172 2743 2432 2799 Exuritur
2451 2753 2630 2799 autem
2664 2744 2823 2814 hujus
2842 2761 2977 2817 Opus
2995 2787 3010 2812 ,
3034 2746 3296 2819 quoniam
3323 2744 3441 2831 sine

1856 2816 2041 2887 dolore
2064 2850 2169 2888 non
2198 2845 2446 2904 pereunt.
2493 2848 2612 2905 quae
2643 2850 2764 2891 cum
2802 2852 2986 2891 amore
3015 2852 3264 2907 possessa
3292 2822 3439 2893 sunt.

1848 2920 1963 2980 .Sed
1981 2925 2234 2992 quoniam
2256 2924 2515 2980 alterutra
2532 2928 2841 2993 conditione
2857 2928 3151 2999 proposita,
3167 2928 3246 2982 eis
3258 2927 3444 2982 mallet

1857 3029 2044 3080 carere
2069 3031 2229 3085 quam
2266 3017 2507 3085 Christo,
2537 3034 2637 3074 nec
2664 3019 2858 3075 timore
2882 3022 3163 3077 amittendi
3193 3020 3317 3075 talia
3343 3022 3439 3095 de-

1780 3076 1824 3185 ?
1851 3072 1991 3159 serit
2014 3072 2308 3174 Christum,
2341 3110 2591 3177 quamvis
2623 3110 2802 3165 doleat
2838 3126 2961 3166 cum
2990 3112 3213 3179 amittit,
3259 3090 3440 3186 salvus

1854 3203 1938 3256 est
1957 3197 2191 3264 quidem,
2217 3198 2297 3253 sic
2319 3208 2495 3254 tamen
2520 3202 2672 3271 quasi
2698 3217 2797 3271 per
2815 3202 3019 3273 ignem,
3038 3204 3164 3275 quia
3186 3205 3294 3259 urit
3315 3220 3438 3265 eum

1855 3284 2006 3362 dolor
2054 3303 2233 3341 rerum
2281 3303 2416 3358 quas
2458 3291 2726 3346 dilexerat
2768 3293 3087 3349 amissarum
3124 3334 3137 3360 ,
3187 3297 3281 3352 sed
3329 3313 3437 3353 non

1853 3377 2140 3453 subvertit,
2183 3394 2361 3449 neque
2394 3383 2667 3438 consumit
2702 3374 3035 3441 fundamenti
3064 3387 3436 3458 stabilitatem,

1856 3478 2018 3539 atque
2074 3472 2480 3543 incorruptione
2530 3478 2825 3544 munitum,
2870 3480 2972 3535 tale
3022 3481 3225 3553 aliquid
3273 3486 3437 3545 etiam

1850 3570 1975 3634 post
2010 3564 2150 3619 hanc
2172 3566 2336 3620 vitam
2374 3568 2490 3623 ﬁeri
2536 3570 2859 3637 incredibile
2886 3588 2993 3629 non
3023 3556 3129 3631 est.
3162 3575 3230 3631 Et
3259 3585 3438 3637 utrum

1856 3651 1930 3706 ita
1963 3653 2032 3727 sit
2060 3656 2227 3723 quaeri
2252 3666 2448 3727 potest,
2490 3666 2542 3714 et
2575 3669 2670 3714 aut
2707 3661 2950 3718 invenire
2977 3673 3071 3725 aut
3102 3666 3273 3723 latere
3302 3650 3440 3726 nonv

1852 3742 2029 3797 nullos
2085 3745 2269 3800 ﬁdeles
2320 3762 2417 3817 per
2468 3749 2647 3818 ignem
2688 3738 2975 3821 quemdam
3040 3759 3435 3829 purgatarium.

1849 3832 2094 3915 .(Qnanto
2126 3837 2299 3908 magis
2336 3839 2583 3896 minusve
2611 3843 2751 3897 bona
2780 3847 3064 3915 pereuntia
3090 3847 3430 3918 dilexerunt;

1856 3932 2007 3978 tanto
2047 3926 2251 4005 tardius
2286 3928 2555 4001 citiusque
2601 3933 2848 4006 salvari)
2899 3952 3006 3993 non
3050 3946 3231 3996 tamen
3280 3940 3434 4008 tales,

1848 4002 1921 4068 de
1951 4008 2145 4076 quibus
2179 4002 2381 4073 dictum
2423 4031 2507 4075 est
2562 4024 2705 4093 quod
2736 4002 2963 4095 regnum
2991 4028 3087 4083 Dei
3123 4016 3230 4092 non
3256 4002 3435 4101 posst;

1855 4105 2076 4175 debunt,
2108 4111 2210 4166 nisi
2254 4115 2640 4171 convenienter
2686 4120 3075 4188 paenitentibus
3096 4123 3295 4178 eadem
3328 4124 3436 4179 cri-

1858 4199 2001 4252 mina
2025 4201 2386 4258 remittantur.
2430 4205 2828 4265 Convenienter
2854 4219 3035 4266 autem
3066 4212 3201 4278 dixi,
3234 4221 3292 4267 ut
3318 4222 3431 4269 ste-

1856 4288 1983 4344 riles
2009 4292 2064 4346 in
2094 4293 2451 4366 eleemosynis
2476 4314 2580 4355 non
2607 4301 2735 4361 sint.
2998 4288 3003 4289 ί

2466 4428 2696 4486 CAPUT
2731 4432 2819 4486 lll.

1845 4530 2008 4600 Quod
2036 4535 2171 4619 alter
2195 4538 2261 4593 sit
2297 4540 2431 4609 ignis
2452 4542 2809 4620 purgatorius,
2848 4543 2980 4599 alter
3006 4543 3095 4620 ille
3129 4550 3429 4620 perpetuus,

2079 4609 2137 4660 in
2161 4623 2263 4679 quo
2289 4609 2583 4678 peccatores
2607 4613 2721 4667 sine
2746 4613 2850 4683 fine
2873 4609 3211 4671 cruciantur.-

1846 4735 1854 4831 ξ
1920 4738 2072 4797 Alter
2098 4744 2242 4798 enim
2285 4753 2369 4800 est
2414 4746 2553 4820 ignis
2579 4747 2667 4805 ille
2708 4746 2944 4816 futurus,
2987 4748 3053 4831 de
3075 4767 3183 4822 quo
3225 4752 3427 4825 impiis,

1847 4826 2078 4891 Domino
2109 4836 2412 4907 jndicante,
2454 4840 2742 4897 dicendum
2770 4850 2856 4898 est
2897 4861 2911 4897 :
2952 4826 3215 4900 Discedite
3263 4865 3296 4902 a
3326 4866 3430 4917 me,

1843 4920 2134 5001 maledicti,
2159 4930 2213 4985 in
2236 4932 2407 5002 ignem
2433 4942 2705 4988 teternum.
2736 4934 2890 4990 Alter
2920 4935 3022 4991 iste
3049 4937 3141 5009 qui
3177 4948 3431 5011 purgato-

1851 5017 1964 5072 rius
2009 5020 2225 5089 proprie
2266 5021 2588 5092 appellatur,
2623 5011 2845 5094 propter
2890 5039 2984 5080 eos
3019 5026 3111 5097 qui
3158 5041 3257 5096 per
3301 5044 3427 5086 eum

1852 5105 1981 5164 salvi
2010 5107 2163 5163 fiunt.
2195 5108 2298 5174 Pet:
2330 5111 2477 5166 illum
2502 5112 2645 5167 enim
2675 5113 2765 5183 qui
2794 5113 3008 5170 futurus
3028 5125 3114 5171 est
3137 5100 3427 5188 impiorum

1851 5198 2031 5255 nullus
2073 5200 2387 5267 salvabitur,
2430 5203 2579 5272 quia,
2622 5202 2777 5273 juxta
2822 5204 2964 5276 quod
3012 5206 3272 5278 scriptum
3307 5215 3423 5277 est,

1851 5290 2010 5346 Ibunt
2031 5292 2086 5346 hi
2112 5295 2166 5346 in
2192 5292 2364 5364 ignem
2394 5303 2668 5349 (sternam.
2699 5294 2806 5350 Per
2841 5295 3004 5355 istum
3033 5306 3214 5373 autem
3245 5299 3423 5370 ignem

1842 5374 1942 5454 iqui
1969 5393 2024 5439 et
2052 5385 2245 5454 probat
2271 5392 2325 5439 et
2371 5395 2585 5455 purgat,
2624 5382 2849 5442 salva'tio
2886 5391 3224 5461 promittitur
3243 5390 3419 5444 mani-

1846 5474 2008 5541 festa,
2038 5476 2103 5530 de
2131 5490 2239 5546 quo
2265 5476 2465 5531 dictant
2496 5486 2579 5533 est
2606 5496 2619 5532 :
2650 5478 2775 5534 Dies
2797 5482 2935 5534 enim
2964 5480 3273 5546 dect-arabit,
3294 5480 3422 5551 quia

1845 5567 1897 5620 in
1932 5552 2049 5638 igne
2092 5566 2423 5645 revelabitur,
2463 5579 2509 5623 et
2538 5571 2945 5643 uniuscujusque
2992 5587 3120 5642 Opus
3145 5570 3298 5640 quale
3327 5573 3414 5638 sit,

1842 5662 1976 5732 ignis
2026 5660 2260 5732 probabit
2301 5660 2353 5736 (1
2382 5660 2503 5716 Cor.
2544 5664 2647 5737 tn).
2698 5663 2752 5718 In
2795 5663 2939 5717 illum
2970 5662 3126 5749 enim.
3155 5672 3416 5749 aeternum
