  <div class='ocr_page' id='page_1' title='image "/cluster/home/n/w/nwhite01/storage/ocr_20150623/118/hvd.32044015466907/473.png"; bbox 0 0 4020 6338; ppageno 0'>
   <div class='ocr_carea' id='block_1_1' title="bbox 613 329 720 387">
    <p class='ocr_par' dir='ltr' id='par_1_1' title="bbox 613 329 720 387">
     <span class='ocr_line' id='line_1_1' title="bbox 613 329 720 387; baseline -0.009 0"><span class='ocrx_word' id='word_1_1' title='bbox 613 329 720 387; x_wconf 74' lang='lat'><strong>935</strong></span> 
     </span>
    </p>
   </div>
   <div class='ocr_carea' id='block_1_2' title="bbox 1100 284 3375 382">
    <p class='ocr_par' dir='ltr' id='par_1_2' title="bbox 1100 284 3375 382">
     <span class='ocr_line' id='line_1_2' title="bbox 1100 284 3375 382; baseline -0.005 0"><span class='ocrx_word' id='word_1_2' title='bbox 1100 321 1448 382; x_wconf 76' lang='lat' dir='ltr'><strong>HAYMONIS</strong></span> <span class='ocrx_word' id='word_1_3' title='bbox 1480 319 1956 379; x_wconf 80' lang='lat' dir='ltr'><strong>HALBERSTAT.</strong></span> <span class='ocrx_word' id='word_1_4' title='bbox 1995 317 2208 376; x_wconf 83' lang='lat' dir='ltr'><strong>EPISC.</strong></span> <span class='ocrx_word' id='word_1_5' title='bbox 2246 284 2398 373; x_wconf 78' lang='lat' dir='ltr'><strong>OPP.</strong></span> <span class='ocrx_word' id='word_1_6' title='bbox 2437 315 2616 373; x_wconf 83' lang='lat' dir='ltr'><strong>PARS</strong></span> <span class='ocrx_word' id='word_1_7' title='bbox 2652 315 2740 372; x_wconf 83' lang='grc' dir='ltr'><strong>ιιι.</strong></span> <span class='ocrx_word' id='word_1_8' title='bbox 2771 344 2842 357; x_wconf 89' lang='grc'><strong>-</strong></span> <span class='ocrx_word' id='word_1_9' title='bbox 2880 313 3375 372; x_wconf 78' lang='lat' dir='ltr'><strong>MISCELLANEA.</strong></span> 
     </span>
    </p>
   </div>
   <div class='ocr_carea' id='block_1_3' title="bbox 3812 315 3910 372">
    <p class='ocr_par' dir='ltr' id='par_1_3' title="bbox 3812 315 3910 372">
     <span class='ocr_line' id='line_1_3' title="bbox 3812 315 3910 372; baseline 0 0"><span class='ocrx_word' id='word_1_10' title='bbox 3812 315 3910 372; x_wconf 68' lang='grc' dir='ltr'><strong>θ’σὸ</strong></span> 
     </span>
    </p>
   </div>
   <div class='ocr_carea' id='block_1_4' title="bbox 617 429 3908 516">
    <p class='ocr_par' dir='ltr' id='par_1_4' title="bbox 617 429 3908 516">
     <span class='ocr_line' id='line_1_4' title="bbox 617 429 3908 516; baseline -0.004 -18"><span class='ocrx_word' id='word_1_11' title='bbox 617 443 797 516; x_wconf 89' lang='lat' dir='ltr'><strong>ignem</strong></span> <span class='ocrx_word' id='word_1_12' title='bbox 823 440 923 497; x_wconf 89' lang='lat' dir='ltr'><strong>soli</strong></span> <span class='ocrx_word' id='word_1_13' title='bbox 944 438 1148 494; x_wconf 87' lang='lat' dir='ltr'><strong>sinistri</strong></span> <span class='ocrx_word' id='word_1_14' title='bbox 1170 437 1460 491; x_wconf 84' lang='lat' dir='ltr'><strong>novissima</strong></span> <span class='ocrx_word' id='word_1_15' title='bbox 1484 443 1539 490; x_wconf 92' lang='lat' dir='ltr'><strong>et</strong></span> <span class='ocrx_word' id='word_1_16' title='bbox 1558 443 1817 508; x_wconf 76' lang='lat' dir='ltr'><strong>perpetua</strong></span> <span class='ocrx_word' id='word_1_17' title='bbox 1839 433 2186 488; x_wconf 79' lang='lat' dir='ltr'><strong>damnatione</strong></span> <span class='ocrx_word' id='word_1_18' title='bbox 2213 431 2265 492; x_wconf 79' lang='grc' dir='ltr'><strong>Α</strong></span> <span class='ocrx_word' id='word_1_19' title='bbox 2291 437 2504 486; x_wconf 91' lang='lat' dir='ltr'><strong>mortua</strong></span> <span class='ocrx_word' id='word_1_20' title='bbox 2544 437 2629 485; x_wconf 87' lang='lat' dir='ltr'><strong>est</strong></span> <span class='ocrx_word' id='word_1_21' title='bbox 2671 429 2724 484; x_wconf 93' lang='lat' dir='ltr'><strong>in</strong></span> <span class='ocrx_word' id='word_1_22' title='bbox 2772 430 3060 500; x_wconf 87' lang='lat' dir='ltr'><strong>semetipsa</strong></span> <span class='ocrx_word' id='word_1_23' title='bbox 3090 431 3182 500; x_wconf 87' lang='lat' dir='ltr'><strong>qui</strong></span> <span class='ocrx_word' id='word_1_24' title='bbox 3215 446 3431 486; x_wconf 84' lang='lat' dir='ltr'><strong>rursum</strong></span> <span class='ocrx_word' id='word_1_25' title='bbox 3461 431 3540 486; x_wconf 93' lang='lat' dir='ltr'><strong>ait</strong></span> <span class='ocrx_word' id='word_1_26' title='bbox 3565 447 3580 484; x_wconf 93' lang='lat'><strong>:</strong></span> <span class='ocrx_word' id='word_1_27' title='bbox 3612 430 3691 486; x_wconf 86' lang='lat' dir='ltr'><strong>Si</strong></span> <span class='ocrx_word' id='word_1_28' title='bbox 3749 431 3908 499; x_wconf 63' lang='lat' dir='ltr'><strong>ﬁdem</strong></span> 
     </span>
    </p>
   </div>
   <div class='ocr_carea' id='block_1_5' title="bbox 621 523 2190 595">
    <p class='ocr_par' dir='ltr' id='par_1_5' title="bbox 621 523 2190 595">
     <span class='ocr_line' id='line_1_5' title="bbox 621 523 2190 595; baseline -0.007 -9"><span class='ocrx_word' id='word_1_29' title='bbox 621 534 922 587; x_wconf 86' lang='lat' dir='ltr'><strong>mittentur.</strong></span> <span class='ocrx_word' id='word_1_30' title='bbox 970 528 1074 583; x_wconf 83' lang='lat' dir='ltr'><strong>Iste</strong></span> <span class='ocrx_word' id='word_1_31' title='bbox 1121 535 1298 580; x_wconf 87' lang='lat' dir='ltr'><strong>autem</strong></span> <span class='ocrx_word' id='word_1_32' title='bbox 1355 525 1493 595; x_wconf 94' lang='lat' dir='ltr'><strong>ignis</strong></span> <span class='ocrx_word' id='word_1_33' title='bbox 1538 523 1882 594; x_wconf 89' lang='lat' dir='ltr'><strong>purgatorius</strong></span> <span class='ocrx_word' id='word_1_34' title='bbox 1938 523 2190 576; x_wconf 78' lang='lat' dir='ltr'><strong>dexteros</strong></span> 
     </span>
    </p>
   </div>
   <div class='ocr_carea' id='block_1_6' title="bbox 621 610 2192 693">
    <p class='ocr_par' dir='ltr' id='par_1_6' title="bbox 621 610 2192 693">
     <span class='ocr_line' id='line_1_6' title="bbox 621 610 2192 693; baseline -0.008 -16"><span class='ocrx_word' id='word_1_35' title='bbox 621 623 834 693; x_wconf 85' lang='lat' dir='ltr'><strong>probat,</strong></span> <span class='ocrx_word' id='word_1_36' title='bbox 877 620 970 674; x_wconf 85' lang='lat' dir='ltr'><strong>sed</strong></span> <span class='ocrx_word' id='word_1_37' title='bbox 1016 617 1150 672; x_wconf 89' lang='lat' dir='ltr'><strong>alios</strong></span> <span class='ocrx_word' id='word_1_38' title='bbox 1192 631 1378 671; x_wconf 88' lang='lat' dir='ltr'><strong>eorum</strong></span> <span class='ocrx_word' id='word_1_39' title='bbox 1434 615 1510 670; x_wconf 91' lang='lat' dir='ltr'><strong>sic</strong></span> <span class='ocrx_word' id='word_1_40' title='bbox 1554 614 1749 684; x_wconf 90' lang='lat' dir='ltr'><strong>probat</strong></span> <span class='ocrx_word' id='word_1_41' title='bbox 1797 621 1857 667; x_wconf 94' lang='lat' dir='ltr'><strong>ut</strong></span> <span class='ocrx_word' id='word_1_42' title='bbox 1904 610 2192 666; x_wconf 72' lang='lat' dir='ltr'><strong>mdilicium</strong></span> 
     </span>
    </p>
   </div>
   <div class='ocr_carea' id='block_1_7' title="bbox 622 703 2194 784">
    <p class='ocr_par' dir='ltr' id='par_1_7' title="bbox 622 703 2194 784">
     <span class='ocr_line' id='line_1_7' title="bbox 622 703 2194 784; baseline -0.006 -17"><span class='ocrx_word' id='word_1_43' title='bbox 622 712 763 784; x_wconf 92' lang='lat' dir='ltr'><strong>quod</strong></span> <span class='ocrx_word' id='word_1_44' title='bbox 809 726 969 780; x_wconf 80' lang='lat' dir='ltr'><strong>supra</strong></span> <span class='ocrx_word' id='word_1_45' title='bbox 1001 707 1202 764; x_wconf 90' lang='lat' dir='ltr'><strong>Christi</strong></span> <span class='ocrx_word' id='word_1_46' title='bbox 1250 706 1659 760; x_wconf 82' lang='lat' dir='ltr'><strong>fundamentum</strong></span> <span class='ocrx_word' id='word_1_47' title='bbox 1703 704 1770 758; x_wconf 90' lang='lat' dir='ltr'><strong>ab</strong></span> <span class='ocrx_word' id='word_1_48' title='bbox 1802 703 1882 759; x_wconf 90' lang='lat' dir='ltr'><strong>eis</strong></span> <span class='ocrx_word' id='word_1_49' title='bbox 1924 703 2194 758; x_wconf 83' lang='lat' dir='ltr'><strong>invenerit</strong></span> 
     </span>
    </p>
   </div>
   <div class='ocr_carea' id='block_1_8' title="bbox 622 792 2195 864">
    <p class='ocr_par' dir='ltr' id='par_1_8' title="bbox 622 792 2195 864">
     <span class='ocr_line' id='line_1_8' title="bbox 622 792 2195 864; baseline -0.008 -5"><span class='ocrx_word' id='word_1_50' title='bbox 622 817 743 860; x_wconf 87' lang='lat' dir='ltr'><strong>esse</strong></span> <span class='ocrx_word' id='word_1_51' title='bbox 776 807 1162 862; x_wconf 88' lang='lat' dir='ltr'><strong>constructum,</strong></span> <span class='ocrx_word' id='word_1_52' title='bbox 1187 812 1293 852; x_wconf 87' lang='lat' dir='ltr'><strong>non</strong></span> <span class='ocrx_word' id='word_1_53' title='bbox 1318 805 1511 852; x_wconf 79' lang='lat' dir='ltr'><strong>exurat</strong></span> <span class='ocrx_word' id='word_1_54' title='bbox 1530 804 1692 864; x_wconf 88' lang='lat' dir='ltr'><strong>atque</strong></span> <span class='ocrx_word' id='word_1_55' title='bbox 1723 800 2024 849; x_wconf 85' lang='lat' dir='ltr'><strong>consumat.</strong></span> <span class='ocrx_word' id='word_1_56' title='bbox 2046 792 2195 847; x_wconf 86' lang='lat' dir='ltr'><strong>Alios</strong></span> 
     </span>
    </p>
   </div>
   <div class='ocr_carea' id='block_1_9' title="bbox 623 883 2194 958">
    <p class='ocr_par' dir='ltr' id='par_1_9' title="bbox 623 883 2194 958">
     <span class='ocr_line' id='line_1_9' title="bbox 623 883 2194 958; baseline -0.01 -8"><span class='ocrx_word' id='word_1_57' title='bbox 623 901 804 950; x_wconf 90' lang='lat' dir='ltr'><strong>autem</strong></span> <span class='ocrx_word' id='word_1_58' title='bbox 843 891 962 956; x_wconf 87' lang='lat' dir='ltr'><strong>alit,</strong></span> <span class='ocrx_word' id='word_1_59' title='bbox 1006 890 1059 945; x_wconf 88' lang='lat' dir='ltr'><strong>id</strong></span> <span class='ocrx_word' id='word_1_60' title='bbox 1104 896 1211 954; x_wconf 88' lang='lat' dir='ltr'><strong>est,</strong></span> <span class='ocrx_word' id='word_1_61' title='bbox 1239 897 1299 941; x_wconf 95' lang='lat' dir='ltr'><strong>ut</strong></span> <span class='ocrx_word' id='word_1_62' title='bbox 1328 887 1470 958; x_wconf 94' lang='lat' dir='ltr'><strong>quod</strong></span> <span class='ocrx_word' id='word_1_63' title='bbox 1503 883 2063 956; x_wconf 62' lang='lat' dir='ltr'><strong>supersedilicaveruut</strong></span> <span class='ocrx_word' id='word_1_64' title='bbox 2104 897 2194 936; x_wconf 91' lang='lat' dir='ltr'><strong>ar-</strong></span> 
     </span>
    </p>
   </div>
   <div class='ocr_carea' id='block_1_10' title="bbox 627 971 2196 1049">
    <p class='ocr_par' dir='ltr' id='par_1_10' title="bbox 627 971 2196 1049">
     <span class='ocr_line' id='line_1_10' title="bbox 627 971 2196 1049; baseline -0.01 -8"><span class='ocrx_word' id='word_1_65' title='bbox 627 987 769 1047; x_wconf 84' lang='lat' dir='ltr'><strong>deat,</strong></span> <span class='ocrx_word' id='word_1_66' title='bbox 800 981 1165 1049; x_wconf 87' lang='lat' dir='ltr'><strong>damnumque</strong></span> <span class='ocrx_word' id='word_1_67' title='bbox 1204 977 1328 1032; x_wconf 86' lang='lat' dir='ltr'><strong>inde</strong></span> <span class='ocrx_word' id='word_1_68' title='bbox 1355 976 1646 1047; x_wconf 89' lang='lat' dir='ltr'><strong>patiantur.</strong></span> <span class='ocrx_word' id='word_1_69' title='bbox 1677 972 1821 1029; x_wconf 87' lang='lat' dir='ltr'><strong>Salvi</strong></span> <span class='ocrx_word' id='word_1_70' title='bbox 1861 971 1992 1026; x_wconf 83' lang='lat' dir='ltr'><strong>ﬁant</strong></span> <span class='ocrx_word' id='word_1_71' title='bbox 2015 979 2196 1026; x_wconf 87' lang='lat' dir='ltr'><strong>autem</strong></span> 
     </span>
    </p>
   </div>
   <div class='ocr_carea' id='block_1_11' title="bbox 629 1062 2195 1144">
    <p class='ocr_par' dir='ltr' id='par_1_11' title="bbox 629 1062 2195 1144">
     <span class='ocr_line' id='line_1_11' title="bbox 629 1062 2195 1144; baseline -0.01 -15"><span class='ocrx_word' id='word_1_72' title='bbox 629 1074 720 1144; x_wconf 91' lang='lat' dir='ltr'><strong>qui</strong></span> <span class='ocrx_word' id='word_1_73' title='bbox 750 1071 1027 1127; x_wconf 85' lang='lat' dir='ltr'><strong>Christum</strong></span> <span class='ocrx_word' id='word_1_74' title='bbox 1050 1068 1104 1123; x_wconf 91' lang='lat' dir='ltr'><strong>in</strong></span> <span class='ocrx_word' id='word_1_75' title='bbox 1129 1067 1478 1122; x_wconf 78' lang='lat' dir='ltr'><strong>fundamento</strong></span> <span class='ocrx_word' id='word_1_76' title='bbox 1499 1064 1766 1119; x_wconf 85' lang='lat' dir='ltr'><strong>stabiliter</strong></span> <span class='ocrx_word' id='word_1_77' title='bbox 1794 1062 2027 1131; x_wconf 90' lang='lat' dir='ltr'><strong>positum</strong></span> <span class='ocrx_word' id='word_1_78' title='bbox 2055 1075 2195 1130; x_wconf 70' lang='lat' dir='ltr'><strong>prae-</strong></span> 
     </span>
    </p>
   </div>
   <div class='ocr_carea' id='block_1_12' title="bbox 627 1152 2199 1222">
    <p class='ocr_par' dir='ltr' id='par_1_12' title="bbox 627 1152 2199 1222">
     <span class='ocr_line' id='line_1_12' title="bbox 627 1152 2199 1222; baseline -0.011 -1"><span class='ocrx_word' id='word_1_79' title='bbox 627 1163 841 1221; x_wconf 88' lang='lat' dir='ltr'><strong>cellenti</strong></span> <span class='ocrx_word' id='word_1_80' title='bbox 872 1160 1134 1216; x_wconf 88' lang='lat' dir='ltr'><strong>charitate</strong></span> <span class='ocrx_word' id='word_1_81' title='bbox 1163 1163 1466 1213; x_wconf 91' lang='lat' dir='ltr'><strong>tenuerunt.</strong></span> <span class='ocrx_word' id='word_1_82' title='bbox 1513 1156 1596 1209; x_wconf 84' lang='lat' dir='ltr'><strong>Ab</strong></span> <span class='ocrx_word' id='word_1_83' title='bbox 1621 1153 1712 1209; x_wconf 91' lang='lat' dir='ltr'><strong>illo</strong></span> <span class='ocrx_word' id='word_1_84' title='bbox 1734 1153 1876 1208; x_wconf 90' lang='lat' dir='ltr'><strong>enim</strong></span> <span class='ocrx_word' id='word_1_85' title='bbox 1916 1152 2038 1222; x_wconf 85' lang='lat' dir='ltr'><strong>igne</strong></span> <span class='ocrx_word' id='word_1_86' title='bbox 2074 1165 2199 1221; x_wconf 87' lang='lat' dir='ltr'><strong>per-</strong></span> 
     </span>
    </p>
   </div>
   <div class='ocr_carea' id='block_1_13' title="bbox 626 1244 2198 1328">
    <p class='ocr_par' dir='ltr' id='par_1_13' title="bbox 626 1244 2198 1328">
     <span class='ocr_line' id='line_1_13' title="bbox 626 1244 2198 1328; baseline -0.011 -15"><span class='ocrx_word' id='word_1_87' title='bbox 626 1266 787 1328; x_wconf 90' lang='lat' dir='ltr'><strong>petuo</strong></span> <span class='ocrx_word' id='word_1_88' title='bbox 810 1268 968 1310; x_wconf 89' lang='lat' dir='ltr'><strong>nemo</strong></span> <span class='ocrx_word' id='word_1_89' title='bbox 1007 1251 1321 1308; x_wconf 89' lang='lat' dir='ltr'><strong>salvabitur.</strong></span> <span class='ocrx_word' id='word_1_90' title='bbox 1351 1249 1476 1318; x_wconf 81' lang='lat' dir='ltr'><strong>quia</strong></span> <span class='ocrx_word' id='word_1_91' title='bbox 1517 1247 1569 1301; x_wconf 92' lang='lat' dir='ltr'><strong>in</strong></span> <span class='ocrx_word' id='word_1_92' title='bbox 1598 1244 1915 1316; x_wconf 86' lang='lat' dir='ltr'><strong>supplicium</strong></span> <span class='ocrx_word' id='word_1_93' title='bbox 1937 1251 2198 1298; x_wconf 58' lang='lat' dir='ltr'><strong>aeternum</strong></span> 
     </span>
    </p>
   </div>
   <div class='ocr_carea' id='block_1_14' title="bbox 629 1333 2196 1408">
    <p class='ocr_par' dir='ltr' id='par_1_14' title="bbox 629 1333 2196 1408">
     <span class='ocr_line' id='line_1_14' title="bbox 629 1333 2196 1408; baseline -0.013 -5"><span class='ocrx_word' id='word_1_94' title='bbox 629 1347 701 1403; x_wconf 91' lang='lat' dir='ltr'><strong>illi</strong></span> <span class='ocrx_word' id='word_1_95' title='bbox 731 1359 918 1400; x_wconf 90' lang='lat' dir='ltr'><strong>omnes</strong></span> <span class='ocrx_word' id='word_1_96' title='bbox 944 1343 1120 1408; x_wconf 89' lang='lat' dir='ltr'><strong>ibunt,</strong></span> <span class='ocrx_word' id='word_1_97' title='bbox 1148 1340 1239 1394; x_wconf 88' lang='lat' dir='ltr'><strong>ubi</strong></span> <span class='ocrx_word' id='word_1_98' title='bbox 1265 1339 1450 1394; x_wconf 78' lang='lat' dir='ltr'><strong>vermis</strong></span> <span class='ocrx_word' id='word_1_99' title='bbox 1484 1353 1664 1392; x_wconf 89' lang='lat' dir='ltr'><strong>eorum</strong></span> <span class='ocrx_word' id='word_1_100' title='bbox 1694 1351 1798 1389; x_wconf 81' lang='lat' dir='ltr'><strong>non</strong></span> <span class='ocrx_word' id='word_1_101' title='bbox 1841 1333 2112 1396; x_wconf 88' lang='lat' dir='ltr'><strong>morietur,</strong></span> <span class='ocrx_word' id='word_1_102' title='bbox 2149 1337 2196 1384; x_wconf 86' lang='lat' dir='ltr'><strong>et</strong></span> 
     </span>
    </p>
   </div>
   <div class='ocr_carea' id='block_1_15' title="bbox 627 1431 1502 1509">
    <p class='ocr_par' dir='ltr' id='par_1_15' title="bbox 627 1431 1502 1509">
     <span class='ocr_line' id='line_1_15' title="bbox 627 1431 1502 1509; baseline -0.015 -15"><span class='ocrx_word' id='word_1_103' title='bbox 627 1439 763 1509; x_wconf 83' lang='lat' dir='ltr'><strong>ignis</strong></span> <span class='ocrx_word' id='word_1_104' title='bbox 786 1450 966 1492; x_wconf 86' lang='lat' dir='ltr'><strong>eorum</strong></span> <span class='ocrx_word' id='word_1_105' title='bbox 995 1450 1100 1488; x_wconf 81' lang='lat' dir='ltr'><strong>non</strong></span> <span class='ocrx_word' id='word_1_106' title='bbox 1129 1431 1502 1501; x_wconf 76' lang='lat' dir='ltr'><strong>exstinguetur.</strong></span> 
     </span>
    </p>
   </div>
   <div class='ocr_carea' id='block_1_16' title="bbox 1239 1559 1590 1620">
    <p class='ocr_par' dir='ltr' id='par_1_16' title="bbox 1239 1559 1590 1620">
     <span class='ocr_line' id='line_1_16' title="bbox 1239 1559 1590 1620; baseline -0.014 0"><span class='ocrx_word' id='word_1_107' title='bbox 1239 1562 1464 1620; x_wconf 83' lang='lat' dir='ltr'><strong>CAPUT</strong></span> <span class='ocrx_word' id='word_1_108' title='bbox 1499 1559 1590 1616; x_wconf 86' lang='lat' dir='ltr'><strong>IV.</strong></span> 
     </span>
    </p>
   </div>
   <div class='ocr_carea' id='block_1_17' title="bbox 630 1651 2202 1729">
    <p class='ocr_par' dir='ltr' id='par_1_17' title="bbox 630 1651 2202 1729">
     <span class='ocr_line' id='line_1_17' title="bbox 630 1651 2202 1729; baseline -0.008 -14"><span class='ocrx_word' id='word_1_109' title='bbox 630 1660 783 1728; x_wconf 83' lang='lat' dir='ltr'><strong>Quod</strong></span> <span class='ocrx_word' id='word_1_110' title='bbox 798 1660 850 1713; x_wconf 83' lang='lat' dir='ltr'><strong>hi</strong></span> <span class='ocrx_word' id='word_1_111' title='bbox 871 1657 960 1724; x_wconf 90' lang='lat' dir='ltr'><strong>qui</strong></span> <span class='ocrx_word' id='word_1_112' title='bbox 981 1657 1253 1729; x_wconf 79' lang='lat' dir='ltr'><strong>periguem</strong></span> <span class='ocrx_word' id='word_1_113' title='bbox 1276 1653 1634 1729; x_wconf 83' lang='lat' dir='ltr'><strong>purgatorium</strong></span> <span class='ocrx_word' id='word_1_114' title='bbox 1649 1651 1944 1729; x_wconf 76' lang='lat' dir='ltr'><strong>salvantur,</strong></span> <span class='ocrx_word' id='word_1_115' title='bbox 1961 1665 2065 1729; x_wconf 59' lang='lat' dir='ltr'><strong>non</strong></span> <span class='ocrx_word' id='word_1_116' title='bbox 2095 1662 2202 1729; x_wconf 81' lang='lat' dir='ltr'><strong>uno</strong></span> 
     </span>
    </p>
   </div>
   <div class='ocr_carea' id='block_1_18' title="bbox 697 1719 2126 1800">
    <p class='ocr_par' dir='ltr' id='par_1_18' title="bbox 697 1719 2126 1800">
     <span class='ocr_line' id='line_1_18' title="bbox 697 1719 2126 1800; baseline -0.009 -15"><span class='ocrx_word' id='word_1_117' title='bbox 697 1719 1172 1800; x_wconf 58' lang='lat' dir='ltr'><strong>eodemque&#39;spat&#39;io</strong></span> <span class='ocrx_word' id='word_1_118' title='bbox 1203 1719 1495 1780; x_wconf 62' lang='lat' dir='ltr'><strong>crucialum</strong></span> <span class='ocrx_word' id='word_1_119' title='bbox 1531 1724 1746 1793; x_wconf 75' lang='lat' dir='ltr'><strong>spiritus</strong></span> <span class='ocrx_word' id='word_1_120' title='bbox 1783 1719 2126 1776; x_wconf 82' lang='lat' dir='ltr'><strong>sustinebunt.</strong></span> 
     </span>
    </p>
   </div>
   <div class='ocr_carea' id='block_1_19' title="bbox 701 1832 2200 1909">
    <p class='ocr_par' dir='ltr' id='par_1_19' title="bbox 701 1832 2200 1909">
     <span class='ocr_line' id='line_1_19' title="bbox 701 1832 2200 1909; baseline -0.007 -11"><span class='ocrx_word' id='word_1_121' title='bbox 701 1843 852 1899; x_wconf 88' lang='lat' dir='ltr'><strong>Sicut</strong></span> <span class='ocrx_word' id='word_1_122' title='bbox 874 1856 979 1897; x_wconf 92' lang='lat' dir='ltr'><strong>non</strong></span> <span class='ocrx_word' id='word_1_123' title='bbox 1002 1853 1192 1896; x_wconf 89' lang='lat' dir='ltr'><strong>omnes</strong></span> <span class='ocrx_word' id='word_1_124' title='bbox 1221 1837 1432 1909; x_wconf 85' lang='lat' dir='ltr'><strong>reprobi</strong></span> <span class='ocrx_word' id='word_1_125' title='bbox 1467 1837 1558 1909; x_wconf 89' lang='lat' dir='ltr'><strong>qui</strong></span> <span class='ocrx_word' id='word_1_126' title='bbox 1588 1835 1816 1892; x_wconf 89' lang='lat' dir='ltr'><strong>mersuri</strong></span> <span class='ocrx_word' id='word_1_127' title='bbox 1844 1841 1970 1890; x_wconf 90' lang='lat' dir='ltr'><strong>sunt</strong></span> <span class='ocrx_word' id='word_1_128' title='bbox 1996 1832 2050 1888; x_wconf 92' lang='lat' dir='ltr'><strong>in</strong></span> <span class='ocrx_word' id='word_1_129' title='bbox 2076 1833 2200 1904; x_wconf 91' lang='lat' dir='ltr'><strong>igne</strong></span> 
     </span>
    </p>
   </div>
   <div class='ocr_carea' id='block_1_20' title="bbox 628 1923 2198 2002">
    <p class='ocr_par' dir='ltr' id='par_1_20' title="bbox 628 1923 2198 2002">
     <span class='ocr_line' id='line_1_20' title="bbox 628 1923 2198 2002; baseline -0.006 -13"><span class='ocrx_word' id='word_1_130' title='bbox 628 1944 851 1997; x_wconf 68' lang='lat' dir='ltr'><strong>aeterno,</strong></span> <span class='ocrx_word' id='word_1_131' title='bbox 879 1947 986 1987; x_wconf 91' lang='lat' dir='ltr'><strong>una</strong></span> <span class='ocrx_word' id='word_1_132' title='bbox 1023 1930 1318 2002; x_wconf 88' lang='lat' dir='ltr'><strong>eademque</strong></span> <span class='ocrx_word' id='word_1_133' title='bbox 1345 1927 1592 2000; x_wconf 90' lang='lat' dir='ltr'><strong>supplicii</strong></span> <span class='ocrx_word' id='word_1_134' title='bbox 1618 1927 1881 1998; x_wconf 89' lang='lat' dir='ltr'><strong>qualitate</strong></span> <span class='ocrx_word' id='word_1_135' title='bbox 1908 1923 2198 1982; x_wconf 90' lang='lat' dir='ltr'><strong>damnandi</strong></span> 
     </span>
    </p>
   </div>
   <div class='ocr_carea' id='block_1_21' title="bbox 627 2017 2200 2093">
    <p class='ocr_par' dir='ltr' id='par_1_21' title="bbox 627 2017 2200 2093">
     <span class='ocr_line' id='line_1_21' title="bbox 627 2017 2200 2093; baseline -0.006 -11"><span class='ocrx_word' id='word_1_136' title='bbox 627 2035 772 2091; x_wconf 88' lang='lat' dir='ltr'><strong>sunt,</strong></span> <span class='ocrx_word' id='word_1_137' title='bbox 803 2027 882 2082; x_wconf 91' lang='lat' dir='ltr'><strong>sic</strong></span> <span class='ocrx_word' id='word_1_138' title='bbox 906 2040 1095 2082; x_wconf 88' lang='lat' dir='ltr'><strong>omnes</strong></span> <span class='ocrx_word' id='word_1_139' title='bbox 1119 2023 1210 2093; x_wconf 87' lang='lat' dir='ltr'><strong>qui</strong></span> <span class='ocrx_word' id='word_1_140' title='bbox 1239 2037 1332 2093; x_wconf 90' lang='lat' dir='ltr'><strong>per</strong></span> <span class='ocrx_word' id='word_1_141' title='bbox 1357 2020 1692 2092; x_wconf 82' lang='lat' dir='ltr'><strong>purgatorias</strong></span> <span class='ocrx_word' id='word_1_142' title='bbox 1714 2033 1902 2090; x_wconf 67' lang='lat' dir='ltr'><strong>poenas</strong></span> <span class='ocrx_word' id='word_1_143' title='bbox 1927 2017 2062 2073; x_wconf 83' lang='lat' dir='ltr'><strong>salvi</strong></span> <span class='ocrx_word' id='word_1_144' title='bbox 2079 2031 2200 2072; x_wconf 89' lang='lat' dir='ltr'><strong>esse</strong></span> 
     </span>
    </p>
   </div>
   <div class='ocr_carea' id='block_1_22' title="bbox 633 2107 2200 2183">
    <p class='ocr_par' dir='ltr' id='par_1_22' title="bbox 633 2107 2200 2183">
     <span class='ocr_line' id='line_1_22' title="bbox 633 2107 2200 2183; baseline -0.008 -10"><span class='ocrx_word' id='word_1_145' title='bbox 633 2117 923 2173; x_wconf 89' lang='lat' dir='ltr'><strong>creduntur</strong></span> <span class='ocrx_word' id='word_1_146' title='bbox 952 2116 1006 2172; x_wconf 90' lang='lat' dir='ltr'><strong>in</strong></span> <span class='ocrx_word' id='word_1_147' title='bbox 1021 2130 1128 2170; x_wconf 88' lang='lat' dir='ltr'><strong>uno</strong></span> <span class='ocrx_word' id='word_1_148' title='bbox 1152 2113 1450 2183; x_wconf 89' lang='lat' dir='ltr'><strong>eodemque</strong></span> <span class='ocrx_word' id='word_1_149' title='bbox 1462 2112 1639 2182; x_wconf 88' lang='lat' dir='ltr'><strong>spatio</strong></span> <span class='ocrx_word' id='word_1_150' title='bbox 1651 2109 1950 2166; x_wconf 91' lang='lat' dir='ltr'><strong>cruciatum</strong></span> <span class='ocrx_word' id='word_1_151' title='bbox 1977 2107 2200 2179; x_wconf 84' lang='lat' dir='ltr'><strong>spiritus</strong></span> 
     </span>
    </p>
   </div>
   <div class='ocr_carea' id='block_1_23' title="bbox 630 2201 2202 2278">
    <p class='ocr_par' dir='ltr' id='par_1_23' title="bbox 630 2201 2202 2278">
     <span class='ocr_line' id='line_1_23' title="bbox 630 2201 2202 2278; baseline -0.006 -13"><span class='ocrx_word' id='word_1_152' title='bbox 630 2211 994 2274; x_wconf 85' lang='lat' dir='ltr'><strong>sustinebunt,</strong></span> <span class='ocrx_word' id='word_1_153' title='bbox 1043 2217 1103 2262; x_wconf 92' lang='lat' dir='ltr'><strong>ut</strong></span> <span class='ocrx_word' id='word_1_154' title='bbox 1130 2207 1272 2278; x_wconf 90' lang='lat' dir='ltr'><strong>quod</strong></span> <span class='ocrx_word' id='word_1_155' title='bbox 1304 2207 1358 2260; x_wconf 93' lang='lat' dir='ltr'><strong>in</strong></span> <span class='ocrx_word' id='word_1_156' title='bbox 1391 2204 1634 2275; x_wconf 88' lang='lat' dir='ltr'><strong>reprobis</strong></span> <span class='ocrx_word' id='word_1_157' title='bbox 1673 2204 1849 2274; x_wconf 85' lang='lat' dir='ltr'><strong>agitur</strong></span> <span class='ocrx_word' id='word_1_158' title='bbox 1876 2201 2202 2257; x_wconf 82' lang='lat' dir='ltr'><strong>discretione</strong></span> 
     </span>
    </p>
   </div>
   <div class='ocr_carea' id='block_1_24' title="bbox 628 2289 2204 2373">
    <p class='ocr_par' dir='ltr' id='par_1_24' title="bbox 628 2289 2204 2373">
     <span class='ocr_line' id='line_1_24' title="bbox 628 2289 2204 2373; baseline -0.008 -17"><span class='ocrx_word' id='word_1_159' title='bbox 628 2315 931 2373; x_wconf 64' lang='lat' dir='ltr'><strong>pinnarum,</strong></span> <span class='ocrx_word' id='word_1_160' title='bbox 973 2300 1075 2354; x_wconf 91' lang='lat' dir='ltr'><strong>hoc</strong></span> <span class='ocrx_word' id='word_1_161' title='bbox 1105 2298 1158 2352; x_wconf 90' lang='lat' dir='ltr'><strong>in</strong></span> <span class='ocrx_word' id='word_1_162' title='bbox 1189 2293 1308 2352; x_wconf 85' lang='lat' dir='ltr'><strong>istis</strong></span> <span class='ocrx_word' id='word_1_163' title='bbox 1346 2294 1435 2366; x_wconf 87' lang='lat' dir='ltr'><strong>qui</strong></span> <span class='ocrx_word' id='word_1_164' title='bbox 1466 2308 1561 2365; x_wconf 89' lang='lat' dir='ltr'><strong>per</strong></span> <span class='ocrx_word' id='word_1_165' title='bbox 1599 2293 1778 2364; x_wconf 85' lang='lat' dir='ltr'><strong>ignem</strong></span> <span class='ocrx_word' id='word_1_166' title='bbox 1807 2289 2046 2348; x_wconf 89' lang='lat' dir='ltr'><strong>salvandi</strong></span> <span class='ocrx_word' id='word_1_167' title='bbox 2077 2297 2204 2345; x_wconf 89' lang='lat' dir='ltr'><strong>sunt</strong></span> 
     </span>
    </p>
   </div>
   <div class='ocr_carea' id='block_1_25' title="bbox 629 2381 2204 2465">
    <p class='ocr_par' dir='ltr' id='par_1_25' title="bbox 629 2381 2204 2465">
     <span class='ocr_line' id='line_1_25' title="bbox 629 2381 2204 2465; baseline -0.009 -17"><span class='ocrx_word' id='word_1_168' title='bbox 629 2401 834 2465; x_wconf 90' lang='lat' dir='ltr'><strong>agetur.</strong></span> <span class='ocrx_word' id='word_1_169' title='bbox 865 2390 969 2447; x_wconf 87' lang='lat' dir='ltr'><strong>Sed</strong></span> <span class='ocrx_word' id='word_1_170' title='bbox 1000 2399 1148 2445; x_wconf 89' lang='lat' dir='ltr'><strong>tanto</strong></span> <span class='ocrx_word' id='word_1_171' title='bbox 1177 2388 1282 2443; x_wconf 86' lang='lat' dir='ltr'><strong>illis</strong></span> <span class='ocrx_word' id='word_1_172' title='bbox 1313 2386 1490 2442; x_wconf 91' lang='lat' dir='ltr'><strong>minus</strong></span> <span class='ocrx_word' id='word_1_173' title='bbox 1525 2384 1610 2440; x_wconf 88' lang='lat' dir='ltr'><strong>vel</strong></span> <span class='ocrx_word' id='word_1_174' title='bbox 1639 2384 1810 2455; x_wconf 89' lang='lat' dir='ltr'><strong>majus</strong></span> <span class='ocrx_word' id='word_1_175' title='bbox 1839 2381 1976 2454; x_wconf 88' lang='lat' dir='ltr'><strong>ignis</strong></span> <span class='ocrx_word' id='word_1_176' title='bbox 2008 2395 2204 2452; x_wconf 82' lang='lat' dir='ltr'><strong>purga-</strong></span> 
     </span>
    </p>
   </div>
   <div class='ocr_carea' id='block_1_26' title="bbox 630 2471 2206 2552">
    <p class='ocr_par' dir='ltr' id='par_1_26' title="bbox 630 2471 2206 2552">
     <span class='ocr_line' id='line_1_26' title="bbox 630 2471 2206 2552; baseline -0.008 -12"><span class='ocrx_word' id='word_1_177' title='bbox 630 2484 756 2540; x_wconf 87' lang='lat' dir='ltr'><strong>torii</strong></span> <span class='ocrx_word' id='word_1_178' title='bbox 798 2484 1116 2540; x_wconf 76' lang='lat' dir='ltr'><strong>extendetur</strong></span> <span class='ocrx_word' id='word_1_179' title='bbox 1157 2479 1493 2552; x_wconf 90' lang='lat' dir='ltr'><strong>supplicium,</strong></span> <span class='ocrx_word' id='word_1_180' title='bbox 1543 2486 1743 2549; x_wconf 89' lang='lat' dir='ltr'><strong>quanto</strong></span> <span class='ocrx_word' id='word_1_181' title='bbox 1770 2476 1856 2532; x_wconf 92' lang='lat' dir='ltr'><strong>hic</strong></span> <span class='ocrx_word' id='word_1_182' title='bbox 1900 2474 2078 2530; x_wconf 89' lang='lat' dir='ltr'><strong>minus</strong></span> <span class='ocrx_word' id='word_1_183' title='bbox 2119 2471 2206 2528; x_wconf 87' lang='lat' dir='ltr'><strong>vel</strong></span> 
     </span>
    </p>
   </div>
   <div class='ocr_carea' id='block_1_27' title="bbox 631 2571 1719 2650">
    <p class='ocr_par' dir='ltr' id='par_1_27' title="bbox 631 2571 1719 2650">
     <span class='ocr_line' id='line_1_27' title="bbox 631 2571 1719 2650; baseline -0.006 -18"><span class='ocrx_word' id='word_1_184' title='bbox 631 2577 860 2650; x_wconf 89' lang='lat' dir='ltr'><strong>amplius</strong></span> <span class='ocrx_word' id='word_1_185' title='bbox 887 2576 1027 2632; x_wconf 88' lang='lat' dir='ltr'><strong>bona</strong></span> <span class='ocrx_word' id='word_1_186' title='bbox 1053 2573 1366 2630; x_wconf 85' lang='lat' dir='ltr'><strong>transitoria</strong></span> <span class='ocrx_word' id='word_1_187' title='bbox 1395 2571 1719 2628; x_wconf 79' lang='lat' dir='ltr'><strong>dilexerunt.</strong></span> 
     </span>
    </p>
   </div>
   <div class='ocr_carea' id='block_1_28' title="bbox 1253 2681 1572 2740">
    <p class='ocr_par' dir='ltr' id='par_1_28' title="bbox 1253 2681 1572 2740">
     <span class='ocr_line' id='line_1_28' title="bbox 1253 2681 1572 2740; baseline -0.013 0"><span class='ocrx_word' id='word_1_188' title='bbox 1253 2681 1478 2740; x_wconf 84' lang='lat' dir='ltr'><strong>CAPUT</strong></span> <span class='ocrx_word' id='word_1_189' title='bbox 1507 2681 1572 2738; x_wconf 68' lang='grc' dir='ltr'><strong>γ.</strong></span> 
     </span>
    </p>
   </div>
   <div class='ocr_carea' id='block_1_29' title="bbox 636 2768 2206 2857">
    <p class='ocr_par' dir='ltr' id='par_1_29' title="bbox 636 2768 2206 2857">
     <span class='ocr_line' id='line_1_29' title="bbox 636 2768 2206 2857; baseline -0.01 -20"><span class='ocrx_word' id='word_1_190' title='bbox 636 2780 787 2848; x_wconf 83' lang='lat' dir='ltr'><strong>Quod</strong></span> <span class='ocrx_word' id='word_1_191' title='bbox 831 2777 926 2833; x_wconf 82' lang='lat' dir='ltr'><strong>alii</strong></span> <span class='ocrx_word' id='word_1_192' title='bbox 968 2777 1024 2833; x_wconf 85' lang='lat' dir='ltr'><strong>in</strong></span> <span class='ocrx_word' id='word_1_193' title='bbox 1068 2777 1167 2832; x_wconf 80' lang='lat' dir='ltr'><strong>hac</strong></span> <span class='ocrx_word' id='word_1_194' title='bbox 1207 2777 1312 2857; x_wconf 77' lang='lat' dir='ltr'><strong>vita</strong></span> <span class='ocrx_word' id='word_1_195' title='bbox 1351 2791 1526 2857; x_wconf 67' lang='lat' dir='ltr'><strong>pinnas</strong></span> <span class='ocrx_word' id='word_1_196' title='bbox 1574 2770 1925 2857; x_wconf 84' lang='lat' dir='ltr'><strong>purgatorias,</strong></span> <span class='ocrx_word' id='word_1_197' title='bbox 1971 2768 2066 2824; x_wconf 88' lang='lat' dir='ltr'><strong>alii</strong></span> <span class='ocrx_word' id='word_1_198' title='bbox 2086 2776 2206 2835; x_wconf 85' lang='lat' dir='ltr'><strong>post</strong></span> 
     </span>
    </p>
   </div>
   <div class='ocr_carea' id='block_1_30' title="bbox 1154 2855 1676 2914">
    <p class='ocr_par' dir='ltr' id='par_1_30' title="bbox 1154 2855 1676 2914">
     <span class='ocr_line' id='line_1_30' title="bbox 1154 2855 1676 2914; baseline -0.004 -14"><span class='ocrx_word' id='word_1_199' title='bbox 1154 2856 1366 2900; x_wconf 88' lang='lat' dir='ltr'><strong>mortem</strong></span> <span class='ocrx_word' id='word_1_200' title='bbox 1388 2855 1676 2914; x_wconf 79' lang='lat' dir='ltr'><strong>patiuntur.</strong></span> 
     </span>
    </p>
   </div>
   <div class='ocr_carea' id='block_1_31' title="bbox 700 2947 2208 3028">
    <p class='ocr_par' dir='ltr' id='par_1_31' title="bbox 700 2947 2208 3028">
     <span class='ocr_line' id='line_1_31' title="bbox 700 2947 2208 3028; baseline -0.006 -14"><span class='ocrx_word' id='word_1_201' title='bbox 700 2947 815 3015; x_wconf 70' lang='lat' dir='ltr'><strong>Nos</strong></span> <span class='ocrx_word' id='word_1_202' title='bbox 837 2957 1053 3028; x_wconf 88' lang='lat' dir='ltr'><strong>quidem</strong></span> <span class='ocrx_word' id='word_1_203' title='bbox 1081 2956 1134 3010; x_wconf 91' lang='lat' dir='ltr'><strong>in</strong></span> <span class='ocrx_word' id='word_1_204' title='bbox 1161 2955 1262 3010; x_wconf 90' lang='lat' dir='ltr'><strong>hac</strong></span> <span class='ocrx_word' id='word_1_205' title='bbox 1289 2953 1502 3009; x_wconf 87' lang='lat' dir='ltr'><strong>mortali</strong></span> <span class='ocrx_word' id='word_1_206' title='bbox 1532 2954 1638 3008; x_wconf 91' lang='lat' dir='ltr'><strong>vita</strong></span> <span class='ocrx_word' id='word_1_207' title='bbox 1666 2967 1787 3008; x_wconf 90' lang='lat' dir='ltr'><strong>esse</strong></span> <span class='ocrx_word' id='word_1_208' title='bbox 1807 2949 2067 3022; x_wconf 89' lang='lat' dir='ltr'><strong>quasdam</strong></span> <span class='ocrx_word' id='word_1_209' title='bbox 2091 2963 2208 3021; x_wconf 74' lang='lat' dir='ltr'><strong>poe-</strong></span> 
     </span>
    </p>
   </div>
   <div class='ocr_carea' id='block_1_32' title="bbox 638 3041 2204 3119">
    <p class='ocr_par' dir='ltr' id='par_1_32' title="bbox 638 3041 2204 3119">
     <span class='ocr_line' id='line_1_32' title="bbox 638 3041 2204 3119; baseline -0.006 -14"><span class='ocrx_word' id='word_1_210' title='bbox 638 3066 738 3106; x_wconf 88' lang='lat' dir='ltr'><strong>nas</strong></span> <span class='ocrx_word' id='word_1_211' title='bbox 779 3045 1115 3119; x_wconf 85' lang='lat' dir='ltr'><strong>purgatorias</strong></span> <span class='ocrx_word' id='word_1_212' title='bbox 1144 3043 1479 3106; x_wconf 84' lang='lat' dir='ltr'><strong>conﬁtemur,</strong></span> <span class='ocrx_word' id='word_1_213' title='bbox 1506 3043 1601 3099; x_wconf 89' lang='lat' dir='ltr'><strong>sed</strong></span> <span class='ocrx_word' id='word_1_214' title='bbox 1645 3041 1966 3112; x_wconf 86' lang='lat' dir='ltr'><strong>temporales</strong></span> <span class='ocrx_word' id='word_1_215' title='bbox 1994 3055 2204 3112; x_wconf 63' lang='lat' dir='ltr'><strong>poenas.</strong></span> 
     </span>
    </p>
   </div>
   <div class='ocr_carea' id='block_1_33' title="bbox 2293 519 3904 591">
    <p class='ocr_par' dir='ltr' id='par_1_33' title="bbox 2293 519 3904 591">
     <span class='ocr_line' id='line_1_33' title="bbox 2293 519 3904 591; baseline -0.001 -17"><span class='ocrx_word' id='word_1_216' title='bbox 2293 520 2432 574; x_wconf 81' lang='lat' dir='ltr'><strong>dicat</strong></span> <span class='ocrx_word' id='word_1_217' title='bbox 2469 521 2584 591; x_wconf 86' lang='lat' dir='ltr'><strong>quis</strong></span> <span class='ocrx_word' id='word_1_218' title='bbox 2611 536 2664 574; x_wconf 88' lang='lat' dir='ltr'><strong>se</strong></span> <span class='ocrx_word' id='word_1_219' title='bbox 2689 519 2898 584; x_wconf 82' lang='lat' dir='ltr'><strong>habere,</strong></span> <span class='ocrx_word' id='word_1_220' title='bbox 2941 536 3096 591; x_wconf 83' lang='lat' dir='ltr'><strong>opera</strong></span> <span class='ocrx_word' id='word_1_221' title='bbox 3135 530 3306 573; x_wconf 87' lang='lat' dir='ltr'><strong>autem</strong></span> <span class='ocrx_word' id='word_1_222' title='bbox 3335 537 3437 574; x_wconf 78' lang='lat' dir='ltr'><strong>non</strong></span> <span class='ocrx_word' id='word_1_223' title='bbox 3469 521 3709 582; x_wconf 73' lang='lat' dir='ltr'><strong>habent,</strong></span> <span class='ocrx_word' id='word_1_224' title='bbox 3769 536 3904 573; x_wconf 73' lang='lat' dir='ltr'><strong>trun-</strong></span> 
     </span>
    </p>
   </div>
   <div class='ocr_carea' id='block_1_34' title="bbox 2291 611 3903 682">
    <p class='ocr_par' dir='ltr' id='par_1_34' title="bbox 2291 611 3903 682">
     <span class='ocr_line' id='line_1_34' title="bbox 2291 611 3903 682; baseline 0.001 -16"><span class='ocrx_word' id='word_1_225' title='bbox 2291 612 2417 682; x_wconf 82' lang='lat' dir='ltr'><strong>quid</strong></span> <span class='ocrx_word' id='word_1_226' title='bbox 2442 614 2628 682; x_wconf 89' lang='lat' dir='ltr'><strong>poterit</strong></span> <span class='ocrx_word' id='word_1_227' title='bbox 2651 612 2783 681; x_wconf 78' lang='lat' dir='ltr'><strong>ﬁdes</strong></span> <span class='ocrx_word' id='word_1_228' title='bbox 2808 613 3010 667; x_wconf 81' lang='lat' dir='ltr'><strong>salvare</strong></span> <span class='ocrx_word' id='word_1_229' title='bbox 3036 629 3154 666; x_wconf 89' lang='lat' dir='ltr'><strong>eum</strong></span> <span class='ocrx_word' id='word_1_230' title='bbox 3180 613 3204 665; x_wconf 80' lang='lat'><strong><em>?</em></strong></span> <span class='ocrx_word' id='word_1_231' title='bbox 3231 611 3371 682; x_wconf 77' lang='lat' dir='ltr'><strong>(Jac.</strong></span> <span class='ocrx_word' id='word_1_232' title='bbox 3397 615 3482 682; x_wconf 82' lang='grc' dir='ltr'><strong>ιι.)</strong></span> <span class='ocrx_word' id='word_1_233' title='bbox 3503 611 3700 666; x_wconf 85' lang='grc' dir='ltr'><strong>Ροιτο</strong></span> <span class='ocrx_word' id='word_1_234' title='bbox 3725 622 3903 668; x_wconf 75' lang='lat' dir='ltr'><strong>auten</strong></span> 
     </span>
    </p>
   </div>
   <div class='ocr_carea' id='block_1_35' title="bbox 2295 701 3903 774">
    <p class='ocr_par' dir='ltr' id='par_1_35' title="bbox 2295 701 3903 774">
     <span class='ocr_line' id='line_1_35' title="bbox 2295 701 3903 774; baseline -0.001 -16"><span class='ocrx_word' id='word_1_235' title='bbox 2295 704 2340 758; x_wconf 89' lang='lat' dir='ltr'><strong>si</strong></span> <span class='ocrx_word' id='word_1_236' title='bbox 2387 703 2550 759; x_wconf 91' lang='lat' dir='ltr'><strong>homo</strong></span> <span class='ocrx_word' id='word_1_237' title='bbox 2583 703 2874 759; x_wconf 88' lang='lat' dir='ltr'><strong>sceleratus</strong></span> <span class='ocrx_word' id='word_1_238' title='bbox 2917 711 3140 774; x_wconf 85' lang='lat' dir='ltr'><strong>propter</strong></span> <span class='ocrx_word' id='word_1_239' title='bbox 3181 703 3352 759; x_wconf 86' lang='lat' dir='ltr'><strong>solam</strong></span> <span class='ocrx_word' id='word_1_240' title='bbox 3379 703 3541 758; x_wconf 81' lang='lat' dir='ltr'><strong>ﬁdem</strong></span> <span class='ocrx_word' id='word_1_241' title='bbox 3575 717 3696 773; x_wconf 85' lang='lat' dir='ltr'><strong>per</strong></span> <span class='ocrx_word' id='word_1_242' title='bbox 3728 701 3903 772; x_wconf 72' lang='lat' dir='ltr'><strong>ignem</strong></span> 
     </span>
    </p>
   </div>
   <div class='ocr_carea' id='block_1_36' title="bbox 2294 789 3902 862">
    <p class='ocr_par' dir='ltr' id='par_1_36' title="bbox 2294 789 3902 862">
     <span class='ocr_line' id='line_1_36' title="bbox 2294 789 3902 862; baseline -0.001 -14"><span class='ocrx_word' id='word_1_243' title='bbox 2294 793 2556 859; x_wconf 87' lang='lat' dir='ltr'><strong>salvatur,</strong></span> <span class='ocrx_word' id='word_1_244' title='bbox 2587 802 2643 848; x_wconf 89' lang='lat' dir='ltr'><strong>et</strong></span> <span class='ocrx_word' id='word_1_245' title='bbox 2668 793 2714 847; x_wconf 90' lang='lat' dir='ltr'><strong>si</strong></span> <span class='ocrx_word' id='word_1_246' title='bbox 2741 792 2822 847; x_wconf 89' lang='lat' dir='ltr'><strong>sic</strong></span> <span class='ocrx_word' id='word_1_247' title='bbox 2856 803 2938 848; x_wconf 89' lang='lat' dir='ltr'><strong>est</strong></span> <span class='ocrx_word' id='word_1_248' title='bbox 2967 792 3334 862; x_wconf 89' lang='lat' dir='ltr'><strong>accipiendum</strong></span> <span class='ocrx_word' id='word_1_249' title='bbox 3382 792 3530 862; x_wconf 88' lang='lat' dir='ltr'><strong>quod</strong></span> <span class='ocrx_word' id='word_1_250' title='bbox 3581 793 3668 846; x_wconf 89' lang='lat' dir='ltr'><strong>ait</strong></span> <span class='ocrx_word' id='word_1_251' title='bbox 3719 789 3902 847; x_wconf 79' lang='lat' dir='ltr'><strong>beatus</strong></span> 
     </span>
    </p>
   </div>
   <div class='ocr_carea' id='block_1_37' title="bbox 2294 882 3902 953">
    <p class='ocr_par' dir='ltr' id='par_1_37' title="bbox 2294 882 3902 953">
     <span class='ocr_line' id='line_1_37' title="bbox 2294 882 3902 953; baseline -0.001 -15"><span class='ocrx_word' id='word_1_252' title='bbox 2294 882 2495 938; x_wconf 85' lang='lat' dir='ltr'><strong>Paulus</strong></span> <span class='ocrx_word' id='word_1_253' title='bbox 2541 883 2852 952; x_wconf 87' lang='lat' dir='ltr'><strong>apostolus:</strong></span> <span class='ocrx_word' id='word_1_254' title='bbox 2878 884 2998 953; x_wconf 84' lang='lat' dir='ltr'><strong>Ipse</strong></span> <span class='ocrx_word' id='word_1_255' title='bbox 3027 893 3202 938; x_wconf 85' lang='lat' dir='ltr'><strong>autem</strong></span> <span class='ocrx_word' id='word_1_256' title='bbox 3231 883 3407 939; x_wconf 80' lang='lat' dir='ltr'><strong>saluus</strong></span> <span class='ocrx_word' id='word_1_257' title='bbox 3437 886 3561 948; x_wconf 85' lang='lat' dir='ltr'><strong>erit,</strong></span> <span class='ocrx_word' id='word_1_258' title='bbox 3617 884 3709 938; x_wconf 75' lang='lat' dir='ltr'><strong>sic</strong></span> <span class='ocrx_word' id='word_1_259' title='bbox 3739 893 3902 937; x_wconf 71' lang='lat' dir='ltr'><strong>tam</strong></span> 
     </span>
    </p>
   </div>
   <div class='ocr_carea' id='block_1_38' title="bbox 2294 973 3896 1046">
    <p class='ocr_par' dir='ltr' id='par_1_38' title="bbox 2294 973 3896 1046">
     <span class='ocr_line' id='line_1_38' title="bbox 2294 973 3896 1046; baseline 0.002 -18"><span class='ocrx_word' id='word_1_260' title='bbox 2294 987 2443 1046; x_wconf 86' lang='lat' dir='ltr'><strong>quast</strong></span> <span class='ocrx_word' id='word_1_261' title='bbox 2464 991 2557 1044; x_wconf 87' lang='lat' dir='ltr'><strong>per</strong></span> <span class='ocrx_word' id='word_1_262' title='bbox 2568 976 2738 1045; x_wconf 83' lang='lat' dir='ltr'><strong>ignem</strong></span> <span class='ocrx_word' id='word_1_263' title='bbox 2758 973 2810 1043; x_wconf 93' lang='grc' dir='ltr'><strong>(Ι</strong></span> <span class='ocrx_word' id='word_1_264' title='bbox 2825 973 2947 1028; x_wconf 85' lang='lat' dir='ltr'><strong>Cor.</strong></span> <span class='ocrx_word' id='word_1_265' title='bbox 2964 975 3048 1046; x_wconf 87' lang='lat' dir='ltr'><strong>Ill)</strong></span> <span class='ocrx_word' id='word_1_266' title='bbox 3069 990 3084 1039; x_wconf 89' lang='lat'><strong>;</strong></span> <span class='ocrx_word' id='word_1_267' title='bbox 3108 975 3153 1029; x_wconf 92' lang='lat' dir='ltr'><strong>si</strong></span> <span class='ocrx_word' id='word_1_268' title='bbox 3168 975 3508 1046; x_wconf 86' lang='lat' dir='ltr'><strong>poteritergo</strong></span> <span class='ocrx_word' id='word_1_269' title='bbox 3520 974 3768 1030; x_wconf 72' lang='lat' dir='ltr'><strong>salvam</strong></span> <span class='ocrx_word' id='word_1_270' title='bbox 3778 974 3896 1031; x_wconf 79' lang='lat' dir='ltr'><strong>ﬁdes</strong></span> 
     </span>
    </p>
   </div>
   <div class='ocr_carea' id='block_1_39' title="bbox 2295 1065 3896 1138">
    <p class='ocr_par' dir='ltr' id='par_1_39' title="bbox 2295 1065 3896 1138">
     <span class='ocr_line' id='line_1_39' title="bbox 2295 1065 3896 1138; baseline 0.001 -16"><span class='ocrx_word' id='word_1_271' title='bbox 2295 1067 2415 1122; x_wconf 88' lang='lat' dir='ltr'><strong>sine</strong></span> <span class='ocrx_word' id='word_1_272' title='bbox 2449 1066 2716 1136; x_wconf 84' lang='lat' dir='ltr'><strong>operibus,</strong></span> <span class='ocrx_word' id='word_1_273' title='bbox 2745 1075 2803 1121; x_wconf 94' lang='lat' dir='ltr'><strong>et</strong></span> <span class='ocrx_word' id='word_1_274' title='bbox 2845 1065 3039 1121; x_wconf 81' lang='lat' dir='ltr'><strong>falsum</strong></span> <span class='ocrx_word' id='word_1_275' title='bbox 3065 1067 3172 1121; x_wconf 89' lang='lat' dir='ltr'><strong>erit</strong></span> <span class='ocrx_word' id='word_1_276' title='bbox 3194 1066 3336 1137; x_wconf 93' lang='lat' dir='ltr'><strong>quod</strong></span> <span class='ocrx_word' id='word_1_277' title='bbox 3374 1066 3512 1121; x_wconf 80' lang='lat' dir='ltr'><strong>dixit</strong></span> <span class='ocrx_word' id='word_1_278' title='bbox 3541 1069 3683 1137; x_wconf 82' lang='lat' dir='ltr'><strong>ejus</strong></span> <span class='ocrx_word' id='word_1_279' title='bbox 3710 1081 3896 1138; x_wconf 72' lang='lat' dir='ltr'><strong>empo-</strong></span> 
     </span>
    </p>
   </div>
   <div class='ocr_carea' id='block_1_40' title="bbox 2297 1152 3889 1227">
    <p class='ocr_par' dir='ltr' id='par_1_40' title="bbox 2297 1152 3889 1227">
     <span class='ocr_line' id='line_1_40' title="bbox 2297 1152 3889 1227; baseline 0.002 -17"><span class='ocrx_word' id='word_1_280' title='bbox 2297 1154 2468 1210; x_wconf 90' lang='lat' dir='ltr'><strong>stolus</strong></span> <span class='ocrx_word' id='word_1_281' title='bbox 2506 1152 2759 1220; x_wconf 84' lang='lat' dir='ltr'><strong>Jacobus,</strong></span> <span class='ocrx_word' id='word_1_282' title='bbox 2808 1153 3110 1226; x_wconf 76' lang='lat' dir='ltr'><strong>falsumque</strong></span> <span class='ocrx_word' id='word_1_283' title='bbox 3149 1157 3254 1210; x_wconf 90' lang='lat' dir='ltr'><strong>erit</strong></span> <span class='ocrx_word' id='word_1_284' title='bbox 3297 1166 3355 1211; x_wconf 91' lang='lat' dir='ltr'><strong>et</strong></span> <span class='ocrx_word' id='word_1_285' title='bbox 3402 1156 3532 1211; x_wconf 86' lang='lat' dir='ltr'><strong>illud</strong></span> <span class='ocrx_word' id='word_1_286' title='bbox 3564 1155 3730 1227; x_wconf 87' lang='lat' dir='ltr'><strong>quod</strong></span> <span class='ocrx_word' id='word_1_287' title='bbox 3767 1158 3889 1214; x_wconf 71' lang='lat' dir='ltr'><strong>idem</strong></span> 
     </span>
    </p>
   </div>
   <div class='ocr_carea' id='block_1_41' title="bbox 2299 1244 3886 1318">
    <p class='ocr_par' dir='ltr' id='par_1_41' title="bbox 2299 1244 3886 1318">
     <span class='ocr_line' id='line_1_41' title="bbox 2299 1244 3886 1318; baseline 0 -16"><span class='ocrx_word' id='word_1_288' title='bbox 2299 1248 2412 1317; x_wconf 89' lang='lat' dir='ltr'><strong>ipse</strong></span> <span class='ocrx_word' id='word_1_289' title='bbox 2433 1244 2666 1300; x_wconf 88' lang='lat' dir='ltr'><strong>Paulus:</strong></span> <span class='ocrx_word' id='word_1_290' title='bbox 2695 1244 2891 1310; x_wconf 83' lang='lat' dir='ltr'><strong>Nolite,</strong></span> <span class='ocrx_word' id='word_1_291' title='bbox 2926 1246 3116 1315; x_wconf 87' lang='lat' dir='ltr'><strong>inquit,</strong></span> <span class='ocrx_word' id='word_1_292' title='bbox 3142 1262 3337 1312; x_wconf 88' lang='lat' dir='ltr'><strong>errare,</strong></span> <span class='ocrx_word' id='word_1_293' title='bbox 3381 1264 3548 1318; x_wconf 85' lang='lat' dir='ltr'><strong>neque</strong></span> <span class='ocrx_word' id='word_1_294' title='bbox 3598 1246 3886 1316; x_wconf 76' lang='lat' dir='ltr'><strong>fornicato-</strong></span> 
     </span>
    </p>
   </div>
   <div class='ocr_carea' id='block_1_42' title="bbox 2300 1336 3885 1408">
    <p class='ocr_par' dir='ltr' id='par_1_42' title="bbox 2300 1336 3885 1408">
     <span class='ocr_line' id='line_1_42' title="bbox 2300 1336 3885 1408; baseline -0.001 -17"><span class='ocrx_word' id='word_1_295' title='bbox 2300 1353 2402 1402; x_wconf 86' lang='lat' dir='ltr'><strong>res,</strong></span> <span class='ocrx_word' id='word_1_296' title='bbox 2454 1353 2614 1408; x_wconf 81' lang='lat' dir='ltr'><strong>neque</strong></span> <span class='ocrx_word' id='word_1_297' title='bbox 2649 1336 2804 1391; x_wconf 83' lang='lat' dir='ltr'><strong>idolis</strong></span> <span class='ocrx_word' id='word_1_298' title='bbox 2851 1337 3143 1402; x_wconf 82' lang='lat' dir='ltr'><strong>seruientes,</strong></span> <span class='ocrx_word' id='word_1_299' title='bbox 3195 1353 3356 1408; x_wconf 80' lang='lat' dir='ltr'><strong>neque</strong></span> <span class='ocrx_word' id='word_1_300' title='bbox 3402 1337 3678 1402; x_wconf 78' lang='lat' dir='ltr'><strong>adulteri,</strong></span> <span class='ocrx_word' id='word_1_301' title='bbox 3736 1354 3885 1407; x_wconf 69' lang='lat' dir='ltr'><strong>neque</strong></span> 
     </span>
    </p>
   </div>
   <div class='ocr_carea' id='block_1_43' title="bbox 2299 1425 3881 1498">
    <p class='ocr_par' dir='ltr' id='par_1_43' title="bbox 2299 1425 3881 1498">
     <span class='ocr_line' id='line_1_43' title="bbox 2299 1425 3881 1498; baseline 0.001 -16"><span class='ocrx_word' id='word_1_302' title='bbox 2299 1427 2503 1493; x_wconf 89' lang='lat' dir='ltr'><strong>molles,</strong></span> <span class='ocrx_word' id='word_1_303' title='bbox 2537 1443 2700 1498; x_wconf 81' lang='lat' dir='ltr'><strong>neque</strong></span> <span class='ocrx_word' id='word_1_304' title='bbox 2722 1425 3076 1481; x_wconf 75' lang='lat' dir='ltr'><strong>masculorum</strong></span> <span class='ocrx_word' id='word_1_305' title='bbox 3110 1427 3488 1491; x_wconf 80' lang='lat' dir='ltr'><strong>concubitores,</strong></span> <span class='ocrx_word' id='word_1_306' title='bbox 3521 1444 3709 1498; x_wconf 74' lang='lat' dir='ltr'><strong>neque</strong></span> <span class='ocrx_word' id='word_1_307' title='bbox 3735 1428 3881 1497; x_wconf 73' lang='lat' dir='ltr'><strong>fures,</strong></span> 
     </span>
    </p>
   </div>
   <div class='ocr_carea' id='block_1_44' title="bbox 2300 1516 3879 1589">
    <p class='ocr_par' dir='ltr' id='par_1_44' title="bbox 2300 1516 3879 1589">
     <span class='ocr_line' id='line_1_44' title="bbox 2300 1516 3879 1589; baseline 0 -17"><span class='ocrx_word' id='word_1_308' title='bbox 2300 1533 2464 1589; x_wconf 80' lang='lat' dir='ltr'><strong>neque</strong></span> <span class='ocrx_word' id='word_1_309' title='bbox 2483 1519 2646 1581; x_wconf 82' lang='lat' dir='ltr'><strong>avari,</strong></span> <span class='ocrx_word' id='word_1_310' title='bbox 2685 1534 2846 1589; x_wconf 84' lang='lat' dir='ltr'><strong>neque</strong></span> <span class='ocrx_word' id='word_1_311' title='bbox 2869 1516 3076 1583; x_wconf 85' lang='lat' dir='ltr'><strong>ebriosi,</strong></span> <span class='ocrx_word' id='word_1_312' title='bbox 3111 1533 3272 1588; x_wconf 85' lang='lat' dir='ltr'><strong>neque</strong></span> <span class='ocrx_word' id='word_1_313' title='bbox 3300 1517 3576 1583; x_wconf 78' lang='lat' dir='ltr'><strong>maledici,</strong></span> <span class='ocrx_word' id='word_1_314' title='bbox 3611 1535 3784 1588; x_wconf 74' lang='lat' dir='ltr'><strong>neque</strong></span> <span class='ocrx_word' id='word_1_315' title='bbox 3808 1537 3879 1572; x_wconf 79' lang='lat' dir='ltr'><strong>ra-</strong></span> 
     </span>
    </p>
   </div>
   <div class='ocr_carea' id='block_1_45' title="bbox 2299 1607 3876 1682">
    <p class='ocr_par' dir='ltr' id='par_1_45' title="bbox 2299 1607 3876 1682">
     <span class='ocr_line' id='line_1_45' title="bbox 2299 1607 3876 1682; baseline -0.001 -17"><span class='ocrx_word' id='word_1_316' title='bbox 2299 1627 2474 1682; x_wconf 83' lang='lat' dir='ltr'><strong>paces,</strong></span> <span class='ocrx_word' id='word_1_317' title='bbox 2501 1626 2714 1681; x_wconf 83' lang='lat' dir='ltr'><strong>regnum</strong></span> <span class='ocrx_word' id='word_1_318' title='bbox 2735 1609 2831 1664; x_wconf 88' lang='lat' dir='ltr'><strong>Dei</strong></span> <span class='ocrx_word' id='word_1_319' title='bbox 2859 1607 3256 1679; x_wconf 77' lang='lat' dir='ltr'><strong>possidebuutU</strong></span> <span class='ocrx_word' id='word_1_320' title='bbox 3284 1608 3408 1664; x_wconf 89' lang='lat' dir='ltr'><strong>Cor.</strong></span> <span class='ocrx_word' id='word_1_321' title='bbox 3434 1609 3536 1678; x_wconf 77' lang='lat' dir='ltr'><strong>vr).</strong></span> <span class='ocrx_word' id='word_1_322' title='bbox 3576 1607 3647 1664; x_wconf 91' lang='lat' dir='ltr'><strong>Si</strong></span> <span class='ocrx_word' id='word_1_323' title='bbox 3674 1611 3814 1665; x_wconf 85' lang='lat' dir='ltr'><strong>enim</strong></span> <span class='ocrx_word' id='word_1_324' title='bbox 3834 1612 3876 1664; x_wconf 79' lang='lat' dir='ltr'><strong>is</strong></span> 
     </span>
    </p>
   </div>
   <div class='ocr_carea' id='block_1_46' title="bbox 2302 1700 3875 1772">
    <p class='ocr_par' dir='ltr' id='par_1_46' title="bbox 2302 1700 3875 1772">
     <span class='ocr_line' id='line_1_46' title="bbox 2302 1700 3875 1772; baseline -0.002 -15"><span class='ocrx_word' id='word_1_325' title='bbox 2302 1702 2423 1757; x_wconf 88' lang='lat' dir='ltr'><strong>istis</strong></span> <span class='ocrx_word' id='word_1_326' title='bbox 2456 1709 2864 1771; x_wconf 82' lang='lat' dir='ltr'><strong>perseverantes</strong></span> <span class='ocrx_word' id='word_1_327' title='bbox 2899 1700 3234 1765; x_wconf 89' lang='lat' dir='ltr'><strong>criminibus,</strong></span> <span class='ocrx_word' id='word_1_328' title='bbox 3267 1708 3446 1755; x_wconf 88' lang='lat' dir='ltr'><strong>tamen</strong></span> <span class='ocrx_word' id='word_1_329' title='bbox 3473 1709 3717 1772; x_wconf 79' lang='lat' dir='ltr'><strong>propter</strong></span> <span class='ocrx_word' id='word_1_330' title='bbox 3743 1701 3875 1754; x_wconf 80' lang='lat' dir='ltr'><strong>ﬁdem</strong></span> 
     </span>
    </p>
   </div>
   <div class='ocr_carea' id='block_1_47' title="bbox 2225 1783 3873 1863">
    <p class='ocr_par' dir='ltr' id='par_1_47' title="bbox 2225 1783 3873 1863">
     <span class='ocr_line' id='line_1_47' title="bbox 2225 1783 3873 1863; baseline -0.001 -18"><span class='ocrx_word' id='word_1_331' title='bbox 2225 1783 2275 1845; x_wconf 85' lang='lat' dir='ltr'><strong>B</strong></span> <span class='ocrx_word' id='word_1_332' title='bbox 2300 1793 2504 1850; x_wconf 87' lang='lat' dir='ltr'><strong>Christi</strong></span> <span class='ocrx_word' id='word_1_333' title='bbox 2525 1791 2658 1850; x_wconf 86' lang='lat' dir='ltr'><strong>salvi</strong></span> <span class='ocrx_word' id='word_1_334' title='bbox 2680 1800 2862 1859; x_wconf 88' lang='lat' dir='ltr'><strong>erunt,</strong></span> <span class='ocrx_word' id='word_1_335' title='bbox 2881 1791 3152 1863; x_wconf 88' lang='lat' dir='ltr'><strong>quomodo</strong></span> <span class='ocrx_word' id='word_1_336' title='bbox 3176 1791 3230 1846; x_wconf 90' lang='lat' dir='ltr'><strong>in</strong></span> <span class='ocrx_word' id='word_1_337' title='bbox 3251 1805 3419 1861; x_wconf 85' lang='lat' dir='ltr'><strong>regno</strong></span> <span class='ocrx_word' id='word_1_338' title='bbox 3441 1791 3543 1846; x_wconf 90' lang='lat' dir='ltr'><strong>Dei</strong></span> <span class='ocrx_word' id='word_1_339' title='bbox 3567 1807 3692 1847; x_wconf 85' lang='lat' dir='ltr'><strong>non</strong></span> <span class='ocrx_word' id='word_1_340' title='bbox 3709 1794 3873 1846; x_wconf 76' lang='lat' dir='ltr'><strong>erunt!</strong></span> 
     </span>
    </p>
   </div>
   <div class='ocr_carea' id='block_1_48' title="bbox 2889 1903 3280 1962">
    <p class='ocr_par' dir='ltr' id='par_1_48' title="bbox 2889 1903 3280 1962">
     <span class='ocr_line' id='line_1_48' title="bbox 2889 1903 3280 1962; baseline -0.003 -1"><span class='ocrx_word' id='word_1_341' title='bbox 2889 1903 3116 1962; x_wconf 90' lang='lat' dir='ltr'><strong>CAPUT</strong></span> <span class='ocrx_word' id='word_1_342' title='bbox 3177 1903 3280 1960; x_wconf 85' lang='lat' dir='ltr'><strong>VII.</strong></span> 
     </span>
    </p>
   </div>
   <div class='ocr_carea' id='block_1_49' title="bbox 2301 1996 3867 2078">
    <p class='ocr_par' dir='ltr' id='par_1_49' title="bbox 2301 1996 3867 2078">
     <span class='ocr_line' id='line_1_49' title="bbox 2301 1996 3867 2078; baseline -0.001 -26"><span class='ocrx_word' id='word_1_343' title='bbox 2301 1997 2456 2065; x_wconf 81' lang='lat' dir='ltr'><strong>Quod</strong></span> <span class='ocrx_word' id='word_1_344' title='bbox 2475 1997 2563 2070; x_wconf 82' lang='lat' dir='ltr'><strong>qui</strong></span> <span class='ocrx_word' id='word_1_345' title='bbox 2583 1996 2745 2078; x_wconf 49' lang='lat' dir='ltr'><strong>punis</strong></span> <span class='ocrx_word' id='word_1_346' title='bbox 2768 1996 3228 2078; x_wconf 47' lang='lat' dir='ltr'><strong>purgator-nisqu</strong></span> <span class='ocrx_word' id='word_1_347' title='bbox 3243 1996 3491 2078; x_wconf 72' lang='lat' dir='ltr'><strong>deputati</strong></span> <span class='ocrx_word' id='word_1_348' title='bbox 3507 2012 3616 2066; x_wconf 87' lang='lat' dir='ltr'><strong>pro</strong></span> <span class='ocrx_word' id='word_1_349' title='bbox 3638 1996 3715 2051; x_wconf 86' lang='lat' dir='ltr'><strong>eis</strong></span> <span class='ocrx_word' id='word_1_350' title='bbox 3731 1997 3780 2051; x_wconf 77' lang='lat' dir='ltr'><strong>is</strong></span> <span class='ocrx_word' id='word_1_351' title='bbox 3794 1999 3867 2051; x_wconf 73' lang='lat' dir='ltr'><strong>hac</strong></span> 
     </span>
    </p>
   </div>
   <div class='ocr_carea' id='block_1_50' title="bbox 2581 2065 3676 2138">
    <p class='ocr_par' dir='ltr' id='par_1_50' title="bbox 2581 2065 3676 2138">
     <span class='ocr_line' id='line_1_50' title="bbox 2581 2065 3676 2138; baseline -0.003 -16"><span class='ocrx_word' id='word_1_352' title='bbox 2581 2065 2684 2122; x_wconf 67' lang='lat' dir='ltr'><strong>uita</strong></span> <span class='ocrx_word' id='word_1_353' title='bbox 2705 2065 3025 2138; x_wconf 77' lang='lat' dir='ltr'><strong>supplicante</strong></span> <span class='ocrx_word' id='word_1_354' title='bbox 3051 2065 3291 2120; x_wconf 85' lang='lat' dir='ltr'><strong>Ecclesia</strong></span> <span class='ocrx_word' id='word_1_355' title='bbox 3313 2067 3596 2136; x_wconf 73' lang='lat' dir='ltr'><strong>expiatur.</strong></span> <span class='ocrx_word' id='word_1_356' title='bbox 3659 2089 3676 2118; x_wconf 70' lang='grc' dir='ltr'><strong>κ</strong></span> 
     </span>
    </p>
   </div>
   <div class='ocr_carea' id='block_1_51' title="bbox 2372 2173 3861 2248">
    <p class='ocr_par' dir='ltr' id='par_1_51' title="bbox 2372 2173 3861 2248">
     <span class='ocr_line' id='line_1_51' title="bbox 2372 2173 3861 2248; baseline -0.001 -15"><span class='ocrx_word' id='word_1_357' title='bbox 2372 2177 2606 2248; x_wconf 85' lang='lat' dir='ltr'><strong>Spiritus</strong></span> <span class='ocrx_word' id='word_1_358' title='bbox 2637 2174 2713 2231; x_wconf 91' lang='lat' dir='ltr'><strong>illi</strong></span> <span class='ocrx_word' id='word_1_359' title='bbox 2739 2175 2832 2246; x_wconf 90' lang='lat' dir='ltr'><strong>qui</strong></span> <span class='ocrx_word' id='word_1_360' title='bbox 2864 2190 2970 2230; x_wconf 88' lang='lat' dir='ltr'><strong>non</strong></span> <span class='ocrx_word' id='word_1_361' title='bbox 3007 2184 3118 2230; x_wconf 86' lang='lat' dir='ltr'><strong>tam</strong></span> <span class='ocrx_word' id='word_1_362' title='bbox 3147 2173 3402 2245; x_wconf 73' lang='lat' dir='ltr'><strong>perlecta:</strong></span> <span class='ocrx_word' id='word_1_363' title='bbox 3420 2175 3748 2231; x_wconf 86' lang='lat' dir='ltr'><strong>sanctitatis</strong></span> <span class='ocrx_word' id='word_1_364' title='bbox 3763 2176 3861 2231; x_wconf 80' lang='lat' dir='ltr'><strong>hinc</strong></span> 
     </span>
    </p>
   </div>
   <div class='ocr_carea' id='block_1_52' title="bbox 2300 2264 3860 2336">
    <p class='ocr_par' dir='ltr' id='par_1_52' title="bbox 2300 2264 3860 2336">
     <span class='ocr_line' id='line_1_52' title="bbox 2300 2264 3860 2336; baseline -0.002 -10"><span class='ocrx_word' id='word_1_365' title='bbox 2300 2277 2502 2326; x_wconf 81' lang='lat' dir='ltr'><strong>exeunt</strong></span> <span class='ocrx_word' id='word_1_366' title='bbox 2524 2275 2586 2322; x_wconf 88' lang='lat' dir='ltr'><strong>ut</strong></span> <span class='ocrx_word' id='word_1_367' title='bbox 2611 2266 2691 2321; x_wconf 91' lang='lat' dir='ltr'><strong>ire</strong></span> <span class='ocrx_word' id='word_1_368' title='bbox 2723 2267 2774 2320; x_wconf 91' lang='lat' dir='ltr'><strong>in</strong></span> <span class='ocrx_word' id='word_1_369' title='bbox 2800 2265 3106 2336; x_wconf 89' lang='lat' dir='ltr'><strong>paradisum</strong></span> <span class='ocrx_word' id='word_1_370' title='bbox 3127 2264 3310 2320; x_wconf 90' lang='lat' dir='ltr'><strong>statim</strong></span> <span class='ocrx_word' id='word_1_371' title='bbox 3331 2265 3749 2336; x_wconf 67' lang='lat' dir='ltr'><strong>dispositionum</strong></span> <span class='ocrx_word' id='word_1_372' title='bbox 3763 2283 3860 2323; x_wconf 77' lang='lat' dir='ltr'><strong>suo-</strong></span> 
     </span>
    </p>
   </div>
   <div class='ocr_carea' id='block_1_53' title="bbox 2301 2356 3855 2429">
    <p class='ocr_par' dir='ltr' id='par_1_53' title="bbox 2301 2356 3855 2429">
     <span class='ocr_line' id='line_1_53' title="bbox 2301 2356 3855 2429; baseline -0.002 -14"><span class='ocrx_word' id='word_1_373' title='bbox 2301 2375 2424 2416; x_wconf 87' lang='lat' dir='ltr'><strong>rum</strong></span> <span class='ocrx_word' id='word_1_374' title='bbox 2444 2371 2726 2429; x_wconf 88' lang='lat' dir='ltr'><strong>corporum</strong></span> <span class='ocrx_word' id='word_1_375' title='bbox 2752 2356 2976 2428; x_wconf 87' lang='lat' dir='ltr'><strong>possint,</strong></span> <span class='ocrx_word' id='word_1_376' title='bbox 2999 2371 3099 2411; x_wconf 91' lang='lat' dir='ltr'><strong>nec</strong></span> <span class='ocrx_word' id='word_1_377' title='bbox 3125 2364 3234 2410; x_wconf 89' lang='lat' dir='ltr'><strong>tam</strong></span> <span class='ocrx_word' id='word_1_378' title='bbox 3259 2356 3566 2413; x_wconf 86' lang='lat' dir='ltr'><strong>criminose</strong></span> <span class='ocrx_word' id='word_1_379' title='bbox 3591 2373 3659 2414; x_wconf 91' lang='lat' dir='ltr'><strong>ac</strong></span> <span class='ocrx_word' id='word_1_380' title='bbox 3678 2359 3855 2414; x_wconf 79' lang='lat' dir='ltr'><strong>damna-</strong></span> 
     </span>
    </p>
   </div>
   <div class='ocr_carea' id='block_1_54' title="bbox 2302 2446 3857 2517">
    <p class='ocr_par' dir='ltr' id='par_1_54' title="bbox 2302 2446 3857 2517">
     <span class='ocr_line' id='line_1_54' title="bbox 2302 2446 3857 2517; baseline -0.002 -12"><span class='ocrx_word' id='word_1_381' title='bbox 2302 2450 2482 2506; x_wconf 90' lang='lat' dir='ltr'><strong>biliter</strong></span> <span class='ocrx_word' id='word_1_382' title='bbox 2507 2447 2714 2510; x_wconf 88' lang='lat' dir='ltr'><strong>vivunt,</strong></span> <span class='ocrx_word' id='word_1_383' title='bbox 2753 2455 2814 2502; x_wconf 90' lang='lat' dir='ltr'><strong>ut</strong></span> <span class='ocrx_word' id='word_1_384' title='bbox 2841 2447 2914 2502; x_wconf 91' lang='lat' dir='ltr'><strong>ita</strong></span> <span class='ocrx_word' id='word_1_385' title='bbox 2950 2446 3004 2501; x_wconf 91' lang='lat' dir='ltr'><strong>in</strong></span> <span class='ocrx_word' id='word_1_386' title='bbox 3035 2446 3147 2502; x_wconf 88' lang='lat' dir='ltr'><strong>suis</strong></span> <span class='ocrx_word' id='word_1_387' title='bbox 3171 2446 3496 2502; x_wconf 88' lang='lat' dir='ltr'><strong>criminibus</strong></span> <span class='ocrx_word' id='word_1_388' title='bbox 3522 2459 3857 2517; x_wconf 77' lang='lat' dir='ltr'><strong>persevmat,</strong></span> 
     </span>
    </p>
   </div>
   <div class='ocr_carea' id='block_1_55' title="bbox 2303 2538 3851 2612">
    <p class='ocr_par' dir='ltr' id='par_1_55' title="bbox 2303 2538 3851 2612">
     <span class='ocr_line' id='line_1_55' title="bbox 2303 2538 3851 2612; baseline 0 -14"><span class='ocrx_word' id='word_1_389' title='bbox 2303 2550 2363 2598; x_wconf 91' lang='lat' dir='ltr'><strong>ut</strong></span> <span class='ocrx_word' id='word_1_390' title='bbox 2386 2555 2508 2596; x_wconf 92' lang='lat' dir='ltr'><strong>cum</strong></span> <span class='ocrx_word' id='word_1_391' title='bbox 2537 2539 2748 2595; x_wconf 89' lang='lat' dir='ltr'><strong>diabolo</strong></span> <span class='ocrx_word' id='word_1_392' title='bbox 2792 2547 2850 2594; x_wconf 89' lang='lat' dir='ltr'><strong>et</strong></span> <span class='ocrx_word' id='word_1_393' title='bbox 2879 2539 3082 2612; x_wconf 79' lang='lat' dir='ltr'><strong>angelis</strong></span> <span class='ocrx_word' id='word_1_394' title='bbox 3123 2538 3242 2608; x_wconf 85' lang='lat' dir='ltr'><strong>ejus</strong></span> <span class='ocrx_word' id='word_1_395' title='bbox 3270 2540 3524 2596; x_wconf 85' lang='lat' dir='ltr'><strong>damnari</strong></span> <span class='ocrx_word' id='word_1_396' title='bbox 3560 2553 3851 2608; x_wconf 75' lang='lat' dir='ltr'><strong>mereantur,</strong></span> 
     </span>
    </p>
   </div>
   <div class='ocr_carea' id='block_1_56' title="bbox 2283 2629 3851 2705">
    <p class='ocr_par' dir='ltr' id='par_1_56' title="bbox 2283 2629 3851 2705">
     <span class='ocr_line' id='line_1_56' title="bbox 2283 2629 3851 2705; baseline 0.001 -17"><span class='ocrx_word' id='word_1_397' title='bbox 2283 2632 2549 2690; x_wconf 85' lang='lat' dir='ltr'><strong>.Ecclesia</strong></span> <span class='ocrx_word' id='word_1_398' title='bbox 2592 2646 2691 2702; x_wconf 89' lang='lat' dir='ltr'><strong>pro</strong></span> <span class='ocrx_word' id='word_1_399' title='bbox 2713 2632 2793 2687; x_wconf 91' lang='lat' dir='ltr'><strong>eis</strong></span> <span class='ocrx_word' id='word_1_400' title='bbox 2821 2631 2910 2686; x_wconf 91' lang='lat' dir='ltr'><strong>hic</strong></span> <span class='ocrx_word' id='word_1_401' title='bbox 2953 2629 3239 2686; x_wconf 74' lang='lat' dir='ltr'><strong>efﬁcaciter</strong></span> <span class='ocrx_word' id='word_1_402' title='bbox 3281 2630 3636 2702; x_wconf 87' lang='lat' dir='ltr'><strong>supplicante</strong></span> <span class='ocrx_word' id='word_1_403' title='bbox 3664 2650 3694 2688; x_wconf 86' lang='lat' dir='ltr'><strong>a</strong></span> <span class='ocrx_word' id='word_1_404' title='bbox 3718 2636 3851 2705; x_wconf 69' lang='lat' dir='ltr'><strong>penis</strong></span> 
     </span>
    </p>
   </div>
   <div class='ocr_carea' id='block_1_57' title="bbox 2304 2723 3850 2795">
    <p class='ocr_par' dir='ltr' id='par_1_57' title="bbox 2304 2723 3850 2795">
     <span class='ocr_line' id='line_1_57' title="bbox 2304 2723 3850 2795; baseline 0.001 -13"><span class='ocrx_word' id='word_1_405' title='bbox 2304 2723 2713 2782; x_wconf 89' lang='lat' dir='ltr'><strong>medicinalibus</strong></span> <span class='ocrx_word' id='word_1_406' title='bbox 2747 2724 2970 2794; x_wconf 81' lang='lat' dir='ltr'><strong>expiati,</strong></span> <span class='ocrx_word' id='word_1_407' title='bbox 3019 2739 3245 2795; x_wconf 87' lang='lat' dir='ltr'><strong>corpora</strong></span> <span class='ocrx_word' id='word_1_408' title='bbox 3289 2740 3386 2780; x_wconf 87' lang='lat' dir='ltr'><strong>sua</strong></span> <span class='ocrx_word' id='word_1_409' title='bbox 3437 2742 3568 2782; x_wconf 87' lang='lat' dir='ltr'><strong>cum</strong></span> <span class='ocrx_word' id='word_1_410' title='bbox 3603 2729 3751 2784; x_wconf 80' lang='lat' dir='ltr'><strong>beata</strong></span> <span class='ocrx_word' id='word_1_411' title='bbox 3777 2731 3850 2783; x_wconf 83' lang='lat' dir='ltr'><strong>im-</strong></span> 
     </span>
    </p>
   </div>
   <div class='ocr_carea' id='block_1_58' title="bbox 2304 2815 3853 2889">
    <p class='ocr_par' dir='ltr' id='par_1_58' title="bbox 2304 2815 3853 2889">
     <span class='ocr_line' id='line_1_58' title="bbox 2304 2815 3853 2889; baseline 0.001 -16"><span class='ocrx_word' id='word_1_412' title='bbox 2304 2816 2631 2873; x_wconf 86' lang='lat' dir='ltr'><strong>mortalitate</strong></span> <span class='ocrx_word' id='word_1_413' title='bbox 2644 2816 2926 2887; x_wconf 90' lang='lat' dir='ltr'><strong>recipient,</strong></span> <span class='ocrx_word' id='word_1_414' title='bbox 2941 2829 3006 2870; x_wconf 91' lang='lat' dir='ltr'><strong>ac</strong></span> <span class='ocrx_word' id='word_1_415' title='bbox 3021 2815 3168 2886; x_wconf 81' lang='lat' dir='ltr'><strong>regni</strong></span> <span class='ocrx_word' id='word_1_416' title='bbox 3180 2815 3420 2872; x_wconf 66' lang='lat' dir='ltr'><strong>celestis</strong></span> <span class='ocrx_word' id='word_1_417' title='bbox 3434 2815 3565 2873; x_wconf 83' lang='lat' dir='ltr'><strong>facti</strong></span> <span class='ocrx_word' id='word_1_418' title='bbox 3578 2820 3853 2889; x_wconf 76' lang='lat' dir='ltr'><strong>participes,</strong></span> 
     </span>
    </p>
   </div>
   <div class='ocr_carea' id='block_1_59' title="bbox 2304 2905 3853 2980">
    <p class='ocr_par' dir='ltr' id='par_1_59' title="bbox 2304 2905 3853 2980">
     <span class='ocr_line' id='line_1_59' title="bbox 2304 2905 3853 2980; baseline 0 -16"><span class='ocrx_word' id='word_1_419' title='bbox 2304 2907 2362 2964; x_wconf 87' lang='lat' dir='ltr'><strong>in</strong></span> <span class='ocrx_word' id='word_1_420' title='bbox 2391 2923 2456 2964; x_wconf 90' lang='lat' dir='ltr'><strong>eo</strong></span> <span class='ocrx_word' id='word_1_421' title='bbox 2476 2907 2593 2964; x_wconf 89' lang='lat' dir='ltr'><strong>sine</strong></span> <span class='ocrx_word' id='word_1_422' title='bbox 2619 2906 2727 2962; x_wconf 92' lang='lat' dir='ltr'><strong>ullo</strong></span> <span class='ocrx_word' id='word_1_423' title='bbox 2745 2905 2954 2963; x_wconf 79' lang='lat' dir='ltr'><strong>delectu</strong></span> <span class='ocrx_word' id='word_1_424' title='bbox 2976 2921 3084 2962; x_wconf 71' lang='lat' dir='ltr'><strong>sure</strong></span> <span class='ocrx_word' id='word_1_425' title='bbox 3101 2905 3450 2964; x_wconf 87' lang='lat' dir='ltr'><strong>beatitudinis</strong></span> <span class='ocrx_word' id='word_1_426' title='bbox 3469 2911 3853 2980; x_wconf 84' lang='lat' dir='ltr'><strong>permanebunt.</strong></span> 
     </span>
    </p>
   </div>
   <div class='ocr_carea' id='block_1_60' title="bbox 2893 3017 3289 3074">
    <p class='ocr_par' dir='ltr' id='par_1_60' title="bbox 2893 3017 3289 3074">
     <span class='ocr_line' id='line_1_60' title="bbox 2893 3017 3289 3074; baseline 0 0"><span class='ocrx_word' id='word_1_427' title='bbox 2893 3017 3117 3074; x_wconf 81' lang='lat' dir='ltr'><strong>CAPUT</strong></span> <span class='ocrx_word' id='word_1_428' title='bbox 3156 3018 3289 3074; x_wconf 82' lang='lat' dir='ltr'><strong>Vlll.</strong></span> 
     </span>
    </p>
   </div>
   <div class='ocr_carea' id='block_1_61' title="bbox 636 3108 3850 3205">
    <p class='ocr_par' dir='ltr' id='par_1_61' title="bbox 636 3108 3850 3205">
     <span class='ocr_line' id='line_1_61' title="bbox 636 3108 3850 3205; baseline -0.009 -7"><span class='ocrx_word' id='word_1_429' title='bbox 636 3141 739 3198; x_wconf 87' lang='lat' dir='ltr'><strong>Alii</strong></span> <span class='ocrx_word' id='word_1_430' title='bbox 765 3108 817 3194; x_wconf 73' lang='lat' dir='ltr'><strong>in</strong></span> <span class='ocrx_word' id='word_1_431' title='bbox 841 3108 940 3194; x_wconf 66' lang='lat' dir='ltr'><strong>hac</strong></span> <span class='ocrx_word' id='word_1_432' title='bbox 964 3136 1071 3191; x_wconf 89' lang='lat' dir='ltr'><strong>vita</strong></span> <span class='ocrx_word' id='word_1_433' title='bbox 1095 3144 1323 3201; x_wconf 90' lang='lat' dir='ltr'><strong>tantum,</strong></span> <span class='ocrx_word' id='word_1_434' title='bbox 1351 3133 1438 3189; x_wconf 90' lang='lat' dir='ltr'><strong>alii</strong></span> <span class='ocrx_word' id='word_1_435' title='bbox 1461 3143 1580 3205; x_wconf 91' lang='lat' dir='ltr'><strong>post</strong></span> <span class='ocrx_word' id='word_1_436' title='bbox 1604 3108 1852 3198; x_wconf 74' lang='lat' dir='ltr'><strong>mortem,</strong></span> <span class='ocrx_word' id='word_1_437' title='bbox 1872 3133 1960 3189; x_wconf 89' lang='lat' dir='ltr'><strong>alii</strong></span> <span class='ocrx_word' id='word_1_438' title='bbox 1987 3108 2042 3190; x_wconf 80' lang='lat' dir='ltr'><strong>et</strong></span> <span class='ocrx_word' id='word_1_439' title='bbox 2061 3148 2203 3189; x_wconf 90' lang='lat' dir='ltr'><strong>nunc</strong></span> <span class='ocrx_word' id='word_1_440' title='bbox 2228 3135 2276 3202; x_wconf 75' lang='grc' dir='ltr'><strong>ο</strong></span> <span class='ocrx_word' id='word_1_441' title='bbox 2307 3108 3012 3205; x_wconf 42' lang='grc' dir='ltr'><strong>Ωα-ιζιξηςείίιιξιξξξιξξξλχίξιε</strong></span> <span class='ocrx_word' id='word_1_442' title='bbox 3038 3114 3850 3205; x_wconf 30' lang='grc' dir='ltr'><strong>θ’(ζζξοιξμξπξξηι-ξςιξιξξξέᾳία</strong></span> 
     </span>
    </p>
   </div>
   <div class='ocr_carea' id='block_1_62' title="bbox 638 3229 2202 3292">
    <p class='ocr_par' dir='ltr' id='par_1_62' title="bbox 638 3229 2202 3292">
     <span class='ocr_line' id='line_1_62' title="bbox 638 3229 2202 3292; baseline -0.004 -1"><span class='ocrx_word' id='word_1_443' title='bbox 638 3246 694 3292; x_wconf 88' lang='lat' dir='ltr'><strong>et</strong></span> <span class='ocrx_word' id='word_1_444' title='bbox 722 3243 866 3290; x_wconf 91' lang='lat' dir='ltr'><strong>tunc.</strong></span> <span class='ocrx_word' id='word_1_445' title='bbox 900 3230 1283 3286; x_wconf 80' lang='lat' dir='ltr'><strong>Verumtamen</strong></span> <span class='ocrx_word' id='word_1_446' title='bbox 1331 3238 1458 3286; x_wconf 90' lang='lat' dir='ltr'><strong>ante</strong></span> <span class='ocrx_word' id='word_1_447' title='bbox 1504 3229 1773 3286; x_wconf 86' lang='lat' dir='ltr'><strong>Judicium</strong></span> <span class='ocrx_word' id='word_1_448' title='bbox 1809 3229 1936 3284; x_wconf 93' lang='lat' dir='ltr'><strong>illud</strong></span> <span class='ocrx_word' id='word_1_449' title='bbox 1982 3229 2202 3285; x_wconf 88' lang='lat' dir='ltr'><strong>verissi-</strong></span> 
     </span>
    </p>
   </div>
   <div class='ocr_carea' id='block_1_63' title="bbox 637 3323 2204 3394">
    <p class='ocr_par' dir='ltr' id='par_1_63' title="bbox 637 3323 2204 3394">
     <span class='ocr_line' id='line_1_63' title="bbox 637 3323 2204 3394; baseline -0.004 -11"><span class='ocrx_word' id='word_1_450' title='bbox 637 3343 782 3383; x_wconf 91' lang='lat' dir='ltr'><strong>mum</strong></span> <span class='ocrx_word' id='word_1_451' title='bbox 830 3323 1284 3393; x_wconf 88' lang='lat' dir='ltr'><strong>novissimumque</strong></span> <span class='ocrx_word' id='word_1_452' title='bbox 1326 3323 1621 3394; x_wconf 86' lang='lat' dir='ltr'><strong>patiuntur,</strong></span> <span class='ocrx_word' id='word_1_453' title='bbox 1667 3337 1773 3377; x_wconf 91' lang='lat' dir='ltr'><strong>non</strong></span> <span class='ocrx_word' id='word_1_454' title='bbox 1809 3331 1989 3377; x_wconf 87' lang='lat' dir='ltr'><strong>autem</strong></span> <span class='ocrx_word' id='word_1_455' title='bbox 2013 3335 2204 3377; x_wconf 87' lang='lat' dir='ltr'><strong>omnes</strong></span> 
     </span>
    </p>
   </div>
   <div class='ocr_carea' id='block_1_64' title="bbox 636 3412 2208 3486">
    <p class='ocr_par' dir='ltr' id='par_1_64' title="bbox 636 3412 2208 3486">
     <span class='ocr_line' id='line_1_64' title="bbox 636 3412 2208 3486; baseline -0.003 -15"><span class='ocrx_word' id='word_1_456' title='bbox 636 3417 858 3473; x_wconf 82' lang='lat' dir='ltr'><strong>veniunt</strong></span> <span class='ocrx_word' id='word_1_457' title='bbox 887 3415 942 3470; x_wconf 91' lang='lat' dir='ltr'><strong>in</strong></span> <span class='ocrx_word' id='word_1_458' title='bbox 974 3414 1330 3486; x_wconf 85' lang='lat' dir='ltr'><strong>sempiternas</strong></span> <span class='ocrx_word' id='word_1_459' title='bbox 1359 3428 1476 3482; x_wconf 73' lang='lat' dir='ltr'><strong>qua:</strong></span> <span class='ocrx_word' id='word_1_460' title='bbox 1502 3421 1620 3482; x_wconf 91' lang='lat' dir='ltr'><strong>post</strong></span> <span class='ocrx_word' id='word_1_461' title='bbox 1648 3412 1776 3468; x_wconf 90' lang='lat' dir='ltr'><strong>illud</strong></span> <span class='ocrx_word' id='word_1_462' title='bbox 1795 3412 2056 3484; x_wconf 86' lang='lat' dir='ltr'><strong>judicium</strong></span> <span class='ocrx_word' id='word_1_463' title='bbox 2081 3419 2208 3468; x_wconf 88' lang='lat' dir='ltr'><strong>sunt</strong></span> 
     </span>
    </p>
   </div>
   <div class='ocr_carea' id='block_1_65' title="bbox 637 3502 2205 3576">
    <p class='ocr_par' dir='ltr' id='par_1_65' title="bbox 637 3502 2205 3576">
     <span class='ocr_line' id='line_1_65' title="bbox 637 3502 2205 3576; baseline -0.001 -16"><span class='ocrx_word' id='word_1_464' title='bbox 637 3505 851 3572; x_wconf 75' lang='lat' dir='ltr'><strong>futurae,</strong></span> <span class='ocrx_word' id='word_1_465' title='bbox 880 3505 971 3576; x_wconf 91' lang='lat' dir='ltr'><strong>qui</strong></span> <span class='ocrx_word' id='word_1_466' title='bbox 997 3512 1119 3576; x_wconf 89' lang='lat' dir='ltr'><strong>post</strong></span> <span class='ocrx_word' id='word_1_467' title='bbox 1151 3513 1379 3560; x_wconf 90' lang='lat' dir='ltr'><strong>mortem</strong></span> <span class='ocrx_word' id='word_1_468' title='bbox 1401 3504 1668 3561; x_wconf 90' lang='lat' dir='ltr'><strong>sustinent</strong></span> <span class='ocrx_word' id='word_1_469' title='bbox 1695 3503 2032 3575; x_wconf 88' lang='lat' dir='ltr'><strong>temporales.</strong></span> <span class='ocrx_word' id='word_1_470' title='bbox 2068 3502 2205 3558; x_wconf 86' lang='lat' dir='ltr'><strong>Nam</strong></span> 
     </span>
    </p>
   </div>
   <div class='ocr_carea' id='block_1_66' title="bbox 636 3597 2206 3669">
    <p class='ocr_par' dir='ltr' id='par_1_66' title="bbox 636 3597 2206 3669">
     <span class='ocr_line' id='line_1_66' title="bbox 636 3597 2206 3669; baseline 0.002 -19"><span class='ocrx_word' id='word_1_471' title='bbox 636 3598 955 3668; x_wconf 89' lang='lat' dir='ltr'><strong>quibusdam</strong></span> <span class='ocrx_word' id='word_1_472' title='bbox 1003 3597 1145 3669; x_wconf 89' lang='lat' dir='ltr'><strong>quod</strong></span> <span class='ocrx_word' id='word_1_473' title='bbox 1190 3597 1243 3652; x_wconf 92' lang='lat' dir='ltr'><strong>in</strong></span> <span class='ocrx_word' id='word_1_474' title='bbox 1275 3597 1379 3652; x_wconf 93' lang='lat' dir='ltr'><strong>isto</strong></span> <span class='ocrx_word' id='word_1_475' title='bbox 1425 3612 1529 3652; x_wconf 92' lang='lat' dir='ltr'><strong>non</strong></span> <span class='ocrx_word' id='word_1_476' title='bbox 1568 3597 1875 3663; x_wconf 89' lang='lat' dir='ltr'><strong>remittitur,</strong></span> <span class='ocrx_word' id='word_1_477' title='bbox 1922 3598 1975 3652; x_wconf 90' lang='lat' dir='ltr'><strong>in</strong></span> <span class='ocrx_word' id='word_1_478' title='bbox 2024 3597 2206 3653; x_wconf 76' lang='lat' dir='ltr'><strong>futuro</strong></span> 
     </span>
    </p>
   </div>
   <div class='ocr_carea' id='block_1_67' title="bbox 638 3685 2205 3758">
    <p class='ocr_par' dir='ltr' id='par_1_67' title="bbox 638 3685 2205 3758">
     <span class='ocr_line' id='line_1_67' title="bbox 638 3685 2205 3758; baseline 0.001 -15"><span class='ocrx_word' id='word_1_479' title='bbox 638 3687 834 3743; x_wconf 64' lang='lat' dir='ltr'><strong>saeculo</strong></span> <span class='ocrx_word' id='word_1_480' title='bbox 849 3701 916 3741; x_wconf 91' lang='lat' dir='ltr'><strong>ne</strong></span> <span class='ocrx_word' id='word_1_481' title='bbox 943 3692 1150 3742; x_wconf 78' lang='lat' dir='ltr'><strong>:eterno</strong></span> <span class='ocrx_word' id='word_1_482' title='bbox 1164 3685 1424 3758; x_wconf 90' lang='lat' dir='ltr'><strong>supplicio</strong></span> <span class='ocrx_word' id='word_1_483' title='bbox 1439 3686 1710 3757; x_wconf 90' lang='lat' dir='ltr'><strong>puniatur,</strong></span> <span class='ocrx_word' id='word_1_484' title='bbox 1742 3688 2052 3744; x_wconf 88' lang='lat' dir='ltr'><strong>remittitur.</strong></span> <span class='ocrx_word' id='word_1_485' title='bbox 2069 3686 2205 3744; x_wconf 81' lang='lat' dir='ltr'><strong>Pur-</strong></span> 
     </span>
    </p>
   </div>
   <div class='ocr_carea' id='block_1_68' title="bbox 638 3777 2205 3850">
    <p class='ocr_par' dir='ltr' id='par_1_68' title="bbox 638 3777 2205 3850">
     <span class='ocr_line' id='line_1_68' title="bbox 638 3777 2205 3850; baseline 0.004 -18"><span class='ocrx_word' id='word_1_486' title='bbox 638 3779 877 3850; x_wconf 86' lang='lat' dir='ltr'><strong>gatorius</strong></span> <span class='ocrx_word' id='word_1_487' title='bbox 926 3787 1106 3835; x_wconf 89' lang='lat' dir='ltr'><strong>autem</strong></span> <span class='ocrx_word' id='word_1_488' title='bbox 1142 3794 1329 3850; x_wconf 71' lang='lat' dir='ltr'><strong>pmnas</strong></span> <span class='ocrx_word' id='word_1_489' title='bbox 1357 3778 1531 3835; x_wconf 89' lang='lat' dir='ltr'><strong>nullas</strong></span> <span class='ocrx_word' id='word_1_490' title='bbox 1557 3777 1763 3834; x_wconf 81' lang='lat' dir='ltr'><strong>futuras</strong></span> <span class='ocrx_word' id='word_1_491' title='bbox 1801 3780 2067 3849; x_wconf 89' lang='lat' dir='ltr'><strong>opinetur,</strong></span> <span class='ocrx_word' id='word_1_492' title='bbox 2102 3782 2205 3838; x_wconf 90' lang='lat' dir='ltr'><strong>nisi</strong></span> 
     </span>
    </p>
   </div>
   <div class='ocr_carea' id='block_1_69' title="bbox 639 3868 2206 3945">
    <p class='ocr_par' dir='ltr' id='par_1_69' title="bbox 639 3868 2206 3945">
     <span class='ocr_line' id='line_1_69' title="bbox 639 3868 2206 3945; baseline 0.004 -22"><span class='ocrx_word' id='word_1_493' title='bbox 639 3879 763 3926; x_wconf 91' lang='lat' dir='ltr'><strong>ante</strong></span> <span class='ocrx_word' id='word_1_494' title='bbox 783 3869 912 3924; x_wconf 91' lang='lat' dir='ltr'><strong>illud</strong></span> <span class='ocrx_word' id='word_1_495' title='bbox 934 3871 1178 3926; x_wconf 89' lang='lat' dir='ltr'><strong>ultimum</strong></span> <span class='ocrx_word' id='word_1_496' title='bbox 1202 3872 1640 3942; x_wconf 89' lang='lat' dir='ltr'><strong>tremendumque</strong></span> <span class='ocrx_word' id='word_1_497' title='bbox 1657 3868 2013 3938; x_wconf 80' lang='lat' dir='ltr'><strong>Judicinm,et</strong></span> <span class='ocrx_word' id='word_1_498' title='bbox 2028 3874 2206 3945; x_wconf 89' lang='lat' dir='ltr'><strong>ignem</strong></span> 
     </span>
    </p>
   </div>
   <div class='ocr_carea' id='block_1_70' title="bbox 639 3961 2205 4034">
    <p class='ocr_par' dir='ltr' id='par_1_70' title="bbox 639 3961 2205 4034">
     <span class='ocr_line' id='line_1_70' title="bbox 639 3961 2205 4034; baseline 0.004 -19"><span class='ocrx_word' id='word_1_499' title='bbox 639 3961 786 4015; x_wconf 85' lang='lat' dir='ltr'><strong>illum</strong></span> <span class='ocrx_word' id='word_1_500' title='bbox 817 3961 870 4016; x_wconf 91' lang='lat' dir='ltr'><strong>in</strong></span> <span class='ocrx_word' id='word_1_501' title='bbox 894 3977 1001 4031; x_wconf 83' lang='lat' dir='ltr'><strong>quo</strong></span> <span class='ocrx_word' id='word_1_502' title='bbox 1024 3975 1210 4019; x_wconf 88' lang='lat' dir='ltr'><strong>omnes</strong></span> <span class='ocrx_word' id='word_1_503' title='bbox 1231 3963 1400 4034; x_wconf 88' lang='lat' dir='ltr'><strong>impii,</strong></span> <span class='ocrx_word' id='word_1_504' title='bbox 1426 3963 1642 4019; x_wconf 87' lang='lat' dir='ltr'><strong>Christo</strong></span> <span class='ocrx_word' id='word_1_505' title='bbox 1665 3961 1955 4031; x_wconf 82' lang='lat' dir='ltr'><strong>iudicante,</strong></span> <span class='ocrx_word' id='word_1_506' title='bbox 1979 3967 2205 4022; x_wconf 90' lang='lat' dir='ltr'><strong>mersuri</strong></span> 
     </span>
    </p>
   </div>
   <div class='ocr_carea' id='block_1_71' title="bbox 642 4051 1159 4114">
    <p class='ocr_par' dir='ltr' id='par_1_71' title="bbox 642 4051 1159 4114">
     <span class='ocr_line' id='line_1_71' title="bbox 642 4051 1159 4114; baseline 0.004 -11"><span class='ocrx_word' id='word_1_507' title='bbox 642 4057 789 4114; x_wconf 85' lang='lat' dir='ltr'><strong>sunt,</strong></span> <span class='ocrx_word' id='word_1_508' title='bbox 819 4051 1159 4105; x_wconf 79' lang='lat' dir='ltr'><strong>antecedant.</strong></span> 
     </span>
    </p>
   </div>
   <div class='ocr_carea' id='block_1_72' title="bbox 1247 4157 1608 4216">
    <p class='ocr_par' dir='ltr' id='par_1_72' title="bbox 1247 4157 1608 4216">
     <span class='ocr_line' id='line_1_72' title="bbox 1247 4157 1608 4216; baseline 0 0"><span class='ocrx_word' id='word_1_509' title='bbox 1247 4157 1474 4216; x_wconf 80' lang='lat' dir='ltr'><strong>CAPUT</strong></span> <span class='ocrx_word' id='word_1_510' title='bbox 1520 4157 1608 4216; x_wconf 67' lang='lat' dir='ltr'><strong>Vl.</strong></span> 
     </span>
    </p>
   </div>
   <div class='ocr_carea' id='block_1_73' title="bbox 641 4247 2206 4325">
    <p class='ocr_par' dir='ltr' id='par_1_73' title="bbox 641 4247 2206 4325">
     <span class='ocr_line' id='line_1_73' title="bbox 641 4247 2206 4325; baseline 0.003 -21"><span class='ocrx_word' id='word_1_511' title='bbox 641 4247 835 4304; x_wconf 83' lang='lat' dir='ltr'><strong>Contra</strong></span> <span class='ocrx_word' id='word_1_512' title='bbox 859 4265 947 4325; x_wconf 81' lang='lat' dir='ltr'><strong>eos</strong></span> <span class='ocrx_word' id='word_1_513' title='bbox 972 4249 1064 4320; x_wconf 89' lang='lat' dir='ltr'><strong>qui</strong></span> <span class='ocrx_word' id='word_1_514' title='bbox 1089 4265 1180 4320; x_wconf 89' lang='lat' dir='ltr'><strong>per</strong></span> <span class='ocrx_word' id='word_1_515' title='bbox 1201 4249 1356 4325; x_wconf 80' lang='lat' dir='ltr'><strong>ﬁdem</strong></span> <span class='ocrx_word' id='word_1_516' title='bbox 1383 4249 1555 4325; x_wconf 81' lang='lat' dir='ltr'><strong>solam</strong></span> <span class='ocrx_word' id='word_1_517' title='bbox 1579 4251 1772 4325; x_wconf 79' lang='lat' dir='ltr'><strong>absque</strong></span> <span class='ocrx_word' id='word_1_518' title='bbox 1799 4253 1946 4325; x_wconf 78' lang='lat' dir='ltr'><strong>bouis</strong></span> <span class='ocrx_word' id='word_1_519' title='bbox 1968 4253 2206 4325; x_wconf 84' lang='lat' dir='ltr'><strong>operibus</strong></span> 
     </span>
    </p>
   </div>
   <div class='ocr_carea' id='block_1_74' title="bbox 760 4321 2078 4391">
    <p class='ocr_par' dir='ltr' id='par_1_74' title="bbox 760 4321 2078 4391">
     <span class='ocr_line' id='line_1_74' title="bbox 760 4321 2078 4391; baseline 0.003 -19"><span class='ocrx_word' id='word_1_520' title='bbox 760 4337 852 4390; x_wconf 88' lang='lat' dir='ltr'><strong>per</strong></span> <span class='ocrx_word' id='word_1_521' title='bbox 881 4321 1058 4390; x_wconf 80' lang='lat' dir='ltr'><strong>ignem</strong></span> <span class='ocrx_word' id='word_1_522' title='bbox 1083 4321 1444 4391; x_wconf 84' lang='lat' dir='ltr'><strong>purgatorium</strong></span> <span class='ocrx_word' id='word_1_523' title='bbox 1474 4321 1608 4376; x_wconf 80' lang='lat' dir='ltr'><strong>salui</strong></span> <span class='ocrx_word' id='word_1_524' title='bbox 1637 4321 1747 4377; x_wconf 85' lang='lat' dir='ltr'><strong>esse</strong></span> <span class='ocrx_word' id='word_1_525' title='bbox 1774 4321 2078 4378; x_wconf 79' lang='lat' dir='ltr'><strong>creduntur.</strong></span> 
     </span>
    </p>
   </div>
   <div class='ocr_carea' id='block_1_75' title="bbox 2377 3177 3852 3262">
    <p class='ocr_par' dir='ltr' id='par_1_75' title="bbox 2377 3177 3852 3262">
     <span class='ocr_line' id='line_1_75' title="bbox 2377 3177 3852 3262; baseline 0.003 -28"><span class='ocrx_word' id='word_1_526' title='bbox 2377 3181 2554 3262; x_wconf 75' lang='lat' dir='ltr'><strong>requie</strong></span> <span class='ocrx_word' id='word_1_527' title='bbox 2584 3177 2993 3251; x_wconf 59' lang='lat' dir='ltr'><strong>&#39;suscipiuntur,</strong></span> <span class='ocrx_word' id='word_1_528' title='bbox 3050 3177 3145 3233; x_wconf 87' lang='lat' dir='ltr'><strong>alii</strong></span> <span class='ocrx_word' id='word_1_529' title='bbox 3200 3181 3429 3249; x_wconf 79' lang='lat' dir='ltr'><strong>ﬂammis</strong></span> <span class='ocrx_word' id='word_1_530' title='bbox 3468 3186 3744 3253; x_wconf 72' lang='lat' dir='ltr'><strong>purgatorii</strong></span> <span class='ocrx_word' id='word_1_531' title='bbox 3765 3201 3852 3239; x_wconf 74' lang='lat' dir='ltr'><strong>es:-</strong></span> 
     </span>
    </p>
   </div>
   <div class='ocr_carea' id='block_1_76' title="bbox 2385 3261 2670 3320">
    <p class='ocr_par' dir='ltr' id='par_1_76' title="bbox 2385 3261 2670 3320">
     <span class='ocr_line' id='line_1_76' title="bbox 2385 3261 2670 3320; baseline 0 -16"><span class='ocrx_word' id='word_1_532' title='bbox 2385 3261 2670 3320; x_wconf 71' lang='lat' dir='ltr'><strong>cipiuntur.</strong></span> 
     </span>
    </p>
   </div>
   <div class='ocr_carea' id='block_1_77' title="bbox 2376 3357 3853 3431">
    <p class='ocr_par' dir='ltr' id='par_1_77' title="bbox 2376 3357 3853 3431">
     <span class='ocr_line' id='line_1_77' title="bbox 2376 3357 3853 3431; baseline 0.003 -15"><span class='ocrx_word' id='word_1_533' title='bbox 2376 3360 2515 3416; x_wconf 90' lang='lat' dir='ltr'><strong>Sunt</strong></span> <span class='ocrx_word' id='word_1_534' title='bbox 2529 3362 2710 3431; x_wconf 87' lang='lat' dir='ltr'><strong>plures</strong></span> <span class='ocrx_word' id='word_1_535' title='bbox 2724 3360 2776 3416; x_wconf 89' lang='lat' dir='ltr'><strong>in</strong></span> <span class='ocrx_word' id='word_1_536' title='bbox 2803 3359 3045 3416; x_wconf 82' lang='lat' dir='ltr'><strong>Ecclesia</strong></span> <span class='ocrx_word' id='word_1_537' title='bbox 3059 3357 3189 3430; x_wconf 83' lang='lat' dir='ltr'><strong>justi</strong></span> <span class='ocrx_word' id='word_1_538' title='bbox 3203 3360 3293 3430; x_wconf 90' lang='lat' dir='ltr'><strong>qui</strong></span> <span class='ocrx_word' id='word_1_539' title='bbox 3313 3368 3439 3431; x_wconf 86' lang='lat' dir='ltr'><strong>post</strong></span> <span class='ocrx_word' id='word_1_540' title='bbox 3463 3362 3643 3418; x_wconf 84' lang='lat' dir='ltr'><strong>carnis</strong></span> <span class='ocrx_word' id='word_1_541' title='bbox 3663 3363 3853 3420; x_wconf 86' lang='lat' dir='ltr'><strong>soltio-</strong></span> 
     </span>
    </p>
   </div>
   <div class='ocr_carea' id='block_1_78' title="bbox 2309 3453 3850 3527">
    <p class='ocr_par' dir='ltr' id='par_1_78' title="bbox 2309 3453 3850 3527">
     <span class='ocr_line' id='line_1_78' title="bbox 2309 3453 3850 3527; baseline 0.001 -17"><span class='ocrx_word' id='word_1_542' title='bbox 2309 3468 2454 3521; x_wconf 90' lang='lat' dir='ltr'><strong>nem,</strong></span> <span class='ocrx_word' id='word_1_543' title='bbox 2483 3454 2739 3509; x_wconf 88' lang='lat' dir='ltr'><strong>continuo</strong></span> <span class='ocrx_word' id='word_1_544' title='bbox 2752 3454 2906 3510; x_wconf 86' lang='lat' dir='ltr'><strong>beata</strong></span> <span class='ocrx_word' id='word_1_545' title='bbox 2928 3453 3164 3524; x_wconf 91' lang='lat' dir='ltr'><strong>paradisi</strong></span> <span class='ocrx_word' id='word_1_546' title='bbox 3179 3455 3362 3525; x_wconf 82' lang='lat' dir='ltr'><strong>requie</strong></span> <span class='ocrx_word' id='word_1_547' title='bbox 3377 3458 3755 3527; x_wconf 83' lang='lat' dir='ltr'><strong>suscipiuntur,</strong></span> <span class='ocrx_word' id='word_1_548' title='bbox 3772 3473 3850 3512; x_wconf 78' lang='lat' dir='ltr'><strong>ex-</strong></span> 
     </span>
    </p>
   </div>
   <div class='ocr_carea' id='block_1_79' title="bbox 2309 3546 3850 3624">
    <p class='ocr_par' dir='ltr' id='par_1_79' title="bbox 2309 3546 3850 3624">
     <span class='ocr_line' id='line_1_79' title="bbox 2309 3546 3850 3624; baseline 0.003 -24"><span class='ocrx_word' id='word_1_549' title='bbox 2309 3554 2614 3616; x_wconf 87' lang='lat' dir='ltr'><strong>spectantes</strong></span> <span class='ocrx_word' id='word_1_550' title='bbox 2628 3546 2681 3601; x_wconf 91' lang='lat' dir='ltr'><strong>in</strong></span> <span class='ocrx_word' id='word_1_551' title='bbox 2693 3561 2888 3618; x_wconf 89' lang='lat' dir='ltr'><strong>magno</strong></span> <span class='ocrx_word' id='word_1_552' title='bbox 2901 3547 3115 3618; x_wconf 90' lang='lat' dir='ltr'><strong>gaudio,</strong></span> <span class='ocrx_word' id='word_1_553' title='bbox 3143 3548 3196 3603; x_wconf 92' lang='lat' dir='ltr'><strong>in</strong></span> <span class='ocrx_word' id='word_1_554' title='bbox 3218 3549 3429 3620; x_wconf 87' lang='lat' dir='ltr'><strong>magnis</strong></span> <span class='ocrx_word' id='word_1_555' title='bbox 3441 3551 3850 3624; x_wconf 78' lang='lat' dir='ltr'><strong>congaudentism</strong></span> 
     </span>
    </p>
   </div>
   <div class='ocr_carea' id='block_1_80' title="bbox 2310 3636 3849 3713">
    <p class='ocr_par' dir='ltr' id='par_1_80' title="bbox 2310 3636 3849 3713">
     <span class='ocr_line' id='line_1_80' title="bbox 2310 3636 3849 3713; baseline 0.002 -22"><span class='ocrx_word' id='word_1_556' title='bbox 2310 3636 2513 3701; x_wconf 89' lang='lat' dir='ltr'><strong>choris,</strong></span> <span class='ocrx_word' id='word_1_557' title='bbox 2553 3652 2675 3692; x_wconf 94' lang='lat' dir='ltr'><strong>cum</strong></span> <span class='ocrx_word' id='word_1_558' title='bbox 2716 3646 2933 3708; x_wconf 88' lang='lat' dir='ltr'><strong>recepto</strong></span> <span class='ocrx_word' id='word_1_559' title='bbox 2969 3653 3196 3708; x_wconf 88' lang='lat' dir='ltr'><strong>corpore</strong></span> <span class='ocrx_word' id='word_1_560' title='bbox 3243 3639 3465 3695; x_wconf 87' lang='lat' dir='ltr'><strong>veniant</strong></span> <span class='ocrx_word' id='word_1_561' title='bbox 3498 3649 3564 3696; x_wconf 90' lang='lat' dir='ltr'><strong>et</strong></span> <span class='ocrx_word' id='word_1_562' title='bbox 3605 3650 3849 3713; x_wconf 80' lang='lat' dir='ltr'><strong>appareant</strong></span> 
     </span>
    </p>
   </div>
   <div class='ocr_carea' id='block_1_81' title="bbox 2308 3726 3848 3804">
    <p class='ocr_par' dir='ltr' id='par_1_81' title="bbox 2308 3726 3848 3804">
     <span class='ocr_line' id='line_1_81' title="bbox 2308 3726 3848 3804; baseline -0.001 -20"><span class='ocrx_word' id='word_1_563' title='bbox 2308 3735 2435 3784; x_wconf 91' lang='lat' dir='ltr'><strong>ante</strong></span> <span class='ocrx_word' id='word_1_564' title='bbox 2475 3727 2670 3784; x_wconf 84' lang='lat' dir='ltr'><strong>faciem</strong></span> <span class='ocrx_word' id='word_1_565' title='bbox 2715 3726 2829 3783; x_wconf 86' lang='lat' dir='ltr'><strong>Dei.</strong></span> <span class='ocrx_word' id='word_1_566' title='bbox 2877 3728 2949 3784; x_wconf 89' lang='lat' dir='ltr'><strong>At</strong></span> <span class='ocrx_word' id='word_1_567' title='bbox 2990 3743 3119 3785; x_wconf 88' lang='lat' dir='ltr'><strong>vero</strong></span> <span class='ocrx_word' id='word_1_568' title='bbox 3160 3744 3266 3784; x_wconf 91' lang='lat' dir='ltr'><strong>non</strong></span> <span class='ocrx_word' id='word_1_569' title='bbox 3315 3730 3473 3785; x_wconf 89' lang='lat' dir='ltr'><strong>multi</strong></span> <span class='ocrx_word' id='word_1_570' title='bbox 3501 3743 3716 3804; x_wconf 85' lang='lat' dir='ltr'><strong>propter</strong></span> <span class='ocrx_word' id='word_1_571' title='bbox 3737 3732 3848 3785; x_wconf 82' lang='lat' dir='ltr'><strong>bona</strong></span> 
     </span>
    </p>
   </div>
   <div class='ocr_carea' id='block_1_82' title="bbox 2308 3818 3850 3891">
    <p class='ocr_par' dir='ltr' id='par_1_82' title="bbox 2308 3818 3850 3891">
     <span class='ocr_line' id='line_1_82' title="bbox 2308 3818 3850 3891; baseline -0.001 -16"><span class='ocrx_word' id='word_1_572' title='bbox 2308 3820 2524 3890; x_wconf 89' lang='lat' dir='ltr'><strong>quidem</strong></span> <span class='ocrx_word' id='word_1_573' title='bbox 2544 3833 2729 3888; x_wconf 88' lang='lat' dir='ltr'><strong>opera,</strong></span> <span class='ocrx_word' id='word_1_574' title='bbox 2758 3818 2824 3873; x_wconf 91' lang='lat' dir='ltr'><strong>ad</strong></span> <span class='ocrx_word' id='word_1_575' title='bbox 2849 3818 3142 3875; x_wconf 90' lang='lat' dir='ltr'><strong>electorum</strong></span> <span class='ocrx_word' id='word_1_576' title='bbox 3172 3829 3369 3876; x_wconf 90' lang='lat' dir='ltr'><strong>sortem</strong></span> <span class='ocrx_word' id='word_1_577' title='bbox 3403 3823 3758 3891; x_wconf 76' lang='lat' dir='ltr'><strong>pra-ordinati,</strong></span> <span class='ocrx_word' id='word_1_578' title='bbox 3779 3821 3850 3875; x_wconf 77' lang='lat' dir='ltr'><strong>sed</strong></span> 
     </span>
    </p>
   </div>
   <div class='ocr_carea' id='block_1_83' title="bbox 2309 3909 3847 3983">
    <p class='ocr_par' dir='ltr' id='par_1_83' title="bbox 2309 3909 3847 3983">
     <span class='ocr_line' id='line_1_83' title="bbox 2309 3909 3847 3983; baseline -0.001 -17"><span class='ocrx_word' id='word_1_579' title='bbox 2309 3919 2531 3982; x_wconf 89' lang='lat' dir='ltr'><strong>propter</strong></span> <span class='ocrx_word' id='word_1_580' title='bbox 2557 3909 2696 3964; x_wconf 89' lang='lat' dir='ltr'><strong>mala</strong></span> <span class='ocrx_word' id='word_1_581' title='bbox 2711 3909 2910 3980; x_wconf 86' lang='lat' dir='ltr'><strong>aliqua,</strong></span> <span class='ocrx_word' id='word_1_582' title='bbox 2925 3910 3123 3979; x_wconf 90' lang='lat' dir='ltr'><strong>quibus</strong></span> <span class='ocrx_word' id='word_1_583' title='bbox 3136 3911 3320 3982; x_wconf 91' lang='lat' dir='ltr'><strong>polluti</strong></span> <span class='ocrx_word' id='word_1_584' title='bbox 3332 3911 3398 3967; x_wconf 88' lang='lat' dir='ltr'><strong>de</strong></span> <span class='ocrx_word' id='word_1_585' title='bbox 3416 3926 3653 3983; x_wconf 89' lang='lat' dir='ltr'><strong>corpore</strong></span> <span class='ocrx_word' id='word_1_586' title='bbox 3669 3922 3847 3975; x_wconf 77' lang='lat' dir='ltr'><strong>exeunt,</strong></span> 
     </span>
    </p>
   </div>
   <div class='ocr_carea' id='block_1_84' title="bbox 2307 4001 3851 4072">
    <p class='ocr_par' dir='ltr' id='par_1_84' title="bbox 2307 4001 3851 4072">
     <span class='ocr_line' id='line_1_84' title="bbox 2307 4001 3851 4072; baseline -0.002 -15"><span class='ocrx_word' id='word_1_587' title='bbox 2307 4008 2429 4072; x_wconf 90' lang='lat' dir='ltr'><strong>post</strong></span> <span class='ocrx_word' id='word_1_588' title='bbox 2457 4009 2684 4056; x_wconf 82' lang='lat' dir='ltr'><strong>mortem</strong></span> <span class='ocrx_word' id='word_1_589' title='bbox 2715 4015 2903 4057; x_wconf 82' lang='lat' dir='ltr'><strong>severe</strong></span> <span class='ocrx_word' id='word_1_590' title='bbox 2933 4001 3229 4072; x_wconf 85' lang='lat' dir='ltr'><strong>castigandi</strong></span> <span class='ocrx_word' id='word_1_591' title='bbox 3267 4002 3625 4072; x_wconf 77' lang='lat' dir='ltr'><strong>excipiuntur</strong></span> <span class='ocrx_word' id='word_1_592' title='bbox 3664 4002 3851 4058; x_wconf 80' lang='lat' dir='ltr'><strong>llamis</strong></span> 
     </span>
    </p>
   </div>
   <div class='ocr_carea' id='block_1_85' title="bbox 2309 4091 3848 4164">
    <p class='ocr_par' dir='ltr' id='par_1_85' title="bbox 2309 4091 3848 4164">
     <span class='ocr_line' id='line_1_85' title="bbox 2309 4091 3848 4164; baseline -0.001 -17"><span class='ocrx_word' id='word_1_593' title='bbox 2309 4091 2450 4164; x_wconf 90' lang='lat' dir='ltr'><strong>ignis</strong></span> <span class='ocrx_word' id='word_1_594' title='bbox 2492 4092 2813 4162; x_wconf 86' lang='lat' dir='ltr'><strong>purgatorii,</strong></span> <span class='ocrx_word' id='word_1_595' title='bbox 2857 4101 2912 4148; x_wconf 91' lang='lat' dir='ltr'><strong>et</strong></span> <span class='ocrx_word' id='word_1_596' title='bbox 2943 4091 3028 4147; x_wconf 88' lang='lat' dir='ltr'><strong>vel</strong></span> <span class='ocrx_word' id='word_1_597' title='bbox 3055 4107 3226 4164; x_wconf 89' lang='lat' dir='ltr'><strong>usque</strong></span> <span class='ocrx_word' id='word_1_598' title='bbox 3251 4093 3319 4148; x_wconf 90' lang='lat' dir='ltr'><strong>ad</strong></span> <span class='ocrx_word' id='word_1_599' title='bbox 3345 4093 3489 4148; x_wconf 89' lang='lat' dir='ltr'><strong>diem</strong></span> <span class='ocrx_word' id='word_1_600' title='bbox 3535 4093 3725 4164; x_wconf 89' lang='lat' dir='ltr'><strong>judicii</strong></span> <span class='ocrx_word' id='word_1_601' title='bbox 3763 4092 3848 4146; x_wconf 86' lang='lat' dir='ltr'><strong>lon-</strong></span> 
     </span>
    </p>
   </div>
   <div class='ocr_carea' id='block_1_86' title="bbox 2309 4185 3852 4259">
    <p class='ocr_par' dir='ltr' id='par_1_86' title="bbox 2309 4185 3852 4259">
     <span class='ocr_line' id='line_1_86' title="bbox 2309 4185 3852 4259; baseline -0.003 -18"><span class='ocrx_word' id='word_1_602' title='bbox 2309 4201 2376 4259; x_wconf 89' lang='lat' dir='ltr'><strong>ga</strong></span> <span class='ocrx_word' id='word_1_603' title='bbox 2445 4185 2604 4256; x_wconf 84' lang='lat' dir='ltr'><strong>hujus</strong></span> <span class='ocrx_word' id='word_1_604' title='bbox 2665 4186 3061 4242; x_wconf 84' lang='lat' dir='ltr'><strong>examinatione</strong></span> <span class='ocrx_word' id='word_1_605' title='bbox 3115 4201 3148 4241; x_wconf 90' lang='lat' dir='ltr'><strong>a</strong></span> <span class='ocrx_word' id='word_1_606' title='bbox 3211 4185 3464 4240; x_wconf 86' lang='lat' dir='ltr'><strong>vitiorum</strong></span> <span class='ocrx_word' id='word_1_607' title='bbox 3517 4187 3682 4242; x_wconf 89' lang='lat' dir='ltr'><strong>sorde</strong></span> <span class='ocrx_word' id='word_1_608' title='bbox 3738 4200 3852 4238; x_wconf 81' lang='lat' dir='ltr'><strong>man-</strong></span> 
     </span>
    </p>
   </div>
   <div class='ocr_carea' id='block_1_87' title="bbox 2311 4274 3849 4347">
    <p class='ocr_par' dir='ltr' id='par_1_87' title="bbox 2311 4274 3849 4347">
     <span class='ocr_line' id='line_1_87' title="bbox 2311 4274 3849 4347; baseline 0.001 -15"><span class='ocrx_word' id='word_1_609' title='bbox 2311 4276 2525 4341; x_wconf 89' lang='lat' dir='ltr'><strong>dantur,</strong></span> <span class='ocrx_word' id='word_1_610' title='bbox 2553 4275 2638 4330; x_wconf 87' lang='lat' dir='ltr'><strong>vel</strong></span> <span class='ocrx_word' id='word_1_611' title='bbox 2663 4284 2808 4332; x_wconf 89' lang='lat' dir='ltr'><strong>certe</strong></span> <span class='ocrx_word' id='word_1_612' title='bbox 2831 4276 2982 4345; x_wconf 89' lang='lat' dir='ltr'><strong>prius</strong></span> <span class='ocrx_word' id='word_1_613' title='bbox 3006 4275 3299 4331; x_wconf 90' lang='lat' dir='ltr'><strong>amicorum</strong></span> <span class='ocrx_word' id='word_1_614' title='bbox 3347 4274 3594 4331; x_wconf 84' lang='lat' dir='ltr'><strong>ﬁdelium</strong></span> <span class='ocrx_word' id='word_1_615' title='bbox 3624 4275 3849 4347; x_wconf 66' lang='lat' dir='ltr'><strong>precibus,</strong></span> 
     </span>
    </p>
   </div>
   <div class='ocr_carea' id='block_1_88' title="bbox 2310 4366 3855 4439">
    <p class='ocr_par' dir='ltr' id='par_1_88' title="bbox 2310 4366 3855 4439">
     <span class='ocr_line' id='line_1_88' title="bbox 2310 4366 3855 4439; baseline -0.002 -16"><span class='ocrx_word' id='word_1_616' title='bbox 2310 4366 2683 4439; x_wconf 84' lang='lat' dir='ltr'><strong>eleemosynis,</strong></span> <span class='ocrx_word' id='word_1_617' title='bbox 2701 4367 2938 4438; x_wconf 87' lang='lat' dir='ltr'><strong>jejuniis,</strong></span> <span class='ocrx_word' id='word_1_618' title='bbox 2967 4366 3178 4424; x_wconf 79' lang='lat' dir='ltr'><strong>ﬂetibus</strong></span> <span class='ocrx_word' id='word_1_619' title='bbox 3202 4376 3258 4424; x_wconf 91' lang='lat' dir='ltr'><strong>et</strong></span> <span class='ocrx_word' id='word_1_620' title='bbox 3285 4367 3476 4423; x_wconf 77' lang='lat' dir='ltr'><strong>hostia:</strong></span> <span class='ocrx_word' id='word_1_621' title='bbox 3502 4368 3756 4424; x_wconf 85' lang='lat' dir='ltr'><strong>salutaris</strong></span> <span class='ocrx_word' id='word_1_622' title='bbox 3777 4367 3855 4422; x_wconf 87' lang='lat' dir='ltr'><strong>ob-</strong></span> 
     </span>
    </p>
   </div>
   <div class='ocr_carea' id='block_1_89' title="bbox 709 4429 3855 4530">
    <p class='ocr_par' dir='ltr' id='par_1_89' title="bbox 709 4429 3855 4530">
     <span class='ocr_line' id='line_1_89' title="bbox 709 4429 3855 4530; baseline -0 -18"><span class='ocrx_word' id='word_1_623' title='bbox 709 4429 1058 4530; x_wconf 48' lang='lat' dir='ltr'><strong>credunff’”</strong></span> <span class='ocrx_word' id='word_1_624' title='bbox 1073 4429 1392 4530; x_wconf 40' lang='lat' dir='ltr'><strong>quibus“?</strong></span> <span class='ocrx_word' id='word_1_625' title='bbox 1415 4440 1471 4530; x_wconf 52' lang='lat' dir='ltr'><strong>cf</strong></span> <span class='ocrx_word' id='word_1_626' title='bbox 1489 4429 1605 4499; x_wconf 64' lang='lat' dir='ltr'><strong>iam</strong></span> <span class='ocrx_word' id='word_1_627' title='bbox 1630 4431 1707 4530; x_wconf 67' lang='lat' dir='ltr'><strong>hi3</strong></span> <span class='ocrx_word' id='word_1_628' title='bbox 1727 4431 1817 4530; x_wconf 55' lang='lat' dir='ltr'><strong>(&quot;ii</strong></span> <span class='ocrx_word' id='word_1_629' title='bbox 1843 4430 2210 4530; x_wconf 50' lang='grc' dir='ltr'><strong>¹¹Ῡ¹¹¹Ρ¹ξθ¹¹τξ⁸</strong></span> <span class='ocrx_word' id='word_1_630' title='bbox 2231 4467 2286 4530; x_wconf 76' lang='grc' dir='ltr'><strong>ι)</strong></span> <span class='ocrx_word' id='word_1_631' title='bbox 2312 4429 2600 4513; x_wconf 77' lang='lat' dir='ltr'><strong>lationibus</strong></span> <span class='ocrx_word' id='word_1_632' title='bbox 2621 4429 2852 4512; x_wconf 73' lang='lat' dir='ltr'><strong>absoluti</strong></span> <span class='ocrx_word' id='word_1_633' title='bbox 2875 4429 3071 4529; x_wconf 68' lang='lat' dir='ltr'><strong>poenis,</strong></span> <span class='ocrx_word' id='word_1_634' title='bbox 3093 4465 3148 4514; x_wconf 90' lang='lat' dir='ltr'><strong>et</strong></span> <span class='ocrx_word' id='word_1_635' title='bbox 3172 4457 3273 4528; x_wconf 88' lang='lat' dir='ltr'><strong>ipsi</strong></span> <span class='ocrx_word' id='word_1_636' title='bbox 3298 4455 3367 4513; x_wconf 86' lang='lat' dir='ltr'><strong>ad</strong></span> <span class='ocrx_word' id='word_1_637' title='bbox 3388 4457 3682 4514; x_wconf 86' lang='lat' dir='ltr'><strong>beatorum</strong></span> <span class='ocrx_word' id='word_1_638' title='bbox 3703 4469 3855 4529; x_wconf 67' lang='lat' dir='ltr'><strong>pave-</strong></span> 
     </span>
    </p>
   </div>
   <div class='ocr_carea' id='block_1_90' title="bbox 639 4518 2209 4590">
    <p class='ocr_par' dir='ltr' id='par_1_90' title="bbox 639 4518 2209 4590">
     <span class='ocr_line' id='line_1_90' title="bbox 639 4518 2209 4590; baseline 0 -16"><span class='ocrx_word' id='word_1_639' title='bbox 639 4518 707 4574; x_wconf 89' lang='lat' dir='ltr'><strong>sti</strong></span> <span class='ocrx_word' id='word_1_640' title='bbox 732 4533 836 4573; x_wconf 90' lang='lat' dir='ltr'><strong>non</strong></span> <span class='ocrx_word' id='word_1_641' title='bbox 861 4518 1189 4590; x_wconf 89' lang='lat' dir='ltr'><strong>relinquunt,</strong></span> <span class='ocrx_word' id='word_1_642' title='bbox 1221 4528 1276 4574; x_wconf 91' lang='lat' dir='ltr'><strong>et</strong></span> <span class='ocrx_word' id='word_1_643' title='bbox 1303 4519 1420 4588; x_wconf 88' lang='lat' dir='ltr'><strong>ejus</strong></span> <span class='ocrx_word' id='word_1_644' title='bbox 1446 4520 1660 4575; x_wconf 89' lang='lat' dir='ltr'><strong>lavacro</strong></span> <span class='ocrx_word' id='word_1_645' title='bbox 1687 4519 1742 4574; x_wconf 87' lang='lat' dir='ltr'><strong>in</strong></span> <span class='ocrx_word' id='word_1_646' title='bbox 1769 4519 2007 4574; x_wconf 84' lang='lat' dir='ltr'><strong>Ecclesia</strong></span> <span class='ocrx_word' id='word_1_647' title='bbox 2035 4519 2209 4590; x_wconf 89' lang='lat' dir='ltr'><strong>bapti-</strong></span> 
     </span>
    </p>
   </div>
   <div class='ocr_carea' id='block_1_91' title="bbox 641 4610 2210 4681">
    <p class='ocr_par' dir='ltr' id='par_1_91' title="bbox 641 4610 2210 4681">
     <span class='ocr_line' id='line_1_91' title="bbox 641 4610 2210 4681; baseline 0.001 -15"><span class='ocrx_word' id='word_1_648' title='bbox 641 4619 850 4675; x_wconf 82' lang='lat' dir='ltr'><strong>zantur,</strong></span> <span class='ocrx_word' id='word_1_649' title='bbox 895 4625 994 4666; x_wconf 92' lang='lat' dir='ltr'><strong>nec</strong></span> <span class='ocrx_word' id='word_1_650' title='bbox 1021 4611 1090 4666; x_wconf 90' lang='lat' dir='ltr'><strong>ab</strong></span> <span class='ocrx_word' id='word_1_651' title='bbox 1135 4625 1196 4666; x_wconf 92' lang='lat' dir='ltr'><strong>ea</strong></span> <span class='ocrx_word' id='word_1_652' title='bbox 1230 4610 1336 4666; x_wconf 91' lang='lat' dir='ltr'><strong>ullo</strong></span> <span class='ocrx_word' id='word_1_653' title='bbox 1377 4611 1668 4666; x_wconf 86' lang='lat' dir='ltr'><strong>schismate</strong></span> <span class='ocrx_word' id='word_1_654' title='bbox 1692 4610 1777 4666; x_wconf 91' lang='lat' dir='ltr'><strong>vel</strong></span> <span class='ocrx_word' id='word_1_655' title='bbox 1805 4611 1995 4666; x_wconf 67' lang='lat' dir='ltr'><strong>haeresi</strong></span> <span class='ocrx_word' id='word_1_656' title='bbox 2021 4611 2210 4681; x_wconf 69' lang='lat' dir='ltr'><strong>praeci-</strong></span> 
     </span>
    </p>
   </div>
   <div class='ocr_carea' id='block_1_92' title="bbox 640 4703 2210 4775">
    <p class='ocr_par' dir='ltr' id='par_1_92' title="bbox 640 4703 2210 4775">
     <span class='ocr_line' id='line_1_92' title="bbox 640 4703 2210 4775; baseline 0.002 -18"><span class='ocrx_word' id='word_1_657' title='bbox 640 4703 857 4769; x_wconf 87' lang='lat' dir='ltr'><strong>duntur,</strong></span> <span class='ocrx_word' id='word_1_658' title='bbox 896 4703 950 4758; x_wconf 90' lang='lat' dir='ltr'><strong>in</strong></span> <span class='ocrx_word' id='word_1_659' title='bbox 981 4704 1408 4775; x_wconf 85' lang='lat' dir='ltr'><strong>quantiscunque</strong></span> <span class='ocrx_word' id='word_1_660' title='bbox 1435 4703 1726 4758; x_wconf 89' lang='lat' dir='ltr'><strong>sceleribus</strong></span> <span class='ocrx_word' id='word_1_661' title='bbox 1751 4703 1956 4769; x_wconf 72' lang='lat' dir='ltr'><strong>vivant,</strong></span> <span class='ocrx_word' id='word_1_662' title='bbox 1987 4704 2079 4774; x_wconf 92' lang='lat' dir='ltr'><strong>qui</strong></span> <span class='ocrx_word' id='word_1_663' title='bbox 2111 4718 2210 4760; x_wconf 88' lang='lat' dir='ltr'><strong>nec</strong></span> 
     </span>
    </p>
   </div>
   <div class='ocr_carea' id='block_1_93' title="bbox 640 4791 2206 4864">
    <p class='ocr_par' dir='ltr' id='par_1_93' title="bbox 640 4791 2206 4864">
     <span class='ocr_line' id='line_1_93' title="bbox 640 4791 2206 4864; baseline 0.003 -19"><span class='ocrx_word' id='word_1_664' title='bbox 640 4791 843 4847; x_wconf 90' lang='lat' dir='ltr'><strong>diluant</strong></span> <span class='ocrx_word' id='word_1_665' title='bbox 868 4793 1199 4864; x_wconf 69' lang='lat' dir='ltr'><strong>pmnitendo,</strong></span> <span class='ocrx_word' id='word_1_666' title='bbox 1229 4808 1330 4848; x_wconf 91' lang='lat' dir='ltr'><strong>nec</strong></span> <span class='ocrx_word' id='word_1_667' title='bbox 1356 4791 1710 4863; x_wconf 85' lang='lat' dir='ltr'><strong>eleemosynis</strong></span> <span class='ocrx_word' id='word_1_668' title='bbox 1732 4793 2020 4859; x_wconf 88' lang='lat' dir='ltr'><strong>redimant,</strong></span> <span class='ocrx_word' id='word_1_669' title='bbox 2042 4794 2134 4850; x_wconf 89' lang='lat' dir='ltr'><strong>sed</strong></span> <span class='ocrx_word' id='word_1_670' title='bbox 2152 4793 2206 4849; x_wconf 91' lang='lat' dir='ltr'><strong>in</strong></span> 
     </span>
    </p>
   </div>
   <div class='ocr_carea' id='block_1_94' title="bbox 640 4884 2211 4956">
    <p class='ocr_par' dir='ltr' id='par_1_94' title="bbox 640 4884 2211 4956">
     <span class='ocr_line' id='line_1_94' title="bbox 640 4884 2211 4956; baseline 0.003 -17"><span class='ocrx_word' id='word_1_671' title='bbox 640 4887 722 4939; x_wconf 88' lang='lat' dir='ltr'><strong>eis</strong></span> <span class='ocrx_word' id='word_1_672' title='bbox 747 4889 914 4954; x_wconf 82' lang='lat' dir='ltr'><strong>usque</strong></span> <span class='ocrx_word' id='word_1_673' title='bbox 930 4887 996 4941; x_wconf 90' lang='lat' dir='ltr'><strong>ad</strong></span> <span class='ocrx_word' id='word_1_674' title='bbox 1018 4887 1263 4942; x_wconf 91' lang='lat' dir='ltr'><strong>ultimum</strong></span> <span class='ocrx_word' id='word_1_675' title='bbox 1285 4884 1447 4956; x_wconf 80' lang='lat' dir='ltr'><strong>hujus</strong></span> <span class='ocrx_word' id='word_1_676' title='bbox 1469 4885 1590 4940; x_wconf 68' lang='lat' dir='ltr'><strong>vitae</strong></span> <span class='ocrx_word' id='word_1_677' title='bbox 1617 4886 1754 4940; x_wconf 91' lang='lat' dir='ltr'><strong>diem</strong></span> <span class='ocrx_word' id='word_1_678' title='bbox 1782 4887 2211 4956; x_wconf 89' lang='lat' dir='ltr'><strong>pertinacissime</strong></span> 
     </span>
    </p>
   </div>
   <div class='ocr_carea' id='block_1_95' title="bbox 639 4974 2210 5050">
    <p class='ocr_par' dir='ltr' id='par_1_95' title="bbox 639 4974 2210 5050">
     <span class='ocr_line' id='line_1_95' title="bbox 639 4974 2210 5050; baseline 0.006 -25"><span class='ocrx_word' id='word_1_679' title='bbox 639 4983 985 5041; x_wconf 88' lang='lat' dir='ltr'><strong>perseverent</strong></span> <span class='ocrx_word' id='word_1_680' title='bbox 1011 4975 1142 5030; x_wconf 89' lang='lat' dir='ltr'><strong>salvi</strong></span> <span class='ocrx_word' id='word_1_681' title='bbox 1168 4991 1263 5046; x_wconf 87' lang='lat' dir='ltr'><strong>per</strong></span> <span class='ocrx_word' id='word_1_682' title='bbox 1287 4977 1464 5047; x_wconf 85' lang='lat' dir='ltr'><strong>ignem</strong></span> <span class='ocrx_word' id='word_1_683' title='bbox 1512 4974 1700 5041; x_wconf 82' lang='lat' dir='ltr'><strong>futuri,</strong></span> <span class='ocrx_word' id='word_1_684' title='bbox 1730 4976 1853 5031; x_wconf 88' lang='lat' dir='ltr'><strong>licet</strong></span> <span class='ocrx_word' id='word_1_685' title='bbox 1877 4992 1975 5048; x_wconf 89' lang='lat' dir='ltr'><strong>per</strong></span> <span class='ocrx_word' id='word_1_686' title='bbox 2003 4978 2210 5050; x_wconf 88' lang='lat' dir='ltr'><strong>magni-</strong></span> 
     </span>
    </p>
   </div>
   <div class='ocr_carea' id='block_1_96' title="bbox 642 5063 2212 5137">
    <p class='ocr_par' dir='ltr' id='par_1_96' title="bbox 642 5063 2212 5137">
     <span class='ocr_line' id='line_1_96' title="bbox 642 5063 2212 5137; baseline 0.006 -22"><span class='ocrx_word' id='word_1_687' title='bbox 642 5063 882 5118; x_wconf 85' lang='lat' dir='ltr'><strong>tudinem</strong></span> <span class='ocrx_word' id='word_1_688' title='bbox 911 5064 1206 5123; x_wconf 89' lang='lat' dir='ltr'><strong>l&#39;acinorum</strong></span> <span class='ocrx_word' id='word_1_689' title='bbox 1243 5078 1298 5124; x_wconf 90' lang='lat' dir='ltr'><strong>et</strong></span> <span class='ocrx_word' id='word_1_690' title='bbox 1325 5068 1644 5137; x_wconf 84' lang='lat' dir='ltr'><strong>ﬂagitiorum</strong></span> <span class='ocrx_word' id='word_1_691' title='bbox 1677 5069 2056 5124; x_wconf 91' lang='lat' dir='ltr'><strong>diuturnorum</strong></span> <span class='ocrx_word' id='word_1_692' title='bbox 2100 5083 2212 5125; x_wconf 84' lang='lat' dir='ltr'><strong>me-</strong></span> 
     </span>
    </p>
   </div>
   <div class='ocr_carea' id='block_1_97' title="bbox 641 5157 2206 5228">
    <p class='ocr_par' dir='ltr' id='par_1_97' title="bbox 641 5157 2206 5228">
     <span class='ocr_line' id='line_1_97' title="bbox 641 5157 2206 5228; baseline 0.004 -21"><span class='ocrx_word' id='word_1_693' title='bbox 641 5160 864 5207; x_wconf 88' lang='lat' dir='ltr'><strong>reantur</strong></span> <span class='ocrx_word' id='word_1_694' title='bbox 906 5163 1105 5210; x_wconf 67' lang='lat' dir='ltr'><strong>aeterno</strong></span> <span class='ocrx_word' id='word_1_695' title='bbox 1147 5157 1268 5227; x_wconf 87' lang='lat' dir='ltr'><strong>igne</strong></span> <span class='ocrx_word' id='word_1_696' title='bbox 1318 5159 1526 5228; x_wconf 90' lang='lat' dir='ltr'><strong>puniri;</strong></span> <span class='ocrx_word' id='word_1_697' title='bbox 1559 5159 1653 5214; x_wconf 88' lang='lat' dir='ltr'><strong>sed</strong></span> <span class='ocrx_word' id='word_1_698' title='bbox 1705 5159 1794 5228; x_wconf 91' lang='lat' dir='ltr'><strong>qui</strong></span> <span class='ocrx_word' id='word_1_699' title='bbox 1839 5159 1939 5215; x_wconf 90' lang='lat' dir='ltr'><strong>hoc</strong></span> <span class='ocrx_word' id='word_1_700' title='bbox 1961 5161 2206 5224; x_wconf 87' lang='lat' dir='ltr'><strong>credunt,</strong></span> 
     </span>
    </p>
   </div>
   <div class='ocr_carea' id='block_1_98' title="bbox 640 5238 2211 5314">
    <p class='ocr_par' dir='ltr' id='par_1_98' title="bbox 640 5238 2211 5314">
     <span class='ocr_line' id='line_1_98' title="bbox 640 5238 2211 5314; baseline 0.006 -22"><span class='ocrx_word' id='word_1_701' title='bbox 640 5238 768 5293; x_wconf 90' lang='lat' dir='ltr'><strong>licet</strong></span> <span class='ocrx_word' id='word_1_702' title='bbox 811 5239 1056 5296; x_wconf 86' lang='lat' dir='ltr'><strong>catholici</strong></span> <span class='ocrx_word' id='word_1_703' title='bbox 1086 5243 1210 5304; x_wconf 89' lang='lat' dir='ltr'><strong>sint,</strong></span> <span class='ocrx_word' id='word_1_704' title='bbox 1247 5251 1421 5300; x_wconf 91' lang='lat' dir='ltr'><strong>tamen</strong></span> <span class='ocrx_word' id='word_1_705' title='bbox 1460 5245 1692 5299; x_wconf 88' lang='lat' dir='ltr'><strong>humana</strong></span> <span class='ocrx_word' id='word_1_706' title='bbox 1720 5247 1951 5314; x_wconf 88' lang='lat' dir='ltr'><strong>quadam</strong></span> <span class='ocrx_word' id='word_1_707' title='bbox 1979 5248 2211 5302; x_wconf 91' lang='lat' dir='ltr'><strong>benevo-</strong></span> 
     </span>
    </p>
   </div>
   <div class='ocr_carea' id='block_1_99' title="bbox 641 5329 2207 5408">
    <p class='ocr_par' dir='ltr' id='par_1_99' title="bbox 641 5329 2207 5408">
     <span class='ocr_line' id='line_1_99' title="bbox 641 5329 2207 5408; baseline 0.006 -24"><span class='ocrx_word' id='word_1_708' title='bbox 641 5329 802 5385; x_wconf 89' lang='lat' dir='ltr'><strong>lentia</strong></span> <span class='ocrx_word' id='word_1_709' title='bbox 823 5330 952 5386; x_wconf 89' lang='lat' dir='ltr'><strong>mihi</strong></span> <span class='ocrx_word' id='word_1_710' title='bbox 973 5329 1080 5384; x_wconf 80' lang='lat' dir='ltr'><strong>falli</strong></span> <span class='ocrx_word' id='word_1_711' title='bbox 1097 5333 1364 5403; x_wconf 79' lang='lat' dir='ltr'><strong>videntur.</strong></span> <span class='ocrx_word' id='word_1_712' title='bbox 1388 5335 1462 5390; x_wconf 88' lang='lat' dir='ltr'><strong>Ea</strong></span> <span class='ocrx_word' id='word_1_713' title='bbox 1476 5338 1621 5392; x_wconf 90' lang='lat' dir='ltr'><strong>enim</strong></span> <span class='ocrx_word' id='word_1_714' title='bbox 1637 5335 1768 5391; x_wconf 85' lang='lat' dir='ltr'><strong>ﬁdes</strong></span> <span class='ocrx_word' id='word_1_715' title='bbox 1788 5337 1995 5393; x_wconf 85' lang='lat' dir='ltr'><strong>salvare</strong></span> <span class='ocrx_word' id='word_1_716' title='bbox 2009 5346 2207 5408; x_wconf 87' lang='lat' dir='ltr'><strong>potest,</strong></span> 
     </span>
    </p>
   </div>
   <div class='ocr_carea' id='block_1_100' title="bbox 641 5419 2213 5500">
    <p class='ocr_par' dir='ltr' id='par_1_100' title="bbox 641 5419 2213 5500">
     <span class='ocr_line' id='line_1_100' title="bbox 641 5419 2213 5500; baseline 0.005 -26"><span class='ocrx_word' id='word_1_717' title='bbox 641 5420 708 5474; x_wconf 90' lang='lat' dir='ltr'><strong>de</strong></span> <span class='ocrx_word' id='word_1_718' title='bbox 721 5435 825 5488; x_wconf 90' lang='lat' dir='ltr'><strong>qua</strong></span> <span class='ocrx_word' id='word_1_719' title='bbox 839 5419 1036 5475; x_wconf 85' lang='lat' dir='ltr'><strong>Paulus</strong></span> <span class='ocrx_word' id='word_1_720' title='bbox 1056 5423 1328 5492; x_wconf 86' lang='lat' dir='ltr'><strong>apostolus</strong></span> <span class='ocrx_word' id='word_1_721' title='bbox 1349 5425 1426 5478; x_wconf 90' lang='lat' dir='ltr'><strong>ait</strong></span> <span class='ocrx_word' id='word_1_722' title='bbox 1445 5442 1458 5477; x_wconf 87' lang='lat'><strong>:</strong></span> <span class='ocrx_word' id='word_1_723' title='bbox 1477 5424 1546 5478; x_wconf 86' lang='lat' dir='ltr'><strong>lu</strong></span> <span class='ocrx_word' id='word_1_724' title='bbox 1574 5424 1780 5480; x_wconf 83' lang='lat' dir='ltr'><strong>Christo</strong></span> <span class='ocrx_word' id='word_1_725' title='bbox 1800 5425 1927 5481; x_wconf 74' lang='lat' dir='ltr'><strong>Iesu</strong></span> <span class='ocrx_word' id='word_1_726' title='bbox 1942 5445 2101 5500; x_wconf 83' lang='lat' dir='ltr'><strong>neque</strong></span> <span class='ocrx_word' id='word_1_727' title='bbox 2113 5430 2213 5483; x_wconf 88' lang='lat' dir='ltr'><strong>cir-</strong></span> 
     </span>
    </p>
   </div>
   <div class='ocr_carea' id='block_1_101' title="bbox 641 5510 2208 5586">
    <p class='ocr_par' dir='ltr' id='par_1_101' title="bbox 641 5510 2208 5586">
     <span class='ocr_line' id='line_1_101' title="bbox 641 5510 2208 5586; baseline 0.008 -24"><span class='ocrx_word' id='word_1_728' title='bbox 641 5510 888 5564; x_wconf 76' lang='lat' dir='ltr'><strong>cumcisio</strong></span> <span class='ocrx_word' id='word_1_729' title='bbox 907 5511 1193 5583; x_wconf 85' lang='lat' dir='ltr'><strong>quidquam</strong></span> <span class='ocrx_word' id='word_1_730' title='bbox 1226 5511 1357 5566; x_wconf 82' lang='lat' dir='ltr'><strong>ualet</strong></span> <span class='ocrx_word' id='word_1_731' title='bbox 1395 5529 1556 5583; x_wconf 79' lang='lat' dir='ltr'><strong>neque</strong></span> <span class='ocrx_word' id='word_1_732' title='bbox 1590 5517 1926 5585; x_wconf 77' lang='lat' dir='ltr'><strong>prwputium,</strong></span> <span class='ocrx_word' id='word_1_733' title='bbox 1969 5519 2058 5572; x_wconf 86' lang='lat' dir='ltr'><strong>sed</strong></span> <span class='ocrx_word' id='word_1_734' title='bbox 2077 5519 2208 5586; x_wconf 79' lang='lat' dir='ltr'><strong>ﬁdes</strong></span> 
     </span>
    </p>
   </div>
   <div class='ocr_carea' id='block_1_102' title="bbox 639 5603 2210 5678">
    <p class='ocr_par' dir='ltr' id='par_1_102' title="bbox 639 5603 2210 5678">
     <span class='ocr_line' id='line_1_102' title="bbox 639 5603 2210 5678; baseline 0.006 -24"><span class='ocrx_word' id='word_1_735' title='bbox 639 5618 754 5670; x_wconf 70' lang='lat' dir='ltr'><strong>qua:</strong></span> <span class='ocrx_word' id='word_1_736' title='bbox 789 5618 881 5672; x_wconf 86' lang='lat' dir='ltr'><strong>per</strong></span> <span class='ocrx_word' id='word_1_737' title='bbox 901 5603 1228 5658; x_wconf 80' lang='lat' dir='ltr'><strong>dilectionem</strong></span> <span class='ocrx_word' id='word_1_738' title='bbox 1253 5614 1496 5674; x_wconf 87' lang='lat' dir='ltr'><strong>operatur</strong></span> <span class='ocrx_word' id='word_1_739' title='bbox 1521 5603 1662 5677; x_wconf 83' lang='lat' dir='ltr'><strong>(Gal.</strong></span> <span class='ocrx_word' id='word_1_740' title='bbox 1687 5608 1762 5678; x_wconf 91' lang='lat' dir='ltr'><strong>v).</strong></span> <span class='ocrx_word' id='word_1_741' title='bbox 1791 5607 1848 5663; x_wconf 92' lang='lat' dir='ltr'><strong>Si</strong></span> <span class='ocrx_word' id='word_1_742' title='bbox 1871 5618 2050 5664; x_wconf 87' lang='lat' dir='ltr'><strong>autem</strong></span> <span class='ocrx_word' id='word_1_743' title='bbox 2073 5610 2210 5665; x_wconf 88' lang='lat' dir='ltr'><strong>male</strong></span> 
     </span>
    </p>
   </div>
   <div class='ocr_carea' id='block_1_103' title="bbox 639 5697 2207 5772">
    <p class='ocr_par' dir='ltr' id='par_1_103' title="bbox 639 5697 2207 5772">
     <span class='ocr_line' id='line_1_103' title="bbox 639 5697 2207 5772; baseline 0.006 -25"><span class='ocrx_word' id='word_1_744' title='bbox 639 5697 1102 5768; x_wconf 86' lang='lat' dir='ltr'><strong>operatur,procul</strong></span> <span class='ocrx_word' id='word_1_745' title='bbox 1115 5697 1602 5764; x_wconf 87' lang='lat' dir='ltr'><strong>dubio,&#39;secundum</strong></span> <span class='ocrx_word' id='word_1_746' title='bbox 1615 5698 1871 5755; x_wconf 84' lang='lat' dir='ltr'><strong>Jacobum</strong></span> <span class='ocrx_word' id='word_1_747' title='bbox 1887 5701 2182 5772; x_wconf 86' lang='lat' dir='ltr'><strong>apostolum</strong></span> <span class='ocrx_word' id='word_1_748' title='bbox 2192 5743 2207 5768; x_wconf 93' lang='lat'><strong>,</strong></span> 
     </span>
    </p>
   </div>
   <div class='ocr_carea' id='block_1_104' title="bbox 2309 4547 2754 4617">
    <p class='ocr_par' dir='ltr' id='par_1_104' title="bbox 2309 4547 2754 4617">
     <span class='ocr_line' id='line_1_104' title="bbox 2309 4547 2754 4617; baseline -0.007 -14"><span class='ocrx_word' id='word_1_749' title='bbox 2309 4548 2470 4603; x_wconf 91' lang='lat' dir='ltr'><strong>niunt</strong></span> <span class='ocrx_word' id='word_1_750' title='bbox 2493 4547 2754 4617; x_wconf 81' lang='lat' dir='ltr'><strong>requiem.</strong></span> 
     </span>
    </p>
   </div>
   <div class='ocr_carea' id='block_1_105' title="bbox 2914 4655 3269 4714">
    <p class='ocr_par' dir='ltr' id='par_1_105' title="bbox 2914 4655 3269 4714">
     <span class='ocr_line' id='line_1_105' title="bbox 2914 4655 3269 4714; baseline 0 -2"><span class='ocrx_word' id='word_1_751' title='bbox 2914 4655 3140 4714; x_wconf 85' lang='lat' dir='ltr'><strong>CAPUT</strong></span> <span class='ocrx_word' id='word_1_752' title='bbox 3175 4656 3269 4713; x_wconf 78' lang='lat' dir='ltr'><strong>IX.</strong></span> 
     </span>
    </p>
   </div>
   <div class='ocr_carea' id='block_1_106' title="bbox 2313 4764 3860 4839">
    <p class='ocr_par' dir='ltr' id='par_1_106' title="bbox 2313 4764 3860 4839">
     <span class='ocr_line' id='line_1_106' title="bbox 2313 4764 3860 4839; baseline -0.003 -19"><span class='ocrx_word' id='word_1_753' title='bbox 2313 4764 2466 4839; x_wconf 82' lang='lat' dir='ltr'><strong>Quod</strong></span> <span class='ocrx_word' id='word_1_754' title='bbox 2491 4765 2681 4820; x_wconf 77' lang='lat' dir='ltr'><strong>anima:</strong></span> <span class='ocrx_word' id='word_1_755' title='bbox 2709 4764 2944 4839; x_wconf 79' lang='lat' dir='ltr'><strong>ﬁdelium</strong></span> <span class='ocrx_word' id='word_1_756' title='bbox 2982 4765 3374 4839; x_wconf 78' lang='lat' dir='ltr'><strong>defunctorum,</strong></span> <span class='ocrx_word' id='word_1_757' title='bbox 3403 4767 3452 4822; x_wconf 88' lang='lat' dir='ltr'><strong>si</strong></span> <span class='ocrx_word' id='word_1_758' title='bbox 3491 4769 3670 4839; x_wconf 63' lang='lat' dir='ltr'><strong>culpis</strong></span> <span class='ocrx_word' id='word_1_759' title='bbox 3699 4767 3860 4822; x_wconf 71' lang='lat' dir='ltr'><strong>insolu-</strong></span> 
     </span>
    </p>
   </div>
   <div class='ocr_carea' id='block_1_107' title="bbox 2381 4833 3862 4916">
    <p class='ocr_par' dir='ltr' id='par_1_107' title="bbox 2381 4833 3862 4916">
     <span class='ocr_line' id='line_1_107' title="bbox 2381 4833 3862 4916; baseline -0.001 -28"><span class='ocrx_word' id='word_1_760' title='bbox 2381 4833 2506 4916; x_wconf 89' lang='lat' dir='ltr'><strong>biles</strong></span> <span class='ocrx_word' id='word_1_761' title='bbox 2535 4852 2636 4890; x_wconf 85' lang='lat' dir='ltr'><strong>non</strong></span> <span class='ocrx_word' id='word_1_762' title='bbox 2685 4833 3284 4916; x_wconf 43' lang='lat' dir='ltr'><strong>sunt,‘pietate;su_orum</strong></span> <span class='ocrx_word' id='word_1_763' title='bbox 3324 4833 3622 4916; x_wconf 66' lang='lat' dir='ltr'><strong>viventium</strong></span> <span class='ocrx_word' id='word_1_764' title='bbox 3644 4839 3862 4916; x_wconf 45' lang='lat' dir='ltr'><strong>adjutu-</strong></span> 
     </span>
    </p>
   </div>
   <div class='ocr_carea' id='block_1_108' title="bbox 2380 4905 3862 5028">
    <p class='ocr_par' dir='ltr' id='par_1_108' title="bbox 2380 4905 3862 5028">
     <span class='ocr_line' id='line_1_108' title="bbox 2380 4905 3862 5028; baseline 0 -70"><span class='ocrx_word' id='word_1_765' title='bbox 2380 4915 2502 5028; x_wconf 51' lang='lat' dir='ltr'><strong>tur,‘</strong></span> <span class='ocrx_word' id='word_1_766' title='bbox 2522 4921 2640 4959; x_wconf 90' lang='lat' dir='ltr'><strong>cum</strong></span> <span class='ocrx_word' id='word_1_767' title='bbox 2668 4921 2762 4975; x_wconf 89' lang='lat' dir='ltr'><strong>pro</strong></span> <span class='ocrx_word' id='word_1_768' title='bbox 2789 4905 2892 4959; x_wconf 86' lang='lat' dir='ltr'><strong>illis</strong></span> <span class='ocrx_word' id='word_1_769' title='bbox 2919 4906 3235 4975; x_wconf 72' lang='lat' dir='ltr'><strong>sacriﬁcium</strong></span> <span class='ocrx_word' id='word_1_770' title='bbox 3278 4916 3328 4961; x_wconf 86' lang='lat' dir='ltr'><strong>et</strong></span> <span class='ocrx_word' id='word_1_771' title='bbox 3371 4918 3570 4964; x_wconf 71' lang='lat' dir='ltr'><strong>uetera</strong></span> <span class='ocrx_word' id='word_1_772' title='bbox 3602 4905 3731 4965; x_wconf 73' lang='lat' dir='ltr'><strong>bona</strong></span> <span class='ocrx_word' id='word_1_773' title='bbox 3756 4907 3862 4974; x_wconf 71' lang='lat' dir='ltr'><strong>ole-</strong></span> 
     </span>
     <span class='ocr_line' id='line_1_109' title="bbox 2381 4991 2589 5028; baseline -0.005 0"><span class='ocrx_word' id='word_1_774' title='bbox 2381 4991 2482 5028; x_wconf 84' lang='lat' dir='ltr'><strong>ruu</strong></span> <span class='ocrx_word' id='word_1_775' title='bbox 2507 4991 2589 5028; x_wconf 88' lang='lat' dir='ltr'><strong>ur.</strong></span> 
     </span>
    </p>
   </div>
   <div class='ocr_carea' id='block_1_109' title="bbox 2381 4991 2589 5030">
    <p class='ocr_par' dir='ltr' id='par_1_109' title="bbox 2381 4991 2589 5030">
     <span class='ocr_line' id='line_1_110' title="bbox 2381 4991 2589 5030; baseline -0.005 -2"><span class='ocrx_word' id='word_1_776' title='bbox 2381 4991 2589 5030; x_wconf 83' lang='lat' dir='ltr'><strong>runtur.</strong></span> 
     </span>
    </p>
   </div>
   <div class='ocr_carea' id='block_1_110' title="bbox 2374 5062 3860 5134">
    <p class='ocr_par' dir='ltr' id='par_1_110' title="bbox 2374 5062 3860 5134">
     <span class='ocr_line' id='line_1_111' title="bbox 2374 5062 3860 5134; baseline 0.001 -17"><span class='ocrx_word' id='word_1_777' title='bbox 2374 5062 2609 5134; x_wconf 88' lang='lat' dir='ltr'><strong>Tempus</strong></span> <span class='ocrx_word' id='word_1_778' title='bbox 2649 5063 2777 5119; x_wconf 92' lang='lat' dir='ltr'><strong>illud</strong></span> <span class='ocrx_word' id='word_1_779' title='bbox 2823 5065 2965 5119; x_wconf 86' lang='lat' dir='ltr'><strong>inter</strong></span> <span class='ocrx_word' id='word_1_780' title='bbox 3009 5065 3242 5121; x_wconf 87' lang='lat' dir='ltr'><strong>hominis</strong></span> <span class='ocrx_word' id='word_1_781' title='bbox 3294 5073 3527 5123; x_wconf 87' lang='lat' dir='ltr'><strong>mortem</strong></span> <span class='ocrx_word' id='word_1_782' title='bbox 3560 5077 3621 5125; x_wconf 84' lang='lat' dir='ltr'><strong>et</strong></span> <span class='ocrx_word' id='word_1_783' title='bbox 3651 5068 3860 5124; x_wconf 80' lang='lat' dir='ltr'><strong>ultimam</strong></span> 
     </span>
    </p>
   </div>
   <div class='ocr_carea' id='block_1_111' title="bbox 2310 5154 3862 5229">
    <p class='ocr_par' dir='ltr' id='par_1_111' title="bbox 2310 5154 3862 5229">
     <span class='ocr_line' id='line_1_112' title="bbox 2310 5154 3862 5229; baseline 0 -19"><span class='ocrx_word' id='word_1_784' title='bbox 2310 5154 2760 5210; x_wconf 84' lang='lat' dir='ltr'><strong>resurrectionem</strong></span> <span class='ocrx_word' id='word_1_785' title='bbox 2782 5155 3152 5225; x_wconf 87' lang='lat' dir='ltr'><strong>interpositum</strong></span> <span class='ocrx_word' id='word_1_786' title='bbox 3174 5167 3258 5212; x_wconf 86' lang='lat' dir='ltr'><strong>est</strong></span> <span class='ocrx_word' id='word_1_787' title='bbox 3275 5173 3381 5229; x_wconf 93' lang='lat' dir='ltr'><strong>quo</strong></span> <span class='ocrx_word' id='word_1_788' title='bbox 3401 5159 3603 5216; x_wconf 71' lang='lat' dir='ltr'><strong>anim</strong></span> <span class='ocrx_word' id='word_1_789' title='bbox 3625 5161 3682 5216; x_wconf 91' lang='lat' dir='ltr'><strong>in</strong></span> <span class='ocrx_word' id='word_1_790' title='bbox 3702 5157 3862 5214; x_wconf 79' lang='lat' dir='ltr'><strong>abditis</strong></span> 
     </span>
    </p>
   </div>
   <div class='ocr_carea' id='block_1_112' title="bbox 2311 5240 3861 5323">
    <p class='ocr_par' dir='ltr' id='par_1_112' title="bbox 2311 5240 3861 5323">
     <span class='ocr_line' id='line_1_113' title="bbox 2311 5240 3861 5323; baseline 0.002 -22"><span class='ocrx_word' id='word_1_791' title='bbox 2311 5245 2665 5316; x_wconf 87' lang='lat' dir='ltr'><strong>receptaculis</strong></span> <span class='ocrx_word' id='word_1_792' title='bbox 2707 5245 3105 5313; x_wconf 85' lang='lat' dir='ltr'><strong>contineantur,</strong></span> <span class='ocrx_word' id='word_1_793' title='bbox 3167 5250 3306 5304; x_wconf 92' lang='lat' dir='ltr'><strong>sicut</strong></span> <span class='ocrx_word' id='word_1_794' title='bbox 3347 5240 3692 5323; x_wconf 59' lang='lat' dir='ltr'><strong>unaquaeque</strong></span> <span class='ocrx_word' id='word_1_795' title='bbox 3735 5251 3861 5320; x_wconf 79' lang='lat' dir='ltr'><strong>digna</strong></span> 
     </span>
    </p>
   </div>
   <div class='ocr_carea' id='block_1_113' title="bbox 2311 5335 3864 5411">
    <p class='ocr_par' dir='ltr' id='par_1_113' title="bbox 2311 5335 3864 5411">
     <span class='ocr_line' id='line_1_114' title="bbox 2311 5335 3864 5411; baseline 0.001 -20"><span class='ocrx_word' id='word_1_796' title='bbox 2311 5345 2414 5403; x_wconf 90' lang='lat' dir='ltr'><strong>est,</strong></span> <span class='ocrx_word' id='word_1_797' title='bbox 2448 5335 2533 5391; x_wconf 85' lang='lat' dir='ltr'><strong>vel</strong></span> <span class='ocrx_word' id='word_1_798' title='bbox 2562 5338 2745 5407; x_wconf 87' lang='lat' dir='ltr'><strong>requie</strong></span> <span class='ocrx_word' id='word_1_799' title='bbox 2787 5337 2871 5392; x_wconf 88' lang='lat' dir='ltr'><strong>vel</strong></span> <span class='ocrx_word' id='word_1_800' title='bbox 2901 5353 3162 5405; x_wconf 58' lang='lat' dir='ltr'><strong>aerumna,</strong></span> <span class='ocrx_word' id='word_1_801' title='bbox 3191 5355 3291 5410; x_wconf 90' lang='lat' dir='ltr'><strong>pro</strong></span> <span class='ocrx_word' id='word_1_802' title='bbox 3320 5355 3387 5395; x_wconf 92' lang='lat' dir='ltr'><strong>eo</strong></span> <span class='ocrx_word' id='word_1_803' title='bbox 3414 5344 3558 5411; x_wconf 90' lang='lat' dir='ltr'><strong>quod</strong></span> <span class='ocrx_word' id='word_1_804' title='bbox 3586 5345 3772 5398; x_wconf 84' lang='lat' dir='ltr'><strong>sortita</strong></span> <span class='ocrx_word' id='word_1_805' title='bbox 3799 5346 3864 5393; x_wconf 80' lang='lat' dir='ltr'><strong>est</strong></span> 
     </span>
    </p>
   </div>
   <div class='ocr_carea' id='block_1_114' title="bbox 2311 5428 3862 5504">
    <p class='ocr_par' dir='ltr' id='par_1_114' title="bbox 2311 5428 3862 5504">
     <span class='ocr_line' id='line_1_115' title="bbox 2311 5428 3862 5504; baseline 0.001 -20"><span class='ocrx_word' id='word_1_806' title='bbox 2311 5428 2367 5484; x_wconf 90' lang='lat' dir='ltr'><strong>in</strong></span> <span class='ocrx_word' id='word_1_807' title='bbox 2409 5443 2572 5483; x_wconf 79' lang='lat' dir='ltr'><strong>carne</strong></span> <span class='ocrx_word' id='word_1_808' title='bbox 2603 5431 2726 5483; x_wconf 90' lang='lat' dir='ltr'><strong>dum</strong></span> <span class='ocrx_word' id='word_1_809' title='bbox 2756 5428 2978 5485; x_wconf 87' lang='lat' dir='ltr'><strong>viveret.</strong></span> <span class='ocrx_word' id='word_1_810' title='bbox 3012 5430 3194 5502; x_wconf 86' lang='lat' dir='ltr'><strong>Neque</strong></span> <span class='ocrx_word' id='word_1_811' title='bbox 3239 5433 3545 5504; x_wconf 87' lang='lat' dir='ltr'><strong>negandum</strong></span> <span class='ocrx_word' id='word_1_812' title='bbox 3576 5445 3665 5491; x_wconf 87' lang='lat' dir='ltr'><strong>est</strong></span> <span class='ocrx_word' id='word_1_813' title='bbox 3707 5433 3862 5490; x_wconf 80' lang='lat' dir='ltr'><strong>delun-</strong></span> 
     </span>
    </p>
   </div>
   <div class='ocr_carea' id='block_1_115' title="bbox 2311 5519 3859 5591">
    <p class='ocr_par' dir='ltr' id='par_1_115' title="bbox 2311 5519 3859 5591">
     <span class='ocr_line' id='line_1_116' title="bbox 2311 5519 3859 5591; baseline 0.002 -16"><span class='ocrx_word' id='word_1_814' title='bbox 2311 5528 2523 5575; x_wconf 84' lang='lat' dir='ltr'><strong>ctorum</strong></span> <span class='ocrx_word' id='word_1_815' title='bbox 2541 5519 2748 5574; x_wconf 91' lang='lat' dir='ltr'><strong>animas</strong></span> <span class='ocrx_word' id='word_1_816' title='bbox 2767 5521 2964 5591; x_wconf 91' lang='lat' dir='ltr'><strong>pietate</strong></span> <span class='ocrx_word' id='word_1_817' title='bbox 2976 5537 3192 5578; x_wconf 89' lang='lat' dir='ltr'><strong>suorum</strong></span> <span class='ocrx_word' id='word_1_818' title='bbox 3213 5524 3507 5580; x_wconf 88' lang='lat' dir='ltr'><strong>viventium</strong></span> <span class='ocrx_word' id='word_1_819' title='bbox 3533 5543 3643 5582; x_wconf 87' lang='lat' dir='ltr'><strong>non</strong></span> <span class='ocrx_word' id='word_1_820' title='bbox 3670 5522 3859 5582; x_wconf 70' lang='grc' dir='ltr'><strong>ηιθτηί</strong></span> 
     </span>
    </p>
   </div>
   <div class='ocr_carea' id='block_1_116' title="bbox 2312 5609 3861 5680">
    <p class='ocr_par' dir='ltr' id='par_1_116' title="bbox 2312 5609 3861 5680">
     <span class='ocr_line' id='line_1_117' title="bbox 2312 5609 3861 5680; baseline 0.002 -15"><span class='ocrx_word' id='word_1_821' title='bbox 2312 5627 2433 5666; x_wconf 89' lang='lat' dir='ltr'><strong>cum</strong></span> <span class='ocrx_word' id='word_1_822' title='bbox 2456 5626 2553 5680; x_wconf 88' lang='lat' dir='ltr'><strong>pro</strong></span> <span class='ocrx_word' id='word_1_823' title='bbox 2577 5609 3026 5667; x_wconf 62' lang='lat' dir='ltr'><strong>illissacrilicium</strong></span> <span class='ocrx_word' id='word_1_824' title='bbox 3056 5615 3363 5671; x_wconf 81' lang='lat' dir='ltr'><strong>mediatoris</strong></span> <span class='ocrx_word' id='word_1_825' title='bbox 3386 5615 3724 5674; x_wconf 68' lang='lat' dir='ltr'><strong>oﬂertunvel</strong></span> <span class='ocrx_word' id='word_1_826' title='bbox 3747 5615 3861 5670; x_wconf 59' lang='lat' dir='ltr'><strong>eleev</strong></span> 
     </span>
    </p>
   </div>
   <div class='ocr_carea' id='block_1_117' title="bbox 2312 5699 3863 5776">
    <p class='ocr_par' dir='ltr' id='par_1_117' title="bbox 2312 5699 3863 5776">
     <span class='ocr_line' id='line_1_118' title="bbox 2312 5699 3863 5776; baseline 0.005 -20"><span class='ocrx_word' id='word_1_827' title='bbox 2312 5716 2547 5775; x_wconf 70' lang='lat' dir='ltr'><strong>mosynat</strong></span> <span class='ocrx_word' id='word_1_828' title='bbox 2572 5699 2725 5756; x_wconf 80' lang='lat' dir='ltr'><strong>fiunt.</strong></span> <span class='ocrx_word' id='word_1_829' title='bbox 2751 5702 2855 5757; x_wconf 89' lang='lat' dir='ltr'><strong>Sed</strong></span> <span class='ocrx_word' id='word_1_830' title='bbox 2882 5703 2962 5758; x_wconf 88' lang='lat' dir='ltr'><strong>eis</strong></span> <span class='ocrx_word' id='word_1_831' title='bbox 2993 5705 3104 5760; x_wconf 66' lang='lat' dir='ltr'><strong>haec</strong></span> <span class='ocrx_word' id='word_1_832' title='bbox 3129 5718 3368 5776; x_wconf 89' lang='lat' dir='ltr'><strong>prosunt,</strong></span> <span class='ocrx_word' id='word_1_833' title='bbox 3401 5707 3447 5762; x_wconf 92' lang='lat' dir='ltr'><strong>si</strong></span> <span class='ocrx_word' id='word_1_834' title='bbox 3475 5723 3604 5763; x_wconf 75' lang='lat' dir='ltr'><strong>etim</strong></span> <span class='ocrx_word' id='word_1_835' title='bbox 3629 5707 3863 5764; x_wconf 64' lang='lat' dir='ltr'><strong>viverent.</strong></span> 
     </span>
    </p>
   </div>
  </div>
