4020 6338
170 340 272 395 957

1137 329 1224 382 DE
1267 323 1656 382 VARIETATE
1692 320 2072 375 LIBRORUII.
2119 350 2185 357 —
2225 319 2352 373 LIB.
2391 317 2478 373 Ill.

3306 323 3426 378 958;

163 456 281 510 haec
305 450 406 508 sibi
450 458 508 504 ut
547 457 733 520 postea
761 442 1078 518 prodessent
1104 448 1435 494 meruerunt.
1465 435 1560 490 Est
1587 433 1729 488 enim
1759 442 1810 500 Α
1835 428 1981 482 Idem
2010 441 2138 482 vero
2163 426 2333 482 frater
2351 429 2443 498 qui
2464 426 2749 482 defunctus
2778 428 2970 492 fuerat,
3004 440 3160 484 nocte
3183 431 3415 498 quadam

163 543 383 615 quidam
412 540 624 595 vivendi
669 537 879 600 modus,
917 546 1017 588 nec
1054 539 1162 585 tam
1206 530 1378 585 bonus
1410 535 1470 583 ut
1499 525 1601 581 ista
1627 539 1734 578 nou

164 631 406 702 requirat
432 637 552 700 post
575 635 821 682 mortem.
851 623 947 677 Est
973 636 1100 677 vero
1131 618 1250 673 talis
1275 617 1327 671 in
1359 618 1521 681 bono,
1553 623 1613 668 ut
1633 629 1739 667 non

159 723 405 792 requirat
431 721 553 784 ista,
576 726 659 774 est
682 731 866 772 rursus
893 714 1014 768 talis
1040 713 1094 766 in
1121 710 1285 773 man,
1315 716 1377 762 ut
1403 721 1503 762 nec
1533 705 1618 759 his
1642 719 1738 757 va-

159 811 271 868 leat
305 826 426 866 cum
452 827 517 866 ex
546 809 655 864 vita
693 805 982 862 transierit.
1015 802 1276 871 Quocirca
1323 799 1411 854 hic
1441 811 1601 852 omne
1627 811 1740 850 me-

161 903 328 958 ritum
349 908 692 970 comparatur
715 911 821 966 quo
841 895 1007 966 possit
1029 900 1150 962 post
1171 891 1310 945 hanc
1331 889 1493 943 vitam
1514 885 1740 941 relevari

73 1035 83 1042 .
159 993 450 1064 quispiam,
480 989 562 1045 vel
593 987 826 1060 gravari.
866 984 1033 1040 Nemo
1066 990 1242 1036 autem
1272 994 1330 1034 se
1355 984 1621 1048 prteparet
1651 975 1743 1046 qui

158 1084 252 1138 hic
292 1081 528 1152 neglexit
572 1095 693 1134 cum
725 1076 920 1132 obierit
950 1074 1234 1129 Dominum
1278 1068 1593 1139 promereri.
1625 1066 1742 1121 Non

160 1175 328 1244 igitur
355 1172 455 1226 ista
481 1186 599 1239 quae
621 1184 718 1239 pro
739 1166 1008 1222 defunctis
1027 1159 1468 1219 commendandis
1494 1159 1745 1228 frequen-

159 1272 242 1318 tat
268 1261 507 1317 Ecclesia
557 1259 631 1312 illi
673 1257 978 1327 apostolica:
1022 1261 1147 1308 sunt
1191 1251 1415 1305 adversa
1465 1247 1744 1304 sententia:

155 1369 269 1424 qua
302 1352 503 1407 dictum
525 1356 608 1403 est
638 1365 651 1401 :
679 1345 868 1401 Omnes
895 1345 1032 1398 enim
1055 1341 1344 1395 astabimus
1369 1348 1488 1392 ante
1514 1335 1745 1390 tribunal

157 1444 358 1500 Christi
405 1450 464 1494 ut
508 1440 696 1509 referat
730 1437 1081 1506 unusquisque
1109 1430 1394 1485 secundum
1422 1446 1482 1482 ea
1513 1444 1630 1499 qua:
1654 1442 1746 1498 per

156 1548 348 1601 corpus
402 1529 575 1600 gessit,
635 1527 740 1581 sive
790 1527 979 1580 bunum
1021 1525 1124 1578 sive
1159 1521 1357 1575 malum
1387 1519 1566 1590 (Rom.
1599 1518 1740 1589 xm).

156 1620 299 1686 Quia
326 1618 488 1672 etiam
522 1617 622 1670 hoc
646 1615 894 1670 meritum
916 1613 1017 1667 sibi
1044 1612 1271 1681 quisque
1295 1623 1420 1664 cum
1441 1607 1493 1660 in
1519 1620 1746 1676 corpore

155 1711 383 1771 viveret,
415 1706 766 1776 comparavit,
798 1704 923 1758 utei
947 1711 1170 1773 possent
1191 1701 1295 1756 ista
1322 1702 1598 1772 prodesse.
1625 1696 1742 1752 Non

1841 517 1996 573 fratri
2045 532 2142 572 suo
2184 532 2441 587 germano
2485 518 2702 571 nomine
2735 517 2964 588 Copioso
3016 532 3110 586 per
3155 519 3422 572 visionem

1842 605 2107 676 apparuit,
2141 615 2197 659 et
2239 621 2346 674 qua
2380 605 2466 660 die
2500 606 2798 669 tricesima,
2847 620 2969 659 cum
3011 620 3110 675 pro
3138 621 3234 660 sua
3263 605 3423 660 abso-

1840 696 2044 752 lutione
2073 711 2227 751 sacra
2256 695 2432 752 hostia
2458 695 2636 751 fuerat
2669 695 2942 750 immolata
2983 697 3418 752 oornmunionem

1842 801 1904 842 se
1937 787 2224 856 recepisse,
2248 787 2414 840 etiam
2456 801 2486 838 a
2524 786 2700 855 poenis
2738 801 2796 840 se
2823 785 2937 856 jam
2974 786 3258 840 liberatum
3301 801 3422 842 esse

1843 880 2115 935 indicavit.
2135 879 2286 934 Tunc
2315 894 2403 934 res
2427 889 2550 949 apte
2564 879 2779 945 claruit,
2796 880 2921 948 quia
2943 878 3111 934 frater
3130 880 3222 948 qui
3237 879 3426 934 defun-

1844 979 1963 1026 ctus
1994 971 2188 1036 fuerat,
2204 987 2301 1042 per
2325 971 2612 1025 salutarem
2640 971 2868 1025 hostiam
2895 972 3210 1041 supplicium
3231 973 3424 1028 evasit.

1912 1060 1971 1115 In
2027 1062 2282 1132 przedicto
2331 1076 2565 1130 namque
2626 1061 2816 1131 legitur
2875 1061 3046 1128 libro,
3087 1064 3246 1131 .quod
3299 1078 3428 1118 cum

1846 1151 2078 1220 quadam
2113 1152 2201 1205 die
2231 1151 2421 1206 beatus
2454 1151 2755 1206 Germanus
2788 1151 3075 1221 Capuanus
3099 1153 3382 1225 episcopus
3407 1192 3424 1220 ,

1845 1258 1945 1312 pro
1974 1241 2279 1297 medicinali
2308 1242 2549 1311 corporis
2574 1242 2657 1296 sui
2684 1242 3022 1308 necessitate,
3051 1244 3102 1298 in
3127 1244 3426 1316 Angulares

1848 1335 2108 1390 Thermas
2134 1335 2359 1400 lavaret,
2387 1335 2754 1400 Paschasium,
2779 1345 2976 1390 sancta:
3002 1337 3257 1392 Romanae
3283 1325 3427 1394 sedis

1846 1425 2129 1479 diaconum
2181 1426 2232 1479 in
2282 1425 2552 1480 caloribus
2593 1434 2823 1480 stantem
2877 1428 3042 1493 vidit,
3075 1439 3125 1482 et
3155 1430 3283 1499 quid
3319 1425 3427 1485 illic

1847 1511 2052 1568 faceret
2097 1515 2396 1584 inquisivit.
2429 1514 2525 1569 Cui
2566 1514 2653 1568 ille
2689 1531 2786 1584 pro
2814 1532 2917 1585 qua
2949 1533 3109 1570 causa
3138 1528 3260 1588 post
3285 1535 3430 1573 mor-

1849 1613 1956 1658 tem
1991 1605 2043 1659 in
2080 1606 2183 1660 hoc
2209 1606 2407 1675 poenali
2451 1605 2568 1660 loco
2598 1617 2740 1660 esset
2765 1607 3047 1678 deputatus
3073 1609 3345 1676 indicavit,
3374 1619 3428 1664 et

1846 1698 2189 1767 postmodum
2218 1697 2352 1752 dixit
2379 1715 2393 1752 :
2427 1697 2620 1765 Quaeso
2651 1706 2725 1763 te,
2757 1715 2854 1769 pro
2894 1716 2980 1754 me
3020 1700 3305 1755 Dominum
3335 1702 3429 1758 de-

155 1805 304 1858 enim
347 1802 599 1857 omnibus
628 1802 855 1871 prosint.
898 1799 965 1854 Et
1009 1812 1177 1868 quare
1203 1811 1309 1850 non
1337 1794 1588 1850 omnibus
1617 1806 1743 1863 pro-
1771 1789 1819 1850 Β
1847 1805 2092 1859 precare,
2120 1798 2282 1860 atque
2308 1791 2362 1845 in
2393 1792 2496 1846 hoc
2523 1799 2573 1846 te
2593 1807 2885 1862 cognoscas
2909 1793 3238 1868 exauditum,
3257 1795 3301 1848 si
3325 1794 3428 1848 huc

156 1899 328 1954 sunt?
359 1897 460 1953 nisi
507 1902 730 1966 propter
758 1892 1114 1948 diﬂ‘erentiam
1151 1890 1275 1943 vita:
1324 1904 1485 1958 quam
1518 1885 1746 1955 quisque

155 1990 325 2060 gessit
371 1989 425 2042 in
469 2000 714 2054 corpore.
746 1983 880 2038 Cum
909 1995 1038 2051 ergo
1083 1977 1353 2034 sacrificia
1383 1977 1496 2030 sive
1537 1974 1743 2037 altaris,

153 2079 272 2134 sive
315 2089 757 2146 quarumcunque
804 2072 1267 2138 eleemosynarum
1314 2081 1411 2134 pro
1461 2063 1748 2132 baptizatis

156 2167 429 2224 defunctis
457 2165 708 2219 omnibus
736 2160 1055 2221 offeruntur,
1084 2171 1182 2227 pro
1227 2155 1380 2208 valde
1409 2153 1588 2216 bonis,
1631 2165 1748 2220 gra-

157 2258 358 2310 tiarum
389 2254 630 2308 actiones
657 2258 803 2312 sunt,
845 2263 945 2317 pro
980 2260 1085 2300 non
1113 2243 1265 2297 valde
1309 2242 1466 2296 malis
1489 2240 1749 2310 propitia.

160 2349 337 2401 tiones
366 2354 512 2409 sunt,
542 2358 638 2412 pro
660 2341 815 2395 valde
836 2339 1012 2404 malis,
1037 2335 1248 2392 etiamsi
1275 2334 1418 2388 nulla
1445 2341 1570 2388 sunt
1597 2330 1749 2400 adjuo

158 2444 344 2489 menta
368 2442 701 2487 mortuorum
721 2471 745 2494 ,
776 2427 1176 2498 qualescunque
1218 2425 1462 2478 vivorum
1507 2420 1750 2476 consola-

156 2528 336 2584 tiones
355 2536 498 2581 sunt.
523 2524 725 2593 Quibus
739 2530 918 2577 autem
933 2526 1178 2591 prosunt,
1197 2526 1290 2571 aut
1303 2516 1369 2571 ad
1385 2516 1484 2570 hoc
1501 2523 1747 2584 prosunt,

153 2628 218 2673 ut
263 2619 335 2674 sit
378 2618 536 2687 plena
584 2615 854 2679 remissio,
889 2619 984 2666 aut
1029 2619 1177 2665 certe
1205 2618 1266 2663 ut
1295 2607 1625 2663 tolerabilior
1657 2607 1750 2661 fiat

155 2712 274 2781 ipsa
297 2710 592 2766 damnatio.
611 2709 758 2764 Idem
779 2707 967 2762 doctor
987 2704 1093 2758 alio
1113 2703 1231 2758 loco
1255 2703 1397 2758 inter
1420 2709 1618 2758 caetera
1633 2702 1710 2756 ait
1731 2719 1744 2755 :

152 2800 401 2871 Quatuor
421 2808 546 2854 sunt
567 2813 685 2868 qua:
723 2795 980 2867 adjuvant
1002 2792 1248 2848 homines
1269 2800 1391 2860 post
1411 2799 1666 2857 mortem,
1695 2791 1748 2844 id

152 2869 242 2946 est
252 2869 550 2958 oblationes
563 2886 924 2948 sacerdotum,
937 2879 1506 2954 orationesjustorum,
1519 2879 1750 2934 eleemo-

154 2997 305 3054 synae
325 2981 634 3042 charorum,
649 2973 850 3044 jejunia
871 2973 1189 3028 amicorum.
1207 2969 1317 3024 Nec
1339 2969 1439 3024 ista
1458 2978 1635 3023 tamen
1654 2967 1746 3022 ad-

154 3075 346 3144 iuvant
371 3079 491 3142 post
511 3079 738 3124 mortem
760 3066 891 3130 illis,
915 3064 1004 3134 qui
1027 3077 1132 3117 non
1151 3062 1203 3115 in
1227 3063 1329 3117 hac
1357 3061 1464 3114 vita
1490 3060 1594 3114 hoc
1616 3073 1742 3128 pro-

1852 1881 2068 1936 rediens
2113 1897 2200 1936 me
2234 1896 2340 1936 non
2373 1881 2666 1936 inveneris.
2717 1881 2832 1948 Qua
2876 1866 2941 1936 de
2981 1897 3038 1936 re
3085 1883 3170 1936 vir
3215 1884 3430 1939 Domini

1848 1972 2152 2028 Germanus
2188 1988 2247 2027 se
2271 1973 2324 2027 in
2345 1972 2598 2044 precibus
2627 1973 2867 2038 strinxit,
2889 1981 2944 2027 et
2967 1965 3296 2044 pestpaucos
3317 1975 3432 2030 dies

1850 2065 2066 2119 rediens
2100 2062 2215 2132 jam
2266 2055 2582 2135 praedictum
2616 2064 2968 2120 Paschasium
3004 2065 3054 2119 in
3097 2066 3213 2120 loco
3241 2066 3430 2120 eodem

1849 2156 2072 2211 minime
2109 2157 2348 2222 invenit,
2378 2155 2506 2224 quia
2535 2164 2718 2210 autem
2759 2170 2865 2210 non
2901 2155 3120 2210 malitia:
3155 2156 3248 2210 sed
3282 2157 3434 2225 igno-

1849 2249 2038 2302 rantia:
2072 2263 2256 2303 errore
2289 2254 2640 2317 peccaverat,
2680 2247 2899 2318 purgari
2931 2248 3103 2316 potuit
3137 2256 3258 2316 post
3287 2262 3434 2301 more

1850 2347 1960 2392 tem
1983 2354 2013 2392 a
2041 2348 2284 2407 peccato.
2320 2337 2474 2404 Quod
2501 2345 2682 2391 tamen
2717 2337 3044 2393 credendum
3072 2345 3172 2402 est,
3211 2336 3336 2406 quia
3364 2351 3431 2391 ex

1849 2430 1939 2484 illa
1982 2430 2446 2501 eleemosynarum
2481 2444 2701 2485 suarum
2745 2428 2996 2498 largitate
3054 2429 3155 2484 hoc
3200 2429 3434 2483 obtinuit

1850 2528 1909 2573 ut
1945 2528 2072 2576 tunc
2100 2521 2382 2590 potuisset,
2414 2520 2714 2590 promereri
2740 2520 2972 2585 veniam,
3005 2535 3125 2574 cum
3155 2519 3264 2589 jam
3296 2519 3433 2574 nihil

1848 2611 2110 2682 potuisset
2151 2611 2387 2682 operari.
2427 2607 2634 2681 (Greg.)
2674 2609 2732 2665 Si
2769 2610 3083 2665 insolubiles
3124 2610 3293 2680 culpae
3323 2625 3433 2664 non

1849 2701 2050 2756 fuerint
2070 2701 2231 2772 (sicut
2249 2700 2364 2770 jam
2393 2716 2554 2770 supra
2579 2701 2780 2756 dictum
2807 2704 2913 2770 est)
2944 2702 3010 2756 ad
3037 2702 3430 2757 absolutionem

1847 2792 2103 2862 prodesse
2129 2793 2386 2858 maxime,
2408 2792 2567 2847 etiam
2599 2792 2825 2847 mortuis
2845 2794 3062 2848 victima
3091 2810 3260 2849 sacra:
3281 2794 3429 2849 oblu—

1850 2881 2012 2936 tionis
2047 2891 2257 2952 potest,
2291 2884 2382 2952 qui
2419 2883 2509 2937 hic
2547 2883 2776 2938 vivendo
2813 2884 2913 2938 hoc
2940 2883 3304 2948 obtinuerint;
3336 2885 3431 2939 sed

1848 2971 2123 3027 sciendum
2151 2982 2234 3027 est
2259 2973 2385 3042 quia
2415 2971 2520 3027 illis
2547 2989 2699 3026 sacra
2731 2974 2946 3028 victima
2989 2976 3216 3030 mortuis
3236 2977 3428 3046 prosit,

1855 3073 1916 3119 ut
1941 3081 2034 3120 eos
2067 3065 2227 3120 etiam
2265 3077 2388 3135 post
2423 3073 2652 3120 mortem
2694 3066 2832 3120 bona
2869 3065 3151 3134 adjuvent,
3187 3083 3307 3137 qua:
3344 3069 3432 3124 hic

155 3133 689 3240 ineruérint(Greg.).
719 3165 796 3220 De
809 3133 1067 3218 hocenim
1094 3159 1284 3212 beatus
1297 3155 1590 3224 Gregorius
1616 3167 1753 3222 papa
1781 3133 1826 3196 Ο
1856 3170 1954 3224 pro
1984 3155 2114 3224 ipsis
2136 3156 2203 3209 ab
2226 3133 2347 3209 aliis
2378 3154 2532 3209 fiunt.
2566 3155 2711 3209 Inter
2739 3155 2854 3209 haec
2891 3133 3069 3210 autem
3099 3133 3430 3226 pensandum

153 3263 267 3317 ait:
293 3263 337 3318 si
353 3254 846 3330 culpzeinsolubiles
861 3259 984 3321 post
1012 3255 1242 3304 mortem
1275 3261 1381 3300 non
1397 3243 1756 3310 sunt,multo-
1855 3255 1956 3310 est,
1988 3243 2130 3314 quod
2159 3244 2324 3298 tutior
2348 3245 2431 3298 via
2465 3245 2557 3309 sit,
2589 3255 2647 3298 ut
2674 3245 2872 3313 bpnum
2899 3248 3040 3314 quod
3065 3248 3292 3317 quisque
3309 3257 3431 3318 post

152 3364 282 3409 rum
297 3351 434 3408 solet
453 3350 661 3404 animas
682 3345 846 3402 etiam
861 3349 981 3413 post
991 3347 1220 3395 mortem
1233 3350 1387 3392 sacra
1410 3334 1614 3391 oblatio
1636 3334 1755 3388 hos-

155 3444 254 3500 tia:
275 3441 527 3498 salutaris
549 3437 835 3507 adjuvare,
866 3435 942 3489 ita
967 3439 1028 3486 ut
1066 3431 1170 3485 hoc
1204 3441 1590 3496 nonnunquam
1618 3425 1749 3494 ipsa:

151 3534 537 3590 defunctorum
576 3529 772 3586 animae
811 3525 1098 3581 videantur
1139 3528 1415 3590 expetere.
1459 3517 1519 3572 In
1556 3523 1752 3587 quarto

149 3624 402 3694 ejusdem
448 3621 594 3678 beati
638 3618 883 3690 Gregorii
943 3612 1291 3684 Dialogorum
1343 3609 1483 3665 libro
1527 3607 1748 3678 legitur,

150 3717 306 3786 quod
325 3714 546 3784 quidam
576 3712 798 3782 spiritus
839 3722 939 3780 pro
965 3705 1204 3777 peccatis
1239 3703 1354 3761 suis
1392 3702 1446 3756 in
1482 3699 1750 3756 caloribus

148 3807 470 3878 deputatus,
485 3803 576 3874 qui
599 3801 759 3870 quasi.
775 3801 938 3856 homo
960 3797 1262 3859 videbatur,
1286 3793 1496 3848 cuidam
1522 3791 1751 3860 praesby-

150 3906 282 3952 tero
326 3908 520 3964 panem
550 3891 651 3947 sibi
696 3887 988 3958 porrigenti
1030 3885 1146 3939 ait:
1176 3884 1284 3938 Pro
1312 3881 1550 3952 peccatis
1590 3879 1746 3944 meis,

150 3985 346 4047 Pater,
373 3980 727 4051 omnipotenti
751 3978 858 4032 Deo
892 3978 1034 4032 hunc
1057 3989 1250 4046 panem
1278 3972 1431 4035 oﬂ'er,
1457 3980 1511 4026 et
1537 3980 1664 4025 tunc
1695 3979 1747 4024 te

149 4075 474 4133 exauditam
519 4087 640 4126 esse
668 4082 968 4140 cognosce,
999 4081 1121 4121 cum
1167 4065 1274 4122 huc
1315 4062 1526 4121 veneris
1563 4069 1616 4115 et
1647 4060 1746 4114 mi-

71 4160 81 4169 ’
151 4167 310 4222 nime
331 4179 418 4219 me
441 4162 729 4216 inveneris.
762 4160 820 4214 In
855 4158 1050 4226 quibus
1077 4155 1260 4212 verbis
1289 4153 1570 4224 disparuit.
1597 4151 1742 4210 Idem

151 4271 293 4311 vero
316 4253 596 4324 presbyter
619 4250 953 4306 hebdomada
981 4249 1236 4304 continua
1269 4261 1327 4300 se
1355 4259 1456 4315 pro
1484 4259 1550 4299 eo
1587 4244 1639 4298 in
1663 4242 1742 4297 la-

151 4345 366 4416 crymis
393 4341 612 4406 afﬂixit,
658 4341 950 4395 salutarem
995 4337 1227 4391 hostiam
1258 4333 1498 4403 quotidie
1526 4331 1740 4395 obtulit,

153 4446 220 4491 et
247 4441 370 4504 post
396 4433 522 4487 illuc
550 4429 951 4498 reversus,jam
981 4426 1200 4480 minime
1229 4439 1350 4478 eum
1373 4421 1598 4476 invenit.
1627 4419 1742 4486 Qua

153 4538 230 4578 ex
275 4538 334 4577 re
379 4528 642 4590 quantum
686 4517 855 4588 prosit
902 4514 1186 4567 animabus
1230 4509 1527 4566 imrnolatio
1571 4523 1740 4564 saera:

155 4615 448 4672 oblationis
476 4612 797 4673 ostenditur,
837 4623 958 4664 cum
991 4607 1127 4661 hanc
1170 4614 1226 4660 et
1257 4605 1357 4675 ipsi
1406 4613 1739 4658 mortuorum

159 4706 389 4776 spiritus
414 4721 444 4758 a
473 4702 777 4757 viventibus
797 4707 1006 4768 petunt,
1025 4707 1080 4752 et
1108 4697 1257 4767 signa
1282 4696 1524 4751 indicant
1544 4696 1739 4765 quibus

156 4812 262 4870 per
294 4811 358 4852 ea
393 4794 623 4850 absoluti
669 4792 972 4846 videantur.
1011 4788 1144 4842 Nam
1185 4788 1402 4858 quidam
1444 4790 1739 4842 monachus

157 4887 348 4944 Justus
403 4887 658 4951 nomine,
732 4884 866 4939 artis
924 4882 1202 4937 medicinae
1259 4880 1496 4934 imbutus
1557 4880 1736 4948 (sicut

160 4980 355 5034 beatus
377 4976 670 5046 Gregorius
695 4991 830 5044 papa
869 4975 920 5027 in
952 4972 1206 5043 praedicto
1247 4970 1410 5025 refert
1442 4971 1599 5040 libro)
1641 4971 1739 5023 du-

161 5077 287 5123 ctus
317 5066 418 5120 fuit
443 5067 510 5120 ad
541 5067 678 5136 ignis
709 5079 942 5133 pcenam,
975 5078 1071 5130 pro
1115 5075 1180 5114 eo
1226 5057 1369 5128 quod
1398 5066 1586 5112 contra
1617 5059 1738 5112 vita:

163 5158 430 5228 regularis
451 5157 826 5211 auctoritatem
845 5165 953 5208 tres
974 5167 1164 5206 aureos
1184 5150 1474 5206 absconsos
1497 5149 1550 5202 in
1566 5148 1730 5203 medi-

164 5249 379 5305 camine
410 5248 593 5302 illicite
615 5247 858 5301 haberet.
876 5246 1001 5299 Post
1027 5244 1141 5298 dies
1174 5257 1300 5296 vero
1324 5242 1542 5311 triginta
1562 5239 1740 5294 obitus

164 5339 303 5408 ejus,
343 5337 542 5408 placuit
569 5336 822 5406 praedicto
847 5333 1139 5388 venerabili
1170 5331 1310 5401 patri
1335 5329 1614 5400 Gregorio,
1645 5329 1736 5399 qui

167 5437 300 5484 tunc
330 5428 622 5493 monachus
652 5426 706 5480 in
734 5424 922 5480 eodem
950 5423 1276 5478 monasterio
1306 5421 1405 5476 sub
1440 5420 1563 5474 vitae
1583 5435 1738 5490 regu-

165 5517 298 5572 laris
325 5519 565 5573 custodia
587 5518 831 5588 degebat,
854 5524 912 5568 ut
931 5529 1028 5584 per
1048 5513 1170 5566 illos
1188 5513 1303 5567 dies
1322 5511 1537 5581 triginta
1562 5510 1736 5564 nullus

167 5607 674 5677 "praetermitteretur
701 5607 834 5669 dies,
862 5620 968 5673 quo
993 5617 1097 5656 non
1121 5615 1218 5671 pro
1240 5599 1572 5655 absolutione
1598 5599 1736 5654 illius

169 5696 418 5754 salutaris
452 5697 628 5756 hostia
672 5694 1062 5755 immolaretur,
1107 5693 1249 5760 quod
1292 5699 1348 5747 et
1393 5691 1590 5747 factum
1631 5698 1732 5746 est.

615 5791 886 5849 Pauor“
910 5783 1189 5846 CXVIII.

1853 3343 2080 3389 mortem
2111 3349 2266 3389 suam
2305 3342 2492 3404 sperat
2522 3335 2606 3403 agi
2641 3349 2738 3404 per
2767 3335 2919 3400 alios,
2949 3344 3069 3406 agat
3097 3377 3109 3401 ,
3141 3337 3264 3391 dum
3297 3337 3432 3392 vivit

1853 3424 1966 3494 ipse
1988 3439 2086 3493 per
2109 3437 2186 3478 se.
2218 3422 2435 3478 Beatius
2463 3423 2663 3493 quippe
2689 3432 2774 3478 est
2800 3423 3028 3479 liberum
3056 3425 3238 3491 exire,
3265 3439 3428 3497 quam

1849 3523 1974 3585 post
2004 3514 2214 3570 vincula
2242 3513 2546 3570 libertatem
2567 3527 2830 3582 qumrcre.

2474 3663 2700 3720 CAPUT
2740 3664 2805 3718 Χ.

1850 3775 2002 3846 Quod
2050 3764 2367 3847 aliquando”
2387 3776 2450 3829 de
2499 3775 2665 3847 culpis
2716 3777 2920 3829 animus
2968 3777 3232 3846 justorum
3281 3777 3425 3832 solus

2261 3862 2423 3915 pavor
2449 3846 2754 3916 egredientis
2789 3857 2996 3915 purgat.

1917 3955 2241 4024 Plerumque
2281 3955 2351 4009 de
2399 3955 2569 4024 culpis
2631 3955 2870 4011 minimis
2913 3957 3026 4026 ipse
3065 3957 3214 4012 solus
3255 3974 3425 4028 pavor

1845 4047 2167 4116 egredientis
2191 4045 2681 4112 animasjustorum
2701 4055 2918 4118 purgat,
2935 4049 3076 4103 sicut
3097 4049 3164 4103 de
3189 4051 3424 4118 quodam

1847 4148 2034 4193 sancto
2070 4139 2186 4192 viro
2217 4145 2488 4202 narratur,
2524 4137 2614 4205 qui
2642 4136 2710 4191 ad
2735 4146 2966 4192 mortem
3008 4141 3230 4196 veniens
3263 4141 3423 4196 vehe-

1845 4236 2057 4282 menter
2083 4227 2289 4291 timuit,
2321 4225 2415 4280 sed
2452 4235 2574 4295 post
2612 4233 2841 4279 mortem
2891 4228 3168 4298 discipulis
3194 4230 3250 4284 in
3281 4230 3420 4286 stola

1844 4317 1963 4370 alba
1992 4317 2338 4386 apparuit,et
2357 4317 2500 4384 quod
2527 4316 2596 4369 sit
2619 4315 2879 4382 praeclare
2902 4328 3183 4388 susceptus
3209 4319 3418 4374 indica-
3515 4379 3523 4392 ε

1843 4408 1939 4463 vit.
1976 4409 2226 4478 Legimus
2260 4410 2404 4464 enim
2434 4411 2576 4478 quod
2609 4411 2750 4465 idem
2782 4412 2973 4466 beatus
3017 4410 3176 4465 Pater
3213 4412 3419 4482 Grego-

1848 4499 1961 4553 rius
1989 4499 2052 4552 ad
2083 4501 2453 4569 purgationem
2490 4500 2771 4554 morientis
2798 4501 2984 4556 fratris
3007 4541 3022 4567 ,
3053 4503 3144 4571 qui
3184 4510 3294 4557 tres
3321 4519 3420 4556 au-

1845 4605 1966 4645 reos
1995 4590 2287 4645 absconsos
2326 4590 2510 4644 illicite
2547 4591 2863 4655 retinuerat,
2892 4593 2958 4645 de
2987 4606 3093 4660 quo
3111 4591 3224 4660 jam
3253 4609 3418 4662 supra

1844 4681 2046 4735 dictum
2074 4688 2177 4744 est,
2225 4681 2326 4736 hoc
2364 4681 2646 4735 consilium
2669 4681 2880 4736 dedisse
2918 4682 3058 4737 illius
3103 4685 3412 4739 monasterii

1843 4771 2062 4841 praelato
2079 4789 2092 4824 :
2109 4770 2276 4837 Vade,
2311 4772 2389 4826 ait
2410 4770 2472 4842 κϐ
2483 4788 2611 4842 reg.,
2629 4770 2747 4824 libr.
2767 4787 2818 4825 iv
2837 4771 3066 4842 Dialog.)
3081 4782 3134 4827 et
3157 4772 3335 4828 nullus
3347 4789 3416 4828 ex

1842 4861 2100 4918 fratribus
2125 4879 2182 4919 se
2206 4865 2270 4918 ad
2297 4878 2418 4918 eum
2462 4863 2778 4916 morientem
2817 4863 3036 4932 jungat,
3081 4879 3182 4918 nec
3205 4877 3411 4917 sermo-

1840 4971 1962 5011 nem
1988 4955 2370 5011 consolationis
2388 4971 2453 5009 ex
2476 4954 2759 5022 cujuslibet
2779 4969 2964 5008 eorum
2996 4969 3091 5009 ore
3122 4955 3414 5024 percipiat;

1838 5046 1932 5101 sed
1961 5059 2083 5100 cum
2129 5046 2182 5100 in
2231 5055 2402 5100 morte
2444 5045 2770 5100 constitutus
2809 5043 3006 5100 fratres
3034 5047 3324 5115 quaesierit,
3363 5048 3412 5101 ei

1840 5152 1970 5192 suus
1998 5137 2166 5192 frater
2190 5136 2424 5192 carnalis
2451 5137 2617 5200 dicat,
2643 5137 2784 5206 quod
2813 5151 2912 5204 pro
2946 5136 3132 5193 solidis
3155 5153 3292 5210 quos
3316 5143 3415 5194 oc-‘

1841 5228 1982 5283 culte
2018 5229 2235 5294 habuit,
2265 5244 2294 5282 a
2322 5227 2532 5283 cunctis
2563 5223 2816 5281 fratribus
2851 5229 3192 5284 abominatus
3220 5230 3324 5293 sit,
3356 5240 3417 5284 ut-

1840 5322 2030 5377 saltem
2069 5321 2123 5376 in
2158 5330 2330 5376 morte
2356 5322 2420 5376 de
2447 5320 2603 5389 culpa
2631 5335 2727 5375 sua
2767 5330 2997 5376 mentem
3035 5322 3175 5378 illius
3215 5321 3413 5376 amari-

1842 5413 1972 5469 tudo
2001 5411 2430 5476 transverberet,
2475 5421 2638 5482 atque
2665 5427 2696 5466 a
2723 5422 2941 5482 peccato
2967 5413 3108 5483 quod
3133 5420 3413 5482 perpetra-

1841 5505 1940 5568 vit,
1969 5514 2177 5574 purget.
2202 5503 2348 5558 Idem
2379 5519 2505 5558 vero
2530 5505 2824 5559 monachus
2846 5521 2970 5560 cum
2994 5504 3326 5573 pervenisset
3345 5504 3413 5558 ad

1842 5604 2092 5661 mortem,
2138 5602 2298 5663 atque
2341 5595 2496 5649 anxie
2539 5604 2804 5664 qmereret
2839 5594 3094 5649 fratribus
3141 5609 3414 5648 commen-

1801 5687 1991 5755 ‘dari,
2049 5686 2330 5757 nullusque
2373 5702 2406 5742 e
2451 5687 2703 5750 fratribus
2746 5687 2794 5741 ei
2841 5684 3108 5754 applicare
3153 5693 3209 5740 et
3266 5685 3410 5754 loqui

2937 5778 3018 5836 30
