4020 6338
615 315 722 371 95‘.)

1110 305 1459 363 HAYMONIS
1497 303 1972 360 HALBERSTAT.
2012 301 2225 380 EPISC.
2264 300 2413 356 OPP.
2457 299 2635 357 PARS
2672 301 2756 356 ΙΙΙ.
2796 331 2869 343 -—
2901 300 3390 363 MISCELLANEA.
3822 315 3912 370 94έὲ

619 430 952 499 dignaretur,
985 422 1032 476 ei
1065 419 1300 476 carnalis
1341 419 1528 481 frater,
1573 418 1664 487 qui
1697 426 1822 472 tunc
1865 415 2053 470 aderat
2087 414 2157 468 ibi
2184 454 2200 478 ,
2231 419 2278 477 Α
2305 412 2465 468 dubio
2480 413 3119 485 cteliportaz,im0potius
3144 418 3316 486 ipsum
3339 421 3535 477 caelum
3561 425 3908 484 auferetnre

621 534 719 573 cur
768 516 837 570 ab
877 511 1131 568 omnibus
1175 509 1515 564 abominatus
1553 515 1722 569 esset,
1769 504 2044 560 indicavit.
2095 504 2198 568 Qui

619 610 866 680 protinus
892 605 959 660 de
983 611 1133 658 reatu
1161 617 1258 655 suo
1279 600 1628 656 vehementer
1654 596 1936 668 ingemuit,
1962 603 2124 665 atque
2145 594 2200 648 in

618 703 733 772 ipsa
767 696 985 754 tristitia
1031 709 1062 750 e
1099 707 1327 763 corpore
1353 691 1539 746 exivit.
1572 689 1888 744 Nullatenus
1927 687 2072 741 enim
2099 685 2203 739 hoc

625 794 815 848 beatus
849 787 1141 859 Gregorius
1164 785 1344 840 facere
1360 783 1598 856 juberet,
1619 782 1718 837 nisi
1741 782 1806 836 ad
1827 779 2202 850 purgationem

621 881 904 938 morientis
944 880 1049 934 hoc
1087 876 1344 948 prodesse
1383 873 1746 942 cognovisset.
1792 870 1908 926 Huc
1938 883 2108 941 usque
2136 869 2202 923 de

618 974 741 1045 igne
776 969 1119 1043 purgatorio,
1167 967 1366 1024 abhinc
1414 965 1482 1021 de
1520 975 1768 1046 extremo
1803 961 2011 1037 judicio
2068 961 2202 1018 insi-

616 1064 864 1120 stendum
887 1071 987 1119 est.

749 1159 751 1162 1
1222 1164 1446 1223 CAPUT
1499 1165 1588 1220 XI.

695 1285 769 1342 De
799 1285 951 1341 valde
979 1280 1243 1337 tremendo
1270 1277 1464 1334 Christi
1493 1277 1714 1331 adventu
1754 1292 1818 1330 aa
1841 1245 2129 1345 judicium.

690 1415 988 1471 Audiamus
1008 1408 1276 1482 quomodo
1304 1406 1582 1478 prophetis
1609 1404 1978 1460 nuntiantibus
2003 1404 2083 1475 (ut
2109 1420 2206 1458 an-

619 1504 856 1560 nuntiari
896 1501 1206 1557 hominibus
1249 1498 1334 1553 fas
1372 1498 1492 1568 fuit)
1527 1496 1852 1567 praedicetur
1879 1495 2081 1551 Christi
2109 1497 2203 1549 ad-

623 1604 832 1652 ventus.
863 1593 952 1648 Ait
975 1606 1104 1663 ergo
1137 1589 1356 1660 quidam
1385 1603 1449 1642 ex
1477 1588 1558 1643 eis
1585 1603 1598 1640 :
1643 1586 1784 1641 Deus
1825 1585 2098 1655 manifeste
2120 1581 2206 1640 re;

621 1687 743 1749 niet,
793 1683 932 1737 Deus
979 1690 1152 1735 noster
1189 1689 1235 1733 et
1275 1695 1377 1731 non
1425 1676 1615 1730 silebit.
1663 1674 1812 1746 Ignis
1864 1685 1986 1729 ante
2034 1675 2200 1744 ipsum

2308 503 2482 556 medio
2514 511 2766 573 tanquam
2796 503 2841 556 si
2866 505 3208 560 tabernacula
3237 507 3463 578 alicujus
3490 512 3798 568 velamina
3820 523 3910 570 col-

2307 590 2565 662 ligantur,
2596 593 2804 650 scilicet
2845 603 2903 649 ut
2952 607 3238 670 reparetur
3271 609 3326 654 et
3375 602 3827 658 transformetur
3867 611 3905 662 in

2309 680 2518 736 melius.
2553 681 2702 736 Tunc
2728 698 2857 754 ergo
2900 687 3082 739 omnia
3127 698 3302 743 metus
3330 690 3552 746 habebit
3573 731 3593 757 ,
3643 693 3907 763 timorque

2309 784 2374 825 ac
2409 779 2612 826 tremor
2653 773 2894 842 implebit
2922 775 3190 830 universa.
3241 779 3391 834 Tunc
3419 783 3594 835 etiam
3632 783 3798 851 ipsos
3830 802 3903 838 aa-
3968 809 3969 834 ι

2309 862 2456 929 gelos
2485 862 2715 918 formido
2754 867 3040 934 quassahit
3063 907 3078 932 ,
3128 877 3181 923 et
3222 885 3327 925 non
3357 872 3530 928 solum
3563 874 3808 943 angelos
3830 883 3903 931 sed

2307 951 2554 1007 fortassis
2581 961 2636 1007 ct
2660 953 3030 1024 archangelos,
3057 966 3113 1011 et
3139 958 3359 1015 thronos
3409 972 3466 1017 et
3493 964 3900 1024 dominationes

2307 1049 2362 1096 et
2385 1041 2717 1110 principatus
2761 1050 2817 1096 et
2857 1052 3176 1112 potestates.
3215 1047 3326 1102 lloc
3355 1049 3500 1103 enim
3546 1050 3900 1108 indicatura:

2308 1144 2374 1184 eo
2399 1131 2543 1199 quod
2569 1131 2789 1197 dicit,et
2809 1132 3037 1188 virtutes
3064 1134 3322 1190 caelorum
3351 1140 3760 1194 movebuntur.
3784 1143 3900 1197 Con.

2308 1220 2451 1274 servi
2482 1221 2624 1275 enim
2655 1231 2779 1276 sunt
2818 1236 3006 1277 eorum
3041 1225 3131 1295 qui
3172 1227 3449 1296 judicandi
3488 1241 3675 1296 sunt,
3706 1243 3763 1287 et
3796 1235 3895 1289 vita

2309 1310 2465 1380 hujus
2482 1313 2720 1382 posituri
2745 1314 3034 1370 rationem.
3059 1315 3118 1372 Si
3139 1318 3282 1373 enim
3310 1322 3452 1391 apud
3473 1319 3712 1390 judices
3731 1327 3894 1381 seculi

2309 1416 2431 1455 eum
2469 1403 2661 1457 civitas
2705 1418 2810 1458 una
2844 1403 3139 1474 judicanda
3187 1419 3304 1475 est,
3352 1422 3558 1480 pavent
3603 1425 3815 1471 caetera
3853 1432 3894 1472 et

2308 1496 2770 1562 contremiscunt,
2826 1498 2990 1552 etiam
3036 1500 3083 1554 si
3131 1502 3266 1557 nihil
3329 1506 3563 1574 periculi
3632 1519 3891 1575 metuant,

2307 1597 2510 1657 quanto
2531 1590 2704 1660 magis
2729 1606 2853 1645 cum
2874 1592 3021 1648 orbis
3052 1602 3208 1651 terra:
3232 1599 3518 1656 universus
3547 1603 3631 1656 ad
3655 1603 3888 1672 judicium

2308 1679 2507 1744 veniet,
2541 1689 2596 1735 et
2625 1681 2961 1752 ejudicandus
2992 1700 3022 1739 a
3052 1685 3258 1756 judice,
3286 1691 3378 1760 qui
3418 1701 3570 1746 teste
3603 1711 3713 1749 non
3737 1711 3884 1767 egeat,

621 1776 844 1840 ardebit,
886 1785 930 1828 et
963 1774 1017 1826 in
1058 1772 1277 1825 circuitu
1321 1769 1433 1838 ejus
1478 1766 1710 1838 procella
1757 1766 1950 1820 ualida.
1991 1764 2201 1820 Vocavit
2233 1776 2283 1837 Β
2307 1769 2398 1838 qui
2431 1780 2749 1840 argumenta
2777 1789 2885 1828 non
2907 1785 3136 1843 quaerat,
3168 1779 3259 1846 qui
3287 1791 3572 1837 oratorem
3607 1764 3879 1842 causamn

622 1867 805 1922 caelum
833 1879 1040 1918 sursum
1063 1902 1078 1927 ,
1115 1869 1162 1914 et
1196 1870 1387 1913 terram
1429 1858 1722 1912 discernere
1758 1855 2007 1928 populum
2047 1871 2198 1910 suum

620 1958 795 2030 (Psal.
817 1955 987 2027 χιιι).
1020 1953 1174 2009 Alius
1197 1967 1326 2006 vero
1359 1949 1450 2019 qui
1479 1957 1533 2004 et
1560 1963 1846 2020 pcenarum
1877 1949 2083 2017 species
2109 1961 2203 2002 no-

617 2049 702 2103 bis
737 2046 958 2110 indicat,
999 2045 1101 2097 hoc
1145 2048 1227 2095 est
1272 2039 1479 2097 Isaias.
1525 2037 1652 2092 audi
1697 2037 1966 2107 quomodo
2010 2035 2199 2089 dicat:

622 2136 759 2190 Ecce
795 2134 905 2188 dies
945 2130 1156 2186 Domini
1197 2129 1358 2182 veniet
1399 2124 1742 2191 insanabilis,
1775 2125 1887 2178 dies
1915 2123 2112 2194 furoris
2153 2130 2202 2176 et

623 2235 742 2293 im,
760 2240 816 2283 ut
840 2236 998 2298 ponat
1024 2226 1199 2280 orbem
1216 2234 1368 2278 terra:
1388 2223 1671 2287 desertum,
1693 2230 1738 2275 et
1753 2230 2066 2292 peccatores
2090 2236 2205 2289 per-

622 2326 714 2378 dat
739 2339 804 2377 ex
828 2338 886 2377 eo
917 2319 1070 2392 (Isa.
1109 2317 1265 2388 xm).
1311 2304 1491 2370 Stellae
1535 2323 1714 2369 autem
1765 2314 1884 2369 ραδιί
1921 2321 1976 2368 et
2012 2311 2220 2376 Orion,.

619 2428 673 2470 et
729 2415 904 2470 omnis
940 2418 1177 2468 ornatus
1249 2409 1372 2464 coeli
1437 2408 1616 2464 lumen
1663 2423 1817 2464 suum
1875 2423 1982 2463 non
2025 2407 2202 2473 dabit,

622 2517 678 2560 et
715 2503 1092 2562 obscurabitur
1121 2501 1203 2556 sol
1233 2501 1284 2555 in
1333 2507 1458 2555 ortu
1490 2515 1608 2566 suo,
1639 2507 1692 2554 et
1727 2499 1851 2553 luna
1894 2514 2002 2553 non
2052 2499 2204 2553 dabit

618 2600 800 2655 lumen
831 2614 1009 2666 suum;
1029 2606 1098 2655 et
1125 2597 1394 2652 mandabo
1421 2596 1674 2650 universo
1701 2594 1820 2648 orbi
1854 2584 1992 2647 mala
2022 2602 2078 2648 et
2103 2592 2206 2646 im-

617 2692 722 2764 piis
747 2699 968 2762 peccata
1004 2704 1191 2746 eorum
1212 2727 1226 2753 ,
1253 2695 1308 2742 et
1335 2687 1558 2756 perdam
1585 2683 1966 2740 contumeliam
1995 2683 2208 2752 iniquo-

621 2799 770 2848 rum,
809 2791 864 2842 et
900 2781 1151 2850 injuriam
1182 2779 1536 2848 superborum
1568 2775 1886 2831 humiliabo.
1934 2774 2002 2828 Et
2046 2780 2209 2828 erunt

621 2875 714 2942 qui
758 2872 934 2928 relicti
970 2870 1173 2926 fuerint
1212 2867 1436 2938 pretiosi
1483 2867 1656 2936 magis
1693 2880 1856 2934 quam
1899 2877 2094 2918 aurum
2138 2863 2206 2918 ab

620 2965 773 3034 igne,
801 2971 858 3017 et
895 2963 1058 3016 homo
1091 2958 1382 3029 pretiosior
1409 2957 1701 3024 erit‘quam
1737 2955 1870 3024 lapis
1896 2952 2204 3022 sapphirus.

621 3055 830 3111 Caelum
875 3052 1019 3106 enim
1061 3050 1335 3121 quatietur
1360 3056 1415 3102 et
1452 3055 1597 3102 terra
1627 3045 1931 3101 movebitur
1957 3062 1988 3100 a
2020 3044 2209 3100 funda-

619 3146 821 3202 mentis
848 3144 980 3210 suis,
1009 3150 1240 3214 propter
1267 3139 1503 3195 fnrorem
1542 3139 1638 3194 irae
1680 3137 1893 3193 Domini
1921 3136 2164 3192 Sabaoth
2191 3177 2208 3202 ,
2237 3127 2282 3185 (ἶ

621 3240 677 3294 in
707 3239 792 3293 die
833 3251 938 3308 qua
983 3232 1356 3306 supervenerit
1400 3230 1553 3285 furor
1587 3229 1703 3299 ejus
1726 3229 1862 3301 (Isa.
1909 3229 2052 3295 xm).
2102 3227 2211 3284 Sed

619 3314 675 3384 et
707 3327 1019 3390 Malachias,
1048 3325 1308 3396 propheta
1329 3337 1564 3378 consona
1592 3321 1952 3391 his-loquitur,
1981 3318 2206 3374 dicens:

621 3419 764 3476 Ecce
801 3417 948 3472 venit
983 3415 1242 3470 Dominus
1272 3411 1644 3482 omnipotens,
1675 3419 1730 3465 et
1766 3410 1887 3480 quis
1925 3409 2214 3466 sustinebit

623 3511 765 3566 diem
795 3507 1085 3562 adventum
1109 3504 1260 3575 ejus?
1289 3511 1384 3557 aut
1421 3502 1542 3571 quis
1571 3501 1907 3572 supportabit
1947 3513 2211 3570 conspec-

624 3609 738 3653 tum
791 3597 948 3666 ejus?
1003 3593 1268 3662 Quoniam
1323 3591 1439 3662 ipse
1498 3589 1797 3661 ingreditur
1846 3589 2024 3660 ignem
2076 3603 2209 3644 con-

625 3690 936 3754 ﬂatorium,
996 3694 1052 3741 et
1117 3685 1257 3742 sicut
1312 3683 1526 3754 paleam
1570 3680 1947 3737 Ventilantium
2002 3680 2212 3735 sedebit

626 3780 867 3838 conflans
902 3787 957 3834 et
985 3792 1224 3850 purgans
1263 3776 1405 3832 sicut
1443 3790 1634 3829 aurum
1677 3782 1730 3828 et
1759 3774 1901 3828 sicut
1931 3781 2210 3842 argentum

624 3873 884 3941 (Malach.
911 3871 1009 3942 ιγ).
1043 3871 1109 3924 Ει
1134 3871 1330 3924 iterum
1361 3867 1490 3922 dicit
1521 3886 1535 3922 :
1570 3867 1710 3922 Ecce
1745 3865 1861 3920 dies
1888 3865 2098 3920 Domini
2129 3880 2216 3920 ve-

627 3965 741 4017 niet
770 3963 964 4016 ardens
991 3969 1051 4013 ut
1079 3960 1345 4022 clibanus,
1373 3968 1428 4013 et
1469 3968 1658 4012 exuret
1687 3973 1802 4018 eos.
1833 3965 1888 4010 et
1917 3966 2074 4010 erunt
2097 3970 2212 4010 om-

628 4067 727 4107 nes
754 4051 1084 4119 alienigenae.
1114 4059 1169 4102 et
1195 4063 1383 4102 omnes
1411 4047 1501 4115 qui
1535 4046 1741 4101 iaciunt
1771 4047 2132 4116 iniquitatem,
2155 4056 2214 4101 ut

633 4139 888 4210 stipulam
924 4138 1176 4193 incendet
1203 4151 1295 4191 eos
1325 4136 1440 4190 dies
1477 4134 1590 4200 illa,
1616 4150 1738 4205 quae
1769 4135 1919 4190 venit
1949 4136 2079 4190 dicit
2105 4135 2210 4189 Do-

629 4233 807 4288 minus
831 4232 1193 4301 omnipotens,
1236 4238 1292 4284 et
1324 4243 1430 4283 non
1459 4227 1796 4297 relinquetur
1823 4227 1975 4281 radix
1995 4267 2009 4291 ,
2039 4242 2213 4296 neque

627 4324 834 4394 palmes
857 4320 1114 4392 (Malaclt.
1139 4320 1243 4388 ιιι).
1273 4319 1424 4374 Alius
1448 4332 1580 4372 vero
1607 4317 1692 4372 vir
1712 4317 2102 4374 desideriorum
2135 4317 2211 4370 ita

631 4413 765 4468 dicit
797 4409 905 4465 :*Et
929 4423 1055 4466 ecce
1081 4409 1328 4464 videbam
1355 4415 1410 4464 et
1440 4407 1620 4462 throni
1649 4405 1810 4476 positi
1843 4414 1968 4460 sunt
1995 4414 2049 4460 et
2071 4405 2212 4460 anti-

629 4520 768 4576 quus
794 4505 1002 4559 dierum
1037 4501 1275 4564 sedebat,
1299 4509 1352 4556 et
1380 4499 1752 4555 indumentum
1783 4495 1899 4566 ejus
1924 4497 2208 4552 candidum
2240 4480 2287 4538 D

631 4600 772 4656 sicut
810 4597 897 4652 nix
920 4637 935 4661 ,
961 4603 1019 4651 et
1046 4594 1224 4665 capilli
1252 4593 1443 4663 capitis
1482 4591 1598 4661 ejus
1626 4590 1765 4645 sicut
1804 4589 1924 4643 lana
1963 4589 2159 4644 munda
2192 4607 2205 4641 :

633 4687 815 4742 throni
852 4684 969 4753 ejus
993 4685 1132 4755 ignis
1161 4693 1408 4738 exurens.
1452 4679 1680 4734 Fluvios
1729 4679 1918 4749 igneus
1959 4677 2213 4733 currebat

635 4787 760 4832 ante
790 4777 985 4846 ipsum.
1013 4773 1279 4829 Jndicium
1323 4769 1601 4826 constituit
1637 4778 1696 4823 et
1733 4768 1852 4823 libri
1889 4768 2058 4836 aperti
2088 4774 2212 4822 sunt

633 4867 796 4936 (Dan.
822 4867 938 4938 vn).
975 4863 1040 4918 Et
1061 4863 1220 4933 paulo
1242 4869 1360 4931 post
1393 4879 1404 4913 :
1441 4861 1505 4914 Et
1542 4860 1670 4924 vidi,
1700 4860 1891 4930 inquit,
1916 4859 1974 4912 in
2008 4858 2214 4913 visione

634 4961 828 5024 noctis,
854 4967 909 5012 et
933 4973 1059 5013 ecce
1093 4958 1146 5012 in
1177 4956 1408 5011 nubibus
1449 4954 1571 5010 εωΙί
1615 4954 1755 5010 sicut
1779 4953 1945 5008 Filius
1981 4954 2214 5009 hominis

636 5049 908 5109 veniebat,
923 5055 978 5102 et
999 5045 1065 5101 de
1079 5062 1247 5116 usque
1271 5046 1338 5100 ad
1355 5053 1623 5100 vetustum
1641 5044 1846 5100 dierum
1874 5043 2136 5112 pervenit,
2161 5051 2216 5098 et

635 5143 691 5195 in
724 5146 1009 5209 conspectu
1039 5139 1156 5209 ejus
1185 5137 1390 5192 ablatus
1417 5145 1500 5192 est
1519 5177 1532 5202 ,
1559 5144 1616 5190 et
1644 5135 1744 5205 ipsi
1784 5134 1942 5189 datus
1963 5145 2046 5189 est
2066 5135 2209 5205 prin-

634 5234 866 5302 cipatus,
891 5239 962 5285 et,
981 5231 1172 5295 honor,
1218 5231 1274 5283 e't
1311 5242 1562 5298 regnum,
1585 5235 1641 5280 et
1667 5240 1855 5281 omnes
1882 5225 2082 5296 populi,
2121 5224 2216 5278 tri-

632 5325 735 5378 bus
761 5331 817 5377 et
841 5321 1032 5393 lingua:
1061 5321 1162 5390 ipsi
1188 5321 1444 5375 servient.
1475 5317 1542 5371 Et
1568 5324 1806 5387 potestas
1819 5315 1950 5384 ejus,
1977 5321 2217 5385 potestas

632 5424 831 5472 :cterna
850 5432 969 5487 qum
991 5429 1095 5469 non
1120 5413 1385 5475 transibit,
1403 5417 1692 5481 etregnum
1717 5410 1832 5480 ejus
1851 5424 1955 5464 non
1972 5422 2217 5463 corrum-

633 5515 812 5576 petur.
859 5505 1126 5561 inhorruit
1167 5503 1398 5572 Spiritus
1441 5517 1611 5555 meus.
1647 5501 1758 5570 Ego
1783 5499 1970 5556 Daniel
1999 5499 2217 5574 territus

636 5612 754 5649 sum
779 5596 829 5650 in
861 5595 964 5660 his,
995 5593 1294 5649 etvisiones
1319 5591 1508 5660 capitis
1539 5591 1640 5646 mei
1665 5591 2216 5658 conturbeveruntme

656 5684 994 5755 Ibid.).Cum
1019 5700 1150 5754 ergo
1177 5683 1290 5739 huic
1319 5682 1402 5755 agi
1428 5682 1722 5753 coeperint,
1753 5681 2060 5754 pandentur
2097 5680 2215 5737 sine
2253 5692 2260 5700 ‘

2305 1863 2563 1932 postulat.
2603 1865 2709 1919 Sed
2760 1864 2846 1920 his
2890 1868 3142 1923 omnibus
3185 1857 3370 1940 procul
3413 1875 3662 1939 amotis,
3705 1879 3803 1946 ipse
3838 1893 3879 1933 et

2305 1962 2454 2022 gesta
2485 1963 2542 2009 et
2565 1956 2728 2010 verba
2754 1964 2809 2011 et
2843 1958 3197 2027 cogitationes
3211 1962 3473 2028 denudet,
3503 1974 3679 2034 atque
3708 1970 3755 2020 in
3790 1986 3873 2022 ms-

2305 2045 2452 2098 dium
2479 2045 2726 2111 collucet,
2756 2056 2812 2102 et
2835 2056 3030 2103 cuncta
3061 2049 3204 2106 velut
3246 2053 3302 2106 in
3346 2055 3550 2111 talibus
3585 2060 3870 2126 quibusdam

2306 2135 2516 2203 depicta
2543 2138 2714 2192 oculis
2737 2153 2924 2193 eorum
2947 2155 3069 2208 quas
3093 2144 3600 2210 commiserunt,ea
3620 2158 3868 2218 atquecu-

2307 2225 2456 2278 nium
2478 2228 2568 2294 qui
2601 2227 2858 2282 assistere
2892 2229 3145 2285 videntur
3167 2237 3436 2289 ostendat.
3465 2237 3746 2304 Quomodo
3769 2255 3866 2295 tunc

2307 2317 2753 2385 commovebitur,
2782 2328 2837 2374 et
2867 2321 2920 2376 in
2945 2331 3089 2377 metu
3121 2326 3225 2379 erit
3253 2326 3515 2382 universa
3547 2335 3861 2388 creatur-.11..

2930 2430 3157 2489 CAPUT
3194 2434 3306 2490 XII.

2312 2536 2469 2602 Quod
2497 2541 2760 2596 secundus
2790 2542 3084 2600 Saluatoris
3109 2548 3366 2604 adventus
3389 2554 3581 2608 nonin
3615 2556 3855 2609 humilitate

2431 2688 2434 2692 Ι
2489 2619 2545 2662 ut
2577 2612 2743 2679 prius,
2769 2621 2857 2667 sed
2881 2615 3124 2685 ingloria
3147 2619 3604 2678 demonstrandam
3640 2628 3723 2679 sit.

2383 2717 2533 2773 Sicut
2569 2724 2706 2776 enim
2735 2723 2916 2796 fulgur
2935 2728 3040 2780 erit
3066 2728 3133 2781 ab
3157 2731 3353 2785 oriente
3385 2733 3630 2804 (dicente
3653 2737 3703 2790 in
3722 2737 3851 2792 Evas-

2309 2809 2450 2879 gelio
2490 2811 2737 2882 Domino)
2765 2824 2811 2868 et
2847 2827 2992 2885 paret
3018 2833 3180 2888 usque
3213 2821 3268 2874 in
3301 2822 3647 2888 occidentem,
3682 2828 3748 2878 ita
3776 2828 3851 2878 erit

2309 2902 2566 2959 adventus
2602 2905 2734 2960 Filii
2767 2907 2992 2961 hominis
3044 2907 3258 2976 (Matth.
3296 2914 3481 2981 xxtv).
3533 2913 3644 2968 Hoc
3683 2926 3876 2984 quoque‘

2311 2996 2592 3051 sciendum
2627 3009 2730 3060 est,
2768 2995 2908 3066 quod
2945 2999 3215 3052 secundus
3260 2998 3551 3054 Salvatoris
3601 3004 3863 3068 adventus,

2314 3101 2422 3140 non
2469 3087 2521 3142 in
2569 3087 2868 3142 humilitate
2913 3098 2974 3144 ut
3017 3089 3187 3159 prius,
3227 3090 3324 3144 sed
3367 3091 3416 3144 in
3454 3091 3612 3160 gloria
3656 3093 3866 3148 demon-

2313 3177 2569 3231 straudus
2594 3177 2686 3232 sit.
2720 3177 2786 3230 Et
2807 3185 2927 3247 post
2961 3193 3131 3247 pauca
3160 3179 3325 3234 infert
3362 3181 3600 3236 Dominus
3617 3191 3671 3236 et
3692 3183 3817 3237 dicit
3844 3201 3859 3237 :

2314 3265 2409 3320 Sol
2445 3267 2814 3322 obscurabitur
2839 3277 2888 3320 et
2917 3267 3046 3321 luna
3076 3285 3181 3322 non
3224 3271 3372 3324 dabit
3417 3272 3591 3327 lumen
3631 3286 3861 3337 suumn:

2303 3355 2477 3410 stella:
2515 3357 2701 3411 cadent
2730 3359 2795 3410 de
2841 3357 2967 3412 ccela
2993 3367 3042 3412 et
3072 3360 3286 3414 virtutes
3320 3361 3569 3415 αξιοι-ιω
3609 3380 3856 3418 cantatore

2314 3444 2508 3497 buntur
2533 3443 2746 3516 (Ibid.).
2772 3443 2886 3500 Non
2913 3446 3268 3502 diminutione
3299 3448 3526 3504 luminis
3559 3451 3774 3520 alioquin
3797 3454 3857 3505 le.-

2311 3533 2488 3604 gimus
2508 3534 2676 3589 solem
2693 3535 3002 3606 septuplum
3030 3537 3340 3592 habiturum
3364 3539 3616 3604 luminis,
3641 3540 3724 3594 sed
3744 3554 3855 3592 cou-

2310 3625 2596 3693 paratione
2624 3640 2767 3681 verae
2795 3625 2932 3681 lucis
2958 3627 3141 3682 omnia
3170 3628 3497 3684 videbuntur
3539 3631 3698 3685 visuri
3734 3639 3853 3681 teuc-

2312 3715 2495 3769 hrosa.
2530 3715 2585 3770 Si
2614 3712 2799 3786 itaqUe
2826 3717 2929 3771 iste
2958 3717 3060 3782 sol,
3087 3719 3182 3788 qui
3204 3735 3348 3775 nunc
3378 3736 3480 3790 per
3517 3731 3684 3776 totum
3705 3720 3851 3774 orbein

2316 3804 2727 3868 rutilat,ctluua
2756 3821 2877 3875 qua:
2905 3808 3202 3862 secundum
3227 3817 3310 3863 est
3334 3809 3635 3875 luminare,
3658 3807 3853 3864 cistella

2314 3910 2434 3964 qua!
2475 3897 2554 3964 ad.
2585 3895 2838 3950 solatium
2893 3897 3069 3952 noctis
3117 3912 3360 3970 accensae
3406 3910 3565 3964 sunt,
3613 3910 3853 3965 omnesque

2315 3987 2565 4053 virtutes,
2595 3988 2791 4058 quibus
2811 3979 3128 4057 angelorum
3145 3988 3529 4046 multitudines
3555 3991 3853 4061 intelligimus

2314 4080 2368 4131 in
2405 4077 2638 4130 adventu
2664 4077 2866 4132 Christi
2893 4078 3036 4133 inter
3067 4081 3320 4134 tenebras
3349 4083 3760 4149 reputabuntur,
3786 4077 3856 4131 de-

2313 4166 2551 4220 cutiatur
2579 4165 2927 4236 supercilium
2955 4183 3141 4222 eorum
3174 4169 3266 4237 qui
3291 4183 3354 4224 se
3382 4183 3618 4225 sanctos
3643 4169 3857 4222 arbitran-

2317 4262 2396 4308 tes
2413 4255 2758 4324 praesentiam
2787 4254 2990 4323 judicis
3020 4273 3127 4312 non
3157 4257 3472 4322 formidant,
3521 4271 3586 4313 et
3629 4271 3742 4313 tunc
3778 4257 3857 4322 (in-

2314 4345 2430 4413 quit
2461 4342 2738 4411 Dominus)
2787 4347 2994 4414 parcbit
3021 4347 3232 4417 signum
3257 4348 3377 4402 Filii
3401 4350 3647 4403 hominis
3674 4351 3720 4402 in
3737 4346 3856 4400 crcio-

2318 4432 2541 4505 Signum
2583 4435 2669 4489 hic
2719 4445 2902 4490 autem
2949 4439 3125 4491 crucis
3164 4438 3534 4508 intelligamus
3567 4449 3626 4493 ut
3670 4438 3858 4496 videant.

2307 4528 2461 4594 juxta
2491 4529 2808 4583 Zachariam
2837 4538 2892 4584 et
2917 4528 3199 4594 Joannem,
3221 4529 3388 4585 Judaei
3437 4546 3610 4599 quem
3653 4542 3861 4596 ωιιιρωιο

2316 4628 2529 4673 xerunt.
2549 4619 2655 4674 Aut
2674 4621 2924 4674 vexillum
2941 4623 3178 4675 victoriae
3193 4622 3610 4691 triumphantis,
3630 4621 3748 4690 quia
3767 4628 3862 4670 tne

2315 4713 2568 4782 plangeut
2587 4728 2776 4767 omnes
2801 4714 2970 4768 tribus
2999 4723 3174 4768 teme.
3195 4713 3456 4785 Plangent
3479 4715 3538 4768 bi
3571 4717 3662 4784 qni
3685 4709 3864 4765 mauid-

2316 4812 2500 4872 patum
2532 4818 2638 4858 non
2664 4802 2866 4858 habent
2885 4802 2938 4856 in
2970 4803 3137 4868 melis,
3155 4805 3249 4858 sed
3279 4805 3466 4872 scripti
3491 4815 3628 4858 sunt
3657 4806 3704 4857 in
3736 4812 3863 4854 tem.

2902 4935 3127 4992 CAPUT
3169 4936 3284 4992 Xlll

2321 5029 2557 5094 Qualiter
2585 5029 2973 5098 iutelligemlum
3003 5041 3098 5091 est,
3129 5031 3266 5098 quod
3291 5027 3531 5081 Christus
3570 5039 3798 5082 centum
3821 5026 3864 5074 dt

2550 5102 2700 5165 caelo,
2723 5101 3059 5170 judicaturus
3090 5103 3153 5152 sit
3180 5100 3312 5152 rivos
3338 5109 3384 5152 et
3414 5111 3657 5152 mortuos

2389 5209 2505 5266 Jam
2530 5227 2658 5266 vero
2681 5212 2748 5266 de
2768 5209 2983 5266 Christo
2997 5209 3319 5266 conﬁtemur
3343 5210 3617 5275 futurum,
3648 5205 3864 5278 quoniam

2321 5309 2386 5361 de
2415 5307 2552 5362 caelo
2589 5316 2852 5362 venturus
2878 5313 2981 5369 est,
3011 5314 3066 5359 et
3103 5305 3255 5359 vivos
3279 5302 3628 5372 judicaturus
3661 5317 3723 5355 ac
3756 5311 3865 5352 mor-

2322 5406 2459 5451 tuos.
2488 5395 2606 5452 Non
2632 5396 2868 5465 pertinet
2895 5395 2961 5449 ad
2988 5396 3154 5449 vitam
3181 5403 3418 5449 nostram
3463 5409 3587 5462 qua:
3635 5392 3723 5446 hic
3762 5384 3866 5456 geri-

2322 5500 2429 5553 tur,
2459 5489 2583 5558 quia
2619 5505 2718 5544 nec
2748 5489 2801 5543 in
2836 5488 2997 5543 rebus
3021 5489 3187 5558 gestis
3232 5488 3350 5556 ejus
3394 5497 3499 5554 est,
3543 5485 3642 5541 sed
3691 5486 3740 5537 in
3787 5479 3865 5533 line

2319 5581 2502 5637 saeculi
2557 5581 2824 5653 gerendis.
2875 5579 2958 5634 Ad
2997 5581 3100 5635 hoc
3149 5580 3397 5650 pertinet,
3430 5578 3577 5647 quod
3613 5570 3865 5646 Apostolus

2319 5684 2537 5734 secutus
2561 5674 2804 5745 adjunxit
2836 5692 2849 5728 :
2889 5673 3019 5730 Cum
3059 5673 3294 5730 Christus
3323 5673 3629 5734 apoarucrit
3649 5712 3665 5734 ,
3689 5670 3779 5723 rita
3800 5679 3864 5716 rc-
