  <div class='ocr_page' id='page_1' title='image "/cluster/home/n/w/nwhite01/storage/ocr_20150623/118/hvd.32044015466907/476.png"; bbox 0 0 4020 6338; ppageno 0'>
   <div class='ocr_carea' id='block_1_1' title="bbox 162 363 257 417">
    <p class='ocr_par' dir='ltr' id='par_1_1' title="bbox 162 363 257 417">
     <span class='ocr_line' id='line_1_1' title="bbox 162 363 257 417; baseline 0 0"><span class='ocrx_word' id='word_1_1' title='bbox 162 363 257 417; x_wconf 68' lang='grc'><strong>941</strong></span> 
     </span>
    </p>
   </div>
   <div class='ocr_carea' id='block_1_2' title="bbox 1123 350 2431 411">
    <p class='ocr_par' dir='ltr' id='par_1_2' title="bbox 1123 350 2431 411">
     <span class='ocr_line' id='line_1_2' title="bbox 1123 350 2431 411; baseline -0.005 1"><span class='ocrx_word' id='word_1_2' title='bbox 1123 356 1212 411; x_wconf 80' lang='grc' dir='ltr'>ΒΕ</span> <span class='ocrx_word' id='word_1_3' title='bbox 1253 354 1641 410; x_wconf 79' lang='lat' dir='ltr'><strong>VARIETATE</strong></span> <span class='ocrx_word' id='word_1_4' title='bbox 1683 350 2054 408; x_wconf 79' lang='lat' dir='ltr'><strong>LIBRORUM.</strong></span> <span class='ocrx_word' id='word_1_5' title='bbox 2095 351 2308 407; x_wconf 86' lang='lat' dir='ltr'><strong>—LIB.</strong></span> <span class='ocrx_word' id='word_1_6' title='bbox 2349 350 2431 408; x_wconf 87' lang='lat' dir='ltr'><strong>lll.</strong></span> 
     </span>
    </p>
   </div>
   <div class='ocr_carea' id='block_1_3' title="bbox 3289 357 3394 412">
    <p class='ocr_par' dir='ltr' id='par_1_3' title="bbox 3289 357 3394 412">
     <span class='ocr_line' id='line_1_3' title="bbox 3289 357 3394 412; baseline 0.019 -2"><span class='ocrx_word' id='word_1_7' title='bbox 3289 357 3394 412; x_wconf 62' lang='lat' dir='ltr'><strong>9H</strong></span> 
     </span>
    </p>
   </div>
   <div class='ocr_carea' id='block_1_4' title="bbox 163 462 3422 540">
    <p class='ocr_par' dir='ltr' id='par_1_4' title="bbox 163 462 3422 540">
     <span class='ocr_line' id='line_1_4' title="bbox 163 462 3422 540; baseline -0.002 -10"><span class='ocrx_word' id='word_1_8' title='bbox 163 489 296 538; x_wconf 78' lang='lat' dir='ltr'><strong>ma,</strong></span> <span class='ocrx_word' id='word_1_9' title='bbox 332 484 455 527; x_wconf 89' lang='lat' dir='ltr'><strong>tunc</strong></span> <span class='ocrx_word' id='word_1_10' title='bbox 483 481 530 526; x_wconf 88' lang='lat' dir='ltr'><strong>et</strong></span> <span class='ocrx_word' id='word_1_11' title='bbox 566 488 651 526; x_wconf 74' lang='lat' dir='ltr'><strong>vos</strong></span> <span class='ocrx_word' id='word_1_12' title='bbox 689 469 998 540; x_wconf 82' lang='lat' dir='ltr'><strong>apparebitis</strong></span> <span class='ocrx_word' id='word_1_13' title='bbox 1049 484 1165 523; x_wconf 87' lang='lat' dir='ltr'><strong>cum</strong></span> <span class='ocrx_word' id='word_1_14' title='bbox 1203 466 1294 520; x_wconf 86' lang='lat' dir='ltr'><strong>illo</strong></span> <span class='ocrx_word' id='word_1_15' title='bbox 1320 467 1372 520; x_wconf 88' lang='lat' dir='ltr'><strong>in</strong></span> <span class='ocrx_word' id='word_1_16' title='bbox 1397 463 1563 535; x_wconf 82' lang='lat' dir='ltr'><strong>gloria</strong></span> <span class='ocrx_word' id='word_1_17' title='bbox 1603 462 1723 534; x_wconf 87' lang='lat' dir='ltr'><strong>(Co-</strong></span> <span class='ocrx_word' id='word_1_18' title='bbox 1752 467 1799 525; x_wconf 83' lang='grc' dir='ltr'>Α</span> <span class='ocrx_word' id='word_1_19' title='bbox 1827 462 2177 532; x_wconf 84' lang='lat' dir='ltr'><strong>suspicamur,</strong></span> <span class='ocrx_word' id='word_1_20' title='bbox 2201 462 2532 518; x_wconf 90' lang='lat' dir='ltr'><strong>deducuntur</strong></span> <span class='ocrx_word' id='word_1_21' title='bbox 2556 462 2915 532; x_wconf 87' lang='lat' dir='ltr'><strong>adjudicium,</strong></span> <span class='ocrx_word' id='word_1_22' title='bbox 2944 464 3046 519; x_wconf 86' lang='lat' dir='ltr'><strong>nisi</strong></span> <span class='ocrx_word' id='word_1_23' title='bbox 3064 465 3117 520; x_wconf 89' lang='lat' dir='ltr'><strong>in</strong></span> <span class='ocrx_word' id='word_1_24' title='bbox 3146 464 3250 524; x_wconf 91' lang='lat' dir='ltr'><strong>hac</strong></span> <span class='ocrx_word' id='word_1_25' title='bbox 3276 469 3388 523; x_wconf 87' lang='lat' dir='ltr'><strong>vita</strong></span> <span class='ocrx_word' id='word_1_26' title='bbox 3415 483 3422 490; x_wconf 88' lang='lat'>&#39;</span> 
     </span>
    </p>
   </div>
   <div class='ocr_carea' id='block_1_5' title="bbox 160 554 1725 632">
    <p class='ocr_par' dir='ltr' id='par_1_5' title="bbox 160 554 1725 632">
     <span class='ocr_line' id='line_1_5' title="bbox 160 554 1725 632; baseline -0.005 -16"><span class='ocrx_word' id='word_1_27' title='bbox 160 565 286 618; x_wconf 84' lang='lat' dir='ltr'><strong>loss.</strong></span> <span class='ocrx_word' id='word_1_28' title='bbox 312 562 418 632; x_wconf 80' lang='lat' dir='ltr'><strong>in).</strong></span> <span class='ocrx_word' id='word_1_29' title='bbox 470 560 685 615; x_wconf 91' lang='lat' dir='ltr'><strong>Duobus</strong></span> <span class='ocrx_word' id='word_1_30' title='bbox 722 568 898 614; x_wconf 88' lang='lat' dir='ltr'><strong>autem</strong></span> <span class='ocrx_word' id='word_1_31' title='bbox 940 557 1114 613; x_wconf 88' lang='lat' dir='ltr'><strong>modis</strong></span> <span class='ocrx_word' id='word_1_32' title='bbox 1147 557 1315 626; x_wconf 84' lang='lat' dir='ltr'><strong>accipi</strong></span> <span class='ocrx_word' id='word_1_33' title='bbox 1361 563 1538 625; x_wconf 86' lang='lat' dir='ltr'><strong>potest</strong></span> <span class='ocrx_word' id='word_1_34' title='bbox 1585 554 1725 623; x_wconf 89' lang='lat' dir='ltr'><strong>quod</strong></span> 
     </span>
    </p>
   </div>
   <div class='ocr_carea' id='block_1_6' title="bbox 161 646 1727 720">
    <p class='ocr_par' dir='ltr' id='par_1_6' title="bbox 161 646 1727 720">
     <span class='ocr_line' id='line_1_6' title="bbox 161 646 1727 720; baseline -0.008 -8"><span class='ocrx_word' id='word_1_35' title='bbox 161 658 312 712; x_wconf 79' lang='lat' dir='ltr'><strong>vivos</strong></span> <span class='ocrx_word' id='word_1_36' title='bbox 340 663 395 708; x_wconf 92' lang='lat' dir='ltr'><strong>et</strong></span> <span class='ocrx_word' id='word_1_37' title='bbox 421 661 660 707; x_wconf 91' lang='lat' dir='ltr'><strong>mortuos</strong></span> <span class='ocrx_word' id='word_1_38' title='bbox 681 651 941 720; x_wconf 88' lang='lat' dir='ltr'><strong>judicabit</strong></span> <span class='ocrx_word' id='word_1_39' title='bbox 970 669 982 704; x_wconf 89' lang='lat'>:</span> <span class='ocrx_word' id='word_1_40' title='bbox 1009 650 1122 704; x_wconf 87' lang='lat' dir='ltr'><strong>sive</strong></span> <span class='ocrx_word' id='word_1_41' title='bbox 1159 659 1217 704; x_wconf 86' lang='grc' dir='ltr'><strong>ιιι</strong></span> <span class='ocrx_word' id='word_1_42' title='bbox 1266 649 1414 702; x_wconf 80' lang='lat' dir='ltr'><strong>vivos</strong></span> <span class='ocrx_word' id='word_1_43' title='bbox 1466 646 1727 716; x_wconf 81' lang='lat' dir='ltr'><strong>intelliga-</strong></span> 
     </span>
    </p>
   </div>
   <div class='ocr_carea' id='block_1_7' title="bbox 157 737 1727 812">
    <p class='ocr_par' dir='ltr' id='par_1_7' title="bbox 157 737 1727 812">
     <span class='ocr_line' id='line_1_7' title="bbox 157 737 1727 812; baseline -0.006 -11"><span class='ocrx_word' id='word_1_44' title='bbox 157 759 301 808; x_wconf 86' lang='lat' dir='ltr'><strong>mus,</strong></span> <span class='ocrx_word' id='word_1_45' title='bbox 333 757 470 812; x_wconf 89' lang='lat' dir='ltr'><strong>quos</strong></span> <span class='ocrx_word' id='word_1_46' title='bbox 507 743 595 797; x_wconf 91' lang='lat' dir='ltr'><strong>hic</strong></span> <span class='ocrx_word' id='word_1_47' title='bbox 621 741 854 796; x_wconf 88' lang='lat' dir='ltr'><strong>nondum</strong></span> <span class='ocrx_word' id='word_1_48' title='bbox 886 749 1148 803; x_wconf 90' lang='lat' dir='ltr'><strong>mortuos,</strong></span> <span class='ocrx_word' id='word_1_49' title='bbox 1179 740 1272 792; x_wconf 91' lang='lat' dir='ltr'><strong>sed</strong></span> <span class='ocrx_word' id='word_1_50' title='bbox 1313 738 1487 792; x_wconf 85' lang='lat' dir='ltr'><strong>adhuc</strong></span> <span class='ocrx_word' id='word_1_51' title='bbox 1527 737 1580 791; x_wconf 92' lang='lat' dir='ltr'><strong>in</strong></span> <span class='ocrx_word' id='word_1_52' title='bbox 1626 737 1727 791; x_wconf 86' lang='lat' dir='ltr'><strong>ista</strong></span> 
     </span>
    </p>
   </div>
   <div class='ocr_carea' id='block_1_8' title="bbox 158 830 1727 900">
    <p class='ocr_par' dir='ltr' id='par_1_8' title="bbox 158 830 1727 900">
     <span class='ocr_line' id='line_1_8' title="bbox 158 830 1727 900; baseline -0.006 -10"><span class='ocrx_word' id='word_1_53' title='bbox 158 850 327 890; x_wconf 88' lang='lat' dir='ltr'><strong>carne</strong></span> <span class='ocrx_word' id='word_1_54' title='bbox 355 834 594 888; x_wconf 81' lang='lat' dir='ltr'><strong>viventes</strong></span> <span class='ocrx_word' id='word_1_55' title='bbox 624 832 935 885; x_wconf 88' lang='lat' dir='ltr'><strong>inventurus</strong></span> <span class='ocrx_word' id='word_1_56' title='bbox 965 840 1046 885; x_wconf 89' lang='lat' dir='ltr'><strong>est</strong></span> <span class='ocrx_word' id='word_1_57' title='bbox 1091 830 1208 900; x_wconf 85' lang='lat' dir='ltr'><strong>ejus</strong></span> <span class='ocrx_word' id='word_1_58' title='bbox 1253 830 1534 893; x_wconf 76' lang='lat' dir='ltr'><strong>adventus,</strong></span> <span class='ocrx_word' id='word_1_59' title='bbox 1583 841 1727 882; x_wconf 78' lang='lat' dir='ltr'><strong>mor-</strong></span> 
     </span>
    </p>
   </div>
   <div class='ocr_carea' id='block_1_9' title="bbox 160 918 1730 992">
    <p class='ocr_par' dir='ltr' id='par_1_9' title="bbox 160 918 1730 992">
     <span class='ocr_line' id='line_1_9' title="bbox 160 918 1730 992; baseline -0.005 -12"><span class='ocrx_word' id='word_1_60' title='bbox 160 937 282 982; x_wconf 88' lang='lat' dir='ltr'><strong>tuos</strong></span> <span class='ocrx_word' id='word_1_61' title='bbox 311 933 489 979; x_wconf 90' lang='lat' dir='ltr'><strong>autem</strong></span> <span class='ocrx_word' id='word_1_62' title='bbox 533 924 626 992; x_wconf 87' lang='lat' dir='ltr'><strong>qui</strong></span> <span class='ocrx_word' id='word_1_63' title='bbox 653 923 718 977; x_wconf 93' lang='lat' dir='ltr'><strong>de</strong></span> <span class='ocrx_word' id='word_1_64' title='bbox 745 935 969 990; x_wconf 86' lang='lat' dir='ltr'><strong>corpore</strong></span> <span class='ocrx_word' id='word_1_65' title='bbox 1014 922 1327 992; x_wconf 82' lang='lat' dir='ltr'><strong>priusquam</strong></span> <span class='ocrx_word' id='word_1_66' title='bbox 1376 920 1556 974; x_wconf 81' lang='lat' dir='ltr'><strong>veniat</strong></span> <span class='ocrx_word' id='word_1_67' title='bbox 1583 918 1730 973; x_wconf 65' lang='lat' dir='ltr'><strong>exieo</strong></span> 
     </span>
    </p>
   </div>
   <div class='ocr_carea' id='block_1_10' title="bbox 160 1011 1730 1081">
    <p class='ocr_par' dir='ltr' id='par_1_10' title="bbox 160 1011 1730 1081">
     <span class='ocr_line' id='line_1_10' title="bbox 160 1011 1730 1081; baseline -0.006 -8"><span class='ocrx_word' id='word_1_68' title='bbox 160 1030 288 1074; x_wconf 88' lang='lat' dir='ltr'><strong>runt</strong></span> <span class='ocrx_word' id='word_1_69' title='bbox 336 1018 416 1071; x_wconf 88' lang='lat' dir='ltr'><strong>vel</strong></span> <span class='ocrx_word' id='word_1_70' title='bbox 460 1016 658 1071; x_wconf 77' lang='lat' dir='ltr'><strong>exituri</strong></span> <span class='ocrx_word' id='word_1_71' title='bbox 703 1022 851 1069; x_wconf 91' lang='lat' dir='ltr'><strong>sunt.</strong></span> <span class='ocrx_word' id='word_1_72' title='bbox 901 1013 1024 1070; x_wconf 87' lang='lat' dir='ltr'><strong>Sive</strong></span> <span class='ocrx_word' id='word_1_73' title='bbox 1063 1014 1213 1067; x_wconf 87' lang='lat' dir='ltr'><strong>vivos</strong></span> <span class='ocrx_word' id='word_1_74' title='bbox 1247 1011 1442 1081; x_wconf 85' lang='lat' dir='ltr'><strong>justos,</strong></span> <span class='ocrx_word' id='word_1_75' title='bbox 1488 1018 1730 1066; x_wconf 84' lang='lat' dir='ltr'><strong>mortuos</strong></span> 
     </span>
    </p>
   </div>
   <div class='ocr_carea' id='block_1_11' title="bbox 159 1101 1729 1174">
    <p class='ocr_par' dir='ltr' id='par_1_11' title="bbox 159 1101 1729 1174">
     <span class='ocr_line' id='line_1_11' title="bbox 159 1101 1729 1174; baseline -0.003 -14"><span class='ocrx_word' id='word_1_76' title='bbox 159 1107 412 1174; x_wconf 81' lang='lat' dir='ltr'><strong>injustos,</strong></span> <span class='ocrx_word' id='word_1_77' title='bbox 461 1105 714 1174; x_wconf 88' lang='lat' dir='ltr'><strong>quoniam</strong></span> <span class='ocrx_word' id='word_1_78' title='bbox 775 1101 906 1170; x_wconf 82' lang='lat' dir='ltr'><strong>justi</strong></span> <span class='ocrx_word' id='word_1_79' title='bbox 966 1103 1370 1173; x_wconf 72' lang='lat' dir='ltr'><strong>iudicabuntur.</strong></span> <span class='ocrx_word' id='word_1_80' title='bbox 1432 1101 1729 1170; x_wconf 85' lang='lat' dir='ltr'><strong>Aliquando</strong></span> 
     </span>
    </p>
   </div>
   <div class='ocr_carea' id='block_1_12' title="bbox 159 1190 1726 1264">
    <p class='ocr_par' dir='ltr' id='par_1_12' title="bbox 159 1190 1726 1264">
     <span class='ocr_line' id='line_1_12' title="bbox 159 1190 1726 1264; baseline -0.004 -15"><span class='ocrx_word' id='word_1_81' title='bbox 159 1199 304 1252; x_wconf 81' lang='lat' dir='ltr'><strong>enim</strong></span> <span class='ocrx_word' id='word_1_82' title='bbox 326 1196 587 1264; x_wconf 84' lang='lat' dir='ltr'><strong>judicium</strong></span> <span class='ocrx_word' id='word_1_83' title='bbox 630 1193 722 1248; x_wconf 81' lang='lat' dir='ltr'><strong>Dei</strong></span> <span class='ocrx_word' id='word_1_84' title='bbox 750 1193 964 1253; x_wconf 80' lang='lat' dir='ltr'><strong>ponitur</strong></span> <span class='ocrx_word' id='word_1_85' title='bbox 1004 1192 1056 1245; x_wconf 91' lang='lat' dir='ltr'><strong>in</strong></span> <span class='ocrx_word' id='word_1_86' title='bbox 1085 1191 1246 1256; x_wconf 90' lang='lat' dir='ltr'><strong>malo,</strong></span> <span class='ocrx_word' id='word_1_87' title='bbox 1278 1191 1417 1246; x_wconf 89' lang='lat' dir='ltr'><strong>unde</strong></span> <span class='ocrx_word' id='word_1_88' title='bbox 1445 1190 1571 1244; x_wconf 87' lang='lat' dir='ltr'><strong>illud</strong></span> <span class='ocrx_word' id='word_1_89' title='bbox 1601 1197 1682 1244; x_wconf 87' lang='lat' dir='ltr'><strong>est</strong></span> <span class='ocrx_word' id='word_1_90' title='bbox 1711 1205 1726 1243; x_wconf 88' lang='lat'><strong>:</strong></span> 
     </span>
    </p>
   </div>
   <div class='ocr_carea' id='block_1_13' title="bbox 159 1277 1730 1352">
    <p class='ocr_par' dir='ltr' id='par_1_13' title="bbox 159 1277 1730 1352">
     <span class='ocr_line' id='line_1_13' title="bbox 159 1277 1730 1352; baseline -0.006 -12"><span class='ocrx_word' id='word_1_91' title='bbox 159 1287 266 1352; x_wconf 79' lang='lat' dir='ltr'><strong>Qui</strong></span> <span class='ocrx_word' id='word_1_92' title='bbox 313 1296 486 1338; x_wconf 89' lang='lat' dir='ltr'><strong>autem</strong></span> <span class='ocrx_word' id='word_1_93' title='bbox 533 1285 665 1336; x_wconf 84' lang='lat' dir='ltr'><strong>male</strong></span> <span class='ocrx_word' id='word_1_94' title='bbox 709 1292 940 1352; x_wconf 84' lang='lat' dir='ltr'><strong>egerunt,</strong></span> <span class='ocrx_word' id='word_1_95' title='bbox 983 1283 1036 1335; x_wconf 84' lang='lat' dir='ltr'><strong>in</strong></span> <span class='ocrx_word' id='word_1_96' title='bbox 1081 1282 1507 1335; x_wconf 75' lang='lat' dir='ltr'><strong>resurrectionem</strong></span> <span class='ocrx_word' id='word_1_97' title='bbox 1536 1277 1730 1350; x_wconf 84' lang='lat' dir='ltr'><strong>judicii</strong></span> 
     </span>
    </p>
   </div>
   <div class='ocr_carea' id='block_1_14' title="bbox 159 1369 1730 1447">
    <p class='ocr_par' dir='ltr' id='par_1_14' title="bbox 159 1369 1730 1447">
     <span class='ocr_line' id='line_1_14' title="bbox 159 1369 1730 1447; baseline -0.004 -19"><span class='ocrx_word' id='word_1_98' title='bbox 159 1377 347 1447; x_wconf 81' lang='lat' dir='ltr'><strong>(Joan.</strong></span> <span class='ocrx_word' id='word_1_99' title='bbox 390 1379 463 1445; x_wconf 77' lang='grc' dir='ltr'><strong>γ).</strong></span> <span class='ocrx_word' id='word_1_100' title='bbox 512 1374 814 1442; x_wconf 82' lang='lat' dir='ltr'><strong>Aliquando</strong></span> <span class='ocrx_word' id='word_1_101' title='bbox 844 1382 1022 1427; x_wconf 92' lang='lat' dir='ltr'><strong>autem</strong></span> <span class='ocrx_word' id='word_1_102' title='bbox 1064 1380 1119 1427; x_wconf 85' lang='lat' dir='ltr'><strong>et</strong></span> <span class='ocrx_word' id='word_1_103' title='bbox 1157 1373 1210 1426; x_wconf 91' lang='lat' dir='ltr'><strong>in</strong></span> <span class='ocrx_word' id='word_1_104' title='bbox 1237 1373 1393 1433; x_wconf 90' lang='lat' dir='ltr'><strong>bono,</strong></span> <span class='ocrx_word' id='word_1_105' title='bbox 1435 1369 1730 1424; x_wconf 75' lang='lat' dir='ltr'><strong>secundum</strong></span> 
     </span>
    </p>
   </div>
   <div class='ocr_carea' id='block_1_15' title="bbox 159 1459 1728 1538">
    <p class='ocr_par' dir='ltr' id='par_1_15' title="bbox 159 1459 1728 1538">
     <span class='ocr_line' id='line_1_15' title="bbox 159 1459 1728 1538; baseline -0.007 -16"><span class='ocrx_word' id='word_1_106' title='bbox 159 1467 304 1538; x_wconf 83' lang='lat' dir='ltr'><strong>quod</strong></span> <span class='ocrx_word' id='word_1_107' title='bbox 325 1467 526 1520; x_wconf 88' lang='lat' dir='ltr'><strong>dictum</strong></span> <span class='ocrx_word' id='word_1_108' title='bbox 548 1473 633 1519; x_wconf 88' lang='lat' dir='ltr'><strong>est</strong></span> <span class='ocrx_word' id='word_1_109' title='bbox 659 1479 672 1518; x_wconf 73' lang='grc' dir='ltr'>ε</span> <span class='ocrx_word' id='word_1_110' title='bbox 698 1463 930 1532; x_wconf 72' lang='grc' dir='ltr'><strong>υεαε,ζίη</strong></span> <span class='ocrx_word' id='word_1_111' title='bbox 951 1465 1157 1517; x_wconf 85' lang='lat' dir='ltr'><strong>nomine</strong></span> <span class='ocrx_word' id='word_1_112' title='bbox 1181 1475 1271 1516; x_wconf 89' lang='lat' dir='ltr'><strong>tuo</strong></span> <span class='ocrx_word' id='word_1_113' title='bbox 1297 1461 1496 1516; x_wconf 81' lang='lat' dir='ltr'><strong>salvum</strong></span> <span class='ocrx_word' id='word_1_114' title='bbox 1516 1476 1599 1513; x_wconf 91' lang='lat' dir='ltr'><strong>me</strong></span> <span class='ocrx_word' id='word_1_115' title='bbox 1618 1459 1728 1527; x_wconf 90' lang='lat' dir='ltr'><strong>fac,</strong></span> 
     </span>
    </p>
   </div>
   <div class='ocr_carea' id='block_1_16' title="bbox 154 1548 1730 1622">
    <p class='ocr_par' dir='ltr' id='par_1_16' title="bbox 154 1548 1730 1622">
     <span class='ocr_line' id='line_1_16' title="bbox 154 1548 1730 1622; baseline -0.005 -15"><span class='ocrx_word' id='word_1_116' title='bbox 154 1566 209 1610; x_wconf 79' lang='lat' dir='ltr'><strong>rt</strong></span> <span class='ocrx_word' id='word_1_117' title='bbox 235 1558 290 1610; x_wconf 89' lang='lat' dir='ltr'><strong>in</strong></span> <span class='ocrx_word' id='word_1_118' title='bbox 336 1556 521 1609; x_wconf 83' lang='lat' dir='ltr'><strong>virtute</strong></span> <span class='ocrx_word' id='word_1_119' title='bbox 544 1563 633 1606; x_wconf 86' lang='lat' dir='ltr'><strong>tua</strong></span> <span class='ocrx_word' id='word_1_120' title='bbox 662 1553 847 1622; x_wconf 85' lang='lat' dir='ltr'><strong>judico</strong></span> <span class='ocrx_word' id='word_1_121' title='bbox 876 1569 954 1606; x_wconf 88' lang='lat' dir='ltr'><strong>me</strong></span> <span class='ocrx_word' id='word_1_122' title='bbox 980 1550 1152 1622; x_wconf 83' lang='lat' dir='ltr'><strong>(Psal.</strong></span> <span class='ocrx_word' id='word_1_123' title='bbox 1174 1551 1315 1622; x_wconf 76' lang='lat' dir='ltr'><strong>LIII).</strong></span> <span class='ocrx_word' id='word_1_124' title='bbox 1349 1550 1452 1605; x_wconf 85' lang='lat' dir='ltr'><strong>Per</strong></span> <span class='ocrx_word' id='word_1_125' title='bbox 1472 1548 1730 1619; x_wconf 79' lang='lat' dir='ltr'><strong>judicium</strong></span> 
     </span>
    </p>
   </div>
   <div class='ocr_carea' id='block_1_17' title="bbox 157 1636 1732 1715">
    <p class='ocr_par' dir='ltr' id='par_1_17' title="bbox 157 1636 1732 1715">
     <span class='ocr_line' id='line_1_17' title="bbox 157 1636 1732 1715; baseline -0.005 -19"><span class='ocrx_word' id='word_1_126' title='bbox 157 1647 356 1715; x_wconf 72' lang='lat' dir='ltr'><strong>quippe</strong></span> <span class='ocrx_word' id='word_1_127' title='bbox 370 1643 462 1698; x_wconf 90' lang='lat' dir='ltr'><strong>Dei</strong></span> <span class='ocrx_word' id='word_1_128' title='bbox 485 1642 542 1696; x_wconf 87' lang='lat' dir='ltr'><strong>lit</strong></span> <span class='ocrx_word' id='word_1_129' title='bbox 565 1643 678 1712; x_wconf 89' lang='lat' dir='ltr'><strong>ipsa</strong></span> <span class='ocrx_word' id='word_1_130' title='bbox 700 1641 960 1696; x_wconf 88' lang='lat' dir='ltr'><strong>bonorum</strong></span> <span class='ocrx_word' id='word_1_131' title='bbox 985 1640 1352 1710; x_wconf 88' lang='lat' dir='ltr'><strong>malorumque</strong></span> <span class='ocrx_word' id='word_1_132' title='bbox 1376 1636 1650 1700; x_wconf 86' lang='lat' dir='ltr'><strong>discretio,</strong></span> <span class='ocrx_word' id='word_1_133' title='bbox 1672 1643 1732 1689; x_wconf 88' lang='lat' dir='ltr'><strong>ut</strong></span> 
     </span>
    </p>
   </div>
   <div class='ocr_carea' id='block_1_18' title="bbox 158 1725 1729 1800">
    <p class='ocr_par' dir='ltr' id='par_1_18' title="bbox 158 1725 1729 1800">
     <span class='ocr_line' id='line_1_18' title="bbox 158 1725 1729 1800; baseline -0.007 -10"><span class='ocrx_word' id='word_1_134' title='bbox 158 1733 421 1791; x_wconf 89' lang='lat' dir='ltr'><strong>liberandi</strong></span> <span class='ocrx_word' id='word_1_135' title='bbox 458 1748 489 1786; x_wconf 90' lang='lat' dir='ltr'><strong>a</strong></span> <span class='ocrx_word' id='word_1_136' title='bbox 518 1733 662 1786; x_wconf 89' lang='lat' dir='ltr'><strong>malo</strong></span> <span class='ocrx_word' id='word_1_137' title='bbox 680 1772 694 1796; x_wconf 96' lang='lat'><strong>,</strong></span> <span class='ocrx_word' id='word_1_138' title='bbox 721 1747 826 1787; x_wconf 91' lang='lat' dir='ltr'><strong>non</strong></span> <span class='ocrx_word' id='word_1_139' title='bbox 850 1732 1104 1800; x_wconf 86' lang='lat' dir='ltr'><strong>perdendi</strong></span> <span class='ocrx_word' id='word_1_140' title='bbox 1133 1746 1258 1785; x_wconf 92' lang='lat' dir='ltr'><strong>cum</strong></span> <span class='ocrx_word' id='word_1_141' title='bbox 1296 1729 1485 1794; x_wconf 88' lang='lat' dir='ltr'><strong>malis,</strong></span> <span class='ocrx_word' id='word_1_142' title='bbox 1508 1726 1633 1782; x_wconf 89' lang='lat' dir='ltr'><strong>boni</strong></span> <span class='ocrx_word' id='word_1_143' title='bbox 1661 1725 1729 1780; x_wconf 91' lang='lat' dir='ltr'><strong>ad</strong></span> 
     </span>
    </p>
   </div>
   <div class='ocr_carea' id='block_1_19' title="bbox 1828 551 3393 624">
    <p class='ocr_par' dir='ltr' id='par_1_19' title="bbox 1828 551 3393 624">
     <span class='ocr_line' id='line_1_19' title="bbox 1828 551 3393 624; baseline 0.006 -19"><span class='ocrx_word' id='word_1_144' title='bbox 1828 565 1924 620; x_wconf 85' lang='lat' dir='ltr'><strong>per</strong></span> <span class='ocrx_word' id='word_1_145' title='bbox 1970 551 2360 621; x_wconf 65' lang='lat' dir='ltr'><strong>paenitentiam,</strong></span> <span class='ocrx_word' id='word_1_146' title='bbox 2401 562 2458 608; x_wconf 91' lang='lat' dir='ltr'><strong>et</strong></span> <span class='ocrx_word' id='word_1_147' title='bbox 2510 562 2702 609; x_wconf 64' lang='lat' dir='ltr'><strong>caetera</strong></span> <span class='ocrx_word' id='word_1_148' title='bbox 2754 553 2893 608; x_wconf 90' lang='lat' dir='ltr'><strong>bona</strong></span> <span class='ocrx_word' id='word_1_149' title='bbox 2961 570 3123 624; x_wconf 92' lang='lat' dir='ltr'><strong>opera</strong></span> <span class='ocrx_word' id='word_1_150' title='bbox 3189 559 3393 614; x_wconf 81' lang='lat' dir='ltr'><strong>fuerint</strong></span> 
     </span>
    </p>
   </div>
   <div class='ocr_carea' id='block_1_20' title="bbox 1827 640 3392 715">
    <p class='ocr_par' dir='ltr' id='par_1_20' title="bbox 1827 640 3392 715">
     <span class='ocr_line' id='line_1_20' title="bbox 1827 640 3392 715; baseline 0.008 -22"><span class='ocrx_word' id='word_1_151' title='bbox 1827 649 2138 711; x_wconf 83' lang='lat' dir='ltr'><strong>expurgata.</strong></span> <span class='ocrx_word' id='word_1_152' title='bbox 2170 640 2304 696; x_wconf 89' lang='lat' dir='ltr'><strong>Nam</strong></span> <span class='ocrx_word' id='word_1_153' title='bbox 2330 651 2386 696; x_wconf 93' lang='lat' dir='ltr'><strong>et</strong></span> <span class='ocrx_word' id='word_1_154' title='bbox 2412 642 2601 698; x_wconf 88' lang='lat' dir='ltr'><strong>otiosis</strong></span> <span class='ocrx_word' id='word_1_155' title='bbox 2626 643 2804 698; x_wconf 85' lang='lat' dir='ltr'><strong>verbis</strong></span> <span class='ocrx_word' id='word_1_156' title='bbox 2829 647 2895 700; x_wconf 88' lang='lat' dir='ltr'><strong>de</strong></span> <span class='ocrx_word' id='word_1_157' title='bbox 2917 647 3112 715; x_wconf 89' lang='lat' dir='ltr'><strong>quibus</strong></span> <span class='ocrx_word' id='word_1_158' title='bbox 3147 664 3244 704; x_wconf 92' lang='lat' dir='ltr'><strong>nos</strong></span> <span class='ocrx_word' id='word_1_159' title='bbox 3293 652 3392 706; x_wconf 88' lang='lat' dir='ltr'><strong>mi-</strong></span> 
     </span>
    </p>
   </div>
   <div class='ocr_carea' id='block_1_21' title="bbox 1827 731 3393 797">
    <p class='ocr_par' dir='ltr' id='par_1_21' title="bbox 1827 731 3393 797">
     <span class='ocr_line' id='line_1_21' title="bbox 1827 731 3393 797; baseline 0.008 -12"><span class='ocrx_word' id='word_1_160' title='bbox 1827 731 1973 785; x_wconf 89' lang='lat' dir='ltr'><strong>nime</strong></span> <span class='ocrx_word' id='word_1_161' title='bbox 1999 745 2248 786; x_wconf 91' lang='lat' dir='ltr'><strong>cavemus</strong></span> <span class='ocrx_word' id='word_1_162' title='bbox 2270 731 2526 786; x_wconf 92' lang='lat' dir='ltr'><strong>Dominus</strong></span> <span class='ocrx_word' id='word_1_163' title='bbox 2555 733 2686 788; x_wconf 89' lang='lat' dir='ltr'><strong>dicit</strong></span> <span class='ocrx_word' id='word_1_164' title='bbox 2714 751 2725 785; x_wconf 95' lang='lat'><strong>:</strong></span> <span class='ocrx_word' id='word_1_165' title='bbox 2759 733 2836 788; x_wconf 90' lang='lat' dir='ltr'><strong>De</strong></span> <span class='ocrx_word' id='word_1_166' title='bbox 2874 737 3014 790; x_wconf 87' lang='lat' dir='ltr'><strong>omni</strong></span> <span class='ocrx_word' id='word_1_167' title='bbox 3043 739 3191 793; x_wconf 85' lang='lat' dir='ltr'><strong>verbo</strong></span> <span class='ocrx_word' id='word_1_168' title='bbox 3227 742 3393 797; x_wconf 85' lang='lat' dir='ltr'><strong>otioso</strong></span> 
     </span>
    </p>
   </div>
   <div class='ocr_carea' id='block_1_22' title="bbox 1826 819 3395 890">
    <p class='ocr_par' dir='ltr' id='par_1_22' title="bbox 1826 819 3395 890">
     <span class='ocr_line' id='line_1_22' title="bbox 1826 819 3395 890; baseline 0.008 -16"><span class='ocrx_word' id='word_1_169' title='bbox 1826 820 1964 890; x_wconf 83' lang='lat' dir='ltr'><strong>quod</strong></span> <span class='ocrx_word' id='word_1_170' title='bbox 1997 819 2154 874; x_wconf 87' lang='lat' dir='ltr'><strong>locuti</strong></span> <span class='ocrx_word' id='word_1_171' title='bbox 2189 819 2377 889; x_wconf 80' lang='lat' dir='ltr'><strong>fuerint</strong></span> <span class='ocrx_word' id='word_1_172' title='bbox 2406 823 2661 886; x_wconf 85' lang='lat' dir='ltr'><strong>homines,</strong></span> <span class='ocrx_word' id='word_1_173' title='bbox 2694 824 2905 878; x_wconf 75' lang='lat' dir='ltr'><strong>reddent</strong></span> <span class='ocrx_word' id='word_1_174' title='bbox 2950 826 3014 880; x_wconf 87' lang='lat' dir='ltr'><strong>de</strong></span> <span class='ocrx_word' id='word_1_175' title='bbox 3039 845 3098 882; x_wconf 89' lang='lat' dir='ltr'><strong>eo</strong></span> <span class='ocrx_word' id='word_1_176' title='bbox 3139 832 3395 886; x_wconf 87' lang='lat' dir='ltr'><strong>rationem</strong></span> 
     </span>
    </p>
   </div>
   <div class='ocr_carea' id='block_1_23' title="bbox 1828 909 3402 982">
    <p class='ocr_par' dir='ltr' id='par_1_23' title="bbox 1828 909 3402 982">
     <span class='ocr_line' id='line_1_23' title="bbox 1828 909 3402 982; baseline 0.009 -19"><span class='ocrx_word' id='word_1_177' title='bbox 1828 911 1882 963; x_wconf 87' lang='lat' dir='ltr'><strong>in</strong></span> <span class='ocrx_word' id='word_1_178' title='bbox 1907 909 1991 963; x_wconf 89' lang='lat' dir='ltr'><strong>die</strong></span> <span class='ocrx_word' id='word_1_179' title='bbox 2003 909 2197 979; x_wconf 86' lang='lat' dir='ltr'><strong>judicii</strong></span> <span class='ocrx_word' id='word_1_180' title='bbox 2219 909 2433 982; x_wconf 80' lang='lat' dir='ltr'><strong>(Matth.</strong></span> <span class='ocrx_word' id='word_1_181' title='bbox 2471 913 2589 982; x_wconf 85' lang='lat' dir='ltr'><strong>xu).</strong></span> <span class='ocrx_word' id='word_1_182' title='bbox 2644 913 2782 980; x_wconf 86' lang='lat' dir='ltr'><strong>Quid</strong></span> <span class='ocrx_word' id='word_1_183' title='bbox 2827 930 2926 970; x_wconf 88' lang='lat' dir='ltr'><strong>nos</strong></span> <span class='ocrx_word' id='word_1_184' title='bbox 2967 917 3150 973; x_wconf 90' lang='lat' dir='ltr'><strong>miseri</strong></span> <span class='ocrx_word' id='word_1_185' title='bbox 3202 919 3402 977; x_wconf 81' lang='lat' dir='ltr'><strong>facturi</strong></span> 
     </span>
    </p>
   </div>
   <div class='ocr_carea' id='block_1_24' title="bbox 1830 998 3394 1071">
    <p class='ocr_par' dir='ltr' id='par_1_24' title="bbox 1830 998 3394 1071">
     <span class='ocr_line' id='line_1_24' title="bbox 1830 998 3394 1071; baseline 0.008 -19"><span class='ocrx_word' id='word_1_186' title='bbox 1830 1014 2017 1052; x_wconf 89' lang='lat' dir='ltr'><strong>sumus</strong></span> <span class='ocrx_word' id='word_1_187' title='bbox 2047 998 2100 1052; x_wconf 93' lang='lat' dir='ltr'><strong>in</strong></span> <span class='ocrx_word' id='word_1_188' title='bbox 2131 999 2225 1054; x_wconf 91' lang='lat' dir='ltr'><strong>illo</strong></span> <span class='ocrx_word' id='word_1_189' title='bbox 2255 1000 2363 1066; x_wconf 90' lang='lat' dir='ltr'><strong>die,</strong></span> <span class='ocrx_word' id='word_1_190' title='bbox 2408 1001 2500 1071; x_wconf 90' lang='lat' dir='ltr'><strong>qui</strong></span> <span class='ocrx_word' id='word_1_191' title='bbox 2534 1003 2782 1058; x_wconf 91' lang='lat' dir='ltr'><strong>omnibus</strong></span> <span class='ocrx_word' id='word_1_192' title='bbox 2829 1004 2984 1060; x_wconf 90' lang='lat' dir='ltr'><strong>malis</strong></span> <span class='ocrx_word' id='word_1_193' title='bbox 3022 1007 3250 1064; x_wconf 86' lang='lat' dir='ltr'><strong>involuti</strong></span> <span class='ocrx_word' id='word_1_194' title='bbox 3300 1026 3394 1067; x_wconf 91' lang='lat' dir='ltr'><strong>su-</strong></span> 
     </span>
    </p>
   </div>
   <div class='ocr_carea' id='block_1_25' title="bbox 1831 1089 3403 1169">
    <p class='ocr_par' dir='ltr' id='par_1_25' title="bbox 1831 1089 3403 1169">
     <span class='ocr_line' id='line_1_25' title="bbox 1831 1089 3403 1169; baseline 0.011 -26"><span class='ocrx_word' id='word_1_195' title='bbox 1831 1091 1984 1144; x_wconf 88' lang='lat' dir='ltr'><strong>mus?</strong></span> <span class='ocrx_word' id='word_1_196' title='bbox 2011 1089 2119 1146; x_wconf 87' lang='lat' dir='ltr'><strong>Nec</strong></span> <span class='ocrx_word' id='word_1_197' title='bbox 2146 1091 2513 1162; x_wconf 80' lang='lat' dir='ltr'><strong>deSperemus,</strong></span> <span class='ocrx_word' id='word_1_198' title='bbox 2541 1095 2634 1149; x_wconf 88' lang='lat' dir='ltr'><strong>sed</strong></span> <span class='ocrx_word' id='word_1_199' title='bbox 2675 1109 2896 1166; x_wconf 77' lang='lat' dir='ltr'><strong>agamus</strong></span> <span class='ocrx_word' id='word_1_200' title='bbox 2938 1100 3313 1169; x_wconf 64' lang='lat' dir='ltr'><strong>paenitentiam</strong></span> <span class='ocrx_word' id='word_1_201' title='bbox 3341 1115 3403 1160; x_wconf 91' lang='lat' dir='ltr'><strong>ut</strong></span> 
     </span>
    </p>
   </div>
   <div class='ocr_carea' id='block_1_26' title="bbox 1830 1181 2594 1254">
    <p class='ocr_par' dir='ltr' id='par_1_26' title="bbox 1830 1181 2594 1254">
     <span class='ocr_line' id='line_1_26' title="bbox 1830 1181 2594 1254; baseline 0.008 -20"><span class='ocrx_word' id='word_1_202' title='bbox 1830 1188 2016 1236; x_wconf 90' lang='lat' dir='ltr'><strong>nostra</strong></span> <span class='ocrx_word' id='word_1_203' title='bbox 2049 1181 2332 1238; x_wconf 89' lang='lat' dir='ltr'><strong>deleantur</strong></span> <span class='ocrx_word' id='word_1_204' title='bbox 2352 1193 2594 1254; x_wconf 89' lang='lat' dir='ltr'><strong>peccata.</strong></span> 
     </span>
    </p>
   </div>
   <div class='ocr_carea' id='block_1_27' title="bbox 2411 1293 2812 1354">
    <p class='ocr_par' dir='ltr' id='par_1_27' title="bbox 2411 1293 2812 1354">
     <span class='ocr_line' id='line_1_27' title="bbox 2411 1293 2812 1354; baseline 0.005 -4"><span class='ocrx_word' id='word_1_205' title='bbox 2411 1293 2637 1352; x_wconf 81' lang='lat' dir='ltr'><strong>CAPUT</strong></span> <span class='ocrx_word' id='word_1_206' title='bbox 2675 1298 2812 1354; x_wconf 80' lang='lat' dir='ltr'><strong>XVI.</strong></span> 
     </span>
    </p>
   </div>
   <div class='ocr_carea' id='block_1_28' title="bbox 1831 1376 3403 1476">
    <p class='ocr_par' dir='ltr' id='par_1_28' title="bbox 1831 1376 3403 1476">
     <span class='ocr_line' id='line_1_28' title="bbox 1831 1376 3403 1476; baseline 0.003 -2"><span class='ocrx_word' id='word_1_207' title='bbox 1831 1376 2141 1476; x_wconf 48' lang='lat'><strong>&quot;8.93329.</strong></span> <span class='ocrx_word' id='word_1_208' title='bbox 2164 1381 2341 1476; x_wconf 57' lang='lat' dir='ltr'><strong>{iiiis</strong></span> <span class='ocrx_word' id='word_1_209' title='bbox 2357 1383 2590 1476; x_wconf 53' lang='lat' dir='ltr'><strong>iam</strong></span> <span class='ocrx_word' id='word_1_210' title='bbox 2612 1384 2693 1476; x_wconf 57' lang='grc' dir='ltr'><strong>βε</strong></span> <span class='ocrx_word' id='word_1_211' title='bbox 2717 1389 2857 1476; x_wconf 58' lang='lat' dir='ltr'><strong>ruet</strong></span> <span class='ocrx_word' id='word_1_212' title='bbox 2892 1389 2949 1444; x_wconf 76' lang='grc' dir='ltr'><strong>ίη</strong></span> <span class='ocrx_word' id='word_1_213' title='bbox 2970 1394 3173 1476; x_wconf 61' lang='grc' dir='ltr'><strong>,ηερξηερ</strong></span> <span class='ocrx_word' id='word_1_214' title='bbox 3195 1396 3403 1476; x_wconf 62' lang='lat' dir='ltr'><strong>adicio</strong></span> 
     </span>
    </p>
   </div>
   <div class='ocr_carea' id='block_1_29' title="bbox 1900 1447 3402 1586">
    <p class='ocr_par' dir='ltr' id='par_1_29' title="bbox 1900 1447 3402 1586">
     <span class='ocr_line' id='line_1_29' title="bbox 1900 1447 3402 1586; baseline 0.016 -87"><span class='ocrx_word' id='word_1_215' title='bbox 1900 1447 2141 1586; x_wconf 38' lang='lat' dir='ltr'><strong>agitatus</strong></span> <span class='ocrx_word' id='word_1_216' title='bbox 2181 1452 2324 1519; x_wconf 72' lang='lat' dir='ltr'><strong>mitis</strong></span> <span class='ocrx_word' id='word_1_217' title='bbox 2357 1447 2644 1523; x_wconf 63' lang='lat' dir='ltr'><strong>apparebit</strong></span> <span class='ocrx_word' id='word_1_218' title='bbox 2687 1447 2890 1526; x_wconf 85' lang='lat' dir='ltr'><strong>electis,</strong></span> <span class='ocrx_word' id='word_1_219' title='bbox 2933 1469 2981 1515; x_wconf 85' lang='lat' dir='ltr'><strong>et</strong></span> <span class='ocrx_word' id='word_1_220' title='bbox 3027 1447 3402 1522; x_wconf 46' lang='lat' dir='ltr'><strong>terribt&#39;lismre:</strong></span> 
     </span>
    </p>
   </div>
   <div class='ocr_carea' id='block_1_30' title="bbox 1965 1535 2098 1572">
    <p class='ocr_par' dir='ltr' id='par_1_30' title="bbox 1965 1535 2098 1572">
     <span class='ocr_line' id='line_1_30' title="bbox 1965 1535 2098 1572; baseline 0.015 -2"><span class='ocrx_word' id='word_1_221' title='bbox 1965 1535 2098 1572; x_wconf 73' lang='grc'><strong>0018.</strong></span> 
     </span>
    </p>
   </div>
   <div class='ocr_carea' id='block_1_31' title="bbox 1900 1595 3422 1698">
    <p class='ocr_par' dir='ltr' id='par_1_31' title="bbox 1900 1595 3422 1698">
     <span class='ocr_line' id='line_1_31' title="bbox 1900 1595 3422 1698; baseline 0.016 -36"><span class='ocrx_word' id='word_1_222' title='bbox 1900 1606 2186 1665; x_wconf 88' lang='lat' dir='ltr'><strong>Geminum</strong></span> <span class='ocrx_word' id='word_1_223' title='bbox 2225 1620 2312 1667; x_wconf 91' lang='lat' dir='ltr'><strong>est</strong></span> <span class='ocrx_word' id='word_1_224' title='bbox 2349 1612 2589 1669; x_wconf 89' lang='lat' dir='ltr'><strong>divinum</strong></span> <span class='ocrx_word' id='word_1_225' title='bbox 2619 1615 2900 1684; x_wconf 88' lang='lat' dir='ltr'><strong>judicium.</strong></span> <span class='ocrx_word' id='word_1_226' title='bbox 2961 1621 3136 1680; x_wconf 87' lang='lat' dir='ltr'><strong>Unum</strong></span> <span class='ocrx_word' id='word_1_227' title='bbox 3169 1595 3312 1698; x_wconf 86' lang='lat' dir='ltr'><strong>quod</strong></span> <span class='ocrx_word' id='word_1_228' title='bbox 3350 1599 3422 1686; x_wconf 22' lang='lat' dir='ltr'><strong>et.</strong></span> 
     </span>
    </p>
   </div>
   <div class='ocr_carea' id='block_1_32' title="bbox 1831 1697 3405 1791">
    <p class='ocr_par' dir='ltr' id='par_1_32' title="bbox 1831 1697 3405 1791">
     <span class='ocr_line' id='line_1_32' title="bbox 1831 1697 3405 1791; baseline 0.018 -40"><span class='ocrx_word' id='word_1_229' title='bbox 1831 1697 1918 1752; x_wconf 91' lang='lat' dir='ltr'><strong>hic</strong></span> <span class='ocrx_word' id='word_1_230' title='bbox 1941 1697 2254 1767; x_wconf 89' lang='lat' dir='ltr'><strong>judicantur</strong></span> <span class='ocrx_word' id='word_1_231' title='bbox 2275 1704 2523 1760; x_wconf 87' lang='lat' dir='ltr'><strong>homines</strong></span> <span class='ocrx_word' id='word_1_232' title='bbox 2545 1715 2599 1761; x_wconf 88' lang='lat' dir='ltr'><strong>et</strong></span> <span class='ocrx_word' id='word_1_233' title='bbox 2623 1707 2676 1762; x_wconf 92' lang='lat' dir='ltr'><strong>in</strong></span> <span class='ocrx_word' id='word_1_234' title='bbox 2699 1707 2900 1766; x_wconf 85' lang='lat' dir='ltr'><strong>futuro.</strong></span> <span class='ocrx_word' id='word_1_235' title='bbox 2940 1697 3218 1785; x_wconf 69' lang='lat' dir='ltr'><strong>Alterum,</strong></span> <span class='ocrx_word' id='word_1_236' title='bbox 3261 1723 3405 1791; x_wconf 92' lang='lat' dir='ltr'><strong>quod</strong></span> 
     </span>
    </p>
   </div>
   <div class='ocr_carea' id='block_1_33' title="bbox 157 1794 3410 1895">
    <p class='ocr_par' dir='ltr' id='par_1_33' title="bbox 157 1794 3410 1895">
     <span class='ocr_line' id='line_1_33' title="bbox 157 1794 3410 1895; baseline -0.006 -15"><span class='ocrx_word' id='word_1_237' title='bbox 157 1829 402 1882; x_wconf 85' lang='lat' dir='ltr'><strong>dextram</strong></span> <span class='ocrx_word' id='word_1_238' title='bbox 426 1794 790 1895; x_wconf 26' lang='lat' dir='ltr'><strong>segregen-tur.</strong></span> <span class='ocrx_word' id='word_1_239' title='bbox 814 1794 1040 1892; x_wconf 67' lang='lat' dir='ltr'><strong>Propter</strong></span> <span class='ocrx_word' id='word_1_240' title='bbox 1073 1821 1215 1892; x_wconf 90' lang='lat' dir='ltr'><strong>quod</strong></span> <span class='ocrx_word' id='word_1_241' title='bbox 1248 1819 1334 1875; x_wconf 87' lang='lat' dir='ltr'><strong>ille</strong></span> <span class='ocrx_word' id='word_1_242' title='bbox 1357 1819 1557 1874; x_wconf 86' lang='lat' dir='ltr'><strong>clamat</strong></span> <span class='ocrx_word' id='word_1_243' title='bbox 1588 1833 1600 1870; x_wconf 80' lang='grc' dir='ltr'><strong><em>τ</em></strong></span> <span class='ocrx_word' id='word_1_244' title='bbox 1627 1815 1727 1870; x_wconf 81' lang='lat' dir='ltr'><strong>Ju-</strong></span> <span class='ocrx_word' id='word_1_245' title='bbox 1756 1802 1801 1861; x_wconf 90' lang='grc' dir='ltr'><strong>Β</strong></span> <span class='ocrx_word' id='word_1_246' title='bbox 1828 1799 2111 1895; x_wconf 38' lang='lat' dir='ltr'><strong>prome?“</strong></span> <span class='ocrx_word' id='word_1_247' title='bbox 2144 1794 2236 1895; x_wconf 51' lang='lat' dir='ltr'><strong>hjc</strong></span> <span class='ocrx_word' id='word_1_248' title='bbox 2275 1795 2603 1895; x_wconf 56' lang='grc' dir='ltr'><strong>Ῑυάξοθηιυτι</strong></span> <span class='ocrx_word' id='word_1_249' title='bbox 2637 1813 2746 1895; x_wconf 58' lang='grc' dir='ltr'><strong>ἰιθο</strong></span> <span class='ocrx_word' id='word_1_250' title='bbox 2775 1802 2883 1858; x_wconf 72' lang='lat' dir='ltr'><strong>illic</strong></span> <span class='ocrx_word' id='word_1_251' title='bbox 2902 1805 3232 1878; x_wconf 75' lang='lat' dir='ltr'><strong>iudicentur,</strong></span> <span class='ocrx_word' id='word_1_252' title='bbox 3261 1814 3410 1870; x_wconf 73' lang='lat' dir='ltr'><strong>ideo-</strong></span> 
     </span>
    </p>
   </div>
   <div class='ocr_carea' id='block_1_34' title="bbox 157 1907 1722 1987">
    <p class='ocr_par' dir='ltr' id='par_1_34' title="bbox 157 1907 1722 1987">
     <span class='ocr_line' id='line_1_34' title="bbox 157 1907 1722 1987; baseline -0.007 -16"><span class='ocrx_word' id='word_1_253' title='bbox 157 1919 279 1972; x_wconf 72' lang='lat' dir='ltr'><strong>dico</strong></span> <span class='ocrx_word' id='word_1_254' title='bbox 308 1932 418 1982; x_wconf 82' lang='lat' dir='ltr'><strong>me,</strong></span> <span class='ocrx_word' id='word_1_255' title='bbox 442 1917 614 1982; x_wconf 81' lang='lat' dir='ltr'><strong>Deus;</strong></span> <span class='ocrx_word' id='word_1_256' title='bbox 641 1925 697 1972; x_wconf 90' lang='lat' dir='ltr'><strong>et</strong></span> <span class='ocrx_word' id='word_1_257' title='bbox 737 1917 864 1987; x_wconf 89' lang='lat' dir='ltr'><strong>quid</strong></span> <span class='ocrx_word' id='word_1_258' title='bbox 897 1917 1092 1971; x_wconf 76' lang='lat' dir='ltr'><strong>dixerit</strong></span> <span class='ocrx_word' id='word_1_259' title='bbox 1118 1914 1284 1970; x_wconf 85' lang='lat' dir='ltr'><strong>veluti</strong></span> <span class='ocrx_word' id='word_1_260' title='bbox 1312 1924 1619 1982; x_wconf 77' lang='lat' dir='ltr'><strong>exponens:</strong></span> <span class='ocrx_word' id='word_1_261' title='bbox 1653 1907 1722 1962; x_wconf 85' lang='lat' dir='ltr'><strong>Et</strong></span> 
     </span>
    </p>
   </div>
   <div class='ocr_carea' id='block_1_35' title="bbox 154 2004 1724 2077">
    <p class='ocr_par' dir='ltr' id='par_1_35' title="bbox 154 2004 1724 2077">
     <span class='ocr_line' id='line_1_35' title="bbox 154 2004 1724 2077; baseline -0.008 -14"><span class='ocrx_word' id='word_1_262' title='bbox 154 2009 420 2071; x_wconf 72' lang='lat' dir='ltr'><strong>discerne,</strong></span> <span class='ocrx_word' id='word_1_263' title='bbox 449 2007 647 2077; x_wconf 87' lang='lat' dir='ltr'><strong>inquit,</strong></span> <span class='ocrx_word' id='word_1_264' title='bbox 675 2018 888 2062; x_wconf 84' lang='lat' dir='ltr'><strong>causam</strong></span> <span class='ocrx_word' id='word_1_265' title='bbox 921 2022 1089 2060; x_wconf 87' lang='lat' dir='ltr'><strong>meant</strong></span> <span class='ocrx_word' id='word_1_266' title='bbox 1113 2004 1176 2058; x_wconf 84' lang='lat' dir='ltr'><strong>de</strong></span> <span class='ocrx_word' id='word_1_267' title='bbox 1215 2012 1360 2073; x_wconf 81' lang='lat' dir='ltr'><strong>gente</strong></span> <span class='ocrx_word' id='word_1_268' title='bbox 1399 2016 1502 2055; x_wconf 86' lang='lat' dir='ltr'><strong>non</strong></span> <span class='ocrx_word' id='word_1_269' title='bbox 1540 2007 1724 2054; x_wconf 87' lang='lat' dir='ltr'><strong>sancta</strong></span> 
     </span>
    </p>
   </div>
   <div class='ocr_carea' id='block_1_36' title="bbox 156 2094 513 2167">
    <p class='ocr_par' dir='ltr' id='par_1_36' title="bbox 156 2094 513 2167">
     <span class='ocr_line' id='line_1_36' title="bbox 156 2094 513 2167; baseline 0.003 -19"><span class='ocrx_word' id='word_1_270' title='bbox 156 2094 333 2167; x_wconf 78' lang='lat' dir='ltr'><strong>(Psal.</strong></span> <span class='ocrx_word' id='word_1_271' title='bbox 360 2096 513 2167; x_wconf 81' lang='lat' dir='ltr'><strong>xui).</strong></span> 
     </span>
    </p>
   </div>
   <div class='ocr_carea' id='block_1_37' title="bbox 736 2182 1134 2240">
    <p class='ocr_par' dir='ltr' id='par_1_37' title="bbox 736 2182 1134 2240">
     <span class='ocr_line' id='line_1_37' title="bbox 736 2182 1134 2240; baseline -0.01 0"><span class='ocrx_word' id='word_1_272' title='bbox 736 2182 961 2240; x_wconf 81' lang='lat' dir='ltr'><strong>CAPUT</strong></span> <span class='ocrx_word' id='word_1_273' title='bbox 999 2183 1134 2238; x_wconf 82' lang='lat' dir='ltr'><strong>XIV.</strong></span> 
     </span>
    </p>
   </div>
   <div class='ocr_carea' id='block_1_38' title="bbox 161 2267 1724 2342">
    <p class='ocr_par' dir='ltr' id='par_1_38' title="bbox 161 2267 1724 2342">
     <span class='ocr_line' id='line_1_38' title="bbox 161 2267 1724 2342; baseline -0.006 -12"><span class='ocrx_word' id='word_1_274' title='bbox 161 2273 316 2342; x_wconf 79' lang='lat' dir='ltr'><strong>Quod</strong></span> <span class='ocrx_word' id='word_1_275' title='bbox 355 2272 525 2326; x_wconf 88' lang='lat' dir='ltr'><strong>nullas</strong></span> <span class='ocrx_word' id='word_1_276' title='bbox 563 2275 916 2327; x_wconf 77' lang='lat' dir='ltr'><strong>excusationes</strong></span> <span class='ocrx_word' id='word_1_277' title='bbox 968 2290 1060 2341; x_wconf 87' lang='lat' dir='ltr'><strong>pro</strong></span> <span class='ocrx_word' id='word_1_278' title='bbox 1109 2272 1253 2342; x_wconf 78' lang='lat' dir='ltr'><strong>bonis</strong></span> <span class='ocrx_word' id='word_1_279' title='bbox 1289 2270 1526 2342; x_wconf 80' lang='lat' dir='ltr'><strong>operibus</strong></span> <span class='ocrx_word' id='word_1_280' title='bbox 1553 2267 1724 2322; x_wconf 80' lang='lat' dir='ltr'><strong>obten-</strong></span> 
     </span>
    </p>
   </div>
   <div class='ocr_carea' id='block_1_39' title="bbox 465 2341 1742 2430">
    <p class='ocr_par' dir='ltr' id='par_1_39' title="bbox 465 2341 1742 2430">
     <span class='ocr_line' id='line_1_39' title="bbox 465 2341 1742 2430; baseline -0.002 -36"><span class='ocrx_word' id='word_1_281' title='bbox 465 2343 586 2396; x_wconf 87' lang='lat' dir='ltr'><strong>dere</strong></span> <span class='ocrx_word' id='word_1_282' title='bbox 621 2344 910 2412; x_wconf 80' lang='lat' dir='ltr'><strong>poterimus</strong></span> <span class='ocrx_word' id='word_1_283' title='bbox 943 2343 996 2396; x_wconf 86' lang='lat' dir='ltr'><strong>in</strong></span> <span class='ocrx_word' id='word_1_284' title='bbox 1025 2343 1160 2395; x_wconf 89' lang='lat' dir='ltr'><strong>diem</strong></span> <span class='ocrx_word' id='word_1_285' title='bbox 1184 2341 1375 2410; x_wconf 87' lang='lat' dir='ltr'><strong>judicii</strong></span> <span class='ocrx_word' id='word_1_286' title='bbox 1721 2420 1742 2430; x_wconf 30' lang='grc' dir='ltr'><em>η</em></span> 
     </span>
    </p>
   </div>
   <div class='ocr_carea' id='block_1_40' title="bbox 229 2450 1724 2526">
    <p class='ocr_par' dir='ltr' id='par_1_40' title="bbox 229 2450 1724 2526">
     <span class='ocr_line' id='line_1_40' title="bbox 229 2450 1724 2526; baseline -0.004 -18"><span class='ocrx_word' id='word_1_287' title='bbox 229 2455 342 2526; x_wconf 86' lang='lat' dir='ltr'><strong>Age</strong></span> <span class='ocrx_word' id='word_1_288' title='bbox 363 2455 474 2524; x_wconf 88' lang='lat' dir='ltr'><strong>jam</strong></span> <span class='ocrx_word' id='word_1_289' title='bbox 521 2455 587 2508; x_wconf 88' lang='lat' dir='ltr'><strong>ad</strong></span> <span class='ocrx_word' id='word_1_290' title='bbox 634 2454 878 2508; x_wconf 89' lang='lat' dir='ltr'><strong>ultimum</strong></span> <span class='ocrx_word' id='word_1_291' title='bbox 909 2454 1168 2524; x_wconf 87' lang='lat' dir='ltr'><strong>judicium</strong></span> <span class='ocrx_word' id='word_1_292' title='bbox 1217 2452 1524 2507; x_wconf 83' lang='lat' dir='ltr'><strong>venerimus</strong></span> <span class='ocrx_word' id='word_1_293' title='bbox 1558 2450 1625 2504; x_wconf 90' lang='lat' dir='ltr'><strong>ab</strong></span> <span class='ocrx_word' id='word_1_294' title='bbox 1660 2463 1724 2504; x_wconf 91' lang='lat' dir='ltr'><strong>eo</strong></span> 
     </span>
    </p>
   </div>
   <div class='ocr_carea' id='block_1_41' title="bbox 149 2539 1720 2613">
    <p class='ocr_par' dir='ltr' id='par_1_41' title="bbox 149 2539 1720 2613">
     <span class='ocr_line' id='line_1_41' title="bbox 149 2539 1720 2613; baseline -0.004 -17"><span class='ocrx_word' id='word_1_295' title='bbox 149 2542 334 2613; x_wconf 87' lang='lat' dir='ltr'><strong>judice</strong></span> <span class='ocrx_word' id='word_1_296' title='bbox 357 2542 651 2611; x_wconf 83' lang='lat' dir='ltr'><strong>judicandi,</strong></span> <span class='ocrx_word' id='word_1_297' title='bbox 678 2542 772 2611; x_wconf 83' lang='lat' dir='ltr'><strong>qui</strong></span> <span class='ocrx_word' id='word_1_298' title='bbox 803 2557 902 2596; x_wconf 91' lang='lat' dir='ltr'><strong>nec</strong></span> <span class='ocrx_word' id='word_1_299' title='bbox 926 2541 1038 2596; x_wconf 77' lang='lat' dir='ltr'><strong>falli</strong></span> <span class='ocrx_word' id='word_1_300' title='bbox 1063 2541 1423 2595; x_wconf 86' lang='lat' dir='ltr'><strong>occultatione</strong></span> <span class='ocrx_word' id='word_1_301' title='bbox 1436 2539 1720 2594; x_wconf 89' lang='lat' dir='ltr'><strong>criminum</strong></span> 
     </span>
    </p>
   </div>
   <div class='ocr_carea' id='block_1_42' title="bbox 158 2628 1723 2700">
    <p class='ocr_par' dir='ltr' id='par_1_42' title="bbox 158 2628 1723 2700">
     <span class='ocr_line' id='line_1_42' title="bbox 158 2628 1723 2700; baseline -0.003 -16"><span class='ocrx_word' id='word_1_302' title='bbox 158 2639 352 2700; x_wconf 82' lang='lat' dir='ltr'><strong>potest,</strong></span> <span class='ocrx_word' id='word_1_303' title='bbox 381 2645 482 2685; x_wconf 89' lang='lat' dir='ltr'><strong>nec</strong></span> <span class='ocrx_word' id='word_1_304' title='bbox 521 2631 587 2684; x_wconf 89' lang='lat' dir='ltr'><strong>ad</strong></span> <span class='ocrx_word' id='word_1_305' title='bbox 635 2631 1010 2700; x_wconf 81' lang='lat' dir='ltr'><strong>impunitatem</strong></span> <span class='ocrx_word' id='word_1_306' title='bbox 1038 2630 1449 2700; x_wconf 84' lang='lat' dir='ltr'><strong>promerendam</strong></span> <span class='ocrx_word' id='word_1_307' title='bbox 1486 2628 1723 2682; x_wconf 87' lang='lat' dir='ltr'><strong>muneris</strong></span> 
     </span>
    </p>
   </div>
   <div class='ocr_carea' id='block_1_43' title="bbox 155 2719 1721 2790">
    <p class='ocr_par' dir='ltr' id='par_1_43' title="bbox 155 2719 1721 2790">
     <span class='ocr_line' id='line_1_43' title="bbox 155 2719 1721 2790; baseline -0.002 -15"><span class='ocrx_word' id='word_1_308' title='bbox 155 2719 384 2788; x_wconf 80' lang='lat' dir='ltr'><strong>alicujus</strong></span> <span class='ocrx_word' id='word_1_309' title='bbox 415 2721 687 2776; x_wconf 85' lang='lat' dir='ltr'><strong>oblatione</strong></span> <span class='ocrx_word' id='word_1_310' title='bbox 725 2722 1015 2790; x_wconf 90' lang='lat' dir='ltr'><strong>corrumpi,</strong></span> <span class='ocrx_word' id='word_1_311' title='bbox 1046 2736 1167 2776; x_wconf 92' lang='lat' dir='ltr'><strong>cum</strong></span> <span class='ocrx_word' id='word_1_312' title='bbox 1195 2720 1459 2789; x_wconf 82' lang='lat' dir='ltr'><strong>coeperint</strong></span> <span class='ocrx_word' id='word_1_313' title='bbox 1483 2719 1721 2774; x_wconf 90' lang='lat' dir='ltr'><strong>omnium</strong></span> 
     </span>
    </p>
   </div>
   <div class='ocr_carea' id='block_1_44' title="bbox 159 2809 1719 2874">
    <p class='ocr_par' dir='ltr' id='par_1_44' title="bbox 159 2809 1719 2874">
     <span class='ocr_line' id='line_1_44' title="bbox 159 2809 1719 2874; baseline -0.004 -7"><span class='ocrx_word' id='word_1_314' title='bbox 159 2821 362 2867; x_wconf 83' lang='lat' dir='ltr'><strong>secreta</strong></span> <span class='ocrx_word' id='word_1_315' title='bbox 391 2811 640 2874; x_wconf 73' lang='lat' dir='ltr'><strong>revelari,</strong></span> <span class='ocrx_word' id='word_1_316' title='bbox 686 2821 742 2866; x_wconf 87' lang='lat' dir='ltr'><strong>et</strong></span> <span class='ocrx_word' id='word_1_317' title='bbox 793 2827 898 2867; x_wconf 91' lang='lat' dir='ltr'><strong>non</strong></span> <span class='ocrx_word' id='word_1_318' title='bbox 945 2811 1117 2867; x_wconf 89' lang='lat' dir='ltr'><strong>solum</strong></span> <span class='ocrx_word' id='word_1_319' title='bbox 1166 2819 1400 2865; x_wconf 82' lang='lat' dir='ltr'><strong>aetuset</strong></span> <span class='ocrx_word' id='word_1_320' title='bbox 1426 2809 1586 2863; x_wconf 89' lang='lat' dir='ltr'><strong>verba</strong></span> <span class='ocrx_word' id='word_1_321' title='bbox 1627 2809 1719 2861; x_wconf 91' lang='lat' dir='ltr'><strong>sed</strong></span> 
     </span>
    </p>
   </div>
   <div class='ocr_carea' id='block_1_45' title="bbox 159 2899 1722 2972">
    <p class='ocr_par' dir='ltr' id='par_1_45' title="bbox 159 2899 1722 2972">
     <span class='ocr_line' id='line_1_45' title="bbox 159 2899 1722 2972; baseline -0.003 -16"><span class='ocrx_word' id='word_1_322' title='bbox 159 2902 319 2956; x_wconf 79' lang='lat' dir='ltr'><strong>etiam</strong></span> <span class='ocrx_word' id='word_1_323' title='bbox 365 2901 493 2970; x_wconf 65' lang='lat' dir='ltr'><strong>ipsa:</strong></span> <span class='ocrx_word' id='word_1_324' title='bbox 517 2902 873 2972; x_wconf 81' lang='lat' dir='ltr'><strong>cogitationes</strong></span> <span class='ocrx_word' id='word_1_325' title='bbox 900 2902 1134 2965; x_wconf 90' lang='lat' dir='ltr'><strong>ostendi,</strong></span> <span class='ocrx_word' id='word_1_326' title='bbox 1168 2902 1298 2971; x_wconf 89' lang='lat' dir='ltr'><strong>quid</strong></span> <span class='ocrx_word' id='word_1_327' title='bbox 1344 2899 1600 2954; x_wconf 84' lang='lat' dir='ltr'><strong>faciemus</strong></span> <span class='ocrx_word' id='word_1_328' title='bbox 1623 2899 1722 2953; x_wconf 89' lang='lat' dir='ltr'><strong>sub</strong></span> 
     </span>
    </p>
   </div>
   <div class='ocr_carea' id='block_1_46' title="bbox 157 2989 1720 3061">
    <p class='ocr_par' dir='ltr' id='par_1_46' title="bbox 157 2989 1720 3061">
     <span class='ocr_line' id='line_1_46' title="bbox 157 2989 1720 3061; baseline -0.002 -15"><span class='ocrx_word' id='word_1_329' title='bbox 157 2992 294 3046; x_wconf 79' lang='lat' dir='ltr'><strong>tanti</strong></span> <span class='ocrx_word' id='word_1_330' title='bbox 314 2991 511 3060; x_wconf 90' lang='lat' dir='ltr'><strong>judicis</strong></span> <span class='ocrx_word' id='word_1_331' title='bbox 536 2991 848 3060; x_wconf 86' lang='lat' dir='ltr'><strong>majestate?</strong></span> <span class='ocrx_word' id='word_1_332' title='bbox 871 2993 998 3061; x_wconf 88' lang='lat' dir='ltr'><strong>quid</strong></span> <span class='ocrx_word' id='word_1_333' title='bbox 1023 2991 1385 3046; x_wconf 83' lang='lat' dir='ltr'><strong>excusationis</strong></span> <span class='ocrx_word' id='word_1_334' title='bbox 1428 2989 1720 3045; x_wconf 90' lang='lat' dir='ltr'><strong>obtendere</strong></span> 
     </span>
    </p>
   </div>
   <div class='ocr_carea' id='block_1_47' title="bbox 156 3079 1717 3151">
    <p class='ocr_par' dir='ltr' id='par_1_47' title="bbox 156 3079 1717 3151">
     <span class='ocr_line' id='line_1_47' title="bbox 156 3079 1717 3151; baseline -0.001 -17"><span class='ocrx_word' id='word_1_335' title='bbox 156 3082 485 3150; x_wconf 85' lang='lat' dir='ltr'><strong>poterimus?</strong></span> <span class='ocrx_word' id='word_1_336' title='bbox 511 3097 618 3151; x_wconf 90' lang='lat' dir='ltr'><strong>qua</strong></span> <span class='ocrx_word' id='word_1_337' title='bbox 662 3097 760 3137; x_wconf 91' lang='lat' dir='ltr'><strong>nos</strong></span> <span class='ocrx_word' id='word_1_338' title='bbox 805 3081 1131 3137; x_wconf 80' lang='lat' dir='ltr'><strong>defensionis</strong></span> <span class='ocrx_word' id='word_1_339' title='bbox 1162 3089 1281 3135; x_wconf 89' lang='lat' dir='ltr'><strong>arte</strong></span> <span class='ocrx_word' id='word_1_340' title='bbox 1326 3079 1717 3150; x_wconf 82' lang='lat' dir='ltr'><strong>purgabimus?</strong></span> 
     </span>
    </p>
   </div>
   <div class='ocr_carea' id='block_1_48' title="bbox 155 3169 1720 3239">
    <p class='ocr_par' dir='ltr' id='par_1_48' title="bbox 155 3169 1720 3239">
     <span class='ocr_line' id='line_1_48' title="bbox 155 3169 1720 3239; baseline 0.001 -18"><span class='ocrx_word' id='word_1_341' title='bbox 155 3183 276 3237; x_wconf 65' lang='lat' dir='ltr'><strong>quin</strong></span> <span class='ocrx_word' id='word_1_342' title='bbox 303 3169 456 3223; x_wconf 88' lang='lat' dir='ltr'><strong>nobis</strong></span> <span class='ocrx_word' id='word_1_343' title='bbox 483 3171 809 3224; x_wconf 76' lang='lat' dir='ltr'><strong>subventum</strong></span> <span class='ocrx_word' id='word_1_344' title='bbox 849 3179 933 3224; x_wconf 89' lang='lat' dir='ltr'><strong>est</strong></span> <span class='ocrx_word' id='word_1_345' title='bbox 966 3171 1278 3239; x_wconf 73' lang='lat' dir='ltr'><strong>pmnitentia</strong></span> <span class='ocrx_word' id='word_1_346' title='bbox 1322 3185 1483 3238; x_wconf 85' lang='lat' dir='ltr'><strong>quam</strong></span> <span class='ocrx_word' id='word_1_347' title='bbox 1528 3169 1582 3222; x_wconf 92' lang='lat' dir='ltr'><strong>in</strong></span> <span class='ocrx_word' id='word_1_348' title='bbox 1616 3169 1720 3224; x_wconf 88' lang='lat' dir='ltr'><strong>hac</strong></span> 
     </span>
    </p>
   </div>
   <div class='ocr_carea' id='block_1_49' title="bbox 152 3258 1720 3330">
    <p class='ocr_par' dir='ltr' id='par_1_49' title="bbox 152 3258 1720 3330">
     <span class='ocr_line' id='line_1_49' title="bbox 152 3258 1720 3330; baseline 0.002 -20"><span class='ocrx_word' id='word_1_349' title='bbox 152 3271 323 3312; x_wconf 89' lang='lat' dir='ltr'><strong>carne</strong></span> <span class='ocrx_word' id='word_1_350' title='bbox 347 3258 800 3328; x_wconf 87' lang='lat' dir='ltr'><strong>contempsimus?</strong></span> <span class='ocrx_word' id='word_1_351' title='bbox 828 3273 946 3327; x_wconf 72' lang='lat' dir='ltr'><strong>qua:</strong></span> <span class='ocrx_word' id='word_1_352' title='bbox 971 3273 1070 3313; x_wconf 92' lang='lat' dir='ltr'><strong>nos</strong></span> <span class='ocrx_word' id='word_1_353' title='bbox 1092 3258 1374 3330; x_wconf 76' lang='lat' dir='ltr'><strong>defensura</strong></span> <span class='ocrx_word' id='word_1_354' title='bbox 1406 3267 1534 3313; x_wconf 85' lang='lat' dir='ltr'><strong>sunt</strong></span> <span class='ocrx_word' id='word_1_355' title='bbox 1555 3273 1720 3328; x_wconf 83' lang='lat' dir='ltr'><strong>opera</strong></span> 
     </span>
    </p>
   </div>
   <div class='ocr_carea' id='block_1_50' title="bbox 151 3348 1720 3419">
    <p class='ocr_par' dir='ltr' id='par_1_50' title="bbox 151 3348 1720 3419">
     <span class='ocr_line' id='line_1_50' title="bbox 151 3348 1720 3419; baseline 0.003 -17"><span class='ocrx_word' id='word_1_356' title='bbox 151 3349 318 3412; x_wconf 88' lang='lat' dir='ltr'><strong>bona,</strong></span> <span class='ocrx_word' id='word_1_357' title='bbox 362 3363 481 3418; x_wconf 68' lang='lat' dir='ltr'><strong>qua}</strong></span> <span class='ocrx_word' id='word_1_358' title='bbox 527 3348 579 3401; x_wconf 92' lang='lat' dir='ltr'><strong>in</strong></span> <span class='ocrx_word' id='word_1_359' title='bbox 621 3349 724 3403; x_wconf 90' lang='lat' dir='ltr'><strong>hac</strong></span> <span class='ocrx_word' id='word_1_360' title='bbox 747 3349 855 3403; x_wconf 90' lang='lat' dir='ltr'><strong>vita</strong></span> <span class='ocrx_word' id='word_1_361' title='bbox 892 3363 998 3404; x_wconf 92' lang='lat' dir='ltr'><strong>non</strong></span> <span class='ocrx_word' id='word_1_362' title='bbox 1033 3348 1294 3404; x_wconf 81' lang='lat' dir='ltr'><strong>fecimus?</strong></span> <span class='ocrx_word' id='word_1_363' title='bbox 1320 3348 1400 3403; x_wconf 84' lang='lat' dir='ltr'><strong>Ad</strong></span> <span class='ocrx_word' id='word_1_364' title='bbox 1428 3363 1563 3418; x_wconf 89' lang='lat' dir='ltr'><strong>quos</strong></span> <span class='ocrx_word' id='word_1_365' title='bbox 1589 3364 1720 3419; x_wconf 76' lang='lat' dir='ltr'><strong>apo-</strong></span> 
     </span>
    </p>
   </div>
   <div class='ocr_carea' id='block_1_51' title="bbox 147 3436 1718 3508">
    <p class='ocr_par' dir='ltr' id='par_1_51' title="bbox 147 3436 1718 3508">
     <span class='ocr_line' id='line_1_51' title="bbox 147 3436 1718 3508; baseline 0.003 -19"><span class='ocrx_word' id='word_1_366' title='bbox 147 3436 346 3500; x_wconf 82' lang='lat' dir='ltr'><strong>stolos,</strong></span> <span class='ocrx_word' id='word_1_367' title='bbox 380 3444 473 3489; x_wconf 90' lang='lat' dir='ltr'><strong>aut</strong></span> <span class='ocrx_word' id='word_1_368' title='bbox 499 3436 565 3489; x_wconf 86' lang='lat' dir='ltr'><strong>ad</strong></span> <span class='ocrx_word' id='word_1_369' title='bbox 591 3451 730 3505; x_wconf 87' lang='lat' dir='ltr'><strong>quos</strong></span> <span class='ocrx_word' id='word_1_370' title='bbox 758 3437 894 3493; x_wconf 89' lang='lat' dir='ltr'><strong>alios</strong></span> <span class='ocrx_word' id='word_1_371' title='bbox 915 3447 1130 3493; x_wconf 90' lang='lat' dir='ltr'><strong>sanctos</strong></span> <span class='ocrx_word' id='word_1_372' title='bbox 1158 3437 1482 3508; x_wconf 82' lang='lat' dir='ltr'><strong>confugituri</strong></span> <span class='ocrx_word' id='word_1_373' title='bbox 1513 3455 1718 3506; x_wconf 87' lang='lat' dir='ltr'><strong>sumus,</strong></span> 
     </span>
    </p>
   </div>
   <div class='ocr_carea' id='block_1_52' title="bbox 147 3529 1721 3599">
    <p class='ocr_par' dir='ltr' id='par_1_52' title="bbox 147 3529 1721 3599">
     <span class='ocr_line' id='line_1_52' title="bbox 147 3529 1721 3599; baseline 0.004 -19"><span class='ocrx_word' id='word_1_374' title='bbox 147 3545 384 3599; x_wconf 88' lang='lat' dir='ltr'><strong>quorum</strong></span> <span class='ocrx_word' id='word_1_375' title='bbox 431 3529 671 3598; x_wconf 80' lang='lat' dir='ltr'><strong>exempla</strong></span> <span class='ocrx_word' id='word_1_376' title='bbox 722 3530 881 3585; x_wconf 84' lang='lat' dir='ltr'><strong>simul</strong></span> <span class='ocrx_word' id='word_1_377' title='bbox 926 3544 992 3585; x_wconf 77' lang='lat' dir='ltr'><strong>ac</strong></span> <span class='ocrx_word' id='word_1_378' title='bbox 1034 3530 1196 3585; x_wconf 87' lang='lat' dir='ltr'><strong>verba</strong></span> <span class='ocrx_word' id='word_1_379' title='bbox 1240 3531 1618 3599; x_wconf 77' lang='lat' dir='ltr'><strong>despeximus?</strong></span> <span class='ocrx_word' id='word_1_380' title='bbox 1653 3546 1721 3586; x_wconf 91' lang='lat' dir='ltr'><strong>an</strong></span> 
     </span>
    </p>
   </div>
   <div class='ocr_carea' id='block_1_53' title="bbox 146 3617 1720 3689">
    <p class='ocr_par' dir='ltr' id='par_1_53' title="bbox 146 3617 1720 3689">
     <span class='ocr_line' id='line_1_53' title="bbox 146 3617 1720 3689; baseline 0 -17"><span class='ocrx_word' id='word_1_381' title='bbox 146 3619 296 3672; x_wconf 72' lang='lat' dir='ltr'><strong>forte</strong></span> <span class='ocrx_word' id='word_1_382' title='bbox 322 3617 520 3687; x_wconf 89' lang='lat' dir='ltr'><strong>aliquid</strong></span> <span class='ocrx_word' id='word_1_383' title='bbox 569 3618 641 3674; x_wconf 86' lang='lat' dir='ltr'><strong>ibi</strong></span> <span class='ocrx_word' id='word_1_384' title='bbox 667 3617 933 3688; x_wconf 75' lang='lat' dir='ltr'><strong>fragilitas</strong></span> <span class='ocrx_word' id='word_1_385' title='bbox 979 3618 1222 3689; x_wconf 88' lang='lat' dir='ltr'><strong>corporis</strong></span> <span class='ocrx_word' id='word_1_386' title='bbox 1270 3619 1586 3673; x_wconf 82' lang='lat' dir='ltr'><strong>excusabit?</strong></span> <span class='ocrx_word' id='word_1_387' title='bbox 1615 3617 1720 3672; x_wconf 89' lang='lat' dir='ltr'><strong>Sed</strong></span> 
     </span>
    </p>
   </div>
   <div class='ocr_carea' id='block_1_54' title="bbox 145 3710 1721 3778">
    <p class='ocr_par' dir='ltr' id='par_1_54' title="bbox 145 3710 1721 3778">
     <span class='ocr_line' id='line_1_54' title="bbox 145 3710 1721 3778; baseline -0.001 -12"><span class='ocrx_word' id='word_1_388' title='bbox 145 3711 502 3766; x_wconf 79' lang='lat' dir='ltr'><strong>excusatione</strong></span> <span class='ocrx_word' id='word_1_389' title='bbox 541 3723 728 3763; x_wconf 87' lang='lat' dir='ltr'><strong>eorum</strong></span> <span class='ocrx_word' id='word_1_390' title='bbox 778 3710 1147 3764; x_wconf 83' lang='lat' dir='ltr'><strong>reclamabant</strong></span> <span class='ocrx_word' id='word_1_391' title='bbox 1181 3710 1421 3765; x_wconf 84' lang='lat' dir='ltr'><strong>omnium</strong></span> <span class='ocrx_word' id='word_1_392' title='bbox 1473 3710 1721 3778; x_wconf 89' lang='lat' dir='ltr'><strong>exempla</strong></span> 
     </span>
    </p>
   </div>
   <div class='ocr_carea' id='block_1_55' title="bbox 141 3799 1718 3869">
    <p class='ocr_par' dir='ltr' id='par_1_55' title="bbox 141 3799 1718 3869">
     <span class='ocr_line' id='line_1_55' title="bbox 141 3799 1718 3869; baseline 0.001 -14"><span class='ocrx_word' id='word_1_393' title='bbox 141 3811 486 3864; x_wconf 89' lang='lat' dir='ltr'><strong>sanctorum,</strong></span> <span class='ocrx_word' id='word_1_394' title='bbox 511 3801 602 3869; x_wconf 90' lang='lat' dir='ltr'><strong>qui</strong></span> <span class='ocrx_word' id='word_1_395' title='bbox 627 3799 970 3869; x_wconf 72' lang='lat' dir='ltr'><strong>fragilitatem</strong></span> <span class='ocrx_word' id='word_1_396' title='bbox 992 3803 1170 3856; x_wconf 89' lang='lat' dir='ltr'><strong>carnis</strong></span> <span class='ocrx_word' id='word_1_397' title='bbox 1194 3802 1248 3857; x_wconf 91' lang='lat' dir='ltr'><strong>in</strong></span> <span class='ocrx_word' id='word_1_398' title='bbox 1270 3817 1431 3857; x_wconf 90' lang='lat' dir='ltr'><strong>carne</strong></span> <span class='ocrx_word' id='word_1_399' title='bbox 1455 3803 1718 3868; x_wconf 86' lang='lat' dir='ltr'><strong>viventes,</strong></span> 
     </span>
    </p>
   </div>
   <div class='ocr_carea' id='block_1_56' title="bbox 140 3889 1717 3962">
    <p class='ocr_par' dir='ltr' id='par_1_56' title="bbox 140 3889 1717 3962">
     <span class='ocr_line' id='line_1_56' title="bbox 140 3889 1717 3962; baseline 0.004 -21"><span class='ocrx_word' id='word_1_400' title='bbox 140 3890 295 3959; x_wconf 81' lang='lat' dir='ltr'><strong>quod</strong></span> <span class='ocrx_word' id='word_1_401' title='bbox 370 3889 611 3944; x_wconf 80' lang='lat' dir='ltr'><strong>fecerunt</strong></span> <span class='ocrx_word' id='word_1_402' title='bbox 682 3892 868 3960; x_wconf 85' lang='lat' dir='ltr'><strong>utique</strong></span> <span class='ocrx_word' id='word_1_403' title='bbox 938 3892 1114 3946; x_wconf 83' lang='lat' dir='ltr'><strong>facere</strong></span> <span class='ocrx_word' id='word_1_404' title='bbox 1181 3907 1340 3962; x_wconf 91' lang='lat' dir='ltr'><strong>posse</strong></span> <span class='ocrx_word' id='word_1_405' title='bbox 1401 3894 1717 3961; x_wconf 86' lang='lat' dir='ltr'><strong>docuerunt,</strong></span> 
     </span>
    </p>
   </div>
   <div class='ocr_carea' id='block_1_57' title="bbox 146 3979 1718 4050">
    <p class='ocr_par' dir='ltr' id='par_1_57' title="bbox 146 3979 1718 4050">
     <span class='ocr_line' id='line_1_57' title="bbox 146 3979 1718 4050; baseline 0.004 -17"><span class='ocrx_word' id='word_1_406' title='bbox 146 3979 392 4034; x_wconf 81' lang='lat' dir='ltr'><strong>maxime</strong></span> <span class='ocrx_word' id='word_1_407' title='bbox 437 3979 561 4047; x_wconf 88' lang='lat' dir='ltr'><strong>quia</strong></span> <span class='ocrx_word' id='word_1_408' title='bbox 593 3994 693 4034; x_wconf 87' lang='lat' dir='ltr'><strong>nec</strong></span> <span class='ocrx_word' id='word_1_409' title='bbox 728 3981 825 4050; x_wconf 88' lang='lat' dir='ltr'><strong>ipsi</strong></span> <span class='ocrx_word' id='word_1_410' title='bbox 859 3989 1080 4050; x_wconf 88' lang='lat' dir='ltr'><strong>peccato</strong></span> <span class='ocrx_word' id='word_1_411' title='bbox 1103 3997 1198 4036; x_wconf 89' lang='lat' dir='ltr'><strong>sua</strong></span> <span class='ocrx_word' id='word_1_412' title='bbox 1225 3982 1446 4050; x_wconf 90' lang='lat' dir='ltr'><strong>virtute,</strong></span> <span class='ocrx_word' id='word_1_413' title='bbox 1493 3984 1586 4039; x_wconf 89' lang='lat' dir='ltr'><strong>sed</strong></span> <span class='ocrx_word' id='word_1_414' title='bbox 1611 3979 1718 4039; x_wconf 82' lang='lat' dir='ltr'><strong>Do-</strong></span> 
     </span>
    </p>
   </div>
   <div class='ocr_carea' id='block_1_58' title="bbox 145 4069 1718 4144">
    <p class='ocr_par' dir='ltr' id='par_1_58' title="bbox 145 4069 1718 4144">
     <span class='ocr_line' id='line_1_58' title="bbox 145 4069 1718 4144; baseline 0.004 -19"><span class='ocrx_word' id='word_1_415' title='bbox 145 4069 286 4125; x_wconf 85' lang='lat' dir='ltr'><strong>mini</strong></span> <span class='ocrx_word' id='word_1_416' title='bbox 314 4069 620 4124; x_wconf 84' lang='lat' dir='ltr'><strong>miserantis</strong></span> <span class='ocrx_word' id='word_1_417' title='bbox 655 4072 856 4127; x_wconf 83' lang='lat' dir='ltr'><strong>auxilio</strong></span> <span class='ocrx_word' id='word_1_418' title='bbox 881 4073 1235 4129; x_wconf 89' lang='lat' dir='ltr'><strong>restiterunt:</strong></span> <span class='ocrx_word' id='word_1_419' title='bbox 1267 4075 1358 4144; x_wconf 91' lang='lat' dir='ltr'><strong>qui</strong></span> <span class='ocrx_word' id='word_1_420' title='bbox 1409 4090 1466 4130; x_wconf 85' lang='lat' dir='ltr'><strong>se</strong></span> <span class='ocrx_word' id='word_1_421' title='bbox 1512 4085 1568 4131; x_wconf 91' lang='lat' dir='ltr'><strong>et</strong></span> <span class='ocrx_word' id='word_1_422' title='bbox 1610 4091 1718 4130; x_wconf 92' lang='lat' dir='ltr'><strong>non</strong></span> 
     </span>
    </p>
   </div>
   <div class='ocr_carea' id='block_1_59' title="bbox 143 4158 1720 4231">
    <p class='ocr_par' dir='ltr' id='par_1_59' title="bbox 143 4158 1720 4231">
     <span class='ocr_line' id='line_1_59' title="bbox 143 4158 1720 4231; baseline 0.005 -19"><span class='ocrx_word' id='word_1_423' title='bbox 143 4158 536 4228; x_wconf 73' lang='lat' dir='ltr'><strong>quaerentibus,</strong></span> <span class='ocrx_word' id='word_1_424' title='bbox 583 4167 640 4212; x_wconf 93' lang='lat' dir='ltr'><strong>ut</strong></span> <span class='ocrx_word' id='word_1_425' title='bbox 693 4171 966 4230; x_wconf 72' lang='lat' dir='ltr'><strong>quzeratur</strong></span> <span class='ocrx_word' id='word_1_426' title='bbox 1005 4171 1164 4231; x_wconf 91' lang='lat' dir='ltr'><strong>atque</strong></span> <span class='ocrx_word' id='word_1_427' title='bbox 1195 4163 1248 4218; x_wconf 93' lang='lat' dir='ltr'><strong>in</strong></span> <span class='ocrx_word' id='word_1_428' title='bbox 1293 4179 1416 4219; x_wconf 91' lang='lat' dir='ltr'><strong>eum</strong></span> <span class='ocrx_word' id='word_1_429' title='bbox 1469 4166 1720 4220; x_wconf 86' lang='lat' dir='ltr'><strong>credatur</strong></span> 
     </span>
    </p>
   </div>
   <div class='ocr_carea' id='block_1_60' title="bbox 145 4249 1719 4322">
    <p class='ocr_par' dir='ltr' id='par_1_60' title="bbox 145 4249 1719 4322">
     <span class='ocr_line' id='line_1_60' title="bbox 145 4249 1719 4322; baseline 0.004 -18"><span class='ocrx_word' id='word_1_430' title='bbox 145 4249 408 4315; x_wconf 88' lang='lat' dir='ltr'><strong>ostendit,</strong></span> <span class='ocrx_word' id='word_1_431' title='bbox 447 4258 504 4304; x_wconf 90' lang='lat' dir='ltr'><strong>et</strong></span> <span class='ocrx_word' id='word_1_432' title='bbox 535 4251 818 4306; x_wconf 88' lang='lat' dir='ltr'><strong>credentes</strong></span> <span class='ocrx_word' id='word_1_433' title='bbox 860 4253 911 4306; x_wconf 94' lang='lat' dir='ltr'><strong>in</strong></span> <span class='ocrx_word' id='word_1_434' title='bbox 939 4268 998 4307; x_wconf 91' lang='lat' dir='ltr'><strong>se</strong></span> <span class='ocrx_word' id='word_1_435' title='bbox 1022 4268 1089 4307; x_wconf 91' lang='lat' dir='ltr'><strong>ne</strong></span> <span class='ocrx_word' id='word_1_436' title='bbox 1117 4269 1146 4306; x_wconf 90' lang='lat' dir='ltr'><strong>a</strong></span> <span class='ocrx_word' id='word_1_437' title='bbox 1175 4263 1397 4322; x_wconf 89' lang='lat' dir='ltr'><strong>peccato</strong></span> <span class='ocrx_word' id='word_1_438' title='bbox 1433 4255 1719 4310; x_wconf 88' lang='lat' dir='ltr'><strong>vincantur</strong></span> 
     </span>
    </p>
   </div>
   <div class='ocr_carea' id='block_1_61' title="bbox 151 4338 1718 4413">
    <p class='ocr_par' dir='ltr' id='par_1_61' title="bbox 151 4338 1718 4413">
     <span class='ocr_line' id='line_1_61' title="bbox 151 4338 1718 4413; baseline 0.006 -22"><span class='ocrx_word' id='word_1_439' title='bbox 151 4338 356 4392; x_wconf 88' lang='lat' dir='ltr'><strong>invicta</strong></span> <span class='ocrx_word' id='word_1_440' title='bbox 405 4340 740 4407; x_wconf 86' lang='lat' dir='ltr'><strong>protectione</strong></span> <span class='ocrx_word' id='word_1_441' title='bbox 767 4340 1020 4394; x_wconf 80' lang='lat' dir='ltr'><strong>defendit.</strong></span> <span class='ocrx_word' id='word_1_442' title='bbox 1055 4341 1194 4406; x_wconf 85' lang='lat' dir='ltr'><strong>Quid</strong></span> <span class='ocrx_word' id='word_1_443' title='bbox 1232 4356 1360 4412; x_wconf 90' lang='lat' dir='ltr'><strong>ergo</strong></span> <span class='ocrx_word' id='word_1_444' title='bbox 1411 4345 1718 4413; x_wconf 87' lang='lat' dir='ltr'><strong>responsuri</strong></span> 
     </span>
    </p>
   </div>
   <div class='ocr_carea' id='block_1_62' title="bbox 77 4420 1716 4502">
    <p class='ocr_par' dir='ltr' id='par_1_62' title="bbox 77 4420 1716 4502">
     <span class='ocr_line' id='line_1_62' title="bbox 77 4420 1716 4502; baseline 0.004 -19"><span class='ocrx_word' id='word_1_445' title='bbox 77 4420 85 4426; x_wconf 75' lang='grc'><em>’</em></span> <span class='ocrx_word' id='word_1_446' title='bbox 148 4435 304 4490; x_wconf 87' lang='lat' dir='ltr'><strong>sunt,</strong></span> <span class='ocrx_word' id='word_1_447' title='bbox 336 4427 381 4481; x_wconf 87' lang='lat' dir='ltr'><strong>si</strong></span> <span class='ocrx_word' id='word_1_448' title='bbox 417 4429 496 4483; x_wconf 90' lang='lat' dir='ltr'><strong>eis</strong></span> <span class='ocrx_word' id='word_1_449' title='bbox 518 4429 774 4484; x_wconf 90' lang='lat' dir='ltr'><strong>Dominus</strong></span> <span class='ocrx_word' id='word_1_450' title='bbox 816 4431 961 4484; x_wconf 86' lang='lat' dir='ltr'><strong>dicat</strong></span> <span class='ocrx_word' id='word_1_451' title='bbox 989 4449 1001 4484; x_wconf 87' lang='lat'><strong>:</strong></span> <span class='ocrx_word' id='word_1_452' title='bbox 1035 4429 1090 4484; x_wconf 91' lang='lat' dir='ltr'><strong>Si</strong></span> <span class='ocrx_word' id='word_1_453' title='bbox 1117 4433 1388 4500; x_wconf 89' lang='lat' dir='ltr'><strong>potuistis,</strong></span> <span class='ocrx_word' id='word_1_454' title='bbox 1418 4448 1584 4502; x_wconf 89' lang='lat' dir='ltr'><strong>quare</strong></span> <span class='ocrx_word' id='word_1_455' title='bbox 1614 4451 1716 4490; x_wconf 91' lang='lat' dir='ltr'><strong>non</strong></span> 
     </span>
    </p>
   </div>
   <div class='ocr_carea' id='block_1_63' title="bbox 149 4517 1714 4594">
    <p class='ocr_par' dir='ltr' id='par_1_63' title="bbox 149 4517 1714 4594">
     <span class='ocr_line' id='line_1_63' title="bbox 149 4517 1714 4594; baseline 0.004 -22"><span class='ocrx_word' id='word_1_456' title='bbox 149 4517 436 4592; x_wconf 84' lang='lat' dir='ltr'><strong>restitistis</strong></span> <span class='ocrx_word' id='word_1_457' title='bbox 459 4518 741 4575; x_wconf 87' lang='lat' dir='ltr'><strong>desideriis</strong></span> <span class='ocrx_word' id='word_1_458' title='bbox 784 4521 1164 4590; x_wconf 84' lang='lat' dir='ltr'><strong>peccatorum?</strong></span> <span class='ocrx_word' id='word_1_459' title='bbox 1213 4522 1256 4576; x_wconf 92' lang='lat' dir='ltr'><strong>si</strong></span> <span class='ocrx_word' id='word_1_460' title='bbox 1295 4537 1402 4576; x_wconf 92' lang='lat' dir='ltr'><strong>non</strong></span> <span class='ocrx_word' id='word_1_461' title='bbox 1447 4524 1714 4594; x_wconf 87' lang='lat' dir='ltr'><strong>potuistis,</strong></span> 
     </span>
    </p>
   </div>
   <div class='ocr_carea' id='block_1_64' title="bbox 1829 1882 3409 1970">
    <p class='ocr_par' dir='ltr' id='par_1_64' title="bbox 1829 1882 3409 1970">
     <span class='ocr_line' id='line_1_64' title="bbox 1829 1882 3409 1970; baseline 0.018 -39"><span class='ocrx_word' id='word_1_462' title='bbox 1829 1895 1933 1950; x_wconf 91' lang='lat' dir='ltr'><strong>que</strong></span> <span class='ocrx_word' id='word_1_463' title='bbox 1961 1882 2280 1970; x_wconf 87' lang='lat' dir='ltr'><strong>quibusdam</strong></span> <span class='ocrx_word' id='word_1_464' title='bbox 2328 1886 2396 1940; x_wconf 84' lang='lat' dir='ltr'><strong>ad</strong></span> <span class='ocrx_word' id='word_1_465' title='bbox 2438 1889 2815 1957; x_wconf 79' lang='lat' dir='ltr'><strong>purgationem</strong></span> <span class='ocrx_word' id='word_1_466' title='bbox 2859 1897 3170 1964; x_wconf 87' lang='lat' dir='ltr'><strong>temporalis</strong></span> <span class='ocrx_word' id='word_1_467' title='bbox 3191 1904 3409 1970; x_wconf 86' lang='lat' dir='ltr'><strong>prolicit</strong></span> 
     </span>
    </p>
   </div>
   <div class='ocr_carea' id='block_1_65' title="bbox 1826 1968 3425 2057">
    <p class='ocr_par' dir='ltr' id='par_1_65' title="bbox 1826 1968 3425 2057">
     <span class='ocr_line' id='line_1_65' title="bbox 1826 1968 3425 2057; baseline 0.02 -39"><span class='ocrx_word' id='word_1_468' title='bbox 1826 1979 2004 2057; x_wconf 61' lang='lat' dir='ltr'><strong>paena.</strong></span> <span class='ocrx_word' id='word_1_469' title='bbox 2061 1968 2390 2035; x_wconf 87' lang='lat' dir='ltr'><strong>Quibusdam</strong></span> <span class='ocrx_word' id='word_1_470' title='bbox 2432 1989 2561 2038; x_wconf 77' lang='lat' dir='ltr'><strong>vero</strong></span> <span class='ocrx_word' id='word_1_471' title='bbox 2602 1976 2691 2031; x_wconf 85' lang='lat' dir='ltr'><strong>hic</strong></span> <span class='ocrx_word' id='word_1_472' title='bbox 2739 1979 2958 2036; x_wconf 88' lang='lat' dir='ltr'><strong>inchoat</strong></span> <span class='ocrx_word' id='word_1_473' title='bbox 3002 1968 3307 2057; x_wconf 39' lang='lat' dir='ltr'><strong>damna—tio,</strong></span> <span class='ocrx_word' id='word_1_474' title='bbox 3352 2003 3425 2050; x_wconf 84' lang='lat' dir='ltr'><strong>et.</strong></span> 
     </span>
    </p>
   </div>
   <div class='ocr_carea' id='block_1_66' title="bbox 1826 2055 3404 2152">
    <p class='ocr_par' dir='ltr' id='par_1_66' title="bbox 1826 2055 3404 2152">
     <span class='ocr_line' id='line_1_66' title="bbox 1826 2055 3404 2152; baseline 0.021 -45"><span class='ocrx_word' id='word_1_475' title='bbox 1826 2055 1934 2152; x_wconf 73' lang='lat' dir='ltr'><strong>illic</strong></span> <span class='ocrx_word' id='word_1_476' title='bbox 1982 2057 2222 2152; x_wconf 79' lang='lat' dir='ltr'><strong>perlecta</strong></span> <span class='ocrx_word' id='word_1_477' title='bbox 2271 2071 2522 2152; x_wconf 84' lang='lat' dir='ltr'><strong>speratur</strong></span> <span class='ocrx_word' id='word_1_478' title='bbox 2563 2067 2814 2137; x_wconf 84' lang='lat' dir='ltr'><strong>perditio.</strong></span> <span class='ocrx_word' id='word_1_479' title='bbox 2865 2073 2922 2128; x_wconf 90' lang='lat' dir='ltr'><strong>ln</strong></span> <span class='ocrx_word' id='word_1_480' title='bbox 2957 2073 3164 2144; x_wconf 88' lang='lat' dir='ltr'><strong>judicio</strong></span> <span class='ocrx_word' id='word_1_481' title='bbox 3190 2055 3404 2152; x_wconf 84' lang='lat' dir='ltr'><strong>reprobi</strong></span> 
     </span>
    </p>
   </div>
   <div class='ocr_carea' id='block_1_67' title="bbox 1829 2143 3398 2231">
    <p class='ocr_par' dir='ltr' id='par_1_67' title="bbox 1829 2143 3398 2231">
     <span class='ocr_line' id='line_1_67' title="bbox 1829 2143 3398 2231; baseline 0.022 -36"><span class='ocrx_word' id='word_1_482' title='bbox 1829 2143 2230 2226; x_wconf 68' lang='lat' dir='ltr'><strong>immanitatem</strong></span> <span class='ocrx_word' id='word_1_483' title='bbox 2261 2151 2460 2207; x_wconf 87' lang='lat' dir='ltr'><strong>Christi</strong></span> <span class='ocrx_word' id='word_1_484' title='bbox 2485 2156 2535 2210; x_wconf 90' lang='lat' dir='ltr'><strong>in</strong></span> <span class='ocrx_word' id='word_1_485' title='bbox 2561 2172 2667 2226; x_wconf 89' lang='lat' dir='ltr'><strong>qua</strong></span> <span class='ocrx_word' id='word_1_486' title='bbox 2691 2143 3031 2226; x_wconf 83' lang='lat' dir='ltr'><strong>judicaturus</strong></span> <span class='ocrx_word' id='word_1_487' title='bbox 3057 2180 3138 2225; x_wconf 88' lang='lat' dir='ltr'><strong>est</strong></span> <span class='ocrx_word' id='word_1_488' title='bbox 3167 2143 3398 2231; x_wconf 76' lang='lat' dir='ltr'><strong>videbun</strong></span> 
     </span>
    </p>
   </div>
   <div class='ocr_carea' id='block_1_68' title="bbox 1837 2233 3416 2330">
    <p class='ocr_par' dir='ltr' id='par_1_68' title="bbox 1837 2233 3416 2330">
     <span class='ocr_line' id='line_1_68' title="bbox 1837 2233 3416 2330; baseline 0.024 -46"><span class='ocrx_word' id='word_1_489' title='bbox 1837 2241 1894 2285; x_wconf 91' lang='lat' dir='ltr'><strong>ut</strong></span> <span class='ocrx_word' id='word_1_490' title='bbox 1922 2233 2153 2330; x_wconf 78' lang='lat' dir='ltr'><strong>doleant,</strong></span> <span class='ocrx_word' id='word_1_491' title='bbox 2191 2239 2525 2298; x_wconf 79' lang='lat' dir='ltr'><strong>divinitatem</strong></span> <span class='ocrx_word' id='word_1_492' title='bbox 2558 2261 2686 2302; x_wconf 88' lang='lat' dir='ltr'><strong>vero</strong></span> <span class='ocrx_word' id='word_1_493' title='bbox 2713 2247 2828 2318; x_wconf 81' lang='lat' dir='ltr'><strong>ejus</strong></span> <span class='ocrx_word' id='word_1_494' title='bbox 2853 2269 2960 2308; x_wconf 92' lang='lat' dir='ltr'><strong>non</strong></span> <span class='ocrx_word' id='word_1_495' title='bbox 2992 2258 3283 2330; x_wconf 90' lang='lat' dir='ltr'><strong>videbunt,</strong></span> <span class='ocrx_word' id='word_1_496' title='bbox 3331 2233 3416 2320; x_wconf 32' lang='lat' dir='ltr'><strong>ne‘</strong></span> 
     </span>
    </p>
   </div>
   <div class='ocr_carea' id='block_1_69' title="bbox 1828 2323 3403 2424">
    <p class='ocr_par' dir='ltr' id='par_1_69' title="bbox 1828 2323 3403 2424">
     <span class='ocr_line' id='line_1_69' title="bbox 1828 2323 3403 2424; baseline 0.024 -50"><span class='ocrx_word' id='word_1_497' title='bbox 1828 2323 2116 2424; x_wconf 71' lang='lat' dir='ltr'><strong>gaudeant.</strong></span> <span class='ocrx_word' id='word_1_498' title='bbox 2171 2327 2374 2424; x_wconf 82' lang='lat' dir='ltr'><strong>Quibus</strong></span> <span class='ocrx_word' id='word_1_499' title='bbox 2411 2335 2553 2388; x_wconf 89' lang='lat' dir='ltr'><strong>enim</strong></span> <span class='ocrx_word' id='word_1_500' title='bbox 2584 2337 2837 2396; x_wconf 84' lang='lat' dir='ltr'><strong>divinitas</strong></span> <span class='ocrx_word' id='word_1_501' title='bbox 2860 2347 3181 2416; x_wconf 88' lang='lat' dir='ltr'><strong>ostenditur,</strong></span> <span class='ocrx_word' id='word_1_502' title='bbox 3215 2323 3403 2424; x_wconf 83' lang='lat' dir='ltr'><strong>utique</strong></span> 
     </span>
    </p>
   </div>
   <div class='ocr_carea' id='block_1_70' title="bbox 1824 2411 3420 2500">
    <p class='ocr_par' dir='ltr' id='par_1_70' title="bbox 1824 2411 3420 2500">
     <span class='ocr_line' id='line_1_70' title="bbox 1824 2411 3420 2500; baseline 0.019 -35"><span class='ocrx_word' id='word_1_503' title='bbox 1824 2411 1889 2465; x_wconf 87' lang='lat' dir='ltr'><strong>ad</strong></span> <span class='ocrx_word' id='word_1_504' title='bbox 1913 2415 2164 2483; x_wconf 84' lang='lat' dir='ltr'><strong>gaudium</strong></span> <span class='ocrx_word' id='word_1_505' title='bbox 2195 2419 2612 2478; x_wconf 88' lang='lat' dir='ltr'><strong>demonstratur.</strong></span> <span class='ocrx_word' id='word_1_506' title='bbox 2650 2426 2756 2483; x_wconf 91' lang='lat' dir='ltr'><strong>Pro</strong></span> <span class='ocrx_word' id='word_1_507' title='bbox 2782 2431 3092 2492; x_wconf 89' lang='lat' dir='ltr'><strong>diversitate</strong></span> <span class='ocrx_word' id='word_1_508' title='bbox 3123 2411 3420 2500; x_wconf 22' lang='lat' dir='ltr'><strong>conscious</strong></span> 
     </span>
    </p>
   </div>
   <div class='ocr_carea' id='block_1_71' title="bbox 1823 2595 3421 2690">
    <p class='ocr_par' dir='ltr' id='par_1_71' title="bbox 1823 2595 3421 2690">
     <span class='ocr_line' id='line_1_71' title="bbox 1823 2595 3421 2690; baseline 0.023 -44"><span class='ocrx_word' id='word_1_509' title='bbox 1823 2600 1898 2690; x_wconf 42' lang='lat' dir='ltr'><strong>et.</strong></span> <span class='ocrx_word' id='word_1_510' title='bbox 1923 2595 2180 2690; x_wconf 75' lang='lat' dir='ltr'><strong>terribilis</strong></span> <span class='ocrx_word' id='word_1_511' title='bbox 2215 2603 2485 2690; x_wconf 73' lang='lat' dir='ltr'><strong>reprobis.</strong></span> <span class='ocrx_word' id='word_1_512' title='bbox 2550 2604 2684 2661; x_wconf 90' lang='lat' dir='ltr'><strong>Nam</strong></span> <span class='ocrx_word' id='word_1_513' title='bbox 2733 2612 2950 2679; x_wconf 89' lang='lat' dir='ltr'><strong>qualem</strong></span> <span class='ocrx_word' id='word_1_514' title='bbox 2995 2618 3223 2690; x_wconf 88' lang='lat' dir='ltr'><strong>quisque</strong></span> <span class='ocrx_word' id='word_1_515' title='bbox 3270 2641 3421 2689; x_wconf 77' lang='lat' dir='ltr'><strong>con-,</strong></span> 
     </span>
    </p>
   </div>
   <div class='ocr_carea' id='block_1_72' title="bbox 1823 2682 3392 2774">
    <p class='ocr_par' dir='ltr' id='par_1_72' title="bbox 1823 2682 3392 2774">
     <span class='ocr_line' id='line_1_72' title="bbox 1823 2682 3392 2774; baseline 0.023 -41"><span class='ocrx_word' id='word_1_516' title='bbox 1823 2682 2104 2738; x_wconf 88' lang='lat' dir='ltr'><strong>scientiam</strong></span> <span class='ocrx_word' id='word_1_517' title='bbox 2151 2685 2356 2754; x_wconf 90' lang='lat' dir='ltr'><strong>tulerit,</strong></span> <span class='ocrx_word' id='word_1_518' title='bbox 2385 2691 2543 2746; x_wconf 86' lang='lat' dir='ltr'><strong>talem</strong></span> <span class='ocrx_word' id='word_1_519' title='bbox 2571 2705 2625 2749; x_wconf 89' lang='lat' dir='ltr'><strong>et</strong></span> <span class='ocrx_word' id='word_1_520' title='bbox 2654 2697 2888 2766; x_wconf 86' lang='lat' dir='ltr'><strong>judicem</strong></span> <span class='ocrx_word' id='word_1_521' title='bbox 2919 2682 3168 2774; x_wconf 62' lang='lat' dir='ltr'><strong>habebit,</strong></span> <span class='ocrx_word' id='word_1_522' title='bbox 3193 2701 3250 2765; x_wconf 87' lang='lat' dir='ltr'><strong>ut</strong></span> <span class='ocrx_word' id='word_1_523' title='bbox 3282 2729 3392 2768; x_wconf 53' lang='lat' dir='ltr'><strong>ma-</strong></span> 
     </span>
    </p>
   </div>
   <div class='ocr_carea' id='block_1_73' title="bbox 1823 2772 3400 2858">
    <p class='ocr_par' dir='ltr' id='par_1_73' title="bbox 1823 2772 3400 2858">
     <span class='ocr_line' id='line_1_73' title="bbox 1823 2772 3400 2858; baseline 0.023 -36"><span class='ocrx_word' id='word_1_524' title='bbox 1823 2780 1985 2858; x_wconf 89' lang='lat' dir='ltr'><strong>nente</strong></span> <span class='ocrx_word' id='word_1_525' title='bbox 2014 2772 2067 2826; x_wconf 92' lang='lat' dir='ltr'><strong>in</strong></span> <span class='ocrx_word' id='word_1_526' title='bbox 2109 2789 2204 2829; x_wconf 90' lang='lat' dir='ltr'><strong>sua</strong></span> <span class='ocrx_word' id='word_1_527' title='bbox 2250 2781 2634 2848; x_wconf 80' lang='lat' dir='ltr'><strong>tranquillitate</strong></span> <span class='ocrx_word' id='word_1_528' title='bbox 2662 2785 2910 2856; x_wconf 89' lang='lat' dir='ltr'><strong>Christo,</strong></span> <span class='ocrx_word' id='word_1_529' title='bbox 2954 2792 3060 2849; x_wconf 91' lang='lat' dir='ltr'><strong>illis</strong></span> <span class='ocrx_word' id='word_1_530' title='bbox 3085 2772 3212 2853; x_wconf 90' lang='lat' dir='ltr'><strong>solis</strong></span> <span class='ocrx_word' id='word_1_531' title='bbox 3240 2804 3400 2858; x_wconf 90' lang='lat' dir='ltr'><strong>terri-</strong></span> 
     </span>
    </p>
   </div>
   <div class='ocr_carea' id='block_1_74' title="bbox 1821 2857 3288 2958">
    <p class='ocr_par' dir='ltr' id='par_1_74' title="bbox 1821 2857 3288 2958">
     <span class='ocr_line' id='line_1_74' title="bbox 1821 2857 3288 2958; baseline 0.023 -48"><span class='ocrx_word' id='word_1_532' title='bbox 1821 2857 1945 2914; x_wconf 78' lang='lat' dir='ltr'><strong>bilis</strong></span> <span class='ocrx_word' id='word_1_533' title='bbox 1966 2871 2244 2931; x_wconf 84' lang='lat' dir='ltr'><strong>appareat,</strong></span> <span class='ocrx_word' id='word_1_534' title='bbox 2269 2880 2407 2958; x_wconf 80' lang='lat' dir='ltr'><strong>quos</strong></span> <span class='ocrx_word' id='word_1_535' title='bbox 2433 2872 2766 2930; x_wconf 90' lang='lat' dir='ltr'><strong>conscientia</strong></span> <span class='ocrx_word' id='word_1_536' title='bbox 2789 2876 2844 2931; x_wconf 90' lang='lat' dir='ltr'><strong>in</strong></span> <span class='ocrx_word' id='word_1_537' title='bbox 2872 2881 3029 2937; x_wconf 89' lang='lat' dir='ltr'><strong>malis</strong></span> <span class='ocrx_word' id='word_1_538' title='bbox 3051 2899 3288 2944; x_wconf 85' lang='lat' dir='ltr'><strong>accusat.</strong></span> 
     </span>
    </p>
   </div>
   <div class='ocr_carea' id='block_1_75' title="bbox 2390 2979 2812 3042">
    <p class='ocr_par' dir='ltr' id='par_1_75' title="bbox 2390 2979 2812 3042">
     <span class='ocr_line' id='line_1_75' title="bbox 2390 2979 2812 3042; baseline 0.019 -8"><span class='ocrx_word' id='word_1_539' title='bbox 2390 2979 2619 3038; x_wconf 88' lang='lat' dir='ltr'><strong>CAPUT</strong></span> <span class='ocrx_word' id='word_1_540' title='bbox 2653 2984 2812 3042; x_wconf 82' lang='lat' dir='ltr'><strong>XVII.</strong></span> 
     </span>
    </p>
   </div>
   <div class='ocr_carea' id='block_1_76' title="bbox 1821 3049 3368 3150">
    <p class='ocr_par' dir='ltr' id='par_1_76' title="bbox 1821 3049 3368 3150">
     <span class='ocr_line' id='line_1_76' title="bbox 1821 3049 3368 3150; baseline 0.026 -40"><span class='ocrx_word' id='word_1_541' title='bbox 1821 3049 1975 3123; x_wconf 82' lang='lat' dir='ltr'><strong>Quod</strong></span> <span class='ocrx_word' id='word_1_542' title='bbox 2002 3061 2056 3115; x_wconf 87' lang='lat' dir='ltr'><strong>in</strong></span> <span class='ocrx_word' id='word_1_543' title='bbox 2073 3057 2281 3133; x_wconf 78' lang='lat' dir='ltr'><strong>judicio</strong></span> <span class='ocrx_word' id='word_1_544' title='bbox 2309 3067 2488 3150; x_wconf 75' lang='lat' dir='ltr'><strong>futuro</strong></span> <span class='ocrx_word' id='word_1_545' title='bbox 2510 3072 2614 3126; x_wconf 90' lang='lat' dir='ltr'><strong>duo</strong></span> <span class='ocrx_word' id='word_1_546' title='bbox 2648 3087 2798 3150; x_wconf 80' lang='lat' dir='ltr'><strong>erunt</strong></span> <span class='ocrx_word' id='word_1_547' title='bbox 2839 3082 3048 3141; x_wconf 82' lang='lat' dir='ltr'><strong>ordines</strong></span> <span class='ocrx_word' id='word_1_548' title='bbox 3091 3087 3368 3150; x_wconf 84' lang='lat' dir='ltr'><strong>electorum</strong></span> 
     </span>
    </p>
   </div>
   <div class='ocr_carea' id='block_1_77' title="bbox 2323 3137 3391 3212">
    <p class='ocr_par' dir='ltr' id='par_1_77' title="bbox 2323 3137 3391 3212">
     <span class='ocr_line' id='line_1_77' title="bbox 2323 3137 3391 3212; baseline 0.016 -22"><span class='ocrx_word' id='word_1_549' title='bbox 2323 3147 2371 3191; x_wconf 91' lang='lat' dir='ltr'><strong>et</strong></span> <span class='ocrx_word' id='word_1_550' title='bbox 2402 3139 2506 3194; x_wconf 89' lang='lat' dir='ltr'><strong>duo</strong></span> <span class='ocrx_word' id='word_1_551' title='bbox 2529 3145 2880 3212; x_wconf 85' lang='lat' dir='ltr'><strong>reproborum.</strong></span> <span class='ocrx_word' id='word_1_552' title='bbox 3093 3137 3391 3162; x_wconf 42' lang='lat' dir='ltr'><strong>&quot;mw-nu</strong></span> 
     </span>
    </p>
   </div>
   <div class='ocr_carea' id='block_1_78' title="bbox 1891 3237 3418 3330">
    <p class='ocr_par' dir='ltr' id='par_1_78' title="bbox 1891 3237 3418 3330">
     <span class='ocr_line' id='line_1_78' title="bbox 1891 3237 3418 3330; baseline 0.026 -39"><span class='ocrx_word' id='word_1_553' title='bbox 1891 3237 2006 3294; x_wconf 91' lang='lat' dir='ltr'><strong>Duo</strong></span> <span class='ocrx_word' id='word_1_554' title='bbox 2053 3250 2179 3330; x_wconf 89' lang='lat' dir='ltr'><strong>sunt</strong></span> <span class='ocrx_word' id='word_1_555' title='bbox 2240 3246 2457 3303; x_wconf 88' lang='lat' dir='ltr'><strong>ordines</strong></span> <span class='ocrx_word' id='word_1_556' title='bbox 2504 3249 2796 3310; x_wconf 86' lang='lat' dir='ltr'><strong>electorum</strong></span> <span class='ocrx_word' id='word_1_557' title='bbox 2846 3259 2899 3313; x_wconf 92' lang='lat' dir='ltr'><strong>in</strong></span> <span class='ocrx_word' id='word_1_558' title='bbox 2937 3260 3141 3330; x_wconf 88' lang='lat' dir='ltr'><strong>judicio</strong></span> <span class='ocrx_word' id='word_1_559' title='bbox 3187 3268 3418 3328; x_wconf 81' lang='lat' dir='ltr'><strong>futuro.-</strong></span> 
     </span>
    </p>
   </div>
   <div class='ocr_carea' id='block_1_79' title="bbox 1823 3325 3394 3428">
    <p class='ocr_par' dir='ltr' id='par_1_79' title="bbox 1823 3325 3394 3428">
     <span class='ocr_line' id='line_1_79' title="bbox 1823 3325 3394 3428; baseline 0.022 -46"><span class='ocrx_word' id='word_1_560' title='bbox 1823 3325 1973 3383; x_wconf 91' lang='lat' dir='ltr'><strong>Unus</strong></span> <span class='ocrx_word' id='word_1_561' title='bbox 2011 3328 2368 3400; x_wconf 88' lang='lat' dir='ltr'><strong>judicantium</strong></span> <span class='ocrx_word' id='word_1_562' title='bbox 2418 3353 2541 3392; x_wconf 89' lang='lat' dir='ltr'><strong>cum</strong></span> <span class='ocrx_word' id='word_1_563' title='bbox 2586 3340 2852 3412; x_wconf 89' lang='lat' dir='ltr'><strong>Domino,</strong></span> <span class='ocrx_word' id='word_1_564' title='bbox 2910 3325 3001 3420; x_wconf 79' lang='lat' dir='ltr'><strong>qui</strong></span> <span class='ocrx_word' id='word_1_565' title='bbox 3060 3356 3394 3428; x_wconf 80' lang='lat' dir='ltr'><strong>reliquerunt</strong></span> 
     </span>
    </p>
   </div>
   <div class='ocr_carea' id='block_1_80' title="bbox 1819 3419 3390 3507">
    <p class='ocr_par' dir='ltr' id='par_1_80' title="bbox 1819 3419 3390 3507">
     <span class='ocr_line' id='line_1_80' title="bbox 1819 3419 3390 3507; baseline 0.023 -35"><span class='ocrx_word' id='word_1_566' title='bbox 1819 3419 2021 3484; x_wconf 88' lang='lat' dir='ltr'><strong>omnia,</strong></span> <span class='ocrx_word' id='word_1_567' title='bbox 2046 3427 2101 3475; x_wconf 85' lang='lat' dir='ltr'><strong>et</strong></span> <span class='ocrx_word' id='word_1_568' title='bbox 2129 3425 2296 3478; x_wconf 90' lang='lat' dir='ltr'><strong>secuti</strong></span> <span class='ocrx_word' id='word_1_569' title='bbox 2328 3436 2453 3481; x_wconf 92' lang='lat' dir='ltr'><strong>sunt</strong></span> <span class='ocrx_word' id='word_1_570' title='bbox 2478 3429 2656 3499; x_wconf 91' lang='lat' dir='ltr'><strong>illum,</strong></span> <span class='ocrx_word' id='word_1_571' title='bbox 2698 3435 2764 3490; x_wconf 90' lang='lat' dir='ltr'><strong>de</strong></span> <span class='ocrx_word' id='word_1_572' title='bbox 2793 3419 2986 3507; x_wconf 84' lang='lat' dir='ltr'><strong>quibus</strong></span> <span class='ocrx_word' id='word_1_573' title='bbox 3015 3419 3247 3503; x_wconf 60' lang='lat' dir='ltr'><strong>dicitur:</strong></span> <span class='ocrx_word' id='word_1_574' title='bbox 3285 3450 3390 3506; x_wconf 82' lang='lat' dir='ltr'><strong>Vos</strong></span> 
     </span>
    </p>
   </div>
   <div class='ocr_carea' id='block_1_81' title="bbox 1819 3510 3411 3611">
    <p class='ocr_par' dir='ltr' id='par_1_81' title="bbox 1819 3510 3411 3611">
     <span class='ocr_line' id='line_1_81' title="bbox 1819 3510 3411 3611; baseline 0.025 -51"><span class='ocrx_word' id='word_1_575' title='bbox 1819 3510 1908 3578; x_wconf 89' lang='lat' dir='ltr'><strong>qui</strong></span> <span class='ocrx_word' id='word_1_576' title='bbox 1939 3510 2217 3582; x_wconf 84' lang='lat' dir='ltr'><strong>reliquistis</strong></span> <span class='ocrx_word' id='word_1_577' title='bbox 2246 3519 2442 3582; x_wconf 86' lang='lat' dir='ltr'><strong>omnia,</strong></span> <span class='ocrx_word' id='word_1_578' title='bbox 2469 3531 2515 3574; x_wconf 91' lang='lat' dir='ltr'><strong>et</strong></span> <span class='ocrx_word' id='word_1_579' title='bbox 2542 3526 2706 3578; x_wconf 87' lang='lat' dir='ltr'><strong>secuti</strong></span> <span class='ocrx_word' id='word_1_580' title='bbox 2737 3530 2860 3583; x_wconf 84' lang='lat' dir='ltr'><strong>estis</strong></span> <span class='ocrx_word' id='word_1_581' title='bbox 2898 3549 3006 3600; x_wconf 91' lang='lat' dir='ltr'><strong>me,</strong></span> <span class='ocrx_word' id='word_1_582' title='bbox 3032 3537 3088 3590; x_wconf 91' lang='lat' dir='ltr'><strong>in</strong></span> <span class='ocrx_word' id='word_1_583' title='bbox 3112 3515 3411 3611; x_wconf 5' lang='lat' dir='ltr'><strong>&#39;regenera-i</strong></span> 
     </span>
    </p>
   </div>
   <div class='ocr_carea' id='block_1_82' title="bbox 1820 3598 3412 3702">
    <p class='ocr_par' dir='ltr' id='par_1_82' title="bbox 1820 3598 3412 3702">
     <span class='ocr_line' id='line_1_82' title="bbox 1820 3598 3412 3702; baseline 0.023 -46"><span class='ocrx_word' id='word_1_584' title='bbox 1820 3598 1958 3658; x_wconf 82' lang='lat' dir='ltr'><strong>tione</strong></span> <span class='ocrx_word' id='word_1_585' title='bbox 1981 3643 1998 3670; x_wconf 93' lang='lat'><strong>,</strong></span> <span class='ocrx_word' id='word_1_586' title='bbox 2028 3623 2144 3660; x_wconf 91' lang='lat' dir='ltr'><strong>cum</strong></span> <span class='ocrx_word' id='word_1_587' title='bbox 2172 3610 2362 3665; x_wconf 86' lang='lat' dir='ltr'><strong>sederit</strong></span> <span class='ocrx_word' id='word_1_588' title='bbox 2388 3611 2560 3670; x_wconf 82' lang='lat' dir='ltr'><strong>Filius</strong></span> <span class='ocrx_word' id='word_1_589' title='bbox 2593 3617 2816 3676; x_wconf 82' lang='lat' dir='ltr'><strong>hominis</strong></span> <span class='ocrx_word' id='word_1_590' title='bbox 2860 3625 2913 3678; x_wconf 90' lang='lat' dir='ltr'><strong>in</strong></span> <span class='ocrx_word' id='word_1_591' title='bbox 2940 3598 3060 3682; x_wconf 83' lang='lat' dir='ltr'><strong>sede</strong></span> <span class='ocrx_word' id='word_1_592' title='bbox 3100 3598 3412 3702; x_wconf 21' lang='lat' dir='ltr'><strong>majestatis.</strong></span> 
     </span>
    </p>
   </div>
   <div class='ocr_carea' id='block_1_83' title="bbox 1819 3696 3412 3791">
    <p class='ocr_par' dir='ltr' id='par_1_83' title="bbox 1819 3696 3412 3791">
     <span class='ocr_line' id='line_1_83' title="bbox 1819 3696 3412 3791; baseline 0.023 -46"><span class='ocrx_word' id='word_1_593' title='bbox 1819 3696 2208 3791; x_wconf 40' lang='lat' dir='ltr'><strong>suas-sedebitis</strong></span> <span class='ocrx_word' id='word_1_594' title='bbox 2231 3708 2280 3753; x_wconf 86' lang='lat' dir='ltr'><strong>et</strong></span> <span class='ocrx_word' id='word_1_595' title='bbox 2303 3717 2408 3767; x_wconf 83' lang='lat' dir='ltr'><strong>vos,</strong></span> <span class='ocrx_word' id='word_1_596' title='bbox 2438 3721 2594 3775; x_wconf 87' lang='lat' dir='ltr'><strong>super</strong></span> <span class='ocrx_word' id='word_1_597' title='bbox 2619 3710 2764 3765; x_wconf 83' lang='lat' dir='ltr'><strong>sedes</strong></span> <span class='ocrx_word' id='word_1_598' title='bbox 2798 3711 3070 3772; x_wconf 86' lang='lat' dir='ltr'><strong>duodecim</strong></span> <span class='ocrx_word' id='word_1_599' title='bbox 3085 3696 3412 3791; x_wconf 46' lang='lat' dir='ltr'><strong>judicantes,</strong></span> 
     </span>
    </p>
   </div>
   <div class='ocr_carea' id='block_1_84' title="bbox 1819 3784 3386 3889">
    <p class='ocr_par' dir='ltr' id='par_1_84' title="bbox 1819 3784 3386 3889">
     <span class='ocr_line' id='line_1_84' title="bbox 1819 3784 3386 3889; baseline 0.024 -54"><span class='ocrx_word' id='word_1_600' title='bbox 1819 3784 2092 3889; x_wconf 73' lang='lat' dir='ltr'><strong>duodecim</strong></span> <span class='ocrx_word' id='word_1_601' title='bbox 2120 3789 2284 3889; x_wconf 46' lang='lat' dir='ltr'><strong>tribus</strong></span> <span class='ocrx_word' id='word_1_602' title='bbox 2309 3791 2481 3889; x_wconf 64' lang='lat' dir='ltr'><strong>lsrael</strong></span> <span class='ocrx_word' id='word_1_603' title='bbox 2527 3797 2739 3868; x_wconf 77' lang='lat' dir='ltr'><strong>(Matth.</strong></span> <span class='ocrx_word' id='word_1_604' title='bbox 2773 3807 2908 3876; x_wconf 78' lang='lat' dir='ltr'><strong>xix).</strong></span> <span class='ocrx_word' id='word_1_605' title='bbox 2964 3784 3112 3866; x_wconf 78' lang='lat' dir='ltr'><strong>Alius</strong></span> <span class='ocrx_word' id='word_1_606' title='bbox 3135 3815 3267 3871; x_wconf 91' lang='lat' dir='ltr'><strong>ordo</strong></span> <span class='ocrx_word' id='word_1_607' title='bbox 3294 3817 3386 3889; x_wconf 86' lang='lat' dir='ltr'><strong>ju-</strong></span> 
     </span>
    </p>
   </div>
   <div class='ocr_carea' id='block_1_85' title="bbox 1819 3875 3381 3980">
    <p class='ocr_par' dir='ltr' id='par_1_85' title="bbox 1819 3875 3381 3980">
     <span class='ocr_line' id='line_1_85' title="bbox 1819 3875 3381 3980; baseline 0.024 -53"><span class='ocrx_word' id='word_1_608' title='bbox 1819 3875 2094 3980; x_wconf 75' lang='lat' dir='ltr'><strong>dicaturus</strong></span> <span class='ocrx_word' id='word_1_609' title='bbox 2119 3895 2150 3933; x_wconf 90' lang='lat' dir='ltr'><strong>a</strong></span> <span class='ocrx_word' id='word_1_610' title='bbox 2177 3881 2432 3950; x_wconf 90' lang='lat' dir='ltr'><strong>Domino,</strong></span> <span class='ocrx_word' id='word_1_611' title='bbox 2459 3889 2548 3957; x_wconf 91' lang='lat' dir='ltr'><strong>qui</strong></span> <span class='ocrx_word' id='word_1_612' title='bbox 2572 3906 2677 3946; x_wconf 91' lang='lat' dir='ltr'><strong>non</strong></span> <span class='ocrx_word' id='word_1_613' title='bbox 2703 3875 2920 3964; x_wconf 90' lang='lat' dir='ltr'><strong>quidem</strong></span> <span class='ocrx_word' id='word_1_614' title='bbox 2953 3905 3131 3959; x_wconf 89' lang='lat' dir='ltr'><strong>omnia</strong></span> <span class='ocrx_word' id='word_1_615' title='bbox 3156 3922 3248 3963; x_wconf 92' lang='lat' dir='ltr'><strong>sua</strong></span> <span class='ocrx_word' id='word_1_616' title='bbox 3285 3875 3381 3980; x_wconf 79' lang='lat' dir='ltr'><strong>pa-</strong></span> 
     </span>
    </p>
   </div>
   <div class='ocr_carea' id='block_1_86' title="bbox 1821 3965 3427 4062">
    <p class='ocr_par' dir='ltr' id='par_1_86' title="bbox 1821 3965 3427 4062">
     <span class='ocr_line' id='line_1_86' title="bbox 1821 3965 3427 4062; baseline 0.027 -45"><span class='ocrx_word' id='word_1_617' title='bbox 1821 3965 2316 4062; x_wconf 32' lang='lat' dir='ltr'><strong>riter-reliquerunt</strong></span> <span class='ocrx_word' id='word_1_618' title='bbox 2340 4015 2354 4041; x_wconf 97' lang='lat'><strong>,</strong></span> <span class='ocrx_word' id='word_1_619' title='bbox 2401 3981 2498 4033; x_wconf 91' lang='lat' dir='ltr'><strong>sed</strong></span> <span class='ocrx_word' id='word_1_620' title='bbox 2525 3980 2590 4036; x_wconf 88' lang='lat' dir='ltr'><strong>de</strong></span> <span class='ocrx_word' id='word_1_621' title='bbox 2629 3983 2713 4039; x_wconf 89' lang='lat' dir='ltr'><strong>his</strong></span> <span class='ocrx_word' id='word_1_622' title='bbox 2754 3994 2929 4043; x_wconf 89' lang='lat' dir='ltr'><strong>tamen</strong></span> <span class='ocrx_word' id='word_1_623' title='bbox 2961 4008 3080 4062; x_wconf 67' lang='lat' dir='ltr'><strong>quae</strong></span> <span class='ocrx_word' id='word_1_624' title='bbox 3116 3965 3390 4060; x_wconf 63' lang='lat' dir='ltr'><strong>habebant</strong></span> <span class='ocrx_word' id='word_1_625' title='bbox 3425 3983 3427 3985; x_wconf 10' lang='lat'><strong><em>1</em></strong></span> 
     </span>
    </p>
   </div>
   <div class='ocr_carea' id='block_1_87' title="bbox 1819 4059 3384 4154">
    <p class='ocr_par' dir='ltr' id='par_1_87' title="bbox 1819 4059 3384 4154">
     <span class='ocr_line' id='line_1_87' title="bbox 1819 4059 3384 4154; baseline 0.026 -44"><span class='ocrx_word' id='word_1_626' title='bbox 1819 4059 2159 4154; x_wconf 79' lang='lat' dir='ltr'><strong>quotidianas</strong></span> <span class='ocrx_word' id='word_1_627' title='bbox 2206 4064 2336 4121; x_wconf 91' lang='lat' dir='ltr'><strong>dare</strong></span> <span class='ocrx_word' id='word_1_628' title='bbox 2383 4068 2752 4145; x_wconf 86' lang='lat' dir='ltr'><strong>eleemosynas</strong></span> <span class='ocrx_word' id='word_1_629' title='bbox 2793 4059 3140 4154; x_wconf 77' lang='lat' dir='ltr'><strong>pauperibus,</strong></span> <span class='ocrx_word' id='word_1_630' title='bbox 3186 4059 3384 4150; x_wconf 84' lang='lat' dir='ltr'><strong>Christi</strong></span> 
     </span>
    </p>
   </div>
   <div class='ocr_carea' id='block_1_88' title="bbox 1820 4150 3390 4248">
    <p class='ocr_par' dir='ltr' id='par_1_88' title="bbox 1820 4150 3390 4248">
     <span class='ocr_line' id='line_1_88' title="bbox 1820 4150 3390 4248; baseline 0.025 -47"><span class='ocrx_word' id='word_1_631' title='bbox 1820 4150 2101 4248; x_wconf 73' lang='lat' dir='ltr'><strong>curabant,</strong></span> <span class='ocrx_word' id='word_1_632' title='bbox 2129 4157 2272 4211; x_wconf 90' lang='lat' dir='ltr'><strong>unde</strong></span> <span class='ocrx_word' id='word_1_633' title='bbox 2301 4159 2531 4217; x_wconf 88' lang='lat' dir='ltr'><strong>audituri</strong></span> <span class='ocrx_word' id='word_1_634' title='bbox 2557 4174 2684 4220; x_wconf 86' lang='lat' dir='ltr'><strong>sunt</strong></span> <span class='ocrx_word' id='word_1_635' title='bbox 2724 4167 2777 4222; x_wconf 92' lang='lat' dir='ltr'><strong>in</strong></span> <span class='ocrx_word' id='word_1_636' title='bbox 2809 4150 3028 4240; x_wconf 79' lang='lat' dir='ltr'><strong>judicio.</strong></span> <span class='ocrx_word' id='word_1_637' title='bbox 3079 4150 3276 4248; x_wconf 78' lang='lat' dir='ltr'><strong>Venite,</strong></span> <span class='ocrx_word' id='word_1_638' title='bbox 3306 4189 3390 4241; x_wconf 83' lang='lat' dir='ltr'><strong>be-</strong></span> 
     </span>
    </p>
   </div>
   <div class='ocr_carea' id='block_1_89' title="bbox 1820 4241 3384 4341">
    <p class='ocr_par' dir='ltr' id='par_1_89' title="bbox 1820 4241 3384 4341">
     <span class='ocr_line' id='line_1_89' title="bbox 1820 4241 3384 4341; baseline 0.026 -51"><span class='ocrx_word' id='word_1_639' title='bbox 1820 4241 2010 4341; x_wconf 71' lang='lat' dir='ltr'><strong>nedicti</strong></span> <span class='ocrx_word' id='word_1_640' title='bbox 2035 4241 2215 4299; x_wconf 82' lang='lat' dir='ltr'><strong>Patris</strong></span> <span class='ocrx_word' id='word_1_641' title='bbox 2249 4249 2369 4316; x_wconf 89' lang='lat' dir='ltr'><strong>mei,</strong></span> <span class='ocrx_word' id='word_1_642' title='bbox 2394 4255 2648 4321; x_wconf 86' lang='lat' dir='ltr'><strong>possidete</strong></span> <span class='ocrx_word' id='word_1_643' title='bbox 2665 4270 2909 4327; x_wconf 87' lang='lat' dir='ltr'><strong>paratum</strong></span> <span class='ocrx_word' id='word_1_644' title='bbox 2938 4267 3076 4321; x_wconf 80' lang='lat' dir='ltr'><strong>vobis</strong></span> <span class='ocrx_word' id='word_1_645' title='bbox 3113 4241 3325 4341; x_wconf 78' lang='lat' dir='ltr'><strong>regnum</strong></span> <span class='ocrx_word' id='word_1_646' title='bbox 3353 4296 3384 4330; x_wconf 78' lang='grc' dir='ltr'><em>α</em></span> 
     </span>
    </p>
   </div>
   <div class='ocr_carea' id='block_1_90' title="bbox 1821 4333 3386 4421">
    <p class='ocr_par' dir='ltr' id='par_1_90' title="bbox 1821 4333 3386 4421">
     <span class='ocr_line' id='line_1_90' title="bbox 1821 4333 3386 4421; baseline 0.026 -40"><span class='ocrx_word' id='word_1_647' title='bbox 1821 4333 2184 4390; x_wconf 85' lang='lat' dir='ltr'><strong>constitutione</strong></span> <span class='ocrx_word' id='word_1_648' title='bbox 2221 4342 2422 4394; x_wconf 80' lang='lat' dir='ltr'><strong>mundi.</strong></span> <span class='ocrx_word' id='word_1_649' title='bbox 2475 4342 2690 4401; x_wconf 80' lang='lat' dir='ltr'><strong>Esurivi</strong></span> <span class='ocrx_word' id='word_1_650' title='bbox 2724 4351 2864 4404; x_wconf 85' lang='lat' dir='ltr'><strong>enim</strong></span> <span class='ocrx_word' id='word_1_651' title='bbox 2907 4363 2956 4406; x_wconf 85' lang='lat' dir='ltr'><strong>et</strong></span> <span class='ocrx_word' id='word_1_652' title='bbox 3003 4333 3219 4416; x_wconf 70' lang='lat' dir='ltr'><strong>dedistis</strong></span> <span class='ocrx_word' id='word_1_653' title='bbox 3260 4368 3386 4421; x_wconf 71' lang='lat' dir='ltr'><strong>milii</strong></span> 
     </span>
    </p>
   </div>
   <div class='ocr_carea' id='block_1_91' title="bbox 1821 4422 3386 4511">
    <p class='ocr_par' dir='ltr' id='par_1_91' title="bbox 1821 4422 3386 4511">
     <span class='ocr_line' id='line_1_91' title="bbox 1821 4422 3386 4511; baseline 0.026 -41"><span class='ocrx_word' id='word_1_654' title='bbox 1821 4422 2172 4511; x_wconf 75' lang='lat' dir='ltr'><strong>manducare,</strong></span> <span class='ocrx_word' id='word_1_655' title='bbox 2202 4429 2344 4482; x_wconf 85' lang='lat' dir='ltr'><strong>sitivi</strong></span> <span class='ocrx_word' id='word_1_656' title='bbox 2367 4470 2382 4494; x_wconf 92' lang='lat'><strong>,</strong></span> <span class='ocrx_word' id='word_1_657' title='bbox 2431 4441 2481 4485; x_wconf 84' lang='lat' dir='ltr'><strong>et</strong></span> <span class='ocrx_word' id='word_1_658' title='bbox 2522 4437 2738 4503; x_wconf 83' lang='lat' dir='ltr'><strong>potastis</strong></span> <span class='ocrx_word' id='word_1_659' title='bbox 2785 4455 2885 4494; x_wconf 89' lang='lat' dir='ltr'><strong>me.</strong></span> <span class='ocrx_word' id='word_1_660' title='bbox 2926 4441 3120 4501; x_wconf 86' lang='lat' dir='ltr'><strong>Nudus</strong></span> <span class='ocrx_word' id='word_1_661' title='bbox 3162 4467 3303 4506; x_wconf 85' lang='lat' dir='ltr'><strong>eram</strong></span> <span class='ocrx_word' id='word_1_662' title='bbox 3337 4469 3386 4511; x_wconf 89' lang='lat' dir='ltr'><strong>et</strong></span> 
     </span>
    </p>
   </div>
   <div class='ocr_carea' id='block_1_92' title="bbox 1821 4509 3384 4605">
    <p class='ocr_par' dir='ltr' id='par_1_92' title="bbox 1821 4509 3384 4605">
     <span class='ocr_line' id='line_1_92' title="bbox 1821 4509 3384 4605; baseline 0.026 -45"><span class='ocrx_word' id='word_1_663' title='bbox 1821 4509 2040 4605; x_wconf 38' lang='lat' dir='ltr'><strong>eest-istis</strong></span> <span class='ocrx_word' id='word_1_664' title='bbox 2066 4530 2168 4605; x_wconf 72' lang='lat' dir='ltr'><strong>me,</strong></span> <span class='ocrx_word' id='word_1_665' title='bbox 2193 4523 2298 4572; x_wconf 91' lang='lat' dir='ltr'><strong>etc.</strong></span> <span class='ocrx_word' id='word_1_666' title='bbox 2326 4519 2540 4590; x_wconf 69' lang='lat' dir='ltr'><strong>(Matth.</strong></span> <span class='ocrx_word' id='word_1_667' title='bbox 2562 4525 2712 4596; x_wconf 85' lang='lat' dir='ltr'><strong>xxv.)</strong></span> <span class='ocrx_word' id='word_1_668' title='bbox 2740 4526 2844 4585; x_wconf 85' lang='lat' dir='ltr'><strong>Sed</strong></span> <span class='ocrx_word' id='word_1_669' title='bbox 2876 4540 2930 4586; x_wconf 89' lang='lat' dir='ltr'><strong>et</strong></span> <span class='ocrx_word' id='word_1_670' title='bbox 2955 4540 3301 4605; x_wconf 88' lang='lat' dir='ltr'><strong>reproborum</strong></span> 
     </span>
    </p>
   </div>
   <div class='ocr_carea' id='block_1_93' title="bbox 148 4593 3384 4689">
    <p class='ocr_par' dir='ltr' id='par_1_93' title="bbox 148 4593 3384 4689">
     <span class='ocr_line' id='line_1_93' title="bbox 148 4593 3384 4689; baseline 0.016 -53"><span class='ocrx_word' id='word_1_671' title='bbox 148 4621 327 4676; x_wconf 60' lang='lat' dir='ltr'><strong>quam</strong></span> <span class='ocrx_word' id='word_1_672' title='bbox 348 4621 524 4661; x_wconf 69' lang='lat' dir='ltr'><strong>meum</strong></span> <span class='ocrx_word' id='word_1_673' title='bbox 552 4616 738 4662; x_wconf 52' lang='lat' dir='ltr'><strong>contra</strong></span> <span class='ocrx_word' id='word_1_674' title='bbox 758 4617 976 4678; x_wconf 48' lang='lat' dir='ltr'><strong>peccata</strong></span> <span class='ocrx_word' id='word_1_675' title='bbox 1005 4625 1110 4662; x_wconf 80' lang='grc' dir='ltr'><strong>ηοη</strong></span> <span class='ocrx_word' id='word_1_676' title='bbox 1138 4611 1405 4680; x_wconf 59' lang='grc' dir='ltr'><strong>ηηωείειεε</strong></span> <span class='ocrx_word' id='word_1_677' title='bbox 1428 4593 1720 4668; x_wconf 55' lang='grc' dir='ltr'><strong>έυχίιίυιητ</strong></span> <span class='ocrx_word' id='word_1_678' title='bbox 1813 4593 2021 4665; x_wconf 89' lang='lat' dir='ltr'><strong>judicio</strong></span> <span class='ocrx_word' id='word_1_679' title='bbox 2061 4601 2166 4657; x_wconf 89' lang='lat' dir='ltr'><strong>duo</strong></span> <span class='ocrx_word' id='word_1_680' title='bbox 2204 4607 2422 4663; x_wconf 91' lang='lat' dir='ltr'><strong>ordines</strong></span> <span class='ocrx_word' id='word_1_681' title='bbox 2454 4609 2665 4670; x_wconf 81' lang='lat' dir='ltr'><strong>futuros</strong></span> <span class='ocrx_word' id='word_1_682' title='bbox 2692 4593 2927 4676; x_wconf 88' lang='lat' dir='ltr'><strong>Domino</strong></span> <span class='ocrx_word' id='word_1_683' title='bbox 2958 4593 3211 4685; x_wconf 67' lang='lat' dir='ltr'><strong>minante</strong></span> <span class='ocrx_word' id='word_1_684' title='bbox 3239 4593 3384 4689; x_wconf 57' lang='lat' dir='ltr'><strong>coni:</strong></span> 
     </span>
    </p>
   </div>
   <div class='ocr_carea' id='block_1_94' title="bbox 154 4695 1717 4766">
    <p class='ocr_par' dir='ltr' id='par_1_94' title="bbox 154 4695 1717 4766">
     <span class='ocr_line' id='line_1_94' title="bbox 154 4695 1717 4766; baseline 0.004 -15"><span class='ocrx_word' id='word_1_685' title='bbox 154 4703 254 4751; x_wconf 87' lang='lat' dir='ltr'><strong>aut</strong></span> <span class='ocrx_word' id='word_1_686' title='bbox 273 4695 564 4763; x_wconf 88' lang='lat' dir='ltr'><strong>vulnerati,</strong></span> <span class='ocrx_word' id='word_1_687' title='bbox 588 4713 752 4766; x_wconf 90' lang='lat' dir='ltr'><strong>quare</strong></span> <span class='ocrx_word' id='word_1_688' title='bbox 781 4698 1088 4766; x_wconf 84' lang='lat' dir='ltr'><strong>paenitendo</strong></span> <span class='ocrx_word' id='word_1_689' title='bbox 1117 4715 1222 4754; x_wconf 92' lang='lat' dir='ltr'><strong>non</strong></span> <span class='ocrx_word' id='word_1_690' title='bbox 1261 4701 1580 4757; x_wconf 87' lang='lat' dir='ltr'><strong>adbibuistis</strong></span> <span class='ocrx_word' id='word_1_691' title='bbox 1597 4703 1717 4757; x_wconf 90' lang='lat' dir='ltr'><strong>vul-</strong></span> 
     </span>
    </p>
   </div>
   <div class='ocr_carea' id='block_1_95' title="bbox 153 4786 1719 4859">
    <p class='ocr_par' dir='ltr' id='par_1_95' title="bbox 153 4786 1719 4859">
     <span class='ocr_line' id='line_1_95' title="bbox 153 4786 1719 4859; baseline 0.006 -19"><span class='ocrx_word' id='word_1_692' title='bbox 153 4786 273 4841; x_wconf 88' lang='lat' dir='ltr'><strong>neri</strong></span> <span class='ocrx_word' id='word_1_693' title='bbox 305 4797 486 4840; x_wconf 90' lang='lat' dir='ltr'><strong>vestro</strong></span> <span class='ocrx_word' id='word_1_694' title='bbox 515 4789 846 4843; x_wconf 80' lang='lat' dir='ltr'><strong>remedium?</strong></span> <span class='ocrx_word' id='word_1_695' title='bbox 873 4787 1125 4859; x_wconf 85' lang='lat' dir='ltr'><strong>Nunquid</strong></span> <span class='ocrx_word' id='word_1_696' title='bbox 1152 4790 1219 4844; x_wconf 90' lang='lat' dir='ltr'><strong>ad</strong></span> <span class='ocrx_word' id='word_1_697' title='bbox 1247 4790 1358 4846; x_wconf 70' lang='lat' dir='ltr'><strong>hazc</strong></span> <span class='ocrx_word' id='word_1_698' title='bbox 1384 4793 1719 4850; x_wconf 85' lang='lat' dir='ltr'><strong>obmutesce-</strong></span> 
     </span>
    </p>
   </div>
   <div class='ocr_carea' id='block_1_96' title="bbox 153 4874 1714 4942">
    <p class='ocr_par' dir='ltr' id='par_1_96' title="bbox 153 4874 1714 4942">
     <span class='ocr_line' id='line_1_96' title="bbox 153 4874 1714 4942; baseline 0.007 -15"><span class='ocrx_word' id='word_1_699' title='bbox 153 4875 309 4928; x_wconf 90' lang='lat' dir='ltr'><strong>mus?</strong></span> <span class='ocrx_word' id='word_1_700' title='bbox 329 4874 465 4942; x_wconf 90' lang='lat' dir='ltr'><strong>Quid</strong></span> <span class='ocrx_word' id='word_1_701' title='bbox 497 4884 672 4930; x_wconf 90' lang='lat' dir='ltr'><strong>autem</strong></span> <span class='ocrx_word' id='word_1_702' title='bbox 702 4877 1060 4932; x_wconf 81' lang='lat' dir='ltr'><strong>excusationis</strong></span> <span class='ocrx_word' id='word_1_703' title='bbox 1091 4879 1288 4933; x_wconf 89' lang='lat' dir='ltr'><strong>restet?</strong></span> <span class='ocrx_word' id='word_1_704' title='bbox 1309 4879 1425 4934; x_wconf 88' lang='lat' dir='ltr'><strong>Non</strong></span> <span class='ocrx_word' id='word_1_705' title='bbox 1469 4882 1714 4938; x_wconf 83' lang='lat' dir='ltr'><strong>habenti-</strong></span> 
     </span>
    </p>
   </div>
   <div class='ocr_carea' id='block_1_97' title="bbox 152 4954 1717 5042">
    <p class='ocr_par' dir='ltr' id='par_1_97' title="bbox 152 4954 1717 5042">
     <span class='ocr_line' id='line_1_97' title="bbox 152 4954 1717 5042; baseline 0.006 -20"><span class='ocrx_word' id='word_1_706' title='bbox 152 4969 258 5023; x_wconf 83' lang='lat' dir='ltr'><strong>bus</strong></span> <span class='ocrx_word' id='word_1_707' title='bbox 279 4969 412 5023; x_wconf 90' lang='lat' dir='ltr'><strong>dicit</strong></span> <span class='ocrx_word' id='word_1_708' title='bbox 441 4987 454 5022; x_wconf 92' lang='lat'>:</span> <span class='ocrx_word' id='word_1_709' title='bbox 496 4968 679 5041; x_wconf 90' lang='lat' dir='ltr'><strong>Ligate</strong></span> <span class='ocrx_word' id='word_1_710' title='bbox 707 4987 799 5026; x_wconf 91' lang='lat' dir='ltr'><strong>eos</strong></span> <span class='ocrx_word' id='word_1_711' title='bbox 840 4954 1087 5026; x_wconf 83' lang='lat' dir='ltr'><strong>manibus</strong></span> <span class='ocrx_word' id='word_1_712' title='bbox 1116 4980 1168 5024; x_wconf 90' lang='lat' dir='ltr'><strong>et</strong></span> <span class='ocrx_word' id='word_1_713' title='bbox 1195 4973 1419 5042; x_wconf 88' lang='lat' dir='ltr'><strong>pedibus</strong></span> <span class='ocrx_word' id='word_1_714' title='bbox 1439 4984 1494 5028; x_wconf 91' lang='lat' dir='ltr'><strong>et</strong></span> <span class='ocrx_word' id='word_1_715' title='bbox 1520 4977 1717 5031; x_wconf 90' lang='lat' dir='ltr'><strong>mittite</strong></span> 
     </span>
    </p>
   </div>
   <div class='ocr_carea' id='block_1_98' title="bbox 153 5058 1717 5128">
    <p class='ocr_par' dir='ltr' id='par_1_98' title="bbox 153 5058 1717 5128">
     <span class='ocr_line' id='line_1_98' title="bbox 153 5058 1717 5128; baseline 0.008 -16"><span class='ocrx_word' id='word_1_716' title='bbox 153 5074 250 5112; x_wconf 88' lang='lat' dir='ltr'><strong>eos</strong></span> <span class='ocrx_word' id='word_1_717' title='bbox 276 5058 330 5112; x_wconf 93' lang='lat' dir='ltr'><strong>in</strong></span> <span class='ocrx_word' id='word_1_718' title='bbox 360 5060 609 5115; x_wconf 90' lang='lat' dir='ltr'><strong>tenebras</strong></span> <span class='ocrx_word' id='word_1_719' title='bbox 637 5062 952 5128; x_wconf 87' lang='lat' dir='ltr'><strong>exteriores,</strong></span> <span class='ocrx_word' id='word_1_720' title='bbox 1001 5062 1072 5117; x_wconf 94' lang='lat' dir='ltr'><strong>ibi</strong></span> <span class='ocrx_word' id='word_1_721' title='bbox 1115 5063 1220 5116; x_wconf 85' lang='lat' dir='ltr'><strong>erit</strong></span> <span class='ocrx_word' id='word_1_722' title='bbox 1261 5061 1418 5119; x_wconf 88' lang='lat' dir='ltr'><strong>lletus</strong></span> <span class='ocrx_word' id='word_1_723' title='bbox 1443 5074 1498 5121; x_wconf 91' lang='lat' dir='ltr'><strong>et</strong></span> <span class='ocrx_word' id='word_1_724' title='bbox 1521 5067 1717 5124; x_wconf 88' lang='lat' dir='ltr'><strong>stridor</strong></span> 
     </span>
    </p>
   </div>
   <div class='ocr_carea' id='block_1_99' title="bbox 154 5150 1714 5228">
    <p class='ocr_par' dir='ltr' id='par_1_99' title="bbox 154 5150 1714 5228">
     <span class='ocr_line' id='line_1_99' title="bbox 154 5150 1714 5228; baseline 0.006 -25"><span class='ocrx_word' id='word_1_725' title='bbox 154 5150 415 5216; x_wconf 87' lang='lat' dir='ltr'><strong>dentium,</strong></span> <span class='ocrx_word' id='word_1_726' title='bbox 435 5151 506 5205; x_wconf 89' lang='lat' dir='ltr'><strong>ibi</strong></span> <span class='ocrx_word' id='word_1_727' title='bbox 535 5154 733 5207; x_wconf 90' lang='lat' dir='ltr'><strong>vermis</strong></span> <span class='ocrx_word' id='word_1_728' title='bbox 758 5169 942 5208; x_wconf 91' lang='lat' dir='ltr'><strong>eorum</strong></span> <span class='ocrx_word' id='word_1_729' title='bbox 966 5170 1069 5210; x_wconf 93' lang='lat' dir='ltr'><strong>non</strong></span> <span class='ocrx_word' id='word_1_730' title='bbox 1091 5157 1348 5211; x_wconf 88' lang='lat' dir='ltr'><strong>morietur</strong></span> <span class='ocrx_word' id='word_1_731' title='bbox 1372 5167 1425 5212; x_wconf 90' lang='lat' dir='ltr'><strong>et</strong></span> <span class='ocrx_word' id='word_1_732' title='bbox 1455 5159 1592 5228; x_wconf 78' lang='lat' dir='ltr'><strong>ignis</strong></span> <span class='ocrx_word' id='word_1_733' title='bbox 1620 5173 1714 5215; x_wconf 83' lang='lat' dir='ltr'><strong>eo-</strong></span> 
     </span>
    </p>
   </div>
   <div class='ocr_carea' id='block_1_100' title="bbox 154 5240 824 5312">
    <p class='ocr_par' dir='ltr' id='par_1_100' title="bbox 154 5240 824 5312">
     <span class='ocr_line' id='line_1_100' title="bbox 154 5240 824 5312; baseline 0.009 -24"><span class='ocrx_word' id='word_1_734' title='bbox 154 5251 276 5289; x_wconf 87' lang='lat' dir='ltr'><strong>rum</strong></span> <span class='ocrx_word' id='word_1_735' title='bbox 306 5252 410 5292; x_wconf 91' lang='lat' dir='ltr'><strong>non</strong></span> <span class='ocrx_word' id='word_1_736' title='bbox 440 5240 824 5312; x_wconf 83' lang='lat' dir='ltr'><strong>exstinguetur.</strong></span> 
     </span>
    </p>
   </div>
   <div class='ocr_carea' id='block_1_101' title="bbox 741 5347 1119 5408">
    <p class='ocr_par' dir='ltr' id='par_1_101' title="bbox 741 5347 1119 5408">
     <span class='ocr_line' id='line_1_101' title="bbox 741 5347 1119 5408; baseline 0.013 -5"><span class='ocrx_word' id='word_1_737' title='bbox 741 5347 964 5405; x_wconf 80' lang='lat' dir='ltr'><strong>CAPUT</strong></span> <span class='ocrx_word' id='word_1_738' title='bbox 1007 5353 1119 5408; x_wconf 81' lang='lat' dir='ltr'><strong>XV.</strong></span> 
     </span>
    </p>
   </div>
   <div class='ocr_carea' id='block_1_102' title="bbox 155 5429 1716 5518">
    <p class='ocr_par' dir='ltr' id='par_1_102' title="bbox 155 5429 1716 5518">
     <span class='ocr_line' id='line_1_102' title="bbox 155 5429 1716 5518; baseline 0.012 -31"><span class='ocrx_word' id='word_1_739' title='bbox 155 5429 311 5518; x_wconf 73' lang='lat' dir='ltr'><strong>Quod</strong></span> <span class='ocrx_word' id='word_1_740' title='bbox 353 5437 506 5490; x_wconf 88' lang='lat' dir='ltr'><strong>etiam</strong></span> <span class='ocrx_word' id='word_1_741' title='bbox 531 5439 744 5518; x_wconf 76' lang='lat' dir='ltr'><strong>minima</strong></span> <span class='ocrx_word' id='word_1_742' title='bbox 767 5443 1334 5518; x_wconf 65' lang='lat' dir='ltr'><strong>peccatddeducuntur</strong></span> <span class='ocrx_word' id='word_1_743' title='bbox 1369 5445 1438 5501; x_wconf 86' lang='lat' dir='ltr'><strong>ad</strong></span> <span class='ocrx_word' id='word_1_744' title='bbox 1451 5431 1716 5518; x_wconf 85' lang='lat' dir='ltr'><strong>judicium</strong></span> 
     </span>
    </p>
   </div>
   <div class='ocr_carea' id='block_1_103' title="bbox 225 5503 1716 5626">
    <p class='ocr_par' dir='ltr' id='par_1_103' title="bbox 225 5503 1716 5626">
     <span class='ocr_line' id='line_1_103' title="bbox 225 5503 1716 5626; baseline 0.013 -70"><span class='ocrx_word' id='word_1_745' title='bbox 225 5503 482 5626; x_wconf 53' lang='lat' dir='ltr'><strong>gutlu‘rum,</strong></span> <span class='ocrx_word' id='word_1_746' title='bbox 537 5509 635 5561; x_wconf 85' lang='lat' dir='ltr'><strong>nisi</strong></span> <span class='ocrx_word' id='word_1_747' title='bbox 665 5503 852 5563; x_wconf 75' lang='lat' dir='ltr'><strong>’uerint</strong></span> <span class='ocrx_word' id='word_1_748' title='bbox 896 5510 949 5564; x_wconf 90' lang='lat' dir='ltr'><strong>in</strong></span> <span class='ocrx_word' id='word_1_749' title='bbox 973 5512 1069 5566; x_wconf 82' lang='lat' dir='ltr'><strong>hac</strong></span> <span class='ocrx_word' id='word_1_750' title='bbox 1113 5504 1216 5568; x_wconf 81' lang='lat' dir='ltr'><strong>vita</strong></span> <span class='ocrx_word' id='word_1_751' title='bbox 1249 5533 1342 5585; x_wconf 88' lang='lat' dir='ltr'><strong>per</strong></span> <span class='ocrx_word' id='word_1_752' title='bbox 1363 5503 1716 5587; x_wconf 63' lang='lat' dir='ltr'><strong>pwmtentiam</strong></span> 
     </span>
     <span class='ocr_line' id='line_1_104' title="bbox 263 5589 916 5626; baseline 0.011 0"><span class='ocrx_word' id='word_1_753' title='bbox 263 5589 292 5626; x_wconf 90' lang='lat' dir='ltr'><strong>e</strong></span> <span class='ocrx_word' id='word_1_754' title='bbox 313 5589 341 5626; x_wconf 86' lang='lat' dir='ltr'><strong>e</strong></span> <span class='ocrx_word' id='word_1_755' title='bbox 364 5591 416 5626; x_wconf 90' lang='lat' dir='ltr'><strong>a.</strong></span> <span class='ocrx_word' id='word_1_756' title='bbox 909 5611 916 5617; x_wconf 60' lang='grc' dir='ltr'><em>η</em></span> 
     </span>
    </p>
   </div>
   <div class='ocr_carea' id='block_1_104' title="bbox 263 5589 916 5627">
    <p class='ocr_par' dir='ltr' id='par_1_104' title="bbox 263 5589 916 5627">
     <span class='ocr_line' id='line_1_105' title="bbox 263 5589 916 5627; baseline 0.008 -1"><span class='ocrx_word' id='word_1_757' title='bbox 263 5589 416 5627; x_wconf 77' lang='lat' dir='ltr'><strong>ctera.</strong></span> <span class='ocrx_word' id='word_1_758' title='bbox 909 5611 916 5617; x_wconf 61' lang='grc' dir='ltr'>π</span> 
     </span>
    </p>
   </div>
   <div class='ocr_carea' id='block_1_105' title="bbox 224 5661 1715 5742">
    <p class='ocr_par' dir='ltr' id='par_1_105' title="bbox 224 5661 1715 5742">
     <span class='ocr_line' id='line_1_106' title="bbox 224 5661 1715 5742; baseline 0.015 -26"><span class='ocrx_word' id='word_1_759' title='bbox 224 5661 395 5723; x_wconf 77' lang='lat' dir='ltr'><strong>Parva</strong></span> <span class='ocrx_word' id='word_1_760' title='bbox 420 5667 616 5721; x_wconf 80' lang='lat' dir='ltr'><strong>etenim</strong></span> <span class='ocrx_word' id='word_1_761' title='bbox 645 5678 880 5736; x_wconf 87' lang='lat' dir='ltr'><strong>peccata,</strong></span> <span class='ocrx_word' id='word_1_762' title='bbox 910 5680 960 5725; x_wconf 80' lang='lat' dir='ltr'><strong>ct</strong></span> <span class='ocrx_word' id='word_1_763' title='bbox 989 5685 1049 5726; x_wconf 89' lang='lat' dir='ltr'><strong>ea</strong></span> <span class='ocrx_word' id='word_1_764' title='bbox 1089 5672 1156 5727; x_wconf 92' lang='lat' dir='ltr'><strong>de</strong></span> <span class='ocrx_word' id='word_1_765' title='bbox 1179 5675 1371 5742; x_wconf 82' lang='lat' dir='ltr'><strong>quibus</strong></span> <span class='ocrx_word' id='word_1_766' title='bbox 1407 5678 1568 5735; x_wconf 83' lang='lat' dir='ltr'><strong>etiam</strong></span> <span class='ocrx_word' id='word_1_767' title='bbox 1618 5696 1715 5738; x_wconf 91' lang='lat' dir='ltr'><strong>nec</strong></span> 
     </span>
    </p>
   </div>
   <div class='ocr_carea' id='block_1_106' title="bbox 1821 4692 3385 4795">
    <p class='ocr_par' dir='ltr' id='par_1_106' title="bbox 1821 4692 3385 4795">
     <span class='ocr_line' id='line_1_107' title="bbox 1821 4692 3385 4795; baseline 0.027 -55"><span class='ocrx_word' id='word_1_768' title='bbox 1821 4692 2094 4795; x_wconf 75' lang='lat' dir='ltr'><strong>perimus:</strong></span> <span class='ocrx_word' id='word_1_769' title='bbox 2125 4710 2302 4795; x_wconf 39' lang='lat' dir='ltr'><strong>.unum</strong></span> <span class='ocrx_word' id='word_1_770' title='bbox 2351 4714 2535 4757; x_wconf 91' lang='lat' dir='ltr'><strong>eorum</strong></span> <span class='ocrx_word' id='word_1_771' title='bbox 2576 4706 2667 4775; x_wconf 89' lang='lat' dir='ltr'><strong>qui</strong></span> <span class='ocrx_word' id='word_1_772' title='bbox 2695 4706 2816 4764; x_wconf 77' lang='lat' dir='ltr'><strong>ﬁdei</strong></span> <span class='ocrx_word' id='word_1_773' title='bbox 2847 4710 3164 4776; x_wconf 64' lang='lat' dir='ltr'><strong>Christiana:</strong></span> <span class='ocrx_word' id='word_1_774' title='bbox 3185 4736 3385 4795; x_wconf 73' lang='lat' dir='ltr'><strong>myste-</strong></span> 
     </span>
    </p>
   </div>
   <div class='ocr_carea' id='block_1_107' title="bbox 1820 4784 3396 4887">
    <p class='ocr_par' dir='ltr' id='par_1_107' title="bbox 1820 4784 3396 4887">
     <span class='ocr_line' id='line_1_108' title="bbox 1820 4784 3396 4887; baseline 0.026 -51"><span class='ocrx_word' id='word_1_775' title='bbox 1820 4784 1917 4887; x_wconf 73' lang='lat' dir='ltr'><strong>riis</strong></span> <span class='ocrx_word' id='word_1_776' title='bbox 1943 4785 2162 4887; x_wconf 75' lang='lat' dir='ltr'><strong>initiati,</strong></span> <span class='ocrx_word' id='word_1_777' title='bbox 2191 4805 2351 4887; x_wconf 74' lang='lat' dir='ltr'><strong>opera</strong></span> <span class='ocrx_word' id='word_1_778' title='bbox 2375 4794 2499 4851; x_wconf 81' lang='lat' dir='ltr'><strong>fidei</strong></span> <span class='ocrx_word' id='word_1_779' title='bbox 2519 4813 2772 4858; x_wconf 88' lang='lat' dir='ltr'><strong>exercere</strong></span> <span class='ocrx_word' id='word_1_780' title='bbox 2794 4815 3163 4880; x_wconf 89' lang='lat' dir='ltr'><strong>contemnunt,</strong></span> <span class='ocrx_word' id='word_1_781' title='bbox 3191 4784 3396 4887; x_wconf 63' lang='lat' dir='ltr'><strong>quibus</strong></span> 
     </span>
    </p>
   </div>
   <div class='ocr_carea' id='block_1_108' title="bbox 1819 4872 3387 4970">
    <p class='ocr_par' dir='ltr' id='par_1_108' title="bbox 1819 4872 3387 4970">
     <span class='ocr_line' id='line_1_109' title="bbox 1819 4872 3387 4970; baseline 0.02 -44"><span class='ocrx_word' id='word_1_782' title='bbox 1819 4872 2207 4970; x_wconf 79' lang='lat' dir='ltr'><strong>dicendumest</strong></span> <span class='ocrx_word' id='word_1_783' title='bbox 2227 4881 2280 4935; x_wconf 92' lang='lat' dir='ltr'><strong>in</strong></span> <span class='ocrx_word' id='word_1_784' title='bbox 2295 4881 2498 4950; x_wconf 89' lang='lat' dir='ltr'><strong>judicio</strong></span> <span class='ocrx_word' id='word_1_785' title='bbox 2516 4894 2771 4945; x_wconf 87' lang='lat' dir='ltr'><strong>testatur:</strong></span> <span class='ocrx_word' id='word_1_786' title='bbox 2787 4893 3046 4954; x_wconf 86' lang='lat' dir='ltr'><strong>Discedite</strong></span> <span class='ocrx_word' id='word_1_787' title='bbox 3065 4919 3094 4954; x_wconf 90' lang='lat' dir='ltr'><strong>a</strong></span> <span class='ocrx_word' id='word_1_788' title='bbox 3113 4872 3387 4970; x_wconf 46' lang='lat' dir='ltr'><strong>nim-male;</strong></span> 
     </span>
    </p>
   </div>
   <div class='ocr_carea' id='block_1_109' title="bbox 1820 4964 3386 5053">
    <p class='ocr_par' dir='ltr' id='par_1_109' title="bbox 1820 4964 3386 5053">
     <span class='ocr_line' id='line_1_110' title="bbox 1820 4964 3386 5053; baseline 0.024 -36"><span class='ocrx_word' id='word_1_789' title='bbox 1820 4964 1962 5029; x_wconf 89' lang='lat' dir='ltr'><strong>dicti,</strong></span> <span class='ocrx_word' id='word_1_790' title='bbox 2004 4966 2059 5020; x_wconf 89' lang='lat' dir='ltr'><strong>in</strong></span> <span class='ocrx_word' id='word_1_791' title='bbox 2105 4969 2271 5038; x_wconf 89' lang='lat' dir='ltr'><strong>ignem</strong></span> <span class='ocrx_word' id='word_1_792' title='bbox 2316 4983 2565 5030; x_wconf 73' lang='lat' dir='ltr'><strong>ceternum</strong></span> <span class='ocrx_word' id='word_1_793' title='bbox 2601 4981 2692 5049; x_wconf 88' lang='lat' dir='ltr'><strong>qui</strong></span> <span class='ocrx_word' id='word_1_794' title='bbox 2717 4994 2934 5051; x_wconf 87' lang='lat' dir='ltr'><strong>paratus</strong></span> <span class='ocrx_word' id='word_1_795' title='bbox 2979 4999 3052 5042; x_wconf 83' lang='lat' dir='ltr'><strong>est</strong></span> <span class='ocrx_word' id='word_1_796' title='bbox 3091 4964 3300 5051; x_wconf 61' lang='lat' dir='ltr'><strong>diabolo</strong></span> <span class='ocrx_word' id='word_1_797' title='bbox 3337 5011 3386 5053; x_wconf 89' lang='lat' dir='ltr'><strong>et</strong></span> 
     </span>
    </p>
   </div>
   <div class='ocr_carea' id='block_1_110' title="bbox 1820 5056 3385 5144">
    <p class='ocr_par' dir='ltr' id='par_1_110' title="bbox 1820 5056 3385 5144">
     <span class='ocr_line' id='line_1_111' title="bbox 1820 5056 3385 5144; baseline 0.025 -39"><span class='ocrx_word' id='word_1_798' title='bbox 1820 5056 2014 5144; x_wconf 87' lang='lat' dir='ltr'><strong>angelis</strong></span> <span class='ocrx_word' id='word_1_799' title='bbox 2042 5058 2175 5127; x_wconf 89' lang='lat' dir='ltr'><strong>ejus.</strong></span> <span class='ocrx_word' id='word_1_800' title='bbox 2213 5061 2426 5118; x_wconf 84' lang='lat' dir='ltr'><strong>Esurivi</strong></span> <span class='ocrx_word' id='word_1_801' title='bbox 2451 5068 2586 5122; x_wconf 90' lang='lat' dir='ltr'><strong>enim</strong></span> <span class='ocrx_word' id='word_1_802' title='bbox 2619 5079 2669 5123; x_wconf 87' lang='lat' dir='ltr'><strong>et</strong></span> <span class='ocrx_word' id='word_1_803' title='bbox 2706 5089 2810 5126; x_wconf 90' lang='lat' dir='ltr'><strong>non</strong></span> <span class='ocrx_word' id='word_1_804' title='bbox 2844 5075 3056 5134; x_wconf 82' lang='lat' dir='ltr'><strong>dedistis</strong></span> <span class='ocrx_word' id='word_1_805' title='bbox 3083 5085 3210 5138; x_wconf 81' lang='lat' dir='ltr'><strong>mihi</strong></span> <span class='ocrx_word' id='word_1_806' title='bbox 3236 5104 3385 5144; x_wconf 81' lang='lat' dir='ltr'><strong>man-</strong></span> 
     </span>
    </p>
   </div>
   <div class='ocr_carea' id='block_1_111' title="bbox 1819 5143 3384 5247">
    <p class='ocr_par' dir='ltr' id='par_1_111' title="bbox 1819 5143 3384 5247">
     <span class='ocr_line' id='line_1_112' title="bbox 1819 5143 3384 5247; baseline 0.024 -51"><span class='ocrx_word' id='word_1_807' title='bbox 1819 5143 2166 5247; x_wconf 42' lang='lat' dir='ltr'><strong>ducare,.et-c.</strong></span> <span class='ocrx_word' id='word_1_808' title='bbox 2202 5148 2390 5247; x_wconf 79' lang='lat' dir='ltr'><strong>(Ibid.)</strong></span> <span class='ocrx_word' id='word_1_809' title='bbox 2425 5153 2668 5212; x_wconf 90' lang='lat' dir='ltr'><strong>Alterum</strong></span> <span class='ocrx_word' id='word_1_810' title='bbox 2705 5174 2889 5218; x_wconf 89' lang='lat' dir='ltr'><strong>eorum</strong></span> <span class='ocrx_word' id='word_1_811' title='bbox 2920 5167 3008 5236; x_wconf 90' lang='lat' dir='ltr'><strong>qui</strong></span> <span class='ocrx_word' id='word_1_812' title='bbox 3035 5170 3156 5227; x_wconf 85' lang='lat' dir='ltr'><strong>lidei</strong></span> <span class='ocrx_word' id='word_1_813' title='bbox 3185 5187 3384 5247; x_wconf 65' lang='lat' dir='ltr'><strong>mystea</strong></span> 
     </span>
    </p>
   </div>
   <div class='ocr_carea' id='block_1_112' title="bbox 1818 5233 3384 5338">
    <p class='ocr_par' dir='ltr' id='par_1_112' title="bbox 1818 5233 3384 5338">
     <span class='ocr_line' id='line_1_113' title="bbox 1818 5233 3384 5338; baseline 0.024 -50"><span class='ocrx_word' id='word_1_814' title='bbox 1818 5233 1900 5288; x_wconf 85' lang='lat' dir='ltr'><strong>ria</strong></span> <span class='ocrx_word' id='word_1_815' title='bbox 1923 5235 2240 5294; x_wconf 63' lang='lat' dir='ltr'><strong>Christianae</strong></span> <span class='ocrx_word' id='word_1_816' title='bbox 2269 5241 2353 5296; x_wconf 89' lang='lat' dir='ltr'><strong>vel</strong></span> <span class='ocrx_word' id='word_1_817' title='bbox 2376 5259 2650 5316; x_wconf 88' lang='lat' dir='ltr'><strong>nunquam</strong></span> <span class='ocrx_word' id='word_1_818' title='bbox 2675 5233 2992 5324; x_wconf 79' lang='lat' dir='ltr'><strong>suscepere,</strong></span> <span class='ocrx_word' id='word_1_819' title='bbox 3019 5261 3102 5316; x_wconf 91' lang='lat' dir='ltr'><strong>vel</strong></span> <span class='ocrx_word' id='word_1_820' title='bbox 3131 5233 3384 5338; x_wconf 71' lang='lat' dir='ltr'><strong>suscepta</strong></span> 
     </span>
    </p>
   </div>
   <div class='ocr_carea' id='block_1_113' title="bbox 1815 5329 3388 5422">
    <p class='ocr_par' dir='ltr' id='par_1_113' title="bbox 1815 5329 3388 5422">
     <span class='ocr_line' id='line_1_114' title="bbox 1815 5329 3388 5422; baseline 0.024 -45"><span class='ocrx_word' id='word_1_821' title='bbox 1815 5338 1915 5394; x_wconf 86' lang='lat' dir='ltr'><strong>per</strong></span> <span class='ocrx_word' id='word_1_822' title='bbox 1943 5329 2264 5396; x_wconf 89' lang='lat' dir='ltr'><strong>apostasiam</strong></span> <span class='ocrx_word' id='word_1_823' title='bbox 2312 5333 2564 5403; x_wconf 87' lang='lat' dir='ltr'><strong>rejecere,</strong></span> <span class='ocrx_word' id='word_1_824' title='bbox 2611 5339 2677 5394; x_wconf 92' lang='lat' dir='ltr'><strong>de</strong></span> <span class='ocrx_word' id='word_1_825' title='bbox 2715 5345 2906 5411; x_wconf 89' lang='lat' dir='ltr'><strong>quibus</strong></span> <span class='ocrx_word' id='word_1_826' title='bbox 2943 5350 3116 5408; x_wconf 89' lang='lat' dir='ltr'><strong>dicit:</strong></span> <span class='ocrx_word' id='word_1_827' title='bbox 3150 5355 3252 5422; x_wconf 87' lang='lat' dir='ltr'><strong>Qui</strong></span> <span class='ocrx_word' id='word_1_828' title='bbox 3287 5329 3388 5416; x_wconf 63' lang='grc' dir='ltr'><strong>ξιιμ,</strong></span> 
     </span>
    </p>
   </div>
   <div class='ocr_carea' id='block_1_114' title="bbox 1819 5421 3382 5514">
    <p class='ocr_par' dir='ltr' id='par_1_114' title="bbox 1819 5421 3382 5514">
     <span class='ocr_line' id='line_1_115' title="bbox 1819 5421 3382 5514; baseline 0.024 -47"><span class='ocrx_word' id='word_1_829' title='bbox 1819 5425 2045 5514; x_wconf 60' lang='lat' dir='ltr'><strong>temnon</strong></span> <span class='ocrx_word' id='word_1_830' title='bbox 2077 5421 2237 5475; x_wconf 88' lang='lat' dir='ltr'><strong>credit</strong></span> <span class='ocrx_word' id='word_1_831' title='bbox 2254 5423 2370 5492; x_wconf 89' lang='lat' dir='ltr'><strong>jam</strong></span> <span class='ocrx_word' id='word_1_832' title='bbox 2384 5425 2656 5495; x_wconf 83' lang='lat' dir='ltr'><strong>judicatus</strong></span> <span class='ocrx_word' id='word_1_833' title='bbox 2683 5445 2756 5488; x_wconf 85' lang='lat' dir='ltr'><strong>est</strong></span> <span class='ocrx_word' id='word_1_834' title='bbox 2787 5435 2969 5508; x_wconf 81' lang='lat' dir='ltr'><strong>(Joan.</strong></span> <span class='ocrx_word' id='word_1_835' title='bbox 2995 5443 3097 5513; x_wconf 83' lang='lat' dir='ltr'><strong>Ill),</strong></span> <span class='ocrx_word' id='word_1_836' title='bbox 3129 5421 3252 5514; x_wconf 89' lang='lat' dir='ltr'><strong>quia</strong></span> <span class='ocrx_word' id='word_1_837' title='bbox 3276 5465 3382 5506; x_wconf 91' lang='lat' dir='ltr'><strong>non</strong></span> 
     </span>
    </p>
   </div>
   <div class='ocr_carea' id='block_1_115' title="bbox 1818 5505 3382 5596">
    <p class='ocr_par' dir='ltr' id='par_1_115' title="bbox 1818 5505 3382 5596">
     <span class='ocr_line' id='line_1_116' title="bbox 1818 5505 3382 5596; baseline 0.022 -38"><span class='ocrx_word' id='word_1_838' title='bbox 1818 5505 1991 5596; x_wconf 84' lang='lat' dir='ltr'><strong>credit</strong></span> <span class='ocrx_word' id='word_1_839' title='bbox 2024 5507 2076 5560; x_wconf 90' lang='lat' dir='ltr'><strong>in</strong></span> <span class='ocrx_word' id='word_1_840' title='bbox 2123 5512 2338 5568; x_wconf 89' lang='lat' dir='ltr'><strong>nomine</strong></span> <span class='ocrx_word' id='word_1_841' title='bbox 2360 5517 2618 5589; x_wconf 81' lang='lat' dir='ltr'><strong>unigeniti</strong></span> <span class='ocrx_word' id='word_1_842' title='bbox 2642 5521 2761 5579; x_wconf 85' lang='lat' dir='ltr'><strong>Filii</strong></span> <span class='ocrx_word' id='word_1_843' title='bbox 2798 5505 2915 5582; x_wconf 87' lang='lat' dir='ltr'><strong>Dei.</strong></span> <span class='ocrx_word' id='word_1_844' title='bbox 2971 5505 3232 5596; x_wconf 27' lang='lat' dir='ltr'><strong>Qui-cum</strong></span> <span class='ocrx_word' id='word_1_845' title='bbox 3281 5505 3382 5594; x_wconf 87' lang='lat' dir='ltr'><strong>nee</strong></span> 
     </span>
    </p>
   </div>
   <div class='ocr_carea' id='block_1_116' title="bbox 1818 5595 3379 5688">
    <p class='ocr_par' dir='ltr' id='par_1_116' title="bbox 1818 5595 3379 5688">
     <span class='ocr_line' id='line_1_117' title="bbox 1818 5595 3379 5688; baseline 0.021 -41"><span class='ocrx_word' id='word_1_846' title='bbox 1818 5595 1983 5650; x_wconf 81' lang='lat' dir='ltr'><strong>verbo</strong></span> <span class='ocrx_word' id='word_1_847' title='bbox 2006 5606 2163 5654; x_wconf 88' lang='lat' dir='ltr'><strong>tenus</strong></span> <span class='ocrx_word' id='word_1_848' title='bbox 2204 5599 2486 5688; x_wconf 18' lang='lat' dir='ltr'><strong>Christum“</strong></span> <span class='ocrx_word' id='word_1_849' title='bbox 2515 5609 2692 5666; x_wconf 91' lang='lat' dir='ltr'><strong>colere</strong></span> <span class='ocrx_word' id='word_1_850' title='bbox 2717 5595 3032 5684; x_wconf 87' lang='lat' dir='ltr'><strong>voluerunt,</strong></span> <span class='ocrx_word' id='word_1_851' title='bbox 3079 5635 3179 5676; x_wconf 90' lang='lat' dir='ltr'><strong>nec</strong></span> <span class='ocrx_word' id='word_1_852' title='bbox 3218 5626 3379 5682; x_wconf 80' lang='lat' dir='ltr'><strong>verba</strong></span> 
     </span>
    </p>
   </div>
   <div class='ocr_carea' id='block_1_117' title="bbox 1819 5685 3470 5786">
    <p class='ocr_par' dir='ltr' id='par_1_117' title="bbox 1819 5685 3470 5786">
     <span class='ocr_line' id='line_1_118' title="bbox 1819 5685 3470 5786; baseline 0.021 -46"><span class='ocrx_word' id='word_1_853' title='bbox 1819 5685 2010 5743; x_wconf 87' lang='lat' dir='ltr'><strong>saltem</strong></span> <span class='ocrx_word' id='word_1_854' title='bbox 2038 5687 2372 5776; x_wconf 38' lang='lat' dir='ltr'><strong>ejuslquihus</strong></span> <span class='ocrx_word' id='word_1_855' title='bbox 2402 5685 2760 5770; x_wconf 79' lang='lat' dir='ltr'><strong>coarguantur</strong></span> <span class='ocrx_word' id='word_1_856' title='bbox 2794 5705 2845 5760; x_wconf 91' lang='lat' dir='ltr'><strong>in</strong></span> <span class='ocrx_word' id='word_1_857' title='bbox 2869 5704 3075 5785; x_wconf 86' lang='lat' dir='ltr'><strong>judicio</strong></span> <span class='ocrx_word' id='word_1_858' title='bbox 3107 5724 3380 5786; x_wconf 83' lang='lat' dir='ltr'><strong>merentur</strong></span> <span class='ocrx_word' id='word_1_859' title='bbox 3458 5700 3470 5712; x_wconf 71' lang='grc'><em>’</em></span> 
     </span>
    </p>
   </div>
  </div>
