4020 6338
609 328 715 394 945

1064 322 1419 379 IiAYMONIS
1457 322 1932 378 HALBERS'I‘AT.
1974 323 2186 378 EPISC.
2228 321 2380 378 OI‘P.
2423 324 2605 379 PARS
2641 325 2730 381 Ill.
2771 357 2840 367 ——
2877 325 3376 385 MISCELLANEA.

3821 334 3921 390 9M

612 439 820 496 audire.
842 437 949 494 Sed
970 439 1034 491 ad
1058 437 1157 491 hoc
1183 443 1360 491 tamen
1389 435 1606 490 veniant
1621 435 1674 488 in
1691 435 1951 503 judicium
1981 445 2040 488 ut
2059 451 2122 490 cu
2133 451 2182 490 ni
2213 442 2260 501 Α
2290 452 2394 492 ηοη
2410 438 2608 507 poterit
2623 439 2980 509 (Cass.).Quia
2993 454 3123 512 ergo
3139 451 3443 499 etventura:
3455 446 3682 500 mortis
3702 453 3918 518 tempus

609 533 731 598 eis,
783 530 872 599 qui
911 526 1222 600 iudicantur
1265 525 1643 598 peccatoribus
1687 525 1740 580 in
1783 526 2182 582 damnationem

610 625 895 679 mittantur
918 628 1200 676 aeternam.

1164 727 1398 785 CAPUT
1440 728 1622 784 XVIII.

611 842 751 910 Quid
774 842 911 895 inter
942 855 997 894 se
1023 838 1269 910 diﬂ‘erant
1296 838 1400 893 duo
1427 837 1703 910 electorum
1739 838 1945 910 ordines
1969 840 2023 894 in
2041 840 2192 908 judi-

640 908 646 970 ξ
678 913 784 976 cio,
815 921 862 966 et
885 910 990 980 duo
1013 908 1382 979 reproborum,
1419 917 1470 962 et
1503 909 1628 979 quid
1656 909 1933 979 unicuique
1961 926 2191 980 oppona-

647 1045 652 1049 _
679 991 767 1036 tur
795 979 986 1036 ordini.
1109 1053 1111 1055 ι
1257 1043 1262 1052 ι

645 1098 968 1154 uDumsunt
996 1093 1314 1151 dill‘erentiae
1343 1093 1429 1148 vel
1463 1092 1681 1148 ordines
1713 1092 1991 1148 hominum
2025 1093 2078 1146 in
2105 1092 2192 1162 iu-

610 1186 777 1251 dicio,
825 1185 928 1240 hoc
955 1193 1039 1239 est
1061 1183 1357 1238 electorum
1387 1192 1440 1238 et
1468 1185 1850 1253 reproborum,
1887 1182 1978 1252 qui
2011 1190 2190 1236 tamen

611 1280 922 1334 dividuntur
949 1278 1004 1332 in
1047 1285 1298 1345 quatuor.
1353 1275 1722 1332 Pcrl'ectorum
1749 1275 1882 1331 ordo
1913 1291 2054 1329 unus
2087 1283 2189 1340 est,

614 1370 704 1440 qui
733 1385 856 1425 cum
881 1369 992 1431 Deo
1013 1366 1243 1437 iudicat,
1267 1375 1323 1423 et
1345 1367 1483 1422 alius
1512 1367 1600 1435 qui
1626 1366 1919 1437 indicatur.
1968 1365 2194 1436 Utrique

611 1469 791 1518 tamen
821 1474 943 1516 cum
968 1457 1185 1513 Christo
1212 1456 1534 1528 regnabunt.
1563 1455 1826 1511 Similiter
1852 1459 1984 1511 ordo
2015 1471 2196 1525 repro-

611 1551 803 1606 borum
830 1550 1061 1619 partitur
1085 1549 1138 1603 in
1155 1546 1388 1615 duobus,
1407 1547 1532 1602 dum
1549 1545 1601 1602 hi
1619 1548 1711 1616 qui
1735 1548 1875 1602 intra
1899 1547 2192 1603 Ecclesiam

610 1647 736 1694 sunt
755 1638 1187 1708 mali,iudicandi
1210 1647 1354 1704 sunt,
1377 1647 1428 1693 et
1453 1637 1760 1693 damnandi.
1779 1636 1878 1704 Qui
1893 1653 2021 1693 vero
2041 1648 2194 1693 extra

2288 527 2600 595 ignoramus
2621 569 2637 593 ,
2672 538 2727 583 et
2766 539 2886 598 post
2921 539 3150 586 mortem
3185 535 3400 603 operari
3427 550 3544 589 non
3576 551 3915 606 possumus,

2289 629 2535 687 superest
2559 629 2619 674 ut
2657 629 2783 676 ante
2812 631 3040 676 mortem
3069 632 3310 694 tempora
3340 626 3556 681 indulta
3590 629 3912 697 rapiamus

2289 707 2380 764 Sic
2405 719 2582 765 autem
2612 725 2759 766 mors
2785 711 2898 780 ipsa
2933 727 3057 766 cum
3086 714 3295 769 venerit
3325 715 3610 784 vincetur,
3647 718 3706 772 si
3739 720 3912 789 prius-

2290 814 2452 870 quam
2473 800 2653 855 veniat
2679 815 2892 872 semper
2919 802 3194 857 timeatur.

2876 910 3104 966 CAPUT
3141 911 3280 967 XXI.

2291 996 2730 1076 Quam_di_stricte
2764 1000 3180 1076 aeternusjudex
3211 1012 3456 1076 uenturus
3477 1003 3570 1076 sit
3612 1004 3678 1076 in
3711 1005 3907 1076 αξη.-

2457 1068 2604 1133 dicii,
2636 1080 2682 1122 et
2709 1069 2847 1140 quod
2876 1068 3029 1124 nimis
3060 1072 3329 1124 tremenda
3355 1073 3422 1126 sit
3452 1073 3575 1127 dies
3603 1073 3741 1127 illa.

2362 1175 2428 1248 (C
2437 1177 2570 1248 reg.)
2602 1177 3005 1233 Districtionem
3040 1181 3256 1235 venturi
3280 1179 3482 1249 iudicis
3527 1182 3751 1238 Paulus
3778 1200 3899 1240 con-

2292 1270 2538 1325 siderans
2561 1270 2674 1324 ait:
2708 1268 3046 1326 Horrendum
3085 1281 3158 1325 est
3185 1272 3413 1326 incidere
3441 1273 3499 1325 in
3541 1289 3775 1326 manus:
3805 1274 3901 1329 Dei

2292 1362 2504 1414 viventis
2526 1358 2712 1429 (Hebr.
2740 1358 2819 1431 ι).
2858 1358 2997 1414 Hinc
3029 1359 3312 1416 Psalmista
3350 1362 3619 1431 exprimit
3665 1363 3895 1419 dicens:

2293 1451 2737 1521 Deus‘manifeste
2759 1452 2942 1517 ueniet,
2975 1452 3113 1506 Deus
3148 1463 3321 1506 noster
3347 1463 3393 1507 et
3429 1470 3546 1508 non
3572 1454 3779 1508 silebit.
3831 1453 3897 1508 In

2293 1553 2566 1613 conspectu
2603 1543 2716 1612 ejus
2743 1543 2879 1612 ignis
2904 1543 3105 1598 ardebit
3128 1583 3145 1608 ,
3174 1553 3222 1598 et
3265 1543 3322 1597 in
3353 1546 3590 1598 circuitu
3612 1545 3740 1614 ejus
3767 1555 3891 1598 tein-

2293 1643 2464 1703 pestas
2494 1632 2672 1686 ualida
2697 1630 2870 1702 (Psal.
2907 1632 3074 1704 κων).
3117 1633 3520 1689 Districtionem
3549 1636 3761 1704 quippe
3788 1645 3892 1690 tan-

613 1730 904 1787 Ecclesiam
952 1729 1253 1783 inveniendi
1295 1737 1420 1784 sunt
1452 1743 1567 1783 non
1603 1736 1728 1784 sunt
1765 1727 2064 1796 iudicandi,
2097 1727 2192 1783 scd
2298 1733 2362 1776 tte
2401 1723 2662 1789 iustitiae,
2704 1731 2996 1791 tempestas
3042 1722 3286 1793 ignisque
3333 1725 3701 1779 comitantur.
3761 1726 3888 1793 Quia

613 1831 822 1876 tantum
851 1821 1159 1877 damnandi.
1191 1817 1403 1875 Primus
1425 1821 1588 1890 igitur
1611 1821 1744 1875 ordo
1783 1834 1969 1875 eorum
1996 1821 2085 1890 qui
2108 1819 2184 1888 iu-
2226 1797 2271 1856 Β
2303 1819 2590 1880 tempestas
2621 1812 2901 1866 examinat
2943 1828 3078 1882 quos
3119 1813 3259 1884 ignis
3302 1823 3519 1869 exurat.
3578 1815 3744 1870 Illum
3770 1833 3884 1888 ρῳ

613 1914 860 1968 dicantur
885 1923 940 1968 et
959 1920 1205 1980 pereunt,
1232 1911 1520 1980 opponitur
1547 1910 1620 1964 illi
1642 1911 1817 1966 ordini
1841 1911 2105 1966 bonorum
2129 1911 2193 1965 de

611 2017 718 2072 quo
735 2003 962 2071 suntqui
978 2001 1286 2069 iudicantur
1308 2009 1364 2054 et
1384 2008 1630 2071 regnant.
1650 2000 1932 2056 Secundus
1950 2003 2082 2056 ordo
2103 2017 2195 2056 eo-

613 2107 730 2147 rum
753 2093 844 2163 qui
862 2107 965 2147 non
978 2092 1290 2162 iudicantur
1304 2100 1356 2146 et
1369 2099 1616 2160 pereunt,
1630 2092 2004 2162 Opponiturilli
2019 2093 2194 2148 ordini

614 2184 995 2254 perfectorum,
1018 2183 1074 2236 in
1098 2197 1205 2252 quo
1227 2191 1353 2238 sunt
1372 2183 1424 2237 lii
1446 2182 1538 2252 qui
1572 2174 2008 2253 non'judicantur
2028 2191 2082 2238 et
2111 2200 2196 2240 re-

613 2285 797 2346 gnant.
836 2273 1050 2329 Tertius
1072 2274 1206 2328 o'rdo
1231 2287 1417 2328 eorum
1441 2273 1530 2342 qui
1547 2273 1860 2343 iudicantur
1875 2281 2192 2344 etregnant,

614 2366 689 2420 illi
720 2366 896 2420 ordini
927 2372 1011 2420 est
1029 2365 1365 2428 contrarius,
1401 2364 1468 2418 de
1498 2378 1604 2434 quo
1630 2373 1753 2420 sunt
1779 2359 1868 2433 qui
1885 2364 2197 2433 iudicantur

613 2465 665 2511 et
694 2465 940 2527 pereunt.
1000 2455 1234 2522 Quartus
1278 2457 1411 2509 ortlo
1463 2469 1650 2509 eorum
1691 2464 1776 2510 est
1805 2455 1895 2524 Qui
1923 2471 2028 2510 non
2054 2455 2200 2526 iudi-

614 2557 808 2604 cantur
834 2558 890 2603 et
919 2555 1165 2618 regnant,
1189 2546 1477 2616 opponitur
1508 2545 1582 2600 illi
1622 2560 1653 2600 e
1683 2546 1960 2603 contrario
1989 2561 2095 2618 quo
2121 2545 2197 2601 illi

614 2649 760 2705 sunt,
789 2639 881 2710 qui
915 2654 1022 2693 non
1045 2637 1361 2708 iudicantur
1387 2645 1442 2692 et
1470 2647 1715 2706 pereunt.

1207 2770 1434 2828 CAPUT
1468 2765 1608 2826 XIX.

617 2863 692 2917 De
721 2871 930 2932 peccato
957 2862 1096 2931 quod
1118 2871 1208 2916 aut
1234 2861 1316 2914 hic
1341 2861 1606 2941 expiatur,
1635 2869 1727 2913 aut
1750 2860 1803 2913 in
1821 2859 2008 2928 futuro
2037 2866 2200 2913 reser-

991 2992 993 2995 I
1205 2943 1358 2984 ratur
1386 2929 1612 2999 judicio.

690 3022 878 3092 Neque
905 3022 1048 3076 enim
1081 3020 1281 3076 frustra
1312 3019 1400 3076 ille
1431 3020 1650 3091 proprie
1687 3019 1886 3075 dicitur
1919 3018 2033 3075 dies
2046 3018 2199 3090 iudi-

619 3115 711 3179 cii,
751 3129 872 3169 cum
905 3121 1166 3168 venturus
1200 3111 1471 3183 estiudex
1495 3112 1737 3166 vivorum
1763 3119 2195 3167 et'mortuorum.

593 3203 774 3260 .Sicut
797 3216 828 3257 e
852 3202 1125 3257 contrario
1145 3202 1457 3273 iudicantur
1484 3201 1572 3258 hic
1604 3202 1781 3270 aliqua
1803 3241 1818 3267 ,
1856 3209 1912 3257 et
1943 3209 2122 3257 tamen
2151 3203 2197 3258 si

617 3293 987 3356 remittuntur,
1018 3291 1261 3362 profecto
1285 3292 1337 3346 in
1360 3291 1541 3346 t‘uturo
1557 3292 1752 3347 suscqu
1778 3308 1883 3347 non
1909 3293 2196 3348 nocebunt.

616 3385 913 3455 Pmpterea
937 3381 1004 3437 de
1027 3383 1347 3453 quibusdam
1379 3383 1764 3453 temporalibus
1795 3382 1969 3454 poenis
1996 3399 2117 3453 qum
2142 3383 2199 3440 in

617 3476 721 3531 hac
759 3475 869 3530 vita
913 3474 1261 3546 peccantibus
1304 3474 1630 3546 irrogantur,
1674 3491 1776 3530 nec
1814 3485 2103 3531 servantur
2145 3476 2199 3530 in

621 3566 728 3622 ﬁne
765 3566 842 3621 ait
879 3565 1165 3637 Apostolus
1201 3583 1212 3616 :
1248 3565 1308 3620 Si
1349 3577 1522 3621 autem
1556 3568 1895 3631 nosmetipsos
1926 3568 2200 3638 judicare-

620 3673 766 3721 mus,
814 3675 846 3711 a
876 3656 1100 3710 Domino
1149 3672 1252 3709 non
1287 3655 1670 3724 judicaremur.
1721 3656 1853 3712 Cum
1897 3658 2205 3728 judicamur

622 3747 818 3812 autent,
851 3766 883 3801 a
912 3749 1136 3802 Domino
1167 3747 1499 3817 corripimur,
1529 3765 1592 3804 ne
1625 3766 1740 3804 cum
1769 3751 1963 3806 mundo
1989 3751 2206 3807 damne-

623 3855 741 3891 ntur
767 3838 818 3910 (I
846 3837 949 3892 Cor
976 3839 1073 3912 XI).
1220 3907 1447 3965 CAPUT
1488 3909 1584 3964 xx

629 4017 781 4082 Quod
823 4018 993 4087 qualis
1040 4018 1121 4071 hic
1163 4019 1380 4088 quisque
1421 4021 1702 4090 egreditur,
1751 4022 1872 4076 talis
1912 4023 1966 4074 in
2002 4022 2205 4090 judicio

697 4096 1062 4162 praisentatur,
1105 4097 1314 4162 excepto
1349 4089 1493 4162 quod
1527 4090 1590 4142 de
1631 4090 1823 4162 levibus
1865 4089 2030 4161 culpis
2074 4095 2206 4162 ignis

696 4157 1031 4226 purgatorius
1053 4167 1174 4210 ante
1185 4156 1448 4225 judicium
1473 4174 1582 4213 esse
1606 4161 1853 4216 creditur.

699 4263 906 4335 (Greg.)
962 4264 1018 4319 In
1051 4263 1342 4335 Evangelia
1384 4266 1516 4321 dicit
1566 4267 1828 4324 Dominus
1873 4288 1886 4323 :
1939 4269 2210 4328 Ambulate

628 4356 753 4408 dum
775 4353 944 4407 lucem
967 4353 1167 4408 habetis
1207 4353 1394 4425 (Joan.
1423 4355 1540 4426 sn).
1580 4357 1683 4412 Per
1715 4360 2034 4429 pmphetam
2078 4377 2210 4431 quo-

629 4458 734 4514 que
763 4442 874 4500 ait:
908 4441 1156 4514 Tempore
1177 4453 1386 4513 accepto
1405 4446 1649 4500 exaudiui
1679 4456 1807 4512 te,et
1833 4449 1887 4502 in
1915 4450 1999 4504 die
2023 4452 2208 4507 salutis

2293 1902 2467 1966 diem,
2502 1899 2700 1956 fratres
2743 1901 3050 1958 charissimi
3071 1942 3087 1968 ,
3119 1902 3266 1956 illum
3304 1912 3430 1957 ante
3459 1903 3664 1959 oculos
3693 1907 3878 1975 ponite,

2292 1998 2348 2044 et
2374 1989 2634 2060 quidquid
2664 1990 2824 2046 modo
2861 2006 3026 2060 grave
3070 1993 3328 2058 creditur,
3368 1995 3426 2048 in
3451 1992 3581 2062 eius
3615 2011 3875 2067 compara-

2295 2081 2441 2135 tione
2461 2080 2740 2149 levigetur.
2781 2079 2858 2135 De
2904 2081 2994 2136 illo
3021 2083 3164 2136 enim
3197 2083 3283 2136 die
3317 2097 3415 2153 per
3451 2086 3784 2156 prophetam
3808 2088 3874 2141 dio

2294 2171 2436 2225 citur
2460 2187 2472 2222 :
2497 2169 2665 2223 Juxta
2687 2179 2759 2224 est
2789 2170 2899 2224 dies
2925 2169 3133 2224 Domini
3161 2188 3380 2243 magnus
3403 2214 3419 2239 ,
3452 2174 3623 2243 juxta
3663 2189 3711 2229 et
3747 2179 3871 2230 cdes

2295 2260 2468 2314 nimis.
2514 2258 2624 2314 Vox
2651 2260 2756 2314 diei
2779 2259 2989 2314 Domini
3013 2279 3219 2328 amara,
3251 2262 3607 2316 tribulabitur
3632 2265 3705 2318 ibi
3725 2266 3867 2333 fartis.

2294 2348 2417 2404 Dies
2441 2351 2534 2404 irae
2567 2351 2677 2404 dies
2713 2350 2807 2404 illa
2825 2391 2840 2415 ,
2868 2351 2980 2406 dies
3005 2353 3356 2408 tribulationis
3383 2364 3433 2408 et
3458 2357 3755 2426 angustia,
3777 2359 3870 2410 dies

2297 2439 2608 2492 calamitatis
2622 2448 2671 2493 et
2694 2439 2940 2504 miseriae,
2953 2441 3062 2494 dies
3087 2441 3418 2495 tenebrarum
3438 2452 3490 2495 et
3502 2443 3770 2514 caliginis,
3781 2447 3867 2498 dies

2298 2529 2498 2584 nebula:
2519 2539 2568 2584 et
2593 2530 2838 2596 turbinis,
2862 2531 2972 2586 dies
3003 2533 3139 2587 tubae
3159 2542 3205 2586 et
3234 2533 3504 2603 clangoris
3533 2533 3870 2605 (Sapli.i).De

2299 2619 2402 2674 hac
2429 2619 2514 2675 die
2543 2619 2737 2674 iterum
2766 2619 3024 2676 Dominus
3047 2637 3144 2690 per
3164 2623 3488 2692 prophetam
3514 2623 3693 2678 dicit:
3718 2625 3861 2678 Adhuc

2296 2707 2455 2762 semel
2493 2718 2541 2762 et
2582 2724 2674 2780 ego
2733 2724 2838 2763 non
2879 2709 3046 2763 solum
3092 2720 3284 2764 terram
3311 2750 3326 2775 ,
3375 2711 3470 2765 sed
3505 2714 3680 2766 etiam
3719 2715 3865 2767 cdt:

2289 2799 2506 2853 movebo
2537 2801 2702 2872 (Agg.
2722 2801 2807 2869 it).
2840 2800 2990 2856 Illum
3017 2816 3144 2872 ergo
3169 2801 3310 2858 diem
3335 2810 3448 2856 tota
3472 2802 3774 2858 intentione
3791 2820 3868 2859 co-

2298 2891 2486 2960 gitate,
2510 2892 2676 2947 vitam
2701 2893 2976 2963 corrigite,
3001 2908 3178 2948 mores
3206 2901 3436 2955 mutate.
3462 2893 3606 2948 mala
3631 2895 3874 2950 tentantia

2302 2982 2602 3038 resistendo
2631 2983 2850 3048 vincite,
2879 2993 3186 3054 .perpetrata
3215 2993 3396 3039 autem
3424 2983 3640 3039 ﬂetibus
3661 2986 3876 3055 ponite;

2302 3071 2590 3127 adventum
2633 3088 2867 3143 namque
2907 3075 3094 3128 :eterni
3141 3072 3345 3141 iudicis
3387 3081 3526 3127 tanto
3565 3076 3881 3129 securiores

2226 3154 2271 3217 C
2303 3164 2624 3234 quandoque
2664 3163 2918 3219 videbitis
2940 3204 2954 3229 ,
2987 3175 3189 3235 quanto
3224 3180 3369 3220 nunc
3393 3164 3778 3220 districtionem
3807 3165 3874 3218 il-

2299 3254 2404 3309 lius
2423 3254 2664 3309 timendo
2683 3256 3048 3324 praivenietis.

2875 3368 3102 3424 CAPUT
3140 3369 3300 3424 XXII.

2303 3458 2458 3525 Quod
2486 3457 2932 3530 longanimt'tatem
2954 3469 3010 3530 et
3042 3462 3347 3529 patientiam
3391 3460 3492 3513 Dei
3523 3461 3704 3513 nullus
3737 3461 3871 3530 negli-

2511 3539 2630 3598 gat,
2661 3529 2783 3599 quia
2812 3528 3040 3584 districte
3077 3530 3132 3583 in
3157 3531 3362 3599 judicio
3386 3530 3681 3598 judicabit.

2375 3636 2578 3709 (Greg.)
2634 3636 2800 3692 Nemo
2840 3637 3300 3707 longanimitatem
3339 3639 3430 3694 Dei
3465 3641 3718 3710 negligat
3754 3640 3870 3706 Quis

2300 3737 2457 3783 tanto
2520 3728 2902 3783 districtiorem
2952 3728 3218 3797 iustitiam
3263 3729 3316 3783 in
3365 3729 3580 3798 judicio
3628 3731 3870 3785 exercebit

2305 3827 2507 3887 quanto
2542 3817 2837 3887 longiorem
2876 3817 3192 3887 patientiam
3235 3826 3361 3874 ante
3394 3817 3671 3887 iudicium
3703 3833 3870 3888 prato-

2307 3909 2472 3979 gavit.
2514 3907 2650 3962 Hinc
2683 3908 2882 3962 etenim
2929 3908 3128 3964 Paulus
3169 3909 3338 3963 dicit:
3370 3907 3606 3977 Ignoras
3654 3910 3869 3978 quoium-

2304 3999 2596 4067 benignitas
2623 3997 2719 4051 Dei
2754 3998 2823 4051 ad
2849 3999 3196 4067 paenitentiam
3228 4008 3277 4052 te
3299 3998 3521 4050 adducit
3538 3998 3564 4050 .’
3605 3997 3870 4052 Secundus

2310 4095 2484 4138 autent
2518 4085 2768 4137 duritiam
2796 4097 2971 4150 tuam,
3001 4095 3048 4139 et
3068 4101 3157 4138 cor
3187 4086 3512 4155 impaenitens
3531 4127 3546 4151 ,
3579 4087 3874 4140 lhesaun’m

2310 4175 2402 4228 tibi
2436 4175 2571 4226 iram
2609 4175 2664 4226 in
2701 4173 2786 4227 die
2828 4175 2921 4226 ἕπε
2965 4182 3012 4226 et
3050 4173 3376 4227 reuelationis
3405 4174 3549 4242 justi
3575 4176 3772 4243 ,ἕκάὲεέ
3798 4174 3873 4227 De!

2313 4266 2484 4335 (Rom.
2519 4268 2604 4335 ll).
2643 4265 2778 4318 Hinc
2822 4263 3106 4319 Psalmista
3153 4265 3273 4318 ait:
3317 4264 3458 4318 Dens
3491 4266 3678 4334 jude:
3713 4268 3876 4335 justus,

2316 4356 2467 4426 fortis
2519 4365 2566 4410 et
2616 4355 2930 4424 longanimis
2979 4352 3164 4425 (Psal.
3210 4356 3341 4425 vit).
3399 4355 3672 4413 Dicturus
3711 4359 3876 4428 quippe

2317 4445 2675 4516 longanimem
2703 4444 3205 4512 praemisitiustum,
3235 4455 3294 4499 ut
3317 4462 3479 4515 quem
3508 4447 3671 4502 vides
3693 4456 3878 4518 peccata

631 4536 812 4606 adjuvi
840 4545 889 4591 te
917 4535 1052 4609 (lsa.
1085 4535 1256 4605 sus).
1307 4535 1459 4604 Quod
1499 4531 1698 4594 Paulus
1731 4541 2002 4609 apostolus
2042 4561 2207 4613 expc-
2235 4515 2286 4572 D
2313 4515 2734 4604 delinquentium
2765 4534 2852 4588 diu
2882 4534 3148 4602 patienter
3172 4534 3314 4589 ferre
3334 4576 3347 4598 ,
3381 4537 3527 4590 scias
3557 4515 3714 4591 hunc
3736 4551 3879 4606 quan-

630 4643 768 4684 tiens
804 4627 970 4685 dicit:
1000 4629 1134 4685 Ecce
1168 4647 1304 4684 nunc
1347 4641 1545 4702 tempus
1582 4646 1881 4705 acceptum,
1919 4655 2032 4693 ecce
2072 4657 2208 4694 num:

631 4721 742 4777 diei
762 4721 950 4777 salutis
978 4722 1065 4794 (11
1083 4722 1204 4779 Cor.
1233 4725 1332 4795 Vl).
1373 4724 1625 4783 Salomon
1650 4744 1862 4799 quoque
1885 4731 1961 4785 ait
1985 4749 1996 4784 :
2032 4731 2212 4796 Quod-

633 4827 834 4880 cunque
869 4821 1032 4881 potest
1077 4828 1262 4868 manus
1301 4827 1394 4868 tua
1434 4817 1606 4886 facere
1630 4858 1644 4880 ,
1683 4819 1939 4875 instanter
1977 4839 2208 4892 operare.

637 4900 774 4966 Quia
797 4918 888 4956 nec
923 4918 1074 4971 opus,
1112 4918 1203 4955 nec
1225 4906 1376 4968 ratio,
1422 4922 1512 4959 nec
1536 4909 1813 4977 sapientia.
1860 4927 1950 4965 nec
1972 4913 2211 4974 scientia.

635 4991 731 5044 erit
766 4991 904 5058 apud
933 4991 1128 5061 inferos
1151 5032 1165 5057 ,
1191 5008 1292 5062 quo
1319 5003 1372 5046 tu
1399 5011 1645 5066 prOperas
1691 4999 1880 5069 (Eccli.
1912 5000 2010 5069 Ix).
2043 5001 2207 5056 David

637 5097 851 5152 quoque
874 5083 985 5136 ait:
1016 5084 1274 5150 Quoniam
1308 5086 1363 5140 in
1403 5087 1652 5144 sarculum
1698 5091 2056 5146 misericordia
2096 5094 2210 5162 ejus

640 5171 814 5242 (Psal.
841 5173 1058 5245 cxsxv).
1116 5176 1194 5230 Ex
1243 5178 1437 5246 quibus
1483 5179 1734 5234 nimirum
1763 5182 2044 5236 sententiis
2082 5198 2212 5238 con-

642 5271 780 5326 stat,
827 5264 954 5333 quia
993 5265 1168 5335 qualis
1210 5267 1336 5323 hinc
1378 5269 1606 5339 quisque
1649 5270 1943 5338 egreditur,
1990 5271 2110 5327 talis
2159 5273 2210 5328 in

637 5354 840 5424 judicio
855 5367 1206 5426 praisentatur
1231 5377 1243 5411 :
1271 5360 1363 5413 sed
1386 5367 1563 5414 tamen
1587 5361 1651 5415 de
1671 5360 1985 5430 quibusdam
2009 5364 2215 5420 levibus

643 5445 812 5516 culpis
846 5461 966 5501 esse
995 5454 1118 5501 ante
1157 5446 1416 5515 iudicium
1446 5447 1584 5518 ignis
1621 5451 1962 5520 purgatorius
1993 5455 2218 5508 creden-

643 5539 744 5593 dus
773 5548 872 5604 est,
897 5541 1037 5596 sicut
1064 5540 1175 5608 iam
1217 5553 1376 5608 supra
1407 5541 1664 5610 scriptum
1689 5551 1790 5597 est.
1827 5543 1996 5599 Nemo
2035 5545 2217 5613 igitur,

645 5632 771 5685 dum
798 5635 850 5686 in
876 5636 975 5688 hac
997 5633 1248 5703 praesenti
1274 5633 1407 5687 vivit
1425 5633 1553 5700 vita,
1582 5637 1810 5708 negligat
1835 5639 2047 5709 operari
2080 5641 2218 5695 bona

649 5740 767 5792 quae
794 5733 1003 5793 potest,
1035 5725 1160 5794 quia
1203 5734 1324 5795 post
1355 5727 1505 5798 hanc
1533 5729 1716 5798 vitam,
1750 5731 1797 5787 si
1827 5731 2055 5788 voluerit
2074 5773 2088 5797 ,
2107 5733 2219 5803 jam

2315 4625 2490 4693 doque
2512 4632 2568 4678 et
2590 4623 2701 4694 iam
2733 4622 2974 4676 districte
2995 4623 3257 4690 iudicare.
3299 4624 3432 4680 Hinc
3471 4641 3572 4694 per
3616 4625 3881 4696 quemn

2315 4714 2611 4782 sapientem
2642 4711 2841 4766 dicitur
2867 4729 2878 4764 :
2906 4711 3215 4768 Altissimus
3239 4723 3418 4767 autem
3442 4725 3530 4768 est
3548 4718 3768 4784 patiens
3784 4715 3881 4768 red-

2317 4807 2480 4861 ditor.
2517 4805 2734 4860 Patiens
2770 4815 2948 4860 autem
2991 4808 3229 4864 redditor
3265 4809 3482 4874 dicitur,
3512 4811 3648 4878 quia
3690 4819 3882 4881 peccata

2319 4899 2596 4954 hominum
2622 4899 2828 4969 patitur
2847 4907 2901 4952 et
2929 4899 3120 4954 reddit.
3172 4900 3356 4970 (Αυς.)
3395 4899 3528 4954 Nam
3557 4917 3710 4970 quos
3743 4903 3822 4956 diu
3841 4909 3883 4951 ut

2315 4995 2718 5052 convertantur,
2746 4986 2960 5053 tolerat,
2996 5005 3099 5043 non
3121 5003 3414 5044 conversos
3439 4991 3642 5045 durius
3674 4995 3879 5045 damnat.

2317 5085 2458 5155 Ergo
2477 5084 2568 5153 qui
2592 5093 2794 5138 aeterno
2821 5085 2934 5138 vult
2971 5086 3087 5138 sine
3117 5087 3222 5140 ﬁne
3251 5102 3436 5142 carere
3469 5087 3780 5156 supplicio,
3807 5101 3880 5138 ne-

2316 5189 2466 5230 cesse
2487 5182 2571 5230 est
2601 5181 2660 5229 ut
2684 5174 2779 5229 Dei
2806 5175 2922 5229 siue
2949 5175 3348 5234 intermissione
3369 5177 3584 5232 obediat
3612 5187 3878 5247 praecepto.

2877 5304 3103 5360 CAPUT
3143 5305 3330 5360 XXIII.

2354 5391 2430 5446 De
2457 5393 2709 5447 distantia
2749 5397 3107 5516 perpetuittlztis
3148 5397 3396 5449 bonorum
3440 5398 3647 5451 scilicet
3679 5409 3727 5451 et
3758 5413 3855 5449 tita-

2903 5499 2908 5502 -
3034 5481 3201 5516 orum.

2903 5499 2908 5502 -
3013 5481 3201 5519 torum.

2391 5552 2520 5609 Post
2541 5555 2988 5610 resurrectionem
3013 5571 3141 5611 vero
3176 5555 3372 5612 iactam
3401 5557 3667 5613 universo
3697 5555 3881 5626 impleto

2315 5641 2519 5711 iudicio
2539 5659 2635 5699 suo
2657 5644 2790 5700 lines
2820 5645 3093 5701 habebunt
3117 5646 3362 5701 civitates
3389 5647 3530 5710 dum,
3566 5664 3674 5702 una
3707 5646 3879 5700 scitust

2323 5734 2544 5801 Christi,
2579 5737 2743 5792 altera
2779 5736 3004 5804 diaboli;
3038 5754 3141 5792 una
3182 5739 3466 5802 bonorum,
3514 5738 3690 5793 altera
3733 5734 3877 5790 mal:-
