4020 6338
179 387 290 444 945

1157 387 1242 440 DE
1280 384 1665 440 VAlllETA'E'E
1704 375 2179 442 ustionem:-
2218 379 2340 440 LIB.
2384 375 2473 441 uI.‘

3311 373 3424 446 me

180 517 339 564 l‘tttll;
386 509 616 569 utraque
659 507 832 553 tamen
880 508 934 553 et
983 499 1289 570 angelorum
1341 507 1395 552 et
1449 498 1746 555 hominum.
1779 505 1826 561 Α
1855 500 1991 553 mias
2035 498 2278 552 scribunt
2322 499 2649 567 plenissime.
2687 500 2748 552 Et
2793 482 3148 554 comminatur
3187 503 3325 556 Deus
3367 520 3425 558 se

180 592 307 646 Istis
327 591 594 656 voluntas,
622 591 725 646 illis
747 591 972 645 facultas
999 605 1102 644 non
1129 590 1327 659 poterit
1349 589 1454 642 ulla
1477 603 1600 648 esse
1629 604 1752 658 pec-

178 682 343 737 candi
377 681 460 736 vel
505 681 612 736 ulla
653 679 887 756 conditio
934 681 1219 737 moriendi.
1261 679 1496 749 (Prosp.)
1535 678 1657 734 Istis
1699 679 1752 732 in

177 782 387 827 :eterna
419 773 524 826 vita
561 786 688 827 vere
726 771 1057 840 feliciterque
1076 771 1406 833 viventibus,
1455 771 1558 825 illis
1584 771 1754 825 infeli—

177 864 321 918 citer
346 863 399 916 in
423 871 632 917 aeterna-
649 871 821 928 morte
843 863 957 926 sine
983 862 1242 916 moriendi
1273 863 1755 931 potestate-duran-

180 955 350 1017 tibus,
365 953 592 1022 quando.
603 954 812 1022 utrique
825 954 942 1008 sine
957 956 1082 1019 line,
1097 953 1190 1009 sed
1212 954 1263 1007 in
1285 955 1614 1020 beatitudine
1644 955 1754 1020 isti,

176 1045 234 1098 in
270 1043 486 1101 miseria
516 1058 644 1102 vero
671 1043 847 1107 illi,ut
866 1043 977 1113 jam
1001 1057 1099 1098 nec
1126 1044 1454 1099 remunerati
1475 1044 1755 1112 praemium

179 1135 417 1199 ﬁniant,
471 1149 574 1189 neo
621 1135 856 1188 damnati
922 1135 1262 1205 supplicium.
1312 1135 1754 1204 Quandoquidem

174 1232 467 1295 propterea
495 1225 826 1294 incorruptio
851 1233 906 1280 et
927 1225 1303 1282 immortalitas
1327 1227 1560 1291 dabitur,
1593 1227 1755 1282 etiam
1776 1282 1787 1289 ,,

177 1315 499 1385 corporibus
526 1315 865 1380 miserorum,
889 1325 949 1370 ut
985 1331 1084 1371 nec
1119 1317 1219 1386 ipsi
1248 1325 1507 1372 aeternam
1539 1331 1757 1386 poenam

179 1407 408 1473 ﬁniant,
439 1421 537 1461 nec
580 1406 725 1477 ipsos
763 1414 1047 1471 consumat
1092 1407 1410 1475 immortalis
1451 1423 1612 1478 poena
1661 1409 1756 1462 sed

177 1496 388 1565 puniat.
441 1497 563 1552 Ideo
609 1497 764 1554 beata
810 1497 1208 1567 incorruptione
1255 1506 1308 1552 et
1353 1498 1756 1553 immortalitate

171 1587 448 1656 iustorum
478 1603 705 1658 corpora
732 1589 1089 1654 donabuntur,
1114 1598 1174 1643 ut
1195 1597 1248 1645 et
1281 1589 1381 1660 ipsi
1406 1590 1460 1645 in
1487 1590 1678 1661 gloria,
1702 1597 1756 1644 et

177 1679 234 1733 in
273 1679 401 1749 ipsis
428 1678 596 1749 gloria
622 1688 823 1734 aeterna
852 1689 1189 1750 permaneat.

737 1785 962 1843 CAPUT
1006 1787 1195 1860 XXIV.

298 1876 376 1931 De
401 1877 626 1946 inferno,
656 1879 793 1948 quod
823 1879 1002 1934 subtus
1030 1888 1221 1935 terram
1247 1896 1357 1936 esse
1380 1881 1631 1938 creditur.

251 1991 499 2046 Nonnulli
542 2007 776 2062 namque
806 1992 859 2045 in
887 1991 1123 2060 quadam.
1149 2000 1418 2047 terrarum
1472 1997 1627 2059 parte
1669 1989 1750 2042 in-

177 2078 392 2133 fernum
434 2094 556 2134 esse
597 2078 1074 2148 putaverunt,.alii
1118 2092 1248 2131 vero
1291 2077 1433 2130 hunc
1479 2076 1579 2131 sub
1611 2084 1753 2130 terra

178 2183 302 2224 esse
326 2167 656 2231 existimant,
680 2167 773 2222 sed
803 2175 981 2221 tamen
1008 2166 1108 2220 hoc
1140 2166 1375 2222 animum
1401 2165 1599 2236 pulsat,
1629 2165 1753 2233 quia

180 2258 387 2312 idcirco
413 2256 680 2310 infernum
709 2256 958 2321 dicimus,
987 2256 1113 2326 quia
1147 2254 1370 2312 inferius
1394 2255 1539 2324 jacet
1565 2274 1578 2309 :
1613 2257 1756 2325 quod

181 2353 327 2398 terra
351 2347 419 2399 ad
448 2344 642 2412 coelum
684 2345 792 2410 est,
817 2345 920 2400 hoc
946 2361 1067 2401 esse
1099 2344 1325 2401 inferius
1353 2345 1513 2400 debet
1536 2337 1570 2400 a~
1590 2355 1752 2413 terra.
1781 2410 1785 2413 _

185 2436 338 2491 Unde
369 2444 424 2491 et
471 2437 699 2493 fortasse
736 2451 835 2507 per
863 2437 1204 2492 Psalmistam
1235 2438 1431 2492 dicitur
1459 2455 1474 2492 :
1501 2437 1756 2491 Liberasti

180 2528 631 2590 animammeam
673 2545 737 2582 ea:
781 2529 986 2598 inferno
1033 2529 1270 2598 inferiori
1317 2528 1488 2599 (Psal.
1534 2529 1749 2598 Lxxxv).

178 2615 428 2671 lnfernus
454 2619 699 2686 superior
742 2625 918 2681 terra,
950 2617 1193 2672 infernus
1220 2633 1349 2672 vero
1391 2618 1614 2672 inferior
1657 2618 1756 2673 sub

182 2715 328 2759 terra
358 2721 478 2762 esse
508 2707 735 2762 videtur.
766 2708 829 2761 Et
852 2707 1073 2764 Joannis
1097 2723 1196 2762 vox
1225 2709 1277 2763 in
1305 2724 1367 2763 ea
1397 2710 1757 2764 aestimatione

182 2797 506 2863 concordat,
535 2797 626 2866 qui
656 2813 778 2852 cum
806 2799 1074 2867 signatum
1106 2799 1300 2852 librum
1331 2807 1534 2867 septem
1567 2800 1755 2869 sigillis

183 2887 380 2942 vidisse
419 2903 476 2943 se
504 2888 740 2953 diceret,
769 2888 892 2957 quia
938 2904 1098 2943 nemo
1122 2889 1393 2944 .iuventus
1442 2899 1525 2944 est
1566 2891 1755 2959 dignus

187 2991 358 3046 neque
385 2978 437 3032 in
469 2977 607 3034 coelo
635 2993 808 3048 neque
849 2978 903 3032 in
946 2986 1111 3044 terra,
1137 2993 1309 3048 neque
1337 2979 1526 3034 subtus
1556 2987 1755 3035 terram

188 3069 398 3138 aperire
421 3069 638 3135 librum,
669 3078 722 3125 et
747 3070 958 3126 solvere
985 3070 1258 3142 signacula
1299 3071 1436 3142 ejus,
1469 3072 1710 3142 adjunxit
1737 3091 1752 3126 :

187 3159 258 3213 Et
285 3176 376 3230 ego
400 3160 585 3230 ﬂebam
605 3160 825 3214 multum
852 3160 1032 3231 (Apoc.
1061 3159 1137 3231 v).
1163 3159 1330 3227 Quem
1359 3170 1536 3216 tamen
1558 3161 1752 3218 librum
1783 3199 1828 3261 Ο

189 3250 526 3326 postmodum
552 3264 650 3318 per
686 3249 894 3304 leonem
925 3249 992 3304 de
1032 3249 1173 3303 tribu
1214 3249 1348 3305 Iuda
1379 3250 1509 3304 dicit
1534 3252 1751 3318 aperiri.

189 3337 246 3394 In
269 3353 375 3407 quo
411 3337 860 3402 videlicet.,libro,
901 3337 1029 3407 quid
1067 3337 1209 3392 aliud
1240 3353 1400 3407 quam
1432 3353 1584 3394 sacra
1608 3341 1756 3394 Scri-

190 3434 346 3507 ptura
369 3427 626 3498 signatur,
643 3441 804 3497 quam
830 3426 977 3482 solus
996 3424 1756 3497 Redemptornosteraperuit,

191 3518 281 3588 qui
309 3519 470 3573 homo
498 3517 669 3573 factus
699 3518 1004 3581 moriendo,
1039 3518 1389 3590 resurgendo,
1421 3521 1760 3576 ascendendo
1790 3571 1793 3573 ,

192 3615 380 3662 cuncta
412 3608 684 3678 mysteria,
713 3622 832 3678 quae
853 3608 906 3661 in
933 3623 997 3663 ea
1020 3608 1234 3663 fuerant
1256 3609 1458 3676 clausa,
1483 3611 1757 3680 patefecit.

194 3698 260 3754 Et
288 3698 464 3767 nullus
512 3700 566 3753 in
616 3699 782 3767 coelo,
813 3700 936 3770 quia
981 3715 1155 3770 neque
1186 3701 1440 3772 angelus,
1489 3702 1666 3758 nullus
1708 3701 1761 3766 in

194 3799 359 3852 terra,
392 3790 516 3857 quia
547 3805 720 3859 neque
749 3790 911 3844 homo
931 3789 1119 3846 vivens
1143 3790 1196 3844 in
1228 3806 1471 3861 corpore,
1507 3799 1562 3846 et
1587 3791 1762 3847 nullus

192 3879 381 3934 subtus
403 3889 600 3934 terram
622 3881 813 3950 dignus
835 3881 1082 3936 inventus
1102 3889 1202 3942 est,
1225 3880 1350 3951 quia
1375 3896 1546 3952 neque
1571 3881 1763 3936 anima:

191 3987 419 4042 corpore
475 3980 649 4026 exutae
697 3973 909 4042 aperire
961 3973 1148 4038 nobis,
1203 3981 1399 4043 praeter
1440 3972 1759 4038 Dominum,

192 4063 332 4131 sacri
376 4061 576 4130 eloquii
620 4069 829 4116 secreta
873 4070 1178 4130 potuerunt.
1207 4061 1339 4126 Cum
1374 4077 1501 4133 ergo
1548 4063 1615 4117 ad
1660 4063 1763 4116 sol-

192 4153 421 4207 vendum
450 4153 641 4207 librum
666 4152 841 4208 nullus
866 4153 1053 4208 subtus
1075 4162 1272 4217 terram
1297 4155 1547 4222 inventus
1569 4155 1763 4223 dignus

192 4245 414 4309 dicitur,
435 4245 562 4314 quid
600 4245 778 4300 obstet
806 4259 911 4300 non
937 4245 1092 4301 video
1119 4255 1178 4300 ut
1203 4247 1393 4302 subtus
1421 4256 1619 4300 terram
1642 4261 1764 4302 esse

191 4332 438 4404 infernus.
459 4330 735 4404 credatur.-

754 4407 980 4510 CAPUT
1033 4448 1198 4504 xxv.

790 4560 875 4616 De
903 4561 1154 4630 geltenna.

263 4669 472 4741 (Beda.)
506 4670 718 4725 Nomen
755 4672 1012 4742 gehennae
1054 4671 1106 4724 in
1151 4671 1420 4725 veteribus
1471 4671 1620 4729 liln'is
1653 4687 1757 4726 non

191 4761 478 4827 invenitur,
513 4763 605 4816 sed
632 4762 864 4834 primum
904 4777 933 4814 a
966 4760 1244 4815 Salvatorc
1278 4763 1512 4831 ponitur.
1543 4762 1762 4829 Quana-

191 4867 312 4906 mus
354 4866 483 4922 ergo
525 4867 646 4921 qua:
692 4852 763 4905 sit
807 4851 1071 4906 sermonis
1111 4850 1267 4919 hujus
1296 4852 1527 4906 occasio.
1559 4851 1761 4916 Idolum

193 4942 318 4996 Baal
366 4943 528 4997 fuisse
593 4933 746 5010 juxta
793 4941 1126 4996 Hierusalem
1183 4942 1249 4995 ad
1299 4942 1507 4995 radices
1567 4944 1763 4996 montis

190 5033 394 5097 Mariae,
424 5034 478 5087 in
508 5034 702 5102 quibus
725 5032 866 5088 Siloa
910 5032 1052 5098 ﬂuit,
1085 5031 1328 5102 legimus.
1366 5032 1491 5086 Haec
1519 5033 1671 5087 vallis
1704 5042 1782 5086 et.-

189 5125 342 5195 parvi
357 5126 528 5194 campi
551 5125 802 5202 planities
827 5124 1025 5194 irrigua
1049 5131 1166 5178 erat
1189 5132 1242 5178 et
1266 5125 1776 5195 nemorosa,~plena-~

191 5232 296 5286 que
323 5216 544 5281 deliciis,
572 5225 627 5272 et
653 5217 804 5272 lucus
830 5217 881 5270 in
905 5233 967 5272 ea
1004 5217 1143 5273 idolo
1168 5227 1533 5273 consecratus.
1559 5217 1614 5271 In
1645 5227 1761 5273 tan-

191 5315 301 5360 tam
345 5313 521 5360 autctn
575 5307 805 5377 populus
855 5308 1015 5363 Israel
1063 5309 1388 5364 dementiam
1431 5317 1652 5364 venerat
1704 5317 1764 5363 ut

193 5399 490 5453 deserendo
532 5399 713 5469 templi
744 5399 959 5465 vicinia,
1006 5401 1078 5455 ibi
1119 5401 1325 5456 hostias
1356 5401 1683 5466 immolaret,
1709 5409 1765 5456 et

192 5489 425 5558 rigorem
463 5489 736 5558 religionis
770 5489 973 5544 deliciae
1018 5490 1318 5557 vincerent,
1357 5491 1600 5560 filiosque
1642 5507 1768 5546 suos

195 5580 543 5635 incenderent
581 5581 809 5636 daemoni
837 5581 921 5636 vel
967 5581 1272 5648 initiarent;
1316 5594 1370 5637 et
1398 5583 1766 5654 appellabatur

194 5669 357 5723 lucus”
389 5669 502 5739 ipse
542 5669 817 5734 Gebenon,
873 5671 924 5725 id
965 5680 1043 5725 est
1075 5671 1227 5726 vallis
1274 5672 1504 5726 filiorum
1552 5675 1760 5731 Ennon.

197 5756 308 5811 Hoc
334 5757 538 5828 Regum
585 5760 865 5824 volumen,
909 5769 962 5816 et
1005 5759 1480 5831 Paralipomenon,
1513 5775 1565 5818 et
1605 5765 1760 5821 Iere-

1855 589 2031 644 locum
2076 589 2248 658 ipsum
2288 587 2627 657 impleturum
2667 589 3018 644 cadaveribus
3069 600 3424 657 mortuorum,

1853 688 1913 733 ut
1945 693 2277 748 nequaquam
2307 686 2527 733 vocetur
2553 679 2799 749 Tepheth
2821 687 2875 734 et
2904 678 3054 745 Baal,
3087 683 3178 735 sed
3207 691 3429 737 vocetur

1856 770 2210 840 Polyandron,
2241 769 2294 824 id
2323 776 2406 824 est
2440 770 2674 824 tumulus
2694 778 3045 825 mortuorum.
3067 771 3273 827 Futura
3301 789 3429 845 ergo

1855 862 2110 931 supplicia
2135 869 2188 916 et
2217 876 2388 932 poena:
2420 869 2708 930 perpetua,
2736 862 2933 930 quibus
2958 871 3272 932 peccatores
3299 873 3429 919 cru-

1855 951 2031 1006 ciandi
2061 959 2204 1015 sunt,
2235 951 2391 1020 hujus
2419 951 2522 1008 loci
2565 951 2826 1007 vocabulo
2861 952 3207 1007 denotantur.
3244 955 3429 1025 Dupli-

1857 1054 1990 1092 ccm.
2019 1054 2141 1094 esse
2188 1040 2483 1108 gehennam
2523 1040 2675 1095 nimii
2719 1041 2872 1112 ignis‘
2899 1051 2955 1098 et
2985 1041 3217 1114 frigoris
3246 1044 3298 1099 in
3329 1043 3432 1101 Job

1856 1130 2165 1199 plenissime
2193 1131 2440 1200 legimus.

2415 1245 2640 1300 CAPUT
2679 1245 2866 1300 XXVI.

1859 1351 2014 1420 Quod
2037 1354 2230 1425 duplex
2256 1355 2621 1409 damnatorum
2646 1373 2796 1427 paena
2826 1357 2890 1410 sit
2914 1358 2968 1411 in
2996 1359 3248 1428 gehenna,
3277 1359 3332 1414 id
3355 1363 3430 1416 est

2283 1447 2470 1499 mentis
2492 1445 2649 1500 simul
2671 1455 2720 1500 et
2749 1447 3003 1517 corporis.

1930 1551 2135 1622 Duplex
2156 1552 2528 1607 damnatorum
2551 1567 2710 1621 pinna
2733 1561 2816 1608 est
2840 1553 2893 1607 in
2913 1554 3177 1624 gehenna,
3201 1571 3431 1624 quorum

1858 1647 1914 1695 et
1948 1649 2181 1695 mentem
2217 1641 2328 1694 urit
2352 1640 2595 1704 tristitia,
2629 1649 2684 1695 et
2711 1655 2908 1710 corpus
2933 1641 3148 1697 ﬂamma
3170 1641 3324 1711 juxta
3350 1645 3431 1698 vi-

1859 1730 2250 1796 cissitudinem,
2277 1742 2335 1786 ut
2373 1730 2463 1800 qui
2487 1735 2667 1786 mente
2696 1739 3065 1786 tractaverunt
3090 1732 3232 1802 quod
3257 1732 3434 1803 perfe-

1831 1892 1836 1896 η
1859 1827 2052 1874 oerunt
2066 1832 2312 1889 corpore,
2335 1818 2492 1874 simul
2513 1829 2568 1873 et
2592 1819 2773 1874 animo
2796 1819 3090 1888 puniantur
3107 1827 3162 1874 et
3185 1834 3439 1889 corpore.

1858 1909 2038 1981 Ignem
2061 1910 2318 1981 gehennae
2338 1909 2412 1964 ad
2453 1909 2670 1980 aliquod
2711 1924 2818 1964 non
2847 1908 3065 1974 habere,
3094 1909 3195 1963 hoc
3222 1919 3306 1964 est
3337 1909 3432 1965 ha-

1853 2001 2002 2065 bere,
2027 1999 2207 2054 lumen
2232 1998 2301 2052 ad
2333 1998 2754 2065 damnationem,
2780 2008 2841 2054 ut
2862 1998 3079 2054 videant
3108 1999 3257 2068 impii
3292 2000 3432 2055 unde

1855 2088 2098 2154 doleant;
2134 2097 2190 2144 et
2213 2104 2322 2144 non
2346 2090 2548 2147 habere
2570 2092 2638 2147 ad
2663 2091 3085 2147 consolationem
3123 2106 3191 2147 ne
3213 2091 3435 2147 videant

1856 2179 1996 2246 unde
2023 2179 2313 2249 gaudeant.
3437 2173 3441 2176 λ

2410 2289 2639 2355 CAPUT
2658 2292 2886 2358 XXVII.

1858 2398 2010 2467 Quod
2038 2416 2172 2455 unus
2198 2401 2444 2472 gehennw
2461 2403 2616 2472 ignis,
2643 2421 2745 2469 non
2760 2403 3029 2476 wqualiter
3049 2422 3223 2462 omnes
3239 2417 3434 2464 cruciet

2461 2484 2768 2541 peccatores.

1927 2582 2077 2639 Unus
2125 2584 2342 2653 quidem
2389 2592 2473 2640 est
2511 2586 2768 2659 gehennae
2813 2587 2985 2658 ignis,
3031 2589 3126 2644 sed
3170 2603 3276 2644 non
3324 2605 3436 2644 uno

1859 2677 2016 2731 modo
2041 2692 2230 2732 omnes
2251 2678 2454 2732 cruciat
2475 2688 2807 2746 peccatores.
2837 2681 3264 2751 Uniuscujusque
3287 2682 3434 2736 enim

1857 2775 2118 2835 quantum
2158 2767 2325 2838 exigit
2351 2767 2541 2838 culpa,
2590 2776 2795 2823 tantum
2840 2769 2949 2824 illic
2999 2771 3198 2825 sentiet
3238 2784 3432 2840 paenae.

1856 2853 1991 2920 Nam
2018 2856 2168 2918 sicut
2195 2857 2251 2912 in
2280 2857 2384 2912 hoc
2409 2859 2610 2912 mundo
2641 2861 2741 2914 sub
2768 2875 2876 2914 uno
2905 2860 3018 2916 sole
3059 2861 3215 2916 multi
3255 2862 3438 2916 consi-

1856 2953 2036 3018 stunt,
2065 2961 2164 3001 nec
2204 2953 2384 3000 tamen
2410 2947 2650 3016 ejusdem
2697 2948 2825 3003 solis
2871 2949 3119 3004 ardorem
3158 2948 3454 3020 aequaliter

1857 3035 2117 3102 sentiunt,
2148 3035 2274 3104 quia
2303 3035 2440 3092 alius
2477 3037 2599 3108 plus
2632 3046 2834 3096 aestuat.
2858 3047 3024 3109 atque
3056 3040 3195 3096 alius
3222 3041 3457 3107 minus;_

1859 3128 1930 3181 ita
1961 3127 2069 3182 illic
2111 3127 2166 3182 in
2194 3142 2302 3182 uno
2331 3127 2453 3197 igne
2480 3143 2586 3182 non
2629 3144 2770 3184 unus
2800 3139 2894 3186 est
2919 3131 3125 3192 .modus
3169 3131 3438 3198 incendii,

1859 3216 2002 3286 quod
2037 3217 2124 3270 hic
2151 3216 2438 3272 diversitas
2467 3232 2776 3287 corporum,
2808 3219 2909 3279 hoc
2950 3219 3059 3274 illic
3103 3221 3213 3288 agit
3256 3220 3443 3276 diver~

1861 3309 1991 3361 sitas
2016 3317 2381 3377 peccatorum,
2412 3313 2468 3360 ut
2503 3307 2679 3375 ignem
2702 3324 2806 3362 non
2836 3308 3151 3362 dissimilem
3179 3309 3437 3374 habeant,

1858 3405 1907 3450 et
1944 3403 2120 3457 tamen
2149 3396 2364 3452 eosdem
2391 3395 2637 3467 singulos
2657 3396 2988 3452 dissimiliter
3013 3405 3224 3452 exurat.

2401 3505 2627 3562 CAPUT
2664 3506 2893 3562 XXVIII.

2311 3596 2390 3650 De
2415 3613 2684 3666 pomorum
2712 3598 2982 3652 distantia.

1933 3707 2208 3761 Mitissima
2250 3723 2381 3763 sane
2431 3709 2669 3762 omnium
2697 3724 2905 3768 eorum
2957 3710 3063 3764 erit
3107 3725 3297 3780 pcena,
3345 3713 3440 3783 qui

1861 3807 2057 3866 printer
2093 3806 2370 3866 peccatum
2415 3799 2557 3867 quod
2595 3798 2857 3868 originale
2901 3809 3198 3865 traxerunt,
3236 3801 3439 3857 nullum

1861 3890 2081 3959 insuper
2109 3888 2445 3944 addiderunt.
2478 3888 2652 3944 Tanto
2685 3898 2862 3946 autem
2885 3890 2966 3948 ibi
2995 3892 3223 3962 quisque
3248 3892 3446 3949 tolera-

1860 3981 2106 4036 biliorem
2133 3981 2352 4036 habebit
2383 3982 2803 4048 damnationem,
2837 3991 3038 4056 quanto
3068 3984 3154 4040 hic
3181 3987 3445 4041 minorem

1861 4073 2050 4130 habuit
2077 4074 2432 4146 iniquitatem.
2463 4074 2887 4133 Remanentibus
2929 4073 3110 4147 itaque
3141 4077 3351 4147 angelis
3391 4085 3449 4132 et

1862 4166 2169 4222 hominibus
2215 4167 2457 4238 reprobis
2505 4168 2557 4221 in
2601 4177 2800 4222 aeterna
2852 4181 3033 4236 poena,
3083 4176 3210 4222 tunc
3265 4168 3444 4222 sancti

1862 4257 2035 4312 scient
2076 4257 2307 4326 plenius,
2334 4257 2458 4326 quid
2488 4257 2612 4312 boni
2653 4257 2732 4312 eis
2770 4257 3059 4312 contulerit
3087 4255 3279 4326 gratia,
3314 4264 3448 4310 tunc

1863 4348 2024 4402 rebus
2069 4347 2200 4416 ipsis
2257 4347 2556 4402 evidentius
2593 4346 2906 4421 apparebit,
2941 4346 3084 4414 quod
3132 4346 3184 4398 in
3229 4344 3446 4398 Psalmo

1863 4439 2121 4509 scriptum
2171 4448 2254 4494 est
2291 4455 2305 4492 ;
2350 4437 2766 4502 Misericordiam
2818 4447 2867 4492 et
2903 4437 3172 4505 judicium
3201 4437 3445 4493 cantabo
3492 4482 3496 4488 .

1792 4544 1846 4602 ι)
1868 4529 1979 4592 tibi,
2008 4528 2226 4582 Domine
2250 4526 2420 4598 (Psal.
2451 4527 2524 4597 c).
2551 4527 2688 4594 Quia
2717 4527 2822 4582 nisi
2845 4542 2940 4595 per
2969 4527 3261 4581 indebitam
3284 4526 3443 4581 mise—

1867 4620 2153 4674 ricordiam
2186 4634 2343 4672 nemo
2376 4619 2710 4684 liberabitur,
2737 4627 2791 4681 et
2817 4617 2918 4672 nisi
2947 4631 3042 4696 per
3074 4615 3316 4681 debitum
3348 4613 3457 4684 ju-,

1863 4713 2063 4770 dicium
2092 4727 2250 4781 nemo
2283 4712 2642 4776 damnabitur.

2428 4819 2655 4886 CAPUT
2695 4821 2892 4875 XXIX.

2120 4931 2294 4997 Quare
2315 4932 2538 4990 dicatur
2575 4931 2709 5001 ignis
2739 4931 3214 5002 inexstinguibiiis..

1935 5042 2032 5114 (Ch
2043 5045 2169 5115 rys.)
2185 5044 2324 5115 Ignis
2339 5053 2516 5103 autem
2533 5045 2621 5099 hic
2634 5047 2721 5114 qui
2742 5046 2792 5099 in
2810 5046 3059 5126 praesenti
3080 5048 3304 5118 vita_csl,
3318 5062 3450 5104 con-

1865 5137 2230 5190 sumitcuncta
2250 5152 2367 5205 qua:
2383 5137 2592 5205 recipit.
2607 5137 2903 5208 Perpetuus
2918 5139 3004 5194 ille
3021 5140 3159 5211 ignis
3171 5156 3308 5212 quos
3329 5155 3448 5196 sus-

1865 5227 2068 5296 ceperit
2096 5241 2307 5296 semper
2319 5227 2547 5293 cruciat,
2564 5237 2803 5298 etpmnat
2831 5245 2941 5286 sua:
2970 5247 3183 5302 semper
3211 5232 3449 5302 integros

1869 5328 2066 5374 servat.
2098 5321 2388 5390 Propterea
2429 5323 2572 5376 enim
2605 5325 3058 5396 inexstinguibilis
3089 5329 3448 5404 dicitur,.non

1873 5409 2043 5464 solum
2071 5411 2195 5480 quia
2241 5413 2356 5481 ipse
2387 5428 2490 5467 non
2519 5415 2898 5485 exstinguitur,
2928 5419 3022 5473 sed
3057 5419 3181 5488 quia
3219 5432 3318 5471 nec
3354 5431 3450 5471 eos

1870 5513 2004 5568 quos
2046 5503 2342 5570 susceperit
2385 5503 2715 5574 exstinguit,
2745 5521 2846 5562 nec
2883 5507 3121 5577 perimit.
3169 5505 3448 5578 Scriptura

1867 5591 2066 5644 etenim
2115 5590 2320 5658 didicit,
2364 5594 2488 5663 quia
2531 5603 2585 5650 et
2620 5607 2931 5667 peccatores
2981 5598 3208 5652 induant
3256 5614 3448 5653 corru-

1863 5680 2125 5750 ptionem,
2153 5683 2357 5738 scilicet
2380 5700 2484 5740 non
2505 5688 2572 5740 ad
2597 5688 2855 5742 honorem
2880 5688 3002 5744 vitae
3024 5689 3119 5744 sed
3149 5689 3214 5743 ad
3243 5689 3452 5744 diutur-

1862 5769 2084 5824 nitatem
2133 5771 2375 5841 sun’plicii
2421 5774 2776 5844 profuturam.
2837 5775 3003 5844 Hujus
3058 5786 3234 5833 autem
3280 5795 3450 5849 pmnm.
