4020 6338
620 344 722 398 947
1107 345 1456 402 IIAYMONIS
1496 309 1965 405 HALBEIISTAT.
2004 351 2215 422 EPISC.
2255 351 2406 409 OPP.
2445 354 2622 413 PARS
2657 358 2745 414 III.
2781 388 2850 400 -ι
2884 361 3385 424 MISCELLANEA.
3807 375 3930 428 948

607 460 728 516 ,vim
766 466 820 512 et
865 458 1001 528 ignis
1038 456 1182 513 illius
1219 459 1513 527 potentiam
1561 462 1703 517 nulla
1749 478 1851 518 vox
1896 481 2185 537 exponere.
2217 469 2266 529 Α
2292 467 2432 525 ultra
2449 473 2866 546 vires.cruciant,
2887 488 2941 533 et
2959 481 3040 534 eis
3061 482 3183 537 vitae
3204 485 3506 541 subsidium
3530 490 3930 560 exstingues»

619 550 798 603 nullus
833 564 1013 604 sermo
1060 551 1258 618 poterit
1296 551 1604 620 explanare.
1654 553 1796 610 Nihil
1837 566 1922 613 est
1961 560 2114 615 enim
2136 562 2190 617 in
2297 568 2379 615 tes
2419 573 2664 627 servant,
2689 572 2747 618 ut
2775 566 2854 621 sic
2879 568 3046 623 vitam
3081 573 3342 628 terminus
3375 576 3575 643 puniat
3610 550 3920 646 quatenus

619 639 778 692 rebus
801 639 1239 708 corruptibilibus
1267 641 1378 696 sive
1401 641 1556 698 bonis
1577 644 1692 719 sive
1719 646 1872 702 malis
1898 647 1968 702 illi
1992 651 2185 716 simile,
2290 665 2504 721 Semper
2531 655 2759 709 termino
2803 659 3074 714 cruciatus
3103 675 3199 730 per
3213 639 3492 719 tormenta
3519 639 3816 736 proI‘erat.
3861 684 3924 725 es

605 735 984 784 verumtamen
1032 738 1092 784 ut
1137 730 1371 801 aliquam
1414 734 1700 806 imaginem
1741 737 1880 806 ignis
1934 738 2076 794 illius
2106 741 2188 794 vel
2287 744 2404 800 sine
2444 745 2550 799 ﬁne
2571 746 3028 804 deﬁniens‘duret.
3063 751 3298 824 Fitergo
3316 730 3550 814 'miseris
3567 775 3740 814 mors
3783 762 3920 818 sine

610 835 674 873 ex
700 833 860 889 paena
897 819 1055 890 huius
1082 823 1380 893 capiamus,
1409 824 1482 879 illi
1512 827 1960 894 comparavimus.
2287 843 2491 899 morte,
2531 835 2652 891 ﬁnis
2685 838 2802 894 sine
2837 839 2974 906 ﬁne,
3010 819 3257 899 defectus
3290 847 3408 902 sine
3446 850 3723 916 defectu,
3772 859 3914 923 quia

1183 933 1409 990 CAPUT
1445 919 1630 990 xxx."
2284 932 2339 977 et
2370 939 2516 979 mors
2543 925 2696 990 vivit,
2725 936 2780 980 et
2807 928 2931 983 ﬁnis
2958 945 3172 1000 semper
3195 935 3398 1005 incipit,
3430 948 3488 993 et
3518 919 3917 998 deﬁcere—de-

818 1019 973 1086 Quod
1003 1024 1115 1078 sine
1139 1024 1245 1093 ﬁne
1269 1025 1372 1078 sint
1403 1036 1656 1082 tormenta
1689 1027 1968 1100 malorum.

2283 1011 2456 1069 iectus
2487 1018 2680 1071 nescit.
2708 1016 2888 1089 (Aug.)
2917 1019 2994 1075 De
3015 1021 3118 1076 hoc
3151 1023 3292 1078 inter
3316 1037 3517 1083 caetera
3547 1034 3914 1102 conspicuus

2282 1104 2472 1160 doctor
2495 1105 2823 1177 Augustinus
2869 1111 2988 1164 ait:
3027 1110 3169 1166 Nihil
3217 1124 3302 1169 est
3349 1117 3507 1186 pejus
3554 1123 3612 1176 in
3678 1134 3908 1187 morte.

675 1131 829 1188 Sicut
859 1142 1039 1188 autem
1066 1134 1187 1191 ﬁnis
1215 1151 1319 1191 non
1350 1145 1465 1202 est,
1495 1138 1674 1208 gaudii
1701 1139 1989 1205 bonorum,
2018 1141 2093 1194 ita
2128 1153 2184 1196 et
2282 1131 2471 1212 {mum-
2495 1131 2823 1212 “ugf'sunué
2869 1131 2922 1212 a',

2281 1210 2441 1265 quam
2465 1212 2586 1255 esse
2612 1213 2665 1252 in
2685 1209 2859 1254 morte
2880 1209 2998 1256 sine
3025 1211 3218 1270 morte,
3235 1215 3288 1259 et
3308 1209 3445 1262 mori
3470 1210 3624 1267 velle
3655 1221 3721 1267 et
3751 1219 3900 1270 mori

600 1223 726 1278 ﬁnis
755 1239 860 1279 non
887 1232 971 1280 est
1011 1233 1401 1282 tormentorum
1441 1228 1724 1284 malorum.
1759 1229 1893 1283 Nam
1923 1247 2046 1285 cum
2080 1230 2180 1285 Ve.

600 1315 736 1368 ritas
764 1313 1138 1368 dicatz'Ibuut
1181 1315 1236 1368 hi
1275 1317 1332 1369 in
1372 1294 1684 1386 supplicium
1729 1329 2012 1386 wternum,
2043 1321 2179 1391 justi
2277 1303 2457 1358 posse'
2812 1384 2986 1398 mm,

2809 1384 3035 1442 CAPUT
3082 1387 3320 1445 XXXIV.

597 1417 771 1461 autem
818 1409 875 1462 in
914 1408 1069 1462 vitam
1097 1419 1342 1464 (sternam
1381 1410 1594 1482 (Matth.
1636 1415 1786 1484 xxv),
1827 1416 1954 1484 quia
1991 1431 2176 1472 verum

594 1507 679 1553 est
722 1498 862 1568 quod
912 1499 1180 1569 promisit,
1227 1499 1419 1573 falsum
1464 1504 1652 1574 procul
1697 1505 1860 1560 dubio
1896 1521 2002 1561 non
2036 1507 2173 1572 erit,

546 1613 550 1616 ν
593 1591 734 1661 quod
766 1592 1004 1648 minatus
1029 1601 1112 1648 est
1133 1594 1295 1660 Deus.

2279 1470 2551 1536 Quomodo
2583 1476 2759 1529 anima
2786 1478 3097 1558 immortalis
3135 1485 3202 1535 sit
3236 1483 3360 1558 dum
3398 1495 3614 1539 constat
3649 1490 3808 1558 quod
3844 1493 3894 1543 in

2711 1557 2954 1615 perpetuo
2979 1551 3098 1619 igne
3125 1554 3404 1608 moriatur.

2344 1651 2546 1725 (Greg.)
2587 1653 2738 1710 Sicut
2768 1657 2974 1713 duobus
3004 1660 3180 1716 modis
3210 1664 3317 1717 vita
3344 1664 3580 1733 dicitur,
3626 1669 3710 1721 ita
3754 1671 3886 1724 duo-

1149 1706 1379 1762 lIAPUT
1418 1705 1609 1763 XXXI.

588 1796 784 1851 Contra
812 1813 897 1874 eos
931 1799 1020 1868 qui
1047 1797 1258 1861 dicunt,
1285 1797 1484 1852 idcirco
1508 1797 1645 1852 Deus
1667 1800 1995 1868 peccantibus
2022 1809 2168 1854 trter-
2196 1815 2243 1874 Β

657 1884 776 1920 nam
806 1868 1030 1948 minatus
1058 1877 1135 1922 est
1161 1884 1392 1936 poenam,
1424 1877 1481 1923 ut
1516 1885 1602 1924 eos
1627 1886 1660 1924 a
1687 1879 2014 1939 peccatorum
2043 1886 2162 1941 per-

602 2002 609 2011 .
654 1947 941 2006 petratione
965 1947 1328 2008 compesceret.

653 2046 720 2119 (G
728 2047 858 2118 reg.)
876 2047 932 2102 Si
952 2046 1142 2101 falsum
1161 2050 1398 2118 estquod
1413 2050 1648 2122 minatus
1660 2057 1764 2116 est,
1781 2058 1840 2104 ut
1863 2050 1931 2106 ab
1949 2051 2160 2120 injusti-

581 2140 656 2192 tia
673 2139 986 2208 corrigeret,
1001 2137 1164 2192 etiam
1183 2137 1316 2192 falsa
1329 2147 1415 2194 est
1431 2139 1724 2209 pollicitus,
1741 2148 1800 2195 ut
1813 2142 1880 2197 ad
1891 2140 2156 2209 justitiam

579 2237 918 2300 provocaret.
951 2227 1057 2284 Sed
1093 2229 1215 2298 quis
1238 2229 1344 2285 hoc
1370 2230 1556 2291 dicere.
1578 2231 1661 2286 vel
1706 2231 1928 2286 insanus
1948 2247 2154 2300 praesu-

580 2320 728 2373 mat?
753 2319 889 2373 Etsi
933 2319 1168 2374 minatus
1206 2326 1291 2375 est
1328 2319 1472 2388 quod
1516 2335 1623 2375 non
1664 2329 1784 2375 erat
1814 2321 2153 2391 impleturus,

575 2411 706 2466 dum
741 2427 986 2468 asserere
1010 2427 1132 2468 eum
1163 2412 1569 2468 misericordem
1595 2412 1841 2468 volumus
1860 2453 1875 2479 ,
1909 2413 2154 2469 fallacem

576 2503 742 2575 (quod
775 2505 880 2560 dici
907 2505 1060 2562 nefas
1093 2505 1199 2577 est)
1235 2505 1531 2575 praedicare
1548 2504 1937 2576 compellimur.
1970 2505 2152 2577 (Aug.)

572 2597 651 2650 De
677 2597 779 2653 hoc
814 2597 1005 2653 beatus
1033 2598 1359 2669 Augustinus
1384 2599 1525 2655 inter
1556 2609 1749 2655 caetera
1776 2601 1850 2654 ait
1882 2618 1894 2652 :
1931 2598 2153 2653 Frustra

573 2686 756 2755 itaque
782 2686 1044 2752 nonnulli,
1078 2687 1187 2742 imo
1213 2688 1430 2757 quidem
1459 2688 1695 2759 plurimi,
1725 2696 1983 2743 aeternam
2006 2688 2155 2742 dam-

573 2787 823 2833 natorum
851 2793 1070 2850 plenam
1097 2788 1152 2834 et
1174 2781 1444 2834 cruciatus
1471 2781 1589 2834 sine
1613 2779 2010 2834 intermissione
2037 2793 2154 2848 per-

569 2874 763 2935 petuos
782 2868 1018 2922 humano
1040 2867 1367 2922 miserantur
1387 2867 1602 2931 aﬂ‘ectu,
1628 2876 1790 2938 atque
1816 2869 1889 2922 ita
1911 2867 2153 2921 futurum

2271 1745 2372 1800 bus
2415 1748 2589 1802 modis
2628 1750 2792 1804 etiam
2838 1752 3016 1806 anima
3062 1753 3224 1811 debet
3270 1758 3523 1831 intelligi.
3577 1763 3752 1817 Aliud
3802 1776 3883 1820 est

2272 1852 2503 1906 namque
2533 1837 2672 1908 quod
2705 1839 2759 1894 in
2790 1840 2900 1898 Deo
2928 1843 3193 1909 vivimus,
3239 1847 3385 1902 aliud
3435 1866 3574 1906 vero
3626 1856 3782 1922 quod
3829 1859 3876 1909 iu

2267 1926 2369 2004 hoc
2399 1943 2612 2000 quoque
2638 1931 2837 1986 conditi
2872 1934 2958 1987 vel
2993 1935 3160 1997 creati
3192 1953 3378 1994 sumus
3399 1981 3414 2004 ,
3459 1942 3512 1994 id
3557 1952 3647 1997 est
3674 1984 3691 2005 ,
3736 1947 3872 1998 aliud

2263 2027 2347 2072 est
2372 2016 2529 2079 beate
2554 2021 2754 2086 vivere,
2786 2022 2930 2078 aliud
2958 2027 3338 2083 essentialiter.
3368 2031 3575 2086 Anima
3608 2035 3796 2105 itaque
3818 2047 3868 2091 et

2265 2110 2508 2166 mortalis
2554 2127 2676 2178 esse
2723 2113 3070 2187 intelligitur,
3120 2130 3174 2174 et
3222 2121 3578 2180 immortalis.
3631 2127 3863 2183 Mortalis

2262 2199 2476 2268 quippe,
2498 2201 2620 2273 quia
2646 2202 2801 2258 beate
2825 2204 3004 2260 vivere
3028 2208 3260 2276 omittit;
3296 2212 3634 2270 immortalis
3659 2228 3856 2280 autem,

2260 2288 2383 2356 quia
2413 2290 2774 2354 essentialiter
2800 2293 2980 2350 vivere
3009 2313 3281 2368 nunquam
3309 2301 3532 2364 desinit,
3570 2315 3629 2360 et
3657 2317 3855 2361 natura:
3933 2355 3947 2377 ,

2259 2394 2370 2434 sum
2393 2380 2555 2434 vitam
2585 2384 2812 2451 perdere
2854 2401 2957 2440 non
2999 2388 3162 2453 valet,
3206 2406 3306 2448 nec
3341 2408 3468 2458 cum
3503 2395 3562 2460 in
3597 2407 3849 2466 perpetua

2259 2470 2421 2525 fuerit
2462 2483 2633 2528 morte
2679 2475 2947 2542 daiimata.
2986 2479 3096 2536 illic
3137 2481 3280 2536 enim
3326 2465 3501 2553 posita
3548 2465 3714 2543 beata
3742 2504 3850 2543 esse

2257 2562 2466 2630 perdet,
2493 2573 2548 2618 et
2571 2581 2699 2628 esse.
2723 2583 2826 2620 non
2856 2569 3064 2638 perdet.
3113 2571 3188 2626 Ex
3228 2588 3333 2642 qua
3364 2591 3422 2628 re
3452 2591 3685 2647 semper
3715 2583 3847 2651 cogi-

2260 2660 2364 2716 tur,
2395 2661 2455 2708 ut
2477 2663 2530 2709 et
2559 2664 2785 2711 mortem
2815 2658 2931 2734 sine
2958 2669 3152 2726 morte,
3193 2670 3249 2715 et
3291 2663 3571 2720 deiectum
3617 2670 3735 2723 sine
3767 2672 3844 2724 de—

2255 2739 2419 2807 fectu,
2461 2753 2518 2798 et
2562 2744 2722 2800 ﬁnem
2771 2748 2896 2808 sine~
2939 2750 3043 2805 ﬁne
3089 2753 3347 2820 patiatur.
3391 2767 3678 2824 quatenus
3715 2762 3763 2814 ei
3801 2771 3849 2816 et

2256 2847 2402 2887 mors
2432 2835 2748 2892 immortalis
2775 2839 2864 2903 sit,
2891 2849 2945 2894 et
2973 2839 3213 2901 defectus
3238 2843 3587 2912 indeﬁciens,
3627 2858 3685 2902 et
3726 2849 3850 2904 ﬁnis

2203 2921 2217 2934 ‘
2255 2919 2515 2977 inﬁnitus.

572 2968 694 3008 esse
715 2969 822 3008 non
846 2957 1091 3009 credunt.
1115 2953 1232 3010 Non
1261 2955 1474 3025 quidam
1497 2955 1791 3025 Scripturis
1819 2956 2152 3012 adversando

573 3043 789 3109 divinis,
823 3044 917 3098 sed
953 3059 1054 3115 pro
1099 3059 1199 3100 suo
1233 3054 1378 3101 motu
1425 3048 1558 3102 dura
1603 3039 1828 3118 quaeque
1856 3047 2170 3116 moliendo,

571 3147 627 3190 et
675 3135 728 3190 in
758 3101 1019 3191 leniorem
1050 3135 1311 3192 ﬂectendo
1339 3101 1656 3194 sententiam
1701 3101 1820 3209 qua“:
1847 3148 2067 3223 putatur
2093 3141 2145 3194 in
2173 3165 2218 3230 ο
2256 3101 2409 3170 quad

571 3226 650 3281 eis
691 3226 983 3282 terribilius
1024 3243 1144 3283 esse
1182 3228 1324 3284 dicta
1366 3243 1525 3299 quam
1564 3230 1766 3284 verius.
1811 3219 1949 3284 Num
1996 3233 2138 3287 enim

569 3316 916 3375 obliviscetur
940 3319 1231 3392 (inquiunt)
1264 3322 1506 3377 misereri
1527 3321 1706 3387 Deus?
1729 3335 1820 3381 aut
1849 3326 2144 3383 continebit

569 3411 624 3464 in
651 3411 731 3466 ira
766 3426 861 3467 sua
885 3398 1286 3492 misericordias
1311 3413 1468 3494 snas?
1495 3415 1598 3471 hoc
1625 3416 1839 3485 quidem
1872 3418 1925 3472 in
1954 3428 2142 3474 sancto

567 3504 763 3575 legitur
789 3504 1015 3574 psalmo.
1047 3503 1154 3559 Sed
1185 3503 1252 3560 de
1283 3505 1367 3560 his
1393 3506 1509 3561 sine
1537 3507 1648 3562 ullo
1673 3500 1923 3578 scrupulo
1949 3510 2143 3566 intelli-

567 3595 735 3664 gitur,
776 3595 866 3664 qui
901 3610 1029 3650 vasa
1071 3595 1456 3652 misericordiae
1487 3607 1883 3667 nuncupantur.
1915 3599 2048 3668 Quia
2088 3611 2144 3655 et

566 3684 668 3752 ipsi
698 3697 802 3737 non
831 3697 930 3756 pro
959 3685 1166 3739 meritis
1191 3686 1325 3750 suis,
1351 3686 1592 3751 sed,Deo
1620 3689 1929 3754 miserante,
1944 3691 2010 3744 de
2037 3691 2139 3744 mi-

565 3773 704 3828 seria
751 3772 1062 3829 liberantur.
1112 3774 1219 3829 Aut
1263 3775 1310 3830 si
1355 3776 1457 3831 hoc
1500 3777 1568 3832 ad
1605 3792 1796 3834 omnes
1835 3781 2145 3836 existimant

564 3867 859 3934 pertinere,
893 3880 1000 3922 non
1024 3868 1145 3924 ideo
1168 3884 1389 3925 necesse
1411 3878 1573 3925 estut
1603 3871 1998 3927 damnationem
2029 3872 2144 3940 opi-

565 3963 763 4009 nentur
813 3971 973 4025 posse
1021 3957 1164 4011 ﬁniri
1209 3973 1428 4024 eorum,
1463 3959 1531 4014 de
1574 3961 1770 4030 quibus
1813 3961 2014 4014 dictum
2061 3969 2144 4014 est

567 4044 648 4098 sic
683 4058 696 4097 :
731 4042 887 4101 Ibunt
926 4045 1014 4101 isti
1042 4045 1096 4102 in
1131 4046 1442 4116 supplicium
1481 4056 1732 4103 teternum
1767 4062 1786 4101 :
1824 4050 1928 4104 nisi
1957 4058 2012 4104 et
2039 4048 2145 4104 isto

567 4134 728 4188 modo
743 4143 962 4204 putetur
973 4137 1294 4206 quandoque
1310 4136 1561 4194 habitura
1580 4139 1740 4195 tinem
1759 4139 2005 4205 felicitas,
2021 4157 2142 4196 cum

566 4227 923 4300 subjungatur
939 4249 950 4283 :
964 4228 1002 4284 Ι
1005 4233 1109 4286 usti
1121 4241 1294 4287 autem
1307 4232 1362 4286 in
1377 4233 1536 4287 vitam
1550 4242 1795 4288 (sternam
1810 4233 2138 4306 (Mettium).

1113 4340 1340 4398 CAPUT
1376 4341 1589 4397 XXXII.

568 4431 722 4497 Quod
739 4432 943 4502 justum
964 4435 1031 4488 sit
1053 4435 1304 4507 utculpa,
1325 4451 1443 4506 quae
1464 4453 1582 4490 cum
1604 4436 1708 4505 ﬁne
1727 4445 2018 4507 perpetrata
2042 4447 2140 4503 est,

584 4540 589 4545 -
1080 4505 1190 4560 sine
1219 4505 1324 4573 ﬁne
1338 4505 1618 4575 puniatur.

636 4607 839 4690 (στοαί)
862 4613 975 4670 Hoc
1001 4624 1145 4670 recte
1167 4615 1456 4681 diceretur,
1485 4617 1529 4672 si
1551 4617 1827 4672 districtus
1844 4616 2009 4687 iudex
2032 4630 2141 4672 non

564 4705 728 4760 corda
754 4705 1034 4762 hominum
1061 4707 1156 4763 sed
1184 4707 1330 4764 facta
1354 4717 1627 4779 pensaret.
1659 4711 1830 4780 Iniqui
1851 4713 1994 4766 enim
2020 4711 2142 4767 ideo

565 4809 689 4846 cum
720 4793 826 4849 ﬁne
866 4794 1227 4866 deliquerunt,
1259 4797 1390 4868 quia
1421 4815 1546 4855 cum
1574 4799 1680 4856 ﬁne
1704 4802 1975 4857 vixerunt.
2004 4801 2139 4857 Nam

565 4883 864 4940 voluissent
891 4886 1097 4956 utique,
1121 4886 1167 4942 si
1203 4889 1523 4958 potuissent,
1559 4891 1676 4962 sine
1709 4891 1812 4947 ﬁne
1838 4893 2050 4959 vivere,
2081 4900 2141 4946 ut

568 4973 871 5042 potuissent
891 4976 1008 5032 sine
1031 4977 1138 5034 ﬁne
1158 4993 1383 5050 peccare
1410 4999 1423 5035 :
1446 4983 1737 5038 ostendunt.
1751 4968 1918 5057 enim,
1939 4984 2062 5057 quia
2083 4983 2138 5038 in

566 5071 792 5131 peccato
818 5079 1030 5136 semper
1055 5067 1234 5124 vivere
1271 5071 1511 5146 cupiunt,
1541 5073 1632 5141 qui
1675 5087 1948 5148 nunquam
1993 5071 2140 5128 desi-

571 5162 706 5207 nunt
729 5169 955 5224 peccare
982 5157 1105 5212 dum
1132 5161 1337 5215 vivunt.
1361 5162 1441 5215 Ad
1461 5177 1710 5233 magnam
1732 5177 1860 5234 ergo
1877 5161 2138 5231 justitiam

570 5242 864 5312 iudicantis
891 5247 1152 5323 pertinet,
1197 5257 1257 5304 ut
1300 5235 1572 5318 nunquam
1600 5260 1820 5324 careant
1856 5249 2138 5319 supplicio,

574 5337 666 5406 qui
696 5338 748 5392 in
777 5338 880 5393 hac
909 5339 1016 5393 vita
1063 5355 1333 5408 nunquam
1361 5340 1646 5394 voluerunt
1681 5355 1868 5395 carere
1898 5349 2137 5410 peccato.

1103 5452 1328 5510 CAPUT
1380 5453 1613 5518 XXXIII.

573 5540 724 5606 Quod
753 5545 807 5596 in
835 5545 928 5598 illa
957 5555 1150 5598 aeterna
1179 5545 1512 5600 damnatione
1542 5563 1682 5605 mors
1713 5548 1778 5602 sit
1809 5548 1918 5602 sine
1953 5555 2135 5611 morte,

974 5623 1020 5668 et
1046 5615 1179 5668 mori
1210 5613 1334 5668 velle
1361 5624 1408 5668 et
1441 5631 1545 5670 non
1571 5633 1735 5686 posse.

641 5725 840 5797 (αι-ες.)
865 5729 1135 5800 Supplicia
1165 5745 1394 5799 namque
1421 5739 1618 5786 aeterna
1638 5733 1703 5786 'iu
1730 5749 1785 5788 se
1805 5734 2065 5798 diversos,
2085 5744 2136 5787 et

2801 3019 3028 3076 CAPUT
3064 3020 3284 3092 xxxv.

2444 3107 2635 3161 anima:
2674 3109 2970 3187 iniquorum
3013 3129 3135 3187 mox
3174 3125 3231 3167 ut
3270 3119 3337 3187 de
3373 3133 3567 3187 corpore
3602 3130 3824 3183 munt,

2536 3249 2542 3256 ‘
2673 3179 2741 3231 ad
2770 3179 3032 3247 infernum
3061 3182 3399 3238 descendant.

2317 3285 2372 3340 Si
2405 3302 2526 3343 esse
2555 3298 2860 3344 sanctorum
2889 3291 3098 3346 animas
3121 3295 3171 3346 in
3195 3295 3335 3349 coelo
3364 3297 3711 3352 attestatione
3749 3314 3835 3352 sa-

2245 3374 2322 3427 cri
2344 3374 2541 3446 eloquii
2562 3377 2857 3443 credimus,
2886 3389 3100 3449 oportet
3128 3390 3185 3435 ut
3208 3392 3264 3436 et
3285 3384 3608 3453 iniquorum
3622 3388 3834 3441 animas

2247 3466 2300 3518 in
2333 3463 2544 3521 inferno
2573 3483 2670 3538 per
2696 3469 2874 3523 omnia
2905 3484 3026 3524 esse
3059 3471 3366 3528 credamus.
3398 3473 3540 3541 Quia
3578 3492 3648 3530 ex
3677 3479 3837 3531 τειτῇ

2247 3555 2462 3610 butione
2511 3566 2726 3613 aeternae
2764 3558 2991 3626 iustitia:
3037 3576 3105 3615 ex
3144 3577 3248 3632 qua
3279 3562 3396 3630 jam
3428 3564 3572 3632 justi
3604 3568 3829 3636 glorian-

2248 3653 2356 3710 tur,
2393 3660 2612 3713 necesse
2641 3655 2723 3702 est
2763 3663 2860 3718 per
2895 3649 3078 3704 omnia
3109 3661 3168 3705 ut
3192 3660 3242 3706 et
3277 3651 3464 3720 injusti
3493 3657 3820 3710 cruciantur.

2250 3732 2382 3791 Nam
2413 3735 2552 3801 sicut
2582 3736 2782 3792 electos
2814 3739 3086 3794 beatitudo
3117 3740 3354 3796 laetiﬁcat
3375 3784 3391 3808 ,
3433 3744 3514 3798 ita
3553 3747 3698 3799 credi
3732 3761 3819 3798 ne-

2248 3838 2399 3879 cesse
2448 3834 2560 3892 est,
2612 3827 2755 3896 quod
2794 3841 2824 3881 a
2872 3827 2960 3883 die
3009 3830 3187 3885 exitus
3236 3831 3318 3886 sui
3375 3832 3520 3901 ignis
3579 3837 3824 3903 reprolms

2247 3927 2457 3969 exurat.

2777 4009 3008 4070 CAPUT
3050 4011 3290 4072 XXXVI.

2251 4116 2659 4193 Quotl‘animam
2685 4122 3029 4190 egredientem
3058 4140 3087 4177 e
3112 4139 3344 4193 corpore,
3389 4127 3501 4179 sive
3533 4130 3710 4182 sancti
3743 4145 3824 4180 ss-

2319 4188 2420 4267 geli
2439 4226 2454 4252 ,
2491 4205 2580 4242 seu
2615 4188 2874 4267 dwiitones
2914 4188 3240 4267 acceperint,
3274 4210 3450 4248 secum
3491 4213 3704 4267 semper
3728 4200 3824 4252 sine

2320 4257 2430 4310 ulla
2454 4261 2830 4328 permutatione
2858 4257 3134 4316 retineant.

2323 4365 2600 4438 Scriptura
2644 4369 2844 4424 etenim
2883 4370 3014 4426 dicit
3060 4390 3073 4426 :
3112 4371 3178 4426 In
3218 4390 3586 4448 quamcunque
3640 4387 3824 4447 partem

2248 4457 2489 4512 ceciderit
2526 4459 2756 4529 lignum,
2802 4461 2907 4515 sive
2941 4462 3009 4514 ad
3048 4472 3319 4530 austrum,
3363 4467 3471 4519 sive
3513 4467 3589 4518 ad
3635 4467 3826 4534 aquilo-

2219 4556 2222 4562 ‘
2251 4566 2364 4603 nem
2386 4590 2400 4615 ,
2429 4549 2502 4603 ibi
2527 4552 2626 4604 erit
2657 4549 2854 4621 (Eccle.
2887 4553 2995 4623 x1);
3030 4554 3253 4620 scilicet,
3285 4555 3413 4626 quia
3441 4571 3568 4611 cum
3600 4558 3826 4612 hominis

2250 4640 2486 4694 animam
2516 4641 2709 4695 mortis
2742 4649 2980 4711 tempore
3007 4644 3370 4714 egredientem
3393 4660 3424 4698 a
3445 4645 3701 4703 claustro
3720 4661 3825 4700 car-

2248 4729 2333 4784 nis
2359 4730 2474 4786 sive
2503 4741 2722 4788 sanctus
2759 4747 2851 4788 seu
2888 4731 3154 4804 malignus
3187 4736 3409 4805 spiritus
3439 4740 3748 4807 acceperit,
3779 4740 3823 4790 iu

2246 4826 2507 4884 aeternum
2535 4835 2722 4876 secum
2745 4822 2861 4877 sine
2893 4822 2996 4876 ulla
3025 4825 3423 4892 permutatione
3449 4826 3741 4890 retinebit,
3773 4835 3824 4878 ut

2245 4922 2347 4975 nec
2375 4908 2608 4963 exaltata
2630 4909 2697 4964 ad
2717 4911 3036 4981 supplicium
3062 4921 3307 4981 proruet,
3337 4927 3436 4967 nec
3461 4928 3657 4969 mersa
3681 4925 3820 4968 teter-

2246 4997 2330 5052 nis
2384 4997 2659 5068 suppliciis
2711 4998 2850 5055 ultra
2905 5001 2972 5054 ad
3029 5000 3325 5057 remedium
3378 5003 3692 5072 ereptionis
3745 5019 3829 5059 as-

2241 5088 2453 5160 cendat.

2763 5179 2989 5236 CAPUT
3028 5180 3290 5236 XXXVII.

2246 5270 2399 5343 Quod
2433 5273 2656 5340 reprobi,
2691 5288 2910 5341 quorum
2940 5288 3101 5325 causa
3130 5289 3418 5327 communis
3443 5283 3526 5343 est
3563 5274 3622 5328 iss
3657 5289 3824 5343 opere.

2280 5341 2348 5413 ad
2377 5341 2491 5394 loca
2518 5343 2672 5395 etiam
2698 5343 2994 5395 communia
3032 5352 3142 5411 post
3182 5352 3394 5396 mortem
3431 5341 3794 5397 deducantur.

2317 5453 2373 5509 Si
2399 5464 2576 5510 autem
2607 5457 2853 5526 reprobi,
2886 5472 3113 5526 quorum
3135 5472 3302 5513 causa
3323 5459 3638 5514 communis
3667 5466 3756 5513 est
3779 5456 3826 5510 in

2244 5561 2426 5616 opere,
2454 5546 2520 5600 ad
2549 5545 2664 5607 loca
2689 5547 2851 5601 etiam
2880 5548 3182 5603 communia
3206 5557 3328 5618 post
3347 5557 3585 5604 mortem
3608 5563 3727 5603 non
3747 5547 3826 5602 de-

2245 5640 2592 5711 ducerentur,
2628 5654 2965 5710 nequaquam
2990 5641 3152 5712 inde:
3193 5643 3415 5697 veniens
3450 5642 3738 5698 dicturum
3771 5655 3824 5694 se

2245 5731 2573 5787 messoribus
2599 5747 2716 5788 esse
2751 5733 3058 5800 perhiberet
3098 5752 3109 5786 :
3161 5732 3400 5804 Colligite
3438 5735 3746 5796 zizaniam,
3781 5742 3824 5784 et
