4020 6338
141 374 264 433 949

1146 365 1233 420 DE
1268 350 1661 419 VARIE‘I'A'I‘E
1691 345 2066 409 LIBRORUM.
2096 375 2166 391 -—
2197 343 2323 400 LIB.
2362 342 2447 399 llI.

3307 331 3413 390 950

141 494 323 563 ligata
350 506 467 545 eam
486 488 542 542 in
560 484 838 557 fasciculos
855 484 925 538 ad
946 479 1349 537 romburendum
1370 472 1581 543 (Matth.
1597 468 1737 540 χιιι).
1767 470 1817 528 Δ
1842 458 2471 563 natisiniustlismipime
2503 456 2925 559 compatiuntur,
2960 466 3083 563 cum
3108 451 3285 563 adhuc
3306 448 3413 555 .ali:

146 560 438 638 liesso'res'
460 575 676 647 quidem
704 573 898 651 angeli,
926 571 1191 629 zizaniam
1219 566 1288 631 ad
1313 560 1738 651 comburendum

146 676 211 731 in
247 670 540 729 fasciculos
567 669 754 740 ligant,
786 649 909 722 cum
934 677 1094 735 pares
1125 660 1346 731 paribus
1375 655 1430 710 in
1457 649 1739 740 tormentis

147 762 436 821 similibus
456 738 686 824 sociant,
705 766 768 812 ιιι
792 754 1007 825 superbi
1033 767 1157 809 cum
1183 744 1449 819 superbis,
1476 738 1741 799 luxuriosi

150 868 293 910 cum
322 849 636 915 luxuriosis,
664 847 814 903 avari
844 860 968 911 cum
999 842 1195 907 avaris,
1234 836 1453 892 fallaces
1480 845 1604 887 cum
1636 827 1740 882 fal-

150 944 396 1005 lacibus,
426 938 591 996 invidi
614 952 739 994 cum
761 934 991 1000 invidis,
1020 928 1262 999 infideles
1289 938 1414 981 cum
1439 918 1744 977 inﬁdelibus

153 1033 416 1088 ardeant.
448 1028 580 1109 cum
606 1041 735 1097 ergo
762 1024 968 1082 similes
995 1023 1050 1077 in
1075 1019 1229 1089 culpa
1259 1016 1328 1073 ad
1365 1016 1631 1070 tormenta
1665 1007 1744 1109 si:

156 1127 320 1187 milia
357 1101 715 1187 adducuntur,
753 1120 846 1190 qui
872 1134 970 1175 eos
996 1117 1051 1172 in
1076 1114 1212 1170 locis
1238 1108 1542 1183 poenalibus
1565 1101 1744 1174 angeli

154 1219 457 1286 deputant,
482 1213 639 1285 quasi
666 1210 998 1268 zizaniorum
1024 1204 1310 1265 fasciculos
1332 1201 1402 1259 ad
1429 1198 1745 1256 comburen-

155 1308 299 1363 dutn
331 1305 517 1377 ligant.

687 1409 913 1469 CAPUT
949 1406 1233 1464 XXXVIII.

240 1528 400 1594 Quod
425 1525 561 1581 sicut
590 1524 710 1578 boni
737 1522 897 1576 bonos
926 1522 985 1594 in
1011 1519 1204 1588 requie,
1236 1516 1310 1594 ita
1345 1511 1471 1568 mali
1510 1508 1675 1563 malos

262 1587 279 1629 Τ
546 1600 943 1663 τιοοςιιοεειιηι
967 1591 1021 1644 in
1046 1587 1338 1642 tormentis.

239 1708 397 1765 Sicut
425 1716 603 1762 autem
630 1704 757 1762 boni
784 1705 956 1760 bonos
982 1702 1036 1756 in
1069 1696 1389 1768 requie,gita
1421 1693 1546 1763 mali
1578 1690 1748 1745 malos

164 1803 223 1858 in
276 1800 561 1857 tormentis
604 1803 951 1870 cognoscunt.
990 1792 1048 1850 Si
1085 1792 1229 1849 enim
1265 1788 1535 1845 Abraham
1574 1774 1747 1855 Lana?
1776 1809 1825 1871 Β

164 1910 293 1950 rum
330 1894 549 1949 minime
575 1884 1009 1959 ’recognovisset,
1051 1895 1389 1953 nequaquam
1426 1875 1492 1947 ad
1530 1873 1747 1928 divitem

167 1985 226 2039 in
265 1983 549 2038 tormentis
579 1981 812 2052 positum
849 1979 916 2034 de
962 1984 1233 2037 transacta
1278 1965 1393 2038 ejus
1417 1964 1752 2034 contritione

165 2073 491 2143 loqueretur
514 2068 731 2132 dicens,
776 2066 920 2136 quod
956 2065 1099 2126 mala
1133 2060 1397 2132 receperit
1423 2056 1479 2112 in
1512 2056 1623 2110 vita
1653 2067 1753 2109 sua

168 2163 329 2231 (Luc.
367 2163 503 2232 xvi).
555 2160 624 2214 Et
667 2159 714 2214 si
763 2156 1103 2224 maligmalos
1126 2168 1243 2208 non
1281 2152 1753 2220 recognoscercnt,

170 2266 519 2324 nequaquam
551 2249 702 2304 dives
744 2246 798 2303 in
830 2244 1116 2303 tormentis
1140 2243 1352 2313 positus
1377 2240 1602 2295 fratrum
1634 2250 1755 2290 suo-

171 2356 297 2396 rum
324 2350 380 2395 et
408 2341 518 2410 jam
557 2337 871 2402 absentium.
898 2333 1251 2390 meminisset.
1293 2328 1570 2398 Quomodo
1608 2324 1753 2379 enim

170 2438 472 2500 praesentes
493 2443 598 2496 non
621 2436 803 2497 posset
831 2438 1124 2497 agnoscere
1146 2420 1239 2491 qui
1260 2420 1424 2475 etiam
1446 2432 1543 2488 per
1564 2414 1758 2483 absenx

171 2520 311 2573 tiam
343 2516 598 2581 memoria
628 2513 1124 2571 curavitcxorare?
1163 2510 1279 2576 Qua
1323 2508 1380 2562 in
1427 2521 1487 2562 re
1530 2512 1586 2559 et
1628 2501 1757 2556 illud

172 2606 745 2677 quoqueoslenditur.
789 2605 913 2673 quia
951 2612 1008 2658 et
1043 2602 1166 2656 boni
1205 2598 1396 2663 malos,
1424 2592 1759 2656 et.mali,co-

173 2706 445 2768 gnoscunt
474 2696 662 2749 bonos.
696 2693 828 2747 Nam
860 2700 914 2746 et
938 2693 1087 2745 dives
1114 2702 1143 2742 a
1174 2688 1336 2742 diiite
1365 2684 1637 2759 Abraham
1674 2695 1762 2735 co-

176 2782 479 2857 gnoscitur,
512 2784 596 2838 cui
626 2784 829 2838 dictum
859 2789 941 2836 est
967 2800 979 2834 :
1010 2778 1259 2848 Recepisti
1292 2779 1423 2850 bona
1449 2777 1505 2829 in
1534 2775 1636 2833 vita
1670 2782 1761 2824 tua

178 2878 389 2949 (Ibid.).
430 2876 497 2931 Et
526 2875 728 2930 electus
762 2874 999 2928 Lazarus
1036 2888 1065 2925 a
1108 2869 1336 2941 reprobo
1374 2866 1538 2922 divite
1564 2869 1646 2917 est
1670 2876 1763 2930 ροτ-

182 2968 385 3040 gnitns,
408 2980 566 3035 quem
596 2964 736 3019 mitti
760 2970 1015 3033 precatur
1033 2975 1099 3016 ex
1122 2956 1338 3018 nomine
1363 2957 1547 3029 dicens
1571 2970 1584 3007 :
1612 2951 1760 3021 Mitte

182 3057 447 3112 Lazarum
475 3064 530 3109 ut
560 3055 783 3123 intingat
813 3062 1097 3123 extremum
1116 3048 1275 3119 digiti
1317 3047 1400 3100 sui
1438 3047 1492 3097 in
1511 3059 1716 3111 nquam
1739 3079 1757 3111 ,

1841 553 1970 625 quid
1990 550 2282 621 judicabile
2306 549 2374 605 de
2399 561 2495 605 sua
2525 552 2841 605 causa‘sese
2862 542 3071 617 perpeti
3092 540 3277 609 etiam
3306 539 3410 609 ipsi

1841 648 2133 706 noverunt,
2171 646 2375 709 quanto
2430 636 2728 694 districtius
2778 643 2909 691 tunc
2950 633 3254 704 iniquorum
3296 638 3411 686 tor-

1841 737 2023 786 menta
2061 727 2386 798 respiciunt,
2422 741 2545 783 cum
2582 727 2652 782 ab
2687 724 2835 781 omni
2853 723 3001 778 'vitio
3049 719 3415 781 corruptionis

1842 819 1989 876 exuti
2017 818 2118 889 ipsi
2139 816 2251 887 jam
2269 814 2493 885 iustitiae
2514 814 2745 871 vicinius
2768 819 2933 883 atque
2957 809 3161 879 arctius
3188 810 3414 864 inhaere-

1842 906 2006 964 bunt?
2033 905 2126 963 Sic
2148 906 2345 978 quippe
2367 919 2554 977 eorum
2580 911 2792 959 mentes
2814 917 2913 972 per
2936 902 3041 956 hoc
3066 899 3208 970 quod
3232 897 3418 968 justis-

1845 999 1983 1056 simo
2009 998 2176 1069 iudici
2211 997 2479 1053 inhaerent
2507 995 2591 1051 vis
2628 993 3010 1063 destructionis
3044 990 3320 1055 absorbet,
3354 998 3414 1045 ut

1844 1092 2068 1149 omnino
2093 1091 2175 1147 eis
2200 1105 2309 1146 non
2336 1089 2501 1145 libeat
2526 1087 2789 1159 quidquid
2816 1088 2886 1143 ab
2914 1086 3059 1142 illius
3086 1093 3302 1141 αξιοι-ηπ
3330 1100 3415 1140 re-

1845 1181 1983 1253 gula
2003 1180 2301 1238 subtilitate
2324 1179 2613 1236 discordat.

2437 1289 2663 1348 CAPUT
2702 1288 2815 1345 XL.

2118 1381 2196 1437 De
2226 1398 2328 1437 non
2357 1382 2550 1437 renatis
2587 1391 2638 1437 et
2672 1396 2852 1436 eorum
2877 1382 3134 1436 cruciatu.

1826 1489 1831 1495 ’
1916 1493 2234 1563 Quicunque
2274 1507 2405 1548 vero
2445 1493 2514 1549 ab
2556 1492 2645 1549 illa
2688 1492 3008 1564 perditionis
3044 1506 3257 1558 massa,
3299 1506 3421 1562 quia

1849 1584 1989 1656 facta
2026 1593 2110 1641 est
2140 1600 2237 1655 per
2276 1586 2548 1641 hominem
2587 1585 2820 1655 primum
2849 1601 2956 1641 non
2994 1583 3285 1650 liberatur,
3325 1600 3422 1654 per

1848 1690 2013 1730 unum
2045 1675 2393 1731 mediatorem
2422 1674 2519 1731 Dei
2552 1683 2608 1730 et
2635 1675 2948 1741 hominum,
2988 1684 3272 1745 resurgent
3305 1675 3425 1745 qui-

1850 1768 1970 1824 dem
1999 1768 2163 1824 etiam
2206 1768 2337 1840 ipsi,
2374 1770 2744 1839 unusquisque
2784 1785 2904 1825 cum
2952 1784 3050 1824 sua
3091 1784 3286 1837 carne,
3329 1772 3425 1825 sed

1852 1868 1914 1914 ut
1956 1874 2077 1914 cum
2113 1859 2326 1915 diabolo
2362 1858 2583 1929 ejusque
2629 1858 2835 1930 angelis
2872 1861 3182 1930 puniantur.
3233 1861 3424 1916 Utrum

1852 1963 1984 2005 sane
2009 1949 2107 2019 ipsi
2132 1964 2253 2004 cum
2276 1948 2422 2004 vitiis
2447 1957 2503 2004 et
2525 1946 2865 2005 deformitate
2888 1964 3109 2004 suorum
3134 1965 3426 2020 corporum

1854 2046 2176 2107 resurgant,
2226 2038 2534 2108 quicunque
2589 2038 2644 2093 in
2704 2038 2783 2093 eis
2831 2038 3025 2095 vitiosa
3065 2046 3121 2093 et
3167 2037 3430 2095 deformia

1856 2128 2095 2182 membra
2128 2112 2437 2197 gestarum,
2483 2126 2805 2196 inquirendo
2842 2125 3091 2182 laborare
3129 2127 3255 2196 quid
3295 2142 3430 2197 opus

1856 2216 2188 2286 est?-Neque
2214 2216 2355 2272 enim
2384 2216 2614 2288 fatigare
2656 2231 2756 2272 nos
2794 2216 2953 2272 debet
2994 2217 3201 2272 incerta
3241 2232 3432 2273 eorum

1857 2306 2115 2361 habitudo
2143 2305 2224 2361 vel
2250 2306 2609 2377 pulchritudo,
2645 2321 2874 2377 quorum
2902 2306 3008 2361 erit
3035 2316 3185 2362 certa
3213 2315 3269 2362 et
3289 2322 3432 2361 scm-

1856 2398 2068 2470 piterna
2102 2398 2394 2454 damnatio.
2430 2396 2542 2453 Nec
2583 2406 2796 2454 moveat
2832 2398 3100 2469 quomodo
3137 2397 3242 2452 erit
3269 2397 3322 2452 in
3351 2398 3433 2452 eis

1859 2505 2054 2558 corpus
2080 2489 2485 2559 incorruptibile
2510 2490 2553 2546 si
2586 2490 2764 2545 dolere
2793 2490 3008 2561 poterit.
3050 2489 3186 2544 Nam
3216 2505 3320 2543 non
3349 2497 3435 2544 est

1858 2597 1985 2638 vera
2015 2584 2154 2648 vita,
2188 2583 2289 2637 nisi
2304 2583 2406 2637 nubi
2437 2582 2668 2638 feliciter
2693 2584 2911 2649 vivitur,
2951 2597 3053 2638 nec
3093 2597 3218 2637 vera
3259 2582 3434 2637 incoro

1858 2673 2061 2742 ruptio.
2091 2672 2196 2727 nisi
2229 2674 2316 2727 ubi
2348 2672 2491 2728 salus
2520 2673 2665 2729 nullo
2690 2672 2875 2729 dolore
2900 2672 3284 2742 corrumpitur.
3331 2671 3430 2727 Ub‘

1861 2772 2039 2820 autem
2067 2763 2251 2819 infelix
2274 2767 2410 2820 mori
2436 2782 2542 2821 non
2567 2767 2870 2832 sinitur,et,
2887 2774 2947 2821 ut
2974 2767 3046 2821 ita
3063 2767 3262 2830 dicam,
3288 2782 3435 2823 mors

1861 2853 1977 2923 ipsa
2006 2868 2114 2908 non
2146 2855 2397 2919 moritur,
2428 2863 2483 2909 et
2510 2856 2600 2909 ubi
2628 2855 2781 2910 dolor
2807 2864 3096 2925 perpetuus
3122 2872 3227 2911 non
3259 2856 3437 2910 interi-

1860 2944 1961 3012 mit
1999 2944 2094 2999 sed
2138 2943 2353 3015 atlligit,
2393 2945 2507 3015 ipsa
2537 2947 2812 3013 corruptio
2838 2961 2943 3000 non
2974 2947 3175 3001 finitur.
3218 2945 3344 3000 Ha‘c
3383 2946 3438 3000 in

1861 3035 2064 3093 sanctis
2092 3035 2387 3104 Scripturis
2414 3035 2650 3101 secunda
2679 3049 2828 3091 mors
2862 3036 3080 3097 dicitur.
3124 3050 3224 3090 nec
3262 3035 3436 3105 prima

183 3158 239 3203 ut
269 3148 536 3218 refrigeret
564 3145 798 3216 linguam
835 3158 1004 3196 meam
1035 3132 1244 3211 (Ibid.).
1283 3136 1342 3211 In
1378 3152 1483 3205 qua
1514 3134 1760 3187 videlicet
1788 3159 1833 3220 ο
1865 3135 2064 3190 tamen,
2086 3140 2205 3220 qua-2
2252 3140 2408 3179 suum
2446 3140 2643 3220 corpus
2681 3127 2859 3180 anima
2882 3124 3186 3220 relinquere
3201 3125 3437 3220 cogitur-

186 3238 489 3309 cognitione
514 3236 796 3309 utriusque
814 3233 983 3303 partis
1005 3230 1252 3292 cumulus
1279 3224 1651 3284 retributionis
1673 3240 1762 3278 ex-

184 3306 400 3391 crescit,
445 3335 506 3380 ut
545 3306 673 3380 boni
705 3316 935 3393 amplius
970 3319 1262 3393 gaudeant,
1310 3315 1401 3387 qui
1446 3329 1626 3369 secum
1669 3327 1764 3366 cos

187 3416 355 3472 lmtari
387 3414 727 3487 conSpiciunt
754 3426 890 3481 quos
916 3415 1273 3464 amaverunt:
1298 3414 1353 3460 et
1377 3403 1502 3459 mali
1531 3418 1650 3457 cum
1682 3401 1761 3455 eis

187 3514 507 3575 torquentur
531 3518 666 3575 quos
690 3502 745 3577 in
771 3503 875 3556 hoc
905 3498 1106 3554 mundo
1134 3499 1386 3565 despecto
1420 3493 1529 3547 Deo
1559 3490 1759 3544 dilexe-

189 3606 346 3663 runt,
390 3613 485 3653 eos
523 3612 629 3651 non
672 3594 844 3661 solum
883 3607 1001 3659 sua,
1056 3589 1151 3646 sed
1191 3588 1354 3645 etiam
1387 3599 1571 3656 eorum
1600 3598 1764 3654 poena

189 3692 488 3743 consumat.

718 3794 944 3855 CAPUT
986 3792 1227 3850 XXXIX.

194 3913 381 3977 Utrum
396 3918 928 3979 ,amruwsanctorum
958 3915 1104 3979 orent
1133 3901 1478 3979 pro_iuimicis
1507 3900 1640 3965 suis,
1677 3900 1768 3969 qui

591 3980 645 4034 in
672 3988 864 4033 (eterna
891 3976 1195 4031 cruciantur
1220 3974 1357 4044 igne.

208 4154 217 4161 ,
265 4093 469 4169 (Greg.)
510 4092 681 4161 Orant
706 4105 804 4163 pro
853 4088 1087 4145 inimicis
1110 4087 1225 4143 suis
1254 4084 1447 4140 animae
1475 4081 1768 4138 electorum

194 4203 260 4244 eo
299 4195 538 4256 tempore
565 4198 674 4253 quo
700 4188 928 4251 possunt
950 4178 1019 4234 ad
1040 4177 1369 4256 fructuosam
1395 4171 1767 4245 ρωιιὶιειιιὶιιηι

195 4293 378 4335 eorum
405 4275 930 4336 cordaconvertere,
959 4276 1121 4338 atque
1143 4268 1256 4336 ipsa
1286 4263 1638 4321 conversione
1668 4258 1773 4317 salo.

194 4382 339 4425 vare.
371 4367 508 4435 Quid
539 4366 682 4419 enim
704 4361 843 4419 aliud
868 4375 968 4430 pro
996 4357 1230 4425 inimicis
1249 4352 1512 4409 orandum
1536 4358 1643 4412 est,
1666 4346 1770 4403 nisi

196 4462 297 4514 hoc
320 4456 462 4526 quod
492 4451 784 4524 Apostolus
803 4448 885 4512 ait
919 4465 932 4501 :
978 4445 1046 4500 Ut
1087 4445 1170 4499 det
1210 4442 1316 4497 illis
1348 4439 1490 4499 Deus
1518 4437 1768 4507 peniten-

198 4552 322 4602 tiam
367 4544 436 4600 ad
481 4539 894 4613 cognoscendum
946 4536 1246 4597 veritatem;
1292 4539 1340 4584 et
1388 4526 1690 4597 resipiscam
1734 4541 1765 4576 a

197 4635 389 4691 diaboli
425 4629 644 4703 laqueis,
686 4646 719 4683 a
755 4643 857 4697 quo
896 4624 1083 4695 captivi
1122 4630 1361 4691 tenentur
1388 4616 1455 4670 ad
1483 4613 1644 4687 ipsius
1674 4628 1763 4666 vo-

198 4728 456 4795 luntatem,
476 4720 525 4792 (1
533 4720 557 4774 I
590 4718 724 4772 Tim.
754 4716 837 4787 ιι).
862 4715 928 4771 Et
948 4710 1219 4784 quomodo
1244 4723 1342 4779 pro
1368 4706 1470 4762 illis
1498 4714 1625 4759 tunc
1651 4717 1771 4765 ora:

197 4818 357 4875 bitur.
390 4813 480 4885 qui
503 4813 613 4883 jam
643 4808 948 4879 nullatenus
986 4808 1210 4875 possunt
1249 4799 1316 4853 ad
1348 4796 1570 4871 iustitia:
1603 4808 1773 4863 opera

200 4910 268 4965 ab
295 4904 575 4975 iniquitate
600 4896 918 4963 commutari
937 4896 967 4975 ‘37
1011 4893 1211 4963 Eadem
1256 4889 1439 4958 itaque
1482 4898 1644 4941 causa
1686 4889 1769 4936 est

202 5017 298 5057 cur
344 5013 452 5054 non
499 5004 687 5051 oretur
730 5003 857 5047 tunc
900 4974 996 5059 pro
1046 4980 1351 5040 hominibus
1398 4986 1599 5034 aeterno
1647 4975 1770 5046 igne

204 5091 626 5156 damnatis,qua:
652 5100 795 5139 nunc
823 5082 985 5136 etiam
1012 5090 1175 5132 causa
1200 5081 1284 5141 est
1310 5087 1415 5126 non
1447 5076 1633 5147 oretur
1668 5082 1767 5137 pro

208 5181 431 5243 diabolo,
476 5176 788 5250 angelisque
814 5172 932 5242 ejus
959 5176 1164 5223 aeterno
1188 5160 1451 5232 supplicio
1480 5157 1766 5250 deputans.

208 5275 332 5341 Qua:
358 5283 500 5325 nunc
529 5246 583 5321 et
605 5263 716 5334 jam
746 5276 906 5325 causa
939 5264 1114 5321 estut
1141 5270 1247 5310 non
1286 5258 1453 5317 orent,
1469 5246 1640 5304 sancti
1670 5246 1769 5300 bo-

210 5337 377 5421 mines
425 5374 524 5430 pro
574 5344 882 5427 hominibus
914 5347 1219 5404 inﬁdelibus
1256 5342 1543 5414 impiisque
1585 5337 1773 5392 defun-

211 5456 333 5524 ctis,
383 5454 488 5510 nisi
528 5451 653 5520 quia
684 5448 750 5503 de
771 5446 853 5500 eis
891 5443 1076 5511 utique
1108 5454 1244 5510 quos
1278 5444 1480 5493 aeterno
1515 5430 1776 5503 supplicio

214 5549 486 5617 deputatos
501 5540 612 5611 iam
639 5542 924 5600 noverunt,
954 5542 1080 5588 ante
1100 5531 1249 5585 illum
1270 5525 1468 5596 iudicis
1485 5524 1616 5595 justi
1641 5537 1773 5579 con-

215 5614 449 5706 spectum
496 5629 755 5687 orationis
803 5641 914 5682 suae
953 5623 1203 5679 meritum
1240 5618 1441 5676 cassari
1482 5614 1770 5686 refugiunt.

210 5727 357 5794 Quod
386 5726 432 5781 si
464 5739 606 5779 nunc
636 5736 847 5793 quoque
869 5718 1112 5774 viventes
1134 5713 1262 5785 justi
1296 5710 1521 5767 mortuis
1542 5717 1596 5765 et
1628 5708 1770 5761 duin-

1868 3228 1979 3268 nec.
2006 3212 2237 3268 secunda
2278 3228 2383 3287 qua
2426 3212 2637 3282 paenale
2679 3227 2876 3282 corpus
2915 3212 3093 3266 anima
3137 3210 3442 3280 relinquere

1867 3317 1976 3356 non
2023 3300 2373 3372 permittitur,
2419 3301 2621 3356 homini
2670 3300 2974 3367 accidisset,
3022 3299 3067 3355 si
3110 3313 3268 3354 nemo
3315 3312 3440 3367 pec-

1866 3402 2062 3450 casset.

2454 3484 2680 3541 CAPUT
2718 3484 2852 3541 XLI.

1869 3578 2025 3646 Quod
2048 3594 2113 3648 ex
2138 3577 2333 3648 angelis
2355 3578 2484 3647 farti
2509 3579 2768 3633 dmmones
2809 3586 3018 3648 propter
3058 3578 3350 3647 superbiam
3377 3576 3443 3630 de

1976 3647 2117 3704 caelis
2138 3647 2355 3718 prejecti
2370 3688 2385 3712 ,
2413 3648 2736 3703 irrevocabili
2756 3647 2987 3719 percussi
3012 3658 3134 3701 sunt
3160 3663 3331 3716 poma.

1940 3766 2221 3821 Daemones
2246 3779 2379 3820 vero
2422 3765 2512 3834 qui
2549 3780 2692 3820 nunc
2726 3772 2869 3829 sunt,
2895 3762 3114 3819 fuerunt
3157 3762 3444 3831 aliquando

1834 3911 1838 3915 _
1871 3856 1987 3912 sine
2011 3864 2233 3926 peccato
2257 3855 2453 3919 creati,
2481 3861 2535 3909 et
2580 3854 2647 3910 ad
2690 3854 3027 3910 serviendum
3048 3853 3182 3909 -Deo
3219 3868 3317 3908 suo
3367 3852 3447 3906 fe-

1870 3946 2044 4001 liciter
2063 3945 2311 4011 instituti,
2334 3944 2608 4000 voluntate
2627 3944 2842 4016 propria
2866 3944 3138 4014 depravati
3160 3942 3453 4009 noluerunt
3466 4006 3469 4007 ν

1870 4053 2188 4109 permanere
2214 4039 2356 4108 quod
2379 4037 2506 4093 facti
2533 4047 2684 4097 sunt.
2715 4038 2784 4092 Et
2809 4052 2932 4093 cum
2974 4052 3032 4091 se
3061 4045 3248 4093 contra
3289 4050 3448 4091 suum

1871 4129 2180 4186 Creatorem
2209 4136 2335 4199 typo
2365 4129 2630 4199 superbire
2676 4128 2860 4184 loculis
2909 4128 3177 4184 hostiliter
3219 4127 3445 4184 extulis-

1873 4230 1991 4276 sent
2013 4261 2027 4285 ,
2059 4221 2124 4276 de
2152 4236 2380 4291 superna
2409 4221 2530 4282 caeli
2580 4222 2798 4291 regione
2817 4261 2832 4285 ,
2871 4219 3096 4291 proiecti
3123 4227 3249 4274 sunt
3273 4260 3290 4286 ,
3313 4232 3451 4289 quos

1873 4310 2052 4365 divina
2075 4311 2340 4365 sententia
2372 4325 2437 4366 eo
2457 4307 2778 4377 subjudicio
2804 4309 3211 4372 condemnavit,
3235 4316 3295 4361 ut
3321 4307 3450 4378 quia

1873 4401 2160 4455 noluerunt
2199 4415 2545 4472 perseverare
2585 4415 2707 4455 cum
2742 4406 2991 4469 possent,
3022 4413 3121 4467 nec
3146 4397 3314 4461 velint
3358 4412 3450 4467 re:

1794 4524 1846 4585 θ
1873 4490 2073 4560 parari,
2099 4504 2197 4543 nec
2220 4489 2446 4558 possint.
2467 4486 2522 4542 Si
2553 4487 2767 4557 quidem
2786 4485 3240 4557 praevaricationis
3260 4499 3451 4549 eorum

1872 4580 2038 4653 (quod
2062 4578 2164 4633 fuit
2199 4577 2560 4634 irrevocabilis
2583 4574 3290 4648 judicii),animadversione
3330 4589 3451 4645 per-

1872 4670 2014 4726 cussi
2041 4677 2195 4734 sunt,
2223 4676 2279 4723 et
2300 4667 2367 4724 ad
2397 4666 2791 4724 damnationem
2816 4663 3171 4734 iustissimam
3209 4662 3451 4733 profecto

1870 4761 2148 4834 pertinuit,
2177 4759 2320 4830 quod
2362 4758 2687 4829 voluntatem
2722 4755 2980 4829 redeundi
3028 4770 3093 4810 ac
3135 4753 3446 4809 facultatem

1872 4851 2085 4923 penitus
2113 4850 2429 4904 amiserunt.
2465 4845 2959 4919 Sicutecontrario
2999 4844 3291 4909 voluntatis
3326 4857 3452 4899 san-

1875 4953 2082 5000 ctorum
2108 4940 2416 5014 angelorum
2447 4938 2575 5006 fuit,
2591 4939 2734 5011 quod
2759 4937 2913 4993 malis
2928 4945 3121 5008 sponte
3138 4934 3452 5003 cadentibus

1877 5033 1978 5105 ipsi
2009 5033 2061 5088 in
2082 5048 2179 5088 sua
2208 5030 2469 5105 dignitate
2496 5037 2831 5085 manserunt.

1892 5202 1895 5207 λ
2450 5140 2678 5199 CAPUT
2713 5139 2883 5200 XLII"

1880 5233 2032 5301 Quod
2057 5234 2289 5305 gehenna
2319 5248 2423 5289 non
2439 5228 3068 5369 [g&p’;e;a:tt¢;n;ii‘tes,,sed
3094 5236 3303 5305 propter
3329 5226 3446 5280 dia.

1890 5478 1895 5483 _
1950 5415 2065 5476 Non
2096 5423 2275 5468 autem
2302 5428 2401 5469 nos
2422 5414 2489 5468 ad
2521 5413 2623 5469 boc
2655 5409 2784 5483 fecit
2816 5410 3156 5480 omnipotens
3186 5410 3359 5471 Deus,
3395 5412 3454 5458 ut

1879 5524 1980 5565 nos
2008 5508 2264 5577 gehennae
2291 5506 2467 5561 tradat
2501 5505 2716 5577 ignique
2751 5511 3027 5576 perpetuo.
3069 5501 3314 5568 Regnum
3344 5511 3454 5552 cm-

1880 5599 2054 5656 loruni
2084 5608 2301 5669 propter
2328 5615 2445 5662 nos,
2472 5600 2712 5668 gebenna
2745 5606 2961 5668 propter
2987 5591 3254 5647 diabolum
3290 5588 3453 5651 facta.

1848 5694 1943 5756 ,Et
1974 5694 2073 5749 hoc
2113 5693 2183 5754 ita
2226 5707 2345 5749 esse
2380 5707 2444 5748 ex
2491 5689 2791 5760 Evangeliis
2835 5685 3054 5740 docebo.
3100 5681 3216 5751 Ipse
3256 5678 3452 5734 etenim
