4020 6338
610 316 709 371 951

609 430 870 489 ὒοιιιίηιιε
910 433 1040 489 dicit
1077 435 1161 491 his
1183 439 1273 507 qui
1309 456 1340 494 a
1367 441 1574 499 dextris
1597 452 1724 501 sunt
1750 464 1766 499 :
1811 446 2009 515 Venite,
2038 450 2186 506 bene.
2211 457 2261 516 Α

607 522 734 583 dicti
758 523 936 579 Patris
965 526 1088 588 mei,
1125 530 1370 598 percipite
1397 549 1610 602 regnum
1656 537 1796 604 quod
1815 550 2058 605 paratum
2105 552 2180 597 est

609 610 752 665 vobis
778 628 814 671 α
838 614 1204 673 constitutione
1233 620 1414 675 mundi
1438 621 1663 693 (Matth.
1689 626 1834 697 xxv).
1866 628 1976 685 Illis
2001 640 2182 688 autem

606 703 699 771 qui
725 719 756 756 a
783 703 1017 761 sinistris
1044 716 1190 774 sunt,
1212 710 1342 766 dicit
1372 730 1386 766 :
1421 713 1679 772 Discedite
1701 735 1734 772 a
1759 735 1841 775 me
1857 762 1873 787 ,
1896 722 2181 794 maledicti,

606 792 662 845 in
687 792 857 863 ignem
905 804 1176 863 aeternum,
1202 801 1293 870 qui
1312 813 1530 871 paratus
1570 817 1677 873 cst,
1705 825 1812 865 non
1846 812 1983 870 dixit
2007 792 2180 883 vobis,

607 883 700 938 sed
728 884 940 940 diabolo
956 897 1005 941 et
1030 889 1228 959 angelis
1259 892 1376 963 ejus
1406 894 1617 969 (lbid.).
1650 898 1741 956 Sic
1767 916 1896 974 ergo
1914 944 1930 970 ,
1962 915 2184 977 propter

607 975 879 1037 diabolum
907 980 1149 1051 gehenna
1179 983 1351 1054 ignis,
1390 997 1611 1059 propter
1653 992 1927 1061 hominem
1957 975 2181 1070 regnum

606 1065 869 1123 caelorum
912 1084 943 1124 a
986 1073 1376 1133 constitutione
1441 1081 1624 1136 mundi
1662 1065 2044 1154 praaparatum.
2073 1098 2177 1145 est.

609 1154 837 1211 Tantum
865 1168 969 1224 est,
1002 1176 1069 1216 ne
1097 1168 1455 1237 nosmetipsos
1501 1172 1570 1226 ab
1603 1172 1847 1243 ingressu
1893 1177 2178 1246 bonorum,

605 1246 942 1314 persistendo
972 1250 1024 1305 in
1058 1253 1213 1309 malis
1238 1258 1605 1327 pertinaciter,
1646 1263 2011 1322 excludamur.

1167 1390 1392 1450 CAPUT
1442 1395 1613 1452 XLIII.

609 1493 751 1562 Quid
790 1500 858 1553 sit
901 1503 1233 1572 reprobon
1278 1524 1465 1562 manus
1509 1520 1558 1564 et
1595 1512 1748 1581 pedes
1772 1513 1958 1585 ligari,
1985 1527 2033 1571 et
2053 1521 2179 1588 quid

675 1588 957 1643 exteriores
994 1592 1251 1661 tenebrte,
1277 1606 1324 1653 et
1362 1599 1488 1667 quid
1528 1601 1680 1670 ﬂetus
1717 1615 1765 1656 et
1807 1605 2003 1695 stridor
2046 1610 2177 1668 den-

678 1674 828 1740 tium,
860 1687 909 1731 et
933 1689 1141 1738 uetera.

650 1784 967 1876 (Prospera)
999 1808 1150 1865 Dicet
1172 1822 1348 1870 autem
1395 1832 1487 1873 rex
1519 1821 1778 1879 ministris
1824 1824 1876 1879 in
1905 1825 2087 1884 futuro
2112 1831 2179 1889 de
2207 1804 2252 1864 Β

604 1894 850 1963 reprobis
887 1914 900 1950 :
941 1896 1121 1968 Ligate
1145 1916 1240 1957 eos
1276 1907 1516 1961 manibus
1553 1921 1601 1963 et
1639 1911 1878 1980 pedibus,
1902 1926 1950 1969 et
1990 1917 2176 1975 mittite

601 1994 697 2037 eos
734 1984 789 2038 in
813 1986 1049 2042 tenebras
1074 1992 1393 2059 exteriores;
1434 1996 1505 2049 ibi
1545 1999 1642 2051 erit
1683 2001 1836 2069 fletus
1881 2013 1929 2058 et
1980 2008 2177 2063 stridor

602 2073 855 2142 dentium,
880 2079 969 2132 ubi
1001 2083 1183 2137 vermis
1205 2101 1384 2140 eorum
1410 2104 1514 2144 non
1544 2094 1814 2159 morietur,
1839 2105 1888 2150 et
1913 2098 2047 2168 ignis
2089 2116 2175 2155 eo-

601 2181 716 2221 rum
761 2186 866 2223 non
911 2174 1267 2245 exstinguetur
1307 2177 1519 2249 (Matth.
1567 2198 1714 2250 xm;
1761 2185 1931 2243 Marc.
1964 2190 2062 2261 ut).
2110 2191 2178 2247 Et

599 2258 728 2326 quid
755 2267 837 2315 est
876 2263 1313 2334 obmutescentes
1343 2270 1590 2327 manibus
1623 2282 1680 2329 et
1721 2274 1945 2345 pedibus
1986 2258 2173 2349 ligare,

598 2346 705 2403 nisi
726 2349 778 2403 in
801 2359 1060 2407 aeternum
1084 2356 1172 2410 ubi
1189 2356 1355 2413 Deum
1380 2361 1702 2418 conﬁteatur
1719 2365 1930 2423 actione
1949 2369 2177 2438 privari?
2228 2411 2237 2421 .

522 2462 529 2465 έ
586 2437 691 2494 .Sic
720 2440 775 2494 in
803 2442 1103 2500 exteriores
1132 2447 1384 2503 tenebras
1410 2450 1549 2506 mitti
1575 2453 1707 2508 nihil
1740 2454 1884 2512 aliud
1908 2437 2043 2524 erit,
2073 2461 2175 2516 nisi

596 2544 627 2583 a
656 2529 910 2598 Domino,
948 2536 1039 2605 qui
1072 2547 1155 2600 est
1199 2542 1458 2596 mentium
1503 2542 1705 2611 lumen,
1742 2548 1957 2620 expelli.
1992 2548 2176 2609 Fletus

596 2631 778 2678 autem
804 2635 861 2679 et
890 2627 1092 2683 stridor
1131 2630 1370 2701 dentium
1402 2636 1693 2694 acerrimos
1737 2655 1922 2697 eorum
1965 2644 2174 2702 dolores

594 2715 918 2781 ostendunt,
944 2719 1035 2788 qui
1064 2721 1323 2792 supplicio
1351 2728 1692 2797 sempiternae
1727 2734 1917 2789 mortis
1952 2734 2169 2801 addicti,

595 2819 703 2859 non
740 2806 952 2862 vivendi
980 2825 1194 2866 sensum
1226 2815 1459 2872 habituri
1483 2830 1636 2887 sunt,
1661 2824 1754 2878 sed
1781 2825 1991 2883 dolendi
2041 2844 2173 2898 quo-

597 2910 717 2950 rum
738 2898 1023 2959 continuus
1042 2902 1293 2968 gemitus,
1311 2908 1581 2964 cruciatus
1593 2920 1844 2979 aeternus,
1863 2915 2015 2971 dolor
2035 2934 2173 2974 sum-

595 2995 740 3047 mus,
761 2985 993 3053 poenalis,
1010 3002 1200 3061 sensus
1220 3000 1469 3063 torquent
1484 2998 1689 3056 animas
1709 3018 1808 3058 nec
1827 3014 2168 3078 extorquent,

594 3073 825 3141 puniunt
854 3091 1077 3147 corpora
1101 3079 1352 3139 damnata
1379 3101 1478 3142 nec
1503 3089 1711 3151 ﬁniunt.
1743 3092 1889 3160 Quos
1915 3073 2035 3151 ideo
2062 3073 2165 3155 sibi

1089 320 1437 379 llAYMONlS
1476 325 1944 387 llALBERSTAT.
1985 333 2195 393 EPISC.
2236 337 2384 398 ΟΡΡ.
2426 342 2605 402 PARS
2636 346 2721 402 Ill.
2757 378 2828 388 —
2860 349 3355 408 MISCELLANEA.

2864 461 3089 519 CAPUT
3131 464 3285 520 XLV.

2287 566 2420 632 Qua:
2444 577 2494 622 et
2518 580 2714 639 quanta
2735 573 2876 627 mala
2897 576 3200 651 habeantghi
3220 581 3308 649 qui
3332 597 3389 634 tn
3413 582 3683 651 gelceuna
3714 583 3903 638 dicu-

2910 653 2999 700 tur
3028 649 3217 702 occidi.

2353 744 2591 820 (Ρνοερ.)
2613 749 2812 815 Omnes
2828 755 2919 826 qui
2934 755 2985 810 in
3000 758 3242 828 gebenna
3265 760 3529 816 dicuntur
3550 764 3779 827 occidi,
3796 781 3897 821 nou

2282 836 2336 891 id
2358 853 2480 892 cum
2510 839 2616 895 illis
2652 842 2851 913 agitur,
2891 852 2951 899 ut
2970 848 3221 903 maximis
3250 852 3567 922 consumpti
3597 854 3896 909 doloribus

2282 926 2569 997 aliquando
2596 931 2871 1001 deﬁciant,
2909 936 3006 992 sed
3034 947 3096 992 ut
3124 939 3177 993 in
3203 939 3308 996 illis
3333 943 3648 1011 pmnaliter
3679 946 3888 1000 vivant.

2281 1014 2407 1072 Haec
2442 1026 2498 1073 et
2524 1019 2611 1076 bis
2639 1022 2833 1079 similia
2878 1024 3108 1083 libenter
3149 1030 3335 1085 audire
3358 1033 3445 1087 vel
3477 1034 3685 1102 legere
3730 1036 3889 1091 dete-

2279 1120 2421 1173 mus,
2455 1108 2660 1180 iugiter
2694 1121 2821 1168 ante
2854 1113 3041 1171 oculos
3094 1118 3291 1173 mentis
3334 1120 3652 1186 adducere,
3709 1122 3884 1179 futura

2280 1198 2524 1265 credere,
2566 1201 2686 1258 sine
2712 1203 2818 1259 ulla
2844 1206 3252 1276 perturbatione
3296 1219 3569 1268 metuere.
3618 1213 3884 1284 Cogitate

2279 1289 2437 1359 quale
2465 1292 2663 1348 malum
2688 1295 2760 1349 sit
2784 1298 2854 1351 ab
2877 1297 2970 1353 illo
3009 1299 3206 1369 gaudio
3230 1301 3426 1358 divinae
3448 1307 3883 1376 contemplatio-

2274 1379 2364 1435 nis
2402 1382 2634 1449 excludi,
2657 1384 2972 1443 beatissima
2996 1399 3308 1446 sanctorum
3330 1395 3583 1449 omnium
3613 1399 3879 1455 societate

2276 1471 2504 1540 privari,
2547 1474 2738 1543 patria:
2775 1476 3014 1536 caelestis
3058 1490 3333 1538 extorrem
3378 1484 3526 1552 lteri,
3563 1489 3719 1543 mori
3757 1492 3879 1546 vita

2277 1557 2471 1626 beatte,
2497 1562 2658 1621 morti
2683 1564 2866 1620 vivere
2891 1568 3256 1640 sempiternae,
3284 1574 3336 1628 in
3367 1575 3557 1646 ignem
3600 1586 3875 1634 elerum

2279 1663 2401 1717 cum
2450 1649 2666 1715 diabolo
2703 1662 2758 1710 et
2803 1654 2920 1733 eius
2964 1659 3169 1730 angelis
3201 1663 3417 1734 expelli.
3469 1665 3581 1722 Ubi
3621 1668 3703 1722 sit
3732 1686 3874 1726 mors

2279 1742 2515 1797 secunda
2556 1745 2826 1802 damnatis
2886 1750 3155 1815 exsilium.
3202 1753 3309 1807 vita
3356 1756 3717 1827 supplicium,
3764 1778 3869 1817 non

2279 1836 2481 1895 sentire
2530 1838 2584 1893 in
2631 1839 2723 1895 illo
2770 1841 2895 1911 igne
2936 1844 3078 1914 quod
3135 1844 3420 1912 illuminat,
3468 1851 3688 1905 sentire
3733 1856 3867 1922 quod

2277 1928 2499 1991 cruciat.
2532 1928 2865 1995 Exundantis
2892 1933 3124 1989 incendii
3153 1938 3429 2001 terribiles
3457 1941 3717 2011 crepitus
3742 1946 3861 2011 pati,

2277 2015 2519 2077 barathri
2558 2017 2813 2079 fumantis
2852 2038 3033 2079 amara
3075 2027 3306 2099 caligine
3334 2028 3525 2097 oculos
3578 2033 3859 2102 οἰκέται-ἱ,

2274 2106 2540 2176 profundo
2579 2110 2835 2179 gehennae
2865 2112 3174 2177 ﬂuctuantis
3207 2119 3478 2192 immergi,
3522 2121 3857 2183 edacissimis

2275 2188 2331 2248 in
2352 2204 2612 2253 aeternum
2651 2198 2898 2265 dilaniari
2943 2207 3240 2279 vermibus,
3263 2226 3365 2268 nec
3397 2188 3577 2273 liniri.

2839 2336 3067 2407 CAPUT
3102 2342 3286 2399 xm.

2275 2433 2428 2500 Quod
2464 2449 2611 2493 tanta
2650 2443 2755 2496 sint
2805 2445 2873 2519 in_
2906 2447 3121 2519 inferno
3150 2461 3431 2518 tormenta,
3478 2469 3538 2511 ut
3577 2464 3732 2518 unita
3767 2483 3847 2519 re:

2449 2524 2730 2579 exponere,
2761 2513 2938 2581 nullus
2967 2513 3137 2573 ualeat
3163 2538 3332 2578 sermo
3367 2513 3688 2597 eiplanare.

2328 2634 2391 2707 (G
2399 2638 2634 2709 reg.)Bea
2643 2650 2725 2698 tus
2737 2644 2880 2707 enim
2894 2645 3188 2720 Gregorius
3197 2668 3334 2725 papa
3351 2657 3406 2711 in
3419 2658 3567 2717 libro
3579 2663 3841 2724 Moralium

2272 2742 2437 2794 nono,
2470 2730 2521 2791 in
2546 2746 2652 2802 quo
2692 2734 2759 2789 de
2787 2737 2969 2794 verbis
3003 2744 3176 2797 sancti
3204 2742 3306 2802 .lob
3349 2756 3598 2813 tractare
3628 2756 3843 2824 videtur,

2271 2814 2359 2869 ubi
2388 2818 2463 2871 ait
2490 2834 2505 2871 :
2537 2822 2824 2894 Antequam
2860 2830 3049 2884 cadam
3068 2842 3116 2886 et
3142 2850 3249 2891 non
3290 2850 3526 2897 revertar
3554 2846 3633 2897 ad
3663 2814 3846 2908 terra.

2271 2906 2592 2964 tenebrosam
2617 2922 2665 2964 et
2692 2926 2924 2984 opertam
2955 2923 3139 2977 mortis
3172 2926 3397 2997 caligine
3425 2931 3543 3001 (Job
3564 2935 3645 3005 ι),
3672 2937 3749 2992 ita

2274 2999 2545 3065 perpetuis
2583 3005 2758 3070 pmnis
2799 3006 3090 3077 dill‘miens,
3126 3014 3239 3073 ait:
3284 2999 3439 3095 Quod
3464 2999 3646 3078 autem
3686 3038 3847 3085 term:

2272 3090 2567 3146 tenebrosa:
2588 3095 2827 3164 nomine,
2865 3100 2970 3156 nist
2998 3110 3133 3159 tetra
3160 3090 3350 3164 tartari
3368 3113 3590 3170 claustra
3613 3119 3837 3189 signan-

3377 3164 3590 3170 ηη---
3613 3164 3809 3189 --ο-υ,

594 3164 1028 3239 deputatosignis.
1054 3173 1614 3250 inexstinguibilisnon
1637 3187 2165 3261 exstinguet,utper-
2194 3167 2239 3228 ί)
2273 3187 2377 3243 ωτι
2411 3197 2530 3250 (lim
2578 3194 2793 3280 ωδθτηεθ
2833 3194 3023 3249 monis
3070 3198 3245 3270 03'380
3282 3207 3490 3273 0W“,
3530 3224 3658 3280 Ψιπ
3695 3212 3842 3269 ἀδωο

594 3250 846 3315 manente
890 3265 1151 3321 seutiendi
1189 3269 1293 3324 vita
1340 3286 1497 3342 pmna
1535 3250 1864 3347 permaneat,
1896 3290 1950 3338 et
1977 3283 2041 3338 ad
2072 3285 2167 3341 do-

592 3344 805 3402 lendum
833 3351 1003 3422 magis
1025 3369 1184 3423 quam
1209 3359 1273 3412 ad
1296 3344 1581 3418 vivendum
1613 3370 1830 3426 aeternis
1851 3344 2167 3442 corporibus

590 3440 922 3508 compeditos
959 3444 1185 3512 habeat,
1230 3465 1365 3519 quos
1391 3452 1443 3507 in
1478 3452 1707 3513 flammis
1756 3440 2033 3520 vivacibus
2066 3466 2166 3520 im—

591 3530 891 3586 mortalitas
916 3538 1164 3593 secundae
1193 3543 1381 3598 mortis
1402 3548 1632 3602 occidat.
1656 3547 1773 3605 Jam
1788 3555 1968 3609 vermis
1986 3573 2167 3614 eorum

592 3634 698 3673 non
725 3624 993 3690 morietur,
1019 3638 1066 3681 et
1090 3629 1223 3699 ignis
1250 3649 1354 3689 non
1383 3638 1759 3710 exstinguetur,
1787 3644 1854 3698 ad
1877 3654 2040 3701 totam
2080 3663 2165 3704 re-

589 3704 837 3764 feruntur
877 3713 1109 3772 damnati
1137 3720 1367 3778 hominis
1392 3704 1603 3795 prunam
1626 3770 1639 3793 ,
1670 3746 1829 3800 quem
1877 3734 2166 3805 inellicacis

587 3799 920 3865 paenitentiae
946 3803 1084 3874 ignis
1111 3812 1324 3879 exurit,
1369 3824 1424 3870 et
1469 3799 1835 3881 consumentis
1882 3819 2195 3883 conscien-'

590 3886 718 3947 tiam
746 3894 942 3949 vermis
974 3895 1345 3959 immortalitas
1368 3908 1526 3963 rodit.

1155 4032 1381 4090 CAPUT
1414 4038 1589 4095 XLIV.

677 4131 831 4198 Quod
870 4136 1017 4192 nulla
1038 4140 1105 4199 sit
1131 4154 1248 4212 post
1268 4156 1485 4204 mortem
1514 4152 1715 4209 utilitas
1748 4158 2078 4226 ptenitentiee.

658 4244 836 4301 Donec
883 4251 1026 4305 enim
1076 4268 1259 4311 sumus
1289 4258 1341 4312 in
1374 4261 1475 4317 hac
1503 4264 1611 4318 vita
1632 4307 1645 4329 ,
1680 4265 1906 4335 fratres,
1936 4283 2162 4341 quanta-

586 4350 796 4413 cunque
844 4341 996 4397 nobis
1032 4344 1325 4403 acciderint
1360 4362 1607 4421 peccata,
1636 4357 1886 4425 possibile
1913 4370 1996 4417 est
2019 4363 2158 4421 ablui

582 4529 703 4571 mus
732 4517 800 4570 ab
827 4519 927 4573 hoc
962 4524 1189 4590 surculo,
1235 4528 1306 4583 ibi
1336 4531 1496 4586 etiam
1540 4535 1585 4588 si
1621 4536 1773 4592 valde
1816 4542 2039 4609 paenitet
2076 4545 2153 4615 (et

500 4592 503 4595 ⁷
582 4602 736 4660 ἰσθιιίθ
766 4623 886 4662 eum
932 4614 1234 4688 pcenitebit)
1265 4620 1358 4672 sed
1401 4622 1543 4681 nulla
1594 4627 1699 4681 erit
1743 4592 1941 4687 utilitas
1981 4592 2151 4702 prahi-

582 4692 781 4750 lentiae.
818 4699 879 4752 Et
909 4700 1030 4757 licet
1057 4705 1126 4762 sit
1155 4707 1352 4763 stridor
1388 4712 1653 4793 dentium,
1676 4718 1799 4775 licet
1822 4692 2057 4781 ululatus
2098 4737 2151 4782 et

581 4784 757 4849 lletus,
777 4787 900 4842 licet
924 4789 1207 4851 fundamus
1223 4812 1407 4866 preces
1428 4812 1483 4856 ct
1508 4787 1814 4865 innumeras
1827 4812 2149 4873 obsecratior

581 4890 700 4939 nes,
723 4885 777 4928 et
823 4879 866 4931 si
904 4882 1320 4951 proclamemus,
1350 4906 1505 4947 nemo
1529 4896 1735 4962 audiet,
1765 4914 1919 4957 nemo
1958 4905 2147 4961 subve-

580 4964 713 5028 niet,
745 4969 835 5021 sed
861 4983 927 5023 ne
955 4981 1196 5028 extremo
1218 4976 1432 5045 quidem
1478 4983 1645 5051 digito
1672 5001 1867 5056 aquam
1901 4992 2021 5062 quis
2062 4995 2145 5048 in-

578 5052 767 5107 fundet
792 5055 983 5125 linguae
1020 5071 1216 5117 nostra}
1244 5068 1427 5132 positae
1471 5072 1524 5126 in
1551 5052 1801 5143 llamm—is,
1831 5052 1934 5134 sed
1970 5083 2148 5137 audie-

578 5158 701 5199 mus
734 5145 861 5201 illud
890 5152 1029 5215 quod
1058 5152 1205 5211 dives
1239 5157 1325 5213 ille
1351 5162 1557 5219 audivit
1577 5167 1644 5219 ab
1670 5168 1940 5235 Abraham
1969 5189 1981 5225 :
2008 5171 2142 5240 Quia

578 5235 738 5290 chaos
752 5252 993 5307 magnum
1013 5245 1374 5314 conﬁrmatum
1391 5263 1467 5309 est
1479 5256 1614 5309 inter
1624 5274 1717 5312 nos
1728 5269 1778 5312 et
1796 5278 1904 5327 vos,
1917 5272 1966 5317 et
1982 5280 2143 5334 neque

576 5326 697 5381 hinc
724 5327 851 5383 illuc
888 5337 1102 5391 transiri
1126 5351 1311 5408 potest,
1351 5361 1512 5416 neque
1536 5347 1657 5402 inde
1696 5351 1798 5405 huc
1824 5351 1975 5423 (Luc.
2004 5357 2137 5429 xw).

574 5411 711 5471 Dum
741 5429 920 5476 autem
949 5423 999 5478 in
1032 5425 1133 5480 hac
1154 5427 1270 5484 luce
1301 5431 1549 5500 vivimus,
1580 5439 1793 5494 veniam
1844 5457 1942 5499 nos
1983 5460 2142 5516 posse

573 5511 867 5583 promereri
889 5526 983 5582 per
1002 5518 1372 5583 paenitentiam
1403 5523 1656 5594 sciamus,
1688 5529 1739 5584 in
1783 5511 2000 5589 inferno
2018 5544 2138 5591 tan-

574 5605 686 5651 tum
726 5609 785 5654 ut
825 5601 1054 5660 diximus
1096 5608 1421 5677 panitentite
1461 5618 1847 5679 medicamenta
1877 5641 1980 5682 non
2023 5643 2141 5699 pro-

571 5686 780 5749 derunt.

2271 3282 2425 3324 natos
2454 3288 2695 3345 quosque
2733 3279 2787 3333 in
2816 3295 3135 3353 perpetuum
3175 3305 3206 3344 a
3255 3293 3379 3349 vita:
3426 3279 3570 3359 luce
3595 3300 3843 3374 disiungit

2268 3376 2367 3415 nec
2396 3362 2665 3420 immerito
2685 3367 2928 3428 infernus
2961 3383 3105 3431 terra
3138 3379 3354 3448 dicitur,
3377 3388 3511 3456 quia
3548 3362 3841 3464 quicunq‘ue

2267 3449 2335 3503 ab
2375 3464 2442 3506 eo
2468 3454 2611 3523 capti
2657 3455 2856 3514 fuerint
2903 3464 3171 3523 stabiliter
3210 3470 3280 3525 ab
3305 3488 3372 3528 eo
3394 3449 3686 3537 tenentur.

2267 3546 2415 3606 ptum
2443 3541 2639 3612 quippe
2658 3555 2741 3601 est
2765 3565 2778 3602 :
2804 3546 3082 3611 Generatio
3099 3563 3326 3626 praeterit
3348 3574 3397 3618 et
3420 3575 3673 3637 cognatio
3696 3576 3833 3630 odu-

2266 3627 2364 3691 nit,
2389 3638 2528 3685 terra
2550 3649 2666 3688 vero
2688 3636 2743 3691 in
2770 3649 3024 3699 internum
3048 3655 3153 3702 stat
3180 3649 3350 3720 (Eccl.
3387 3654 3454 3726 ι).
3489 3627 3669 3717 Ῐὶθοιε
3691 3664 3835 3734 igitur

2266 3717 2462 3783 inferni
2499 3722 2732 3782 claustra
2778 3734 3061 3795 tenebrosa
3105 3717 3248 3795 terra
3296 3717 3832 3825 noniinantuniniia

2267 3824 2402 3879 quos
2426 3814 2728 3881 puniendos
2751 3823 3044 3893 accipiunt,
3088 3844 3425 3903 nequaquam
3466 3854 3637 3910 poena
3670 3814 3834 3901 trim-

2265 3899 2446 3968 itoria,
2475 3904 2559 3965 vel
2592 3905 2875 3978 fantastica
2920 3899 3304 3989 imaginatione
3332 3899 3615 3997 cruciant,
3646 3941 3738 3990 sed
3767 3938 3836 3992 ul-

2265 3995 2410 4059 tione
2432 3998 2601 4067 solida
2628 4014 2885 4074 perpetua
2926 4009 3270 4072 damnatione
3311 4036 3562 4082 servant.
3599 3995 3731 4096 Qum
3753 4033 3835 4086 alio

2262 4092 2477 4159 quando
2505 4101 2682 4163 tamen
2709 4099 2810 4156 laci
2843 4105 3200 4174 appellatione
3236 4112 3551 4185 signantur,
3584 4092 3831 4193 propheta

2260 4191 2569 4250 attestante,
2600 4189 2692 4258 qui
2742 4192 2854 4249 ait:
2909 4193 3252 4255 Portarerunt
3304 4204 3661 4274 ignominiam
3690 4189 3832 4268 vsu-

2259 4287 2375 4325 cum
2398 4274 2479 4328 Itis
2503 4276 2594 4345 qui
2626 4279 2941 4339 descendunt
2981 4288 3036 4341 in
3076 4288 3247 4347 locum
3295 4293 3524 4363 (Ezech.
3554 4306 3733 4375 snt).
3760 4306 3835 4362 la-

2260 4364 2443 4423 l‘ernus
2465 4385 2595 4441 ergo
2616 4382 2668 4428 et
2697 4383 2837 4431 terra
2871 4382 3202 4451 nominatur,
3227 4387 3349 4457 quia
3378 4406 3678 4465 susceptos
3691 4402 3833 4455 stabi-

2135 4485 2157 4495 -
2188 4456 2386 4554 nliter
2416 4468 2585 4527 tenet,
2631 4473 2687 4518 et
2738 4465 2887 4522 lacus
2934 4470 3150 4539 dicitur,
3196 4456 3319 4551 quia
3368 4481 3471 4537 hos
3510 4456 3656 4554 quos
3684 4492 3831 4545 semel

2256 4548 2488 4615 ceperit,
2538 4564 2751 4623 semper
2798 4555 3113 4617 ﬂuctuantes
3162 4548 3227 4619 et,
3262 4570 3505 4644 trepidos
3528 4548 3832 4635 ammentis

2254 4639 2746 4703 circumﬂuentibus
2767 4649 3032 4708 absorbet.
3052 4653 3279 4717 Sanctus
3301 4664 3484 4721 autem
3510 4667 3596 4721 vir
3613 4685 3715 4725 seu
3727 4688 3828 4735 sua,

2251 4741 2345 4782 seu
2391 4731 2609 4788 humani
2654 4738 2868 4806 generis
2906 4756 3038 4797 voce
3067 4746 3262 4801 dimitti
3296 4764 3354 4804 se
3392 4756 3648 4823 postulat
3689 4772 3829 4815 ante-

2251 4832 2411 4886 quam
2460 4823 2640 4889 vadat,
2685 4840 2790 4880 non
2816 4829 2937 4896 quia
2984 4833 3050 4886 ad
3084 4843 3281 4891 terram
3322 4843 3705 4914 tenebrosam,
3749 4853 3830 4919 qui

2250 4910 2458 4979 culpam
2499 4913 2675 4980 deﬂet,
2707 4918 2878 4976 iturus
2902 4932 3005 4988 est,
3054 4928 3146 4981 sed
3187 4932 3312 4999 quia
3380 4936 3446 4989 ad
3477 4936 3623 4993 hanc
3654 4945 3831 5012 procul

2252 4999 2413 5054 dubio
2440 5004 2529 5079 qui
2556 5006 2807 5077 plangere
2829 5013 3048 5085 negligit
3082 5023 3248 5076 vadit.
3278 5022 3431 5079 Sicut
3462 4999 3715 5089 debitdri
3742 5052 3831 5089 suo

2249 5092 2485 5148 creditor
2511 5095 2640 5150 dicit
2668 5116 2681 5151 :
2709 5099 2868 5158 Solve
2894 5105 3131 5163 debitum
3154 5114 3466 5185 priusquam
3489 5121 3687 5179 debito
3710 5141 3829 5181 con-

2249 5183 2534 5273 stringaris
2559 5207 2571 5242 :
2598 5191 2690 5258 qui
2719 5201 2896 5249 tamen
2928 5213 3034 5253 non
3069 5183 3455 5278 constringitur
3485 5213 3534 5267 si
3564 5219 3722 5285 quod
3744 5220 3829 5274 de.

2245 5273 2336 5328 bet
2378 5269 2587 5333 solvere
2625 5295 2731 5335 non
2764 5294 3023 5345 moratur.
3079 5290 3178 5348 Ubi
3223 5303 3279 5349 et
3313 5269 3470 5356 recte
3520 5269 3822 5363 subditur:

2251 5360 2373 5417 Non
2412 5378 2651 5423 revertar.
2699 5372 2832 5439 Quia
2881 5392 3216 5451 nequaquam
3261 5387 3400 5442 ultra
3446 5393 3824 5455 misericordia

2247 5457 2518 5520 parcentis
2549 5456 2740 5516 liberat
2775 5480 2911 5533 quos
2955 5471 3120 5527 semel
3159 5474 3212 5529 in
3245 5474 3379 5535 locis
3405 5485 3727 5551 poenalibus
3746 5492 3824 5565 ju-

2245 5548 2389 5603 Stitia
2425 5553 2715 5621 indicantis
2752 5561 2986 5619 damnat.
3034 5566 3163 5634 Quae
3190 5570 3366 5629 adhuc
3405 5548 3672 5638 subtilius
3714 5548 3821 5639 Idea

2246 5639 2642 5708 describuntur,
2687 5664 2807 5704 cum
2839 5653 3034 5710 dicitur
3075 5676 3087 5712 :
3115 5670 3307 5716 terram
3351 5667 3585 5725 miserim
3612 5685 3666 5729 et
3690 5686 3821 5729 tene-

2247 5729 2477 5784 brarum.
2522 5733 2729 5793 Miseria
2772 5741 2841 5795 ad
2882 5742 3123 5803 dolorem
3169 5754 3419 5821 pertinet,
3471 5764 3715 5819 tenebrae
3757 5768 3818 5819 ad

3810 358 3911 412 951
