  <div class='ocr_page' id='page_1' title='image "/cluster/home/n/w/nwhite01/storage/ocr_20150623/118/hvd.32044015466907/482.png"; bbox 0 0 4020 6338; ppageno 0'>
   <div class='ocr_carea' id='block_1_1' title="bbox 290 297 395 354">
    <p class='ocr_par' dir='ltr' id='par_1_1' title="bbox 290 297 395 354">
     <span class='ocr_line' id='line_1_1' title="bbox 290 297 395 354; baseline -0.019 0"><span class='ocrx_word' id='word_1_1' title='bbox 290 297 395 354; x_wconf 76' lang='grc'><strong>955</strong></span> 
     </span>
    </p>
   </div>
   <div class='ocr_carea' id='block_1_2' title="bbox 1251 290 2579 351">
    <p class='ocr_par' dir='ltr' id='par_1_2' title="bbox 1251 290 2579 351">
     <span class='ocr_line' id='line_1_2' title="bbox 1251 290 2579 351; baseline 0.004 -5"><span class='ocrx_word' id='word_1_2' title='bbox 1251 293 1338 347; x_wconf 78' lang='grc' dir='ltr'>ΒΕ</span> <span class='ocrx_word' id='word_1_3' title='bbox 1380 291 1766 346; x_wconf 65' lang='grc' dir='ltr'><strong>νΛιιιΕΤΑτις</strong></span> <span class='ocrx_word' id='word_1_4' title='bbox 1803 290 2179 346; x_wconf 62' lang='grc' dir='ltr'><strong>ΙΛΒΒΟΒΕΜ.</strong></span> <span class='ocrx_word' id='word_1_5' title='bbox 2219 325 2288 334; x_wconf 95' lang='grc'><strong>-</strong></span> <span class='ocrx_word' id='word_1_6' title='bbox 2327 295 2452 350; x_wconf 85' lang='lat' dir='ltr'><strong>LIB.</strong></span> <span class='ocrx_word' id='word_1_7' title='bbox 2493 296 2579 351; x_wconf 70' lang='grc' dir='ltr'>ιιι.</span> 
     </span>
    </p>
   </div>
   <div class='ocr_carea' id='block_1_3' title="bbox 3441 304 3544 358">
    <p class='ocr_par' dir='ltr' id='par_1_3' title="bbox 3441 304 3544 358">
     <span class='ocr_line' id='line_1_3' title="bbox 3441 304 3544 358; baseline 0 0"><span class='ocrx_word' id='word_1_8' title='bbox 3441 304 3544 358; x_wconf 65' lang='grc'><strong>934</strong></span> 
     </span>
    </p>
   </div>
   <div class='ocr_carea' id='block_1_4' title="bbox 293 400 3539 482">
    <p class='ocr_par' dir='ltr' id='par_1_4' title="bbox 293 400 3539 482">
     <span class='ocr_line' id='line_1_4' title="bbox 293 400 3539 482; baseline -0.001 -12"><span class='ocrx_word' id='word_1_9' title='bbox 293 415 605 470; x_wconf 60' lang='lat' dir='ltr'><strong>caecitatem.</strong></span> <span class='ocrx_word' id='word_1_10' title='bbox 636 413 710 466; x_wconf 87' lang='lat' dir='ltr'><strong>Ea</strong></span> <span class='ocrx_word' id='word_1_11' title='bbox 740 425 868 482; x_wconf 80' lang='lat' dir='ltr'><strong>ergo</strong></span> <span class='ocrx_word' id='word_1_12' title='bbox 899 425 1016 480; x_wconf 69' lang='lat' dir='ltr'><strong>quae</strong></span> <span class='ocrx_word' id='word_1_13' title='bbox 1037 425 1066 462; x_wconf 89' lang='lat' dir='ltr'><strong>a</strong></span> <span class='ocrx_word' id='word_1_14' title='bbox 1095 400 1384 478; x_wconf 87' lang='lat' dir='ltr'><strong>conspectu</strong></span> <span class='ocrx_word' id='word_1_15' title='bbox 1409 407 1638 463; x_wconf 88' lang='lat' dir='ltr'><strong>districti</strong></span> <span class='ocrx_word' id='word_1_16' title='bbox 1659 406 1858 476; x_wconf 88' lang='lat' dir='ltr'><strong>judicis</strong></span> <span class='ocrx_word' id='word_1_17' title='bbox 1883 410 1932 468; x_wconf 83' lang='lat' dir='ltr'><strong>A</strong></span> <span class='ocrx_word' id='word_1_18' title='bbox 1959 409 2216 476; x_wconf 82' lang='lat' dir='ltr'><strong>scriptum</strong></span> <span class='ocrx_word' id='word_1_19' title='bbox 2245 417 2330 462; x_wconf 86' lang='lat' dir='ltr'><strong>est</strong></span> <span class='ocrx_word' id='word_1_20' title='bbox 2356 428 2368 462; x_wconf 93' lang='lat'><strong>:</strong></span> <span class='ocrx_word' id='word_1_21' title='bbox 2407 410 2646 464; x_wconf 73' lang='lat' dir='ltr'><strong><em>Potentes</em></strong></span> <span class='ocrx_word' id='word_1_22' title='bbox 2679 420 2914 480; x_wconf 84' lang='lat' dir='ltr'><strong>potenter</strong></span> <span class='ocrx_word' id='word_1_23' title='bbox 2955 422 3209 466; x_wconf 83' lang='lat' dir='ltr'><strong>tormenta</strong></span> <span class='ocrx_word' id='word_1_24' title='bbox 3252 415 3539 482; x_wconf 64' lang='lat' dir='ltr'><strong>patientur,</strong></span> 
     </span>
    </p>
   </div>
   <div class='ocr_carea' id='block_1_5' title="bbox 290 499 1858 575">
    <p class='ocr_par' dir='ltr' id='par_1_5' title="bbox 290 499 1858 575">
     <span class='ocr_line' id='line_1_5' title="bbox 290 499 1858 575; baseline -0.004 -16"><span class='ocrx_word' id='word_1_25' title='bbox 290 505 540 575; x_wconf 82' lang='lat' dir='ltr'><strong>expulsos</strong></span> <span class='ocrx_word' id='word_1_26' title='bbox 581 512 745 566; x_wconf 88' lang='lat' dir='ltr'><strong>tenet,</strong></span> <span class='ocrx_word' id='word_1_27' title='bbox 778 501 1008 555; x_wconf 69' lang='lat' dir='ltr'><strong>miseria:</strong></span> <span class='ocrx_word' id='word_1_28' title='bbox 1047 509 1102 555; x_wconf 89' lang='lat' dir='ltr'><strong>et</strong></span> <span class='ocrx_word' id='word_1_29' title='bbox 1132 501 1470 554; x_wconf 88' lang='lat' dir='ltr'><strong>tenebrarum</strong></span> <span class='ocrx_word' id='word_1_30' title='bbox 1506 507 1649 553; x_wconf 73' lang='lat' dir='ltr'><strong>terra</strong></span> <span class='ocrx_word' id='word_1_31' title='bbox 1677 499 1858 568; x_wconf 90' lang='lat' dir='ltr'><strong>perhi-</strong></span> 
     </span>
    </p>
   </div>
   <div class='ocr_carea' id='block_1_6' title="bbox 288 590 1858 661">
    <p class='ocr_par' dir='ltr' id='par_1_6' title="bbox 288 590 1858 661">
     <span class='ocr_line' id='line_1_6' title="bbox 288 590 1858 661; baseline -0.002 -13"><span class='ocrx_word' id='word_1_32' title='bbox 288 596 464 649; x_wconf 88' lang='lat' dir='ltr'><strong>betur.</strong></span> <span class='ocrx_word' id='word_1_33' title='bbox 493 591 628 661; x_wconf 86' lang='lat' dir='ltr'><strong>Quia</strong></span> <span class='ocrx_word' id='word_1_34' title='bbox 655 593 782 648; x_wconf 82' lang='lat' dir='ltr'><strong>foris</strong></span> <span class='ocrx_word' id='word_1_35' title='bbox 812 592 963 646; x_wconf 87' lang='lat' dir='ltr'><strong>dolor</strong></span> <span class='ocrx_word' id='word_1_36' title='bbox 1005 591 1233 656; x_wconf 75' lang='lat' dir='ltr'><strong>cruciat,</strong></span> <span class='ocrx_word' id='word_1_37' title='bbox 1269 605 1403 659; x_wconf 90' lang='lat' dir='ltr'><strong>quos</strong></span> <span class='ocrx_word' id='word_1_38' title='bbox 1445 590 1646 645; x_wconf 91' lang='lat' dir='ltr'><strong>divisos</strong></span> <span class='ocrx_word' id='word_1_39' title='bbox 1667 605 1697 643; x_wconf 93' lang='lat' dir='ltr'><strong>a</strong></span> <span class='ocrx_word' id='word_1_40' title='bbox 1731 604 1858 645; x_wconf 91' lang='lat' dir='ltr'><strong>vero</strong></span> 
     </span>
    </p>
   </div>
   <div class='ocr_carea' id='block_1_7' title="bbox 288 683 1860 751">
    <p class='ocr_par' dir='ltr' id='par_1_7' title="bbox 288 683 1860 751">
     <span class='ocr_line' id='line_1_7' title="bbox 288 683 1860 751; baseline -0.005 -6"><span class='ocrx_word' id='word_1_41' title='bbox 288 688 489 746; x_wconf 83' lang='lat' dir='ltr'><strong>lumine</strong></span> <span class='ocrx_word' id='word_1_42' title='bbox 523 686 666 740; x_wconf 88' lang='lat' dir='ltr'><strong>intus</strong></span> <span class='ocrx_word' id='word_1_43' title='bbox 690 685 905 740; x_wconf 79' lang='lat' dir='ltr'><strong>caecitas</strong></span> <span class='ocrx_word' id='word_1_44' title='bbox 944 685 1217 750; x_wconf 83' lang='lat' dir='ltr'><strong>obscurat.</strong></span> <span class='ocrx_word' id='word_1_45' title='bbox 1249 684 1506 751; x_wconf 77' lang='lat' dir='ltr'><strong>Quamvis</strong></span> <span class='ocrx_word' id='word_1_46' title='bbox 1551 683 1782 738; x_wconf 67' lang='lat' dir='ltr'><strong>miseriae</strong></span> <span class='ocrx_word' id='word_1_47' title='bbox 1805 691 1860 737; x_wconf 90' lang='lat' dir='ltr'><strong>et</strong></span> 
     </span>
    </p>
   </div>
   <div class='ocr_carea' id='block_1_8' title="bbox 286 770 1858 846">
    <p class='ocr_par' dir='ltr' id='par_1_8' title="bbox 286 770 1858 846">
     <span class='ocr_line' id='line_1_8' title="bbox 286 770 1858 846; baseline -0.002 -15"><span class='ocrx_word' id='word_1_48' title='bbox 286 777 632 832; x_wconf 79' lang='lat' dir='ltr'><strong>tenebrarum</strong></span> <span class='ocrx_word' id='word_1_49' title='bbox 671 783 812 830; x_wconf 88' lang='lat' dir='ltr'><strong>terra</strong></span> <span class='ocrx_word' id='word_1_50' title='bbox 836 774 1054 846; x_wconf 77' lang='lat' dir='ltr'><strong>intelligi</strong></span> <span class='ocrx_word' id='word_1_51' title='bbox 1079 781 1135 828; x_wconf 87' lang='lat' dir='ltr'><strong>et</strong></span> <span class='ocrx_word' id='word_1_52' title='bbox 1170 772 1329 828; x_wconf 79' lang='lat' dir='ltr'><strong>aliter</strong></span> <span class='ocrx_word' id='word_1_53' title='bbox 1357 770 1550 844; x_wconf 80' lang='lat' dir='ltr'><strong>potest.</strong></span> <span class='ocrx_word' id='word_1_54' title='bbox 1583 772 1717 826; x_wconf 88' lang='lat' dir='ltr'><strong>Nam</strong></span> <span class='ocrx_word' id='word_1_55' title='bbox 1743 775 1858 828; x_wconf 71' lang='lat' dir='ltr'><strong>hate</strong></span> 
     </span>
    </p>
   </div>
   <div class='ocr_carea' id='block_1_9' title="bbox 285 863 1855 936">
    <p class='ocr_par' dir='ltr' id='par_1_9' title="bbox 285 863 1855 936">
     <span class='ocr_line' id='line_1_9' title="bbox 285 863 1855 936; baseline -0.001 -18"><span class='ocrx_word' id='word_1_56' title='bbox 285 880 500 936; x_wconf 79' lang='lat' dir='ltr'><strong>quoque</strong></span> <span class='ocrx_word' id='word_1_57' title='bbox 531 873 674 922; x_wconf 84' lang='lat' dir='ltr'><strong>terra</strong></span> <span class='ocrx_word' id='word_1_58' title='bbox 701 865 754 918; x_wconf 90' lang='lat' dir='ltr'><strong>in</strong></span> <span class='ocrx_word' id='word_1_59' title='bbox 779 878 883 934; x_wconf 87' lang='lat' dir='ltr'><strong>qua</strong></span> <span class='ocrx_word' id='word_1_60' title='bbox 907 863 1199 929; x_wconf 86' lang='lat' dir='ltr'><strong>nascimur,</strong></span> <span class='ocrx_word' id='word_1_61' title='bbox 1232 872 1320 921; x_wconf 89' lang='lat' dir='ltr'><strong>est</strong></span> <span class='ocrx_word' id='word_1_62' title='bbox 1367 863 1582 931; x_wconf 83' lang='lat' dir='ltr'><strong>quidem</strong></span> <span class='ocrx_word' id='word_1_63' title='bbox 1605 863 1855 930; x_wconf 72' lang='lat' dir='ltr'><strong>miserim,</strong></span> 
     </span>
    </p>
   </div>
   <div class='ocr_carea' id='block_1_10' title="bbox 283 959 1859 1028">
    <p class='ocr_par' dir='ltr' id='par_1_10' title="bbox 283 959 1859 1028">
     <span class='ocr_line' id='line_1_10' title="bbox 283 959 1859 1028; baseline -0.001 -13"><span class='ocrx_word' id='word_1_64' title='bbox 283 961 379 1015; x_wconf 85' lang='lat' dir='ltr'><strong>sed</strong></span> <span class='ocrx_word' id='word_1_65' title='bbox 420 961 758 1014; x_wconf 84' lang='lat' dir='ltr'><strong>tenebrarum</strong></span> <span class='ocrx_word' id='word_1_66' title='bbox 803 969 905 1014; x_wconf 87' lang='lat' dir='ltr'><strong>est.</strong></span> <span class='ocrx_word' id='word_1_67' title='bbox 959 959 1094 1025; x_wconf 84' lang='lat' dir='ltr'><strong>Quia</strong></span> <span class='ocrx_word' id='word_1_68' title='bbox 1147 960 1313 1013; x_wconf 90' lang='lat' dir='ltr'><strong>multa</strong></span> <span class='ocrx_word' id='word_1_69' title='bbox 1361 959 1450 1014; x_wconf 93' lang='lat' dir='ltr'><strong>hic</strong></span> <span class='ocrx_word' id='word_1_70' title='bbox 1495 959 1859 1028; x_wconf 77' lang='lat' dir='ltr'><strong>corruptionis</strong></span> 
     </span>
    </p>
   </div>
   <div class='ocr_carea' id='block_1_11' title="bbox 282 1047 1860 1116">
    <p class='ocr_par' dir='ltr' id='par_1_11' title="bbox 282 1047 1860 1116">
     <span class='ocr_line' id='line_1_11' title="bbox 282 1047 1860 1116; baseline 0 -14"><span class='ocrx_word' id='word_1_71' title='bbox 282 1057 484 1106; x_wconf 65' lang='lat' dir='ltr'><strong>nostra:</strong></span> <span class='ocrx_word' id='word_1_72' title='bbox 508 1048 644 1102; x_wconf 88' lang='lat' dir='ltr'><strong>mala</strong></span> <span class='ocrx_word' id='word_1_73' title='bbox 668 1048 922 1116; x_wconf 82' lang='lat' dir='ltr'><strong>patimur,</strong></span> <span class='ocrx_word' id='word_1_74' title='bbox 944 1048 1036 1102; x_wconf 92' lang='lat' dir='ltr'><strong>sed</strong></span> <span class='ocrx_word' id='word_1_75' title='bbox 1063 1055 1240 1101; x_wconf 88' lang='lat' dir='ltr'><strong>tamen</strong></span> <span class='ocrx_word' id='word_1_76' title='bbox 1271 1047 1324 1102; x_wconf 92' lang='lat' dir='ltr'><strong>in</strong></span> <span class='ocrx_word' id='word_1_77' title='bbox 1347 1062 1411 1101; x_wconf 88' lang='lat' dir='ltr'><strong>ea</strong></span> <span class='ocrx_word' id='word_1_78' title='bbox 1435 1061 1532 1116; x_wconf 90' lang='lat' dir='ltr'><strong>per</strong></span> <span class='ocrx_word' id='word_1_79' title='bbox 1551 1048 1860 1102; x_wconf 88' lang='lat' dir='ltr'><strong>conversio-</strong></span> 
     </span>
    </p>
   </div>
   <div class='ocr_carea' id='block_1_12' title="bbox 280 1137 1854 1208">
    <p class='ocr_par' dir='ltr' id='par_1_12' title="bbox 280 1137 1854 1208">
     <span class='ocr_line' id='line_1_12' title="bbox 280 1137 1854 1208; baseline -0.001 -15"><span class='ocrx_word' id='word_1_80' title='bbox 280 1140 369 1196; x_wconf 93' lang='lat' dir='ltr'><strong>nis</strong></span> <span class='ocrx_word' id='word_1_81' title='bbox 391 1140 621 1208; x_wconf 79' lang='lat' dir='ltr'><strong>gratiam</strong></span> <span class='ocrx_word' id='word_1_82' title='bbox 667 1141 734 1193; x_wconf 91' lang='lat' dir='ltr'><strong>ad</strong></span> <span class='ocrx_word' id='word_1_83' title='bbox 782 1139 959 1193; x_wconf 90' lang='lat' dir='ltr'><strong>lucem</strong></span> <span class='ocrx_word' id='word_1_84' title='bbox 1003 1138 1259 1203; x_wconf 90' lang='lat' dir='ltr'><strong>redimus,</strong></span> <span class='ocrx_word' id='word_1_85' title='bbox 1290 1137 1529 1192; x_wconf 83' lang='lat' dir='ltr'><strong>Veritate</strong></span> <span class='ocrx_word' id='word_1_86' title='bbox 1575 1138 1854 1204; x_wconf 85' lang='lat' dir='ltr'><strong>suadente,</strong></span> 
     </span>
    </p>
   </div>
   <div class='ocr_carea' id='block_1_13' title="bbox 279 1227 1859 1298">
    <p class='ocr_par' dir='ltr' id='par_1_13' title="bbox 279 1227 1859 1298">
     <span class='ocr_line' id='line_1_13' title="bbox 279 1227 1859 1298; baseline -0.001 -16"><span class='ocrx_word' id='word_1_87' title='bbox 279 1245 402 1298; x_wconf 63' lang='lat' dir='ltr'><strong>qua:</strong></span> <span class='ocrx_word' id='word_1_88' title='bbox 431 1229 543 1284; x_wconf 87' lang='lat' dir='ltr'><strong>ait:</strong></span> <span class='ocrx_word' id='word_1_89' title='bbox 573 1227 844 1283; x_wconf 82' lang='lat' dir='ltr'><strong>Ambulate</strong></span> <span class='ocrx_word' id='word_1_90' title='bbox 882 1228 1007 1281; x_wconf 86' lang='lat' dir='ltr'><strong>dum</strong></span> <span class='ocrx_word' id='word_1_91' title='bbox 1048 1227 1214 1281; x_wconf 83' lang='lat' dir='ltr'><strong>lucem</strong></span> <span class='ocrx_word' id='word_1_92' title='bbox 1254 1227 1471 1292; x_wconf 77' lang='lat' dir='ltr'><strong>habetis,</strong></span> <span class='ocrx_word' id='word_1_93' title='bbox 1505 1244 1567 1281; x_wconf 90' lang='lat' dir='ltr'><strong>ne</strong></span> <span class='ocrx_word' id='word_1_94' title='bbox 1609 1243 1697 1282; x_wconf 85' lang='lat' dir='ltr'><strong>vos</strong></span> <span class='ocrx_word' id='word_1_95' title='bbox 1720 1239 1859 1281; x_wconf 79' lang='lat' dir='ltr'><strong>tene-</strong></span> 
     </span>
    </p>
   </div>
   <div class='ocr_carea' id='block_1_14' title="bbox 280 1317 1858 1389">
    <p class='ocr_par' dir='ltr' id='par_1_14' title="bbox 280 1317 1858 1389">
     <span class='ocr_line' id='line_1_14' title="bbox 280 1317 1858 1389; baseline -0.001 -15"><span class='ocrx_word' id='word_1_96' title='bbox 280 1321 389 1374; x_wconf 71' lang='lat' dir='ltr'><strong>bra:</strong></span> <span class='ocrx_word' id='word_1_97' title='bbox 420 1319 854 1389; x_wconf 79' lang='lat' dir='ltr'><strong>comprehendant</strong></span> <span class='ocrx_word' id='word_1_98' title='bbox 883 1317 1063 1388; x_wconf 82' lang='lat' dir='ltr'><strong>(Joan.</strong></span> <span class='ocrx_word' id='word_1_99' title='bbox 1083 1321 1206 1388; x_wconf 81' lang='lat' dir='ltr'><strong>xu).</strong></span> <span class='ocrx_word' id='word_1_100' title='bbox 1235 1317 1326 1371; x_wconf 86' lang='lat' dir='ltr'><strong>Illa</strong></span> <span class='ocrx_word' id='word_1_101' title='bbox 1350 1332 1478 1372; x_wconf 89' lang='lat' dir='ltr'><strong>vero</strong></span> <span class='ocrx_word' id='word_1_102' title='bbox 1507 1317 1666 1372; x_wconf 90' lang='lat' dir='ltr'><strong>simul</strong></span> <span class='ocrx_word' id='word_1_103' title='bbox 1696 1319 1858 1373; x_wconf 81' lang='lat' dir='ltr'><strong>mise-</strong></span> 
     </span>
    </p>
   </div>
   <div class='ocr_carea' id='block_1_15' title="bbox 278 1409 1857 1478">
    <p class='ocr_par' dir='ltr' id='par_1_15' title="bbox 278 1409 1857 1478">
     <span class='ocr_line' id='line_1_15' title="bbox 278 1409 1857 1478; baseline 0 -14"><span class='ocrx_word' id='word_1_104' title='bbox 278 1411 375 1464; x_wconf 68' lang='lat' dir='ltr'><strong>ria:</strong></span> <span class='ocrx_word' id='word_1_105' title='bbox 401 1418 456 1469; x_wconf 82' lang='lat' dir='ltr'><strong>et</strong></span> <span class='ocrx_word' id='word_1_106' title='bbox 486 1409 828 1466; x_wconf 88' lang='lat' dir='ltr'><strong>tenebrarum</strong></span> <span class='ocrx_word' id='word_1_107' title='bbox 858 1417 1002 1465; x_wconf 86' lang='lat' dir='ltr'><strong>terra</strong></span> <span class='ocrx_word' id='word_1_108' title='bbox 1049 1417 1154 1470; x_wconf 88' lang='lat' dir='ltr'><strong>est,</strong></span> <span class='ocrx_word' id='word_1_109' title='bbox 1182 1409 1309 1477; x_wconf 86' lang='lat' dir='ltr'><strong>quia</strong></span> <span class='ocrx_word' id='word_1_110' title='bbox 1349 1409 1595 1478; x_wconf 87' lang='lat' dir='ltr'><strong>quisquis</strong></span> <span class='ocrx_word' id='word_1_111' title='bbox 1623 1409 1690 1463; x_wconf 88' lang='lat' dir='ltr'><strong>ad</strong></span> <span class='ocrx_word' id='word_1_112' title='bbox 1719 1409 1857 1464; x_wconf 89' lang='lat' dir='ltr'><strong>tole-</strong></span> 
     </span>
    </p>
   </div>
   <div class='ocr_carea' id='block_1_16' title="bbox 278 1497 1857 1568">
    <p class='ocr_par' dir='ltr' id='par_1_16' title="bbox 278 1497 1857 1568">
     <span class='ocr_line' id='line_1_16' title="bbox 278 1497 1857 1568; baseline 0 -16"><span class='ocrx_word' id='word_1_113' title='bbox 278 1499 447 1552; x_wconf 87' lang='lat' dir='ltr'><strong>randa</strong></span> <span class='ocrx_word' id='word_1_114' title='bbox 479 1499 596 1568; x_wconf 82' lang='lat' dir='ltr'><strong>ejus</strong></span> <span class='ocrx_word' id='word_1_115' title='bbox 637 1497 777 1551; x_wconf 88' lang='lat' dir='ltr'><strong>mala</strong></span> <span class='ocrx_word' id='word_1_116' title='bbox 813 1497 1167 1562; x_wconf 85' lang='lat' dir='ltr'><strong>descenderit,</strong></span> <span class='ocrx_word' id='word_1_117' title='bbox 1211 1512 1548 1566; x_wconf 88' lang='lat' dir='ltr'><strong>nequaquam</strong></span> <span class='ocrx_word' id='word_1_118' title='bbox 1592 1499 1660 1552; x_wconf 90' lang='lat' dir='ltr'><strong>ad</strong></span> <span class='ocrx_word' id='word_1_119' title='bbox 1685 1498 1857 1552; x_wconf 88' lang='lat' dir='ltr'><strong>lucem</strong></span> 
     </span>
    </p>
   </div>
   <div class='ocr_carea' id='block_1_17' title="bbox 279 1584 1856 1655">
    <p class='ocr_par' dir='ltr' id='par_1_17' title="bbox 279 1584 1856 1655">
     <span class='ocr_line' id='line_1_17' title="bbox 279 1584 1856 1655; baseline 0 -15"><span class='ocrx_word' id='word_1_120' title='bbox 279 1587 505 1641; x_wconf 89' lang='lat' dir='ltr'><strong>ulterius</strong></span> <span class='ocrx_word' id='word_1_121' title='bbox 546 1585 703 1640; x_wconf 87' lang='lat' dir='ltr'><strong>redit.</strong></span> <span class='ocrx_word' id='word_1_122' title='bbox 737 1584 793 1638; x_wconf 91' lang='lat' dir='ltr'><strong>lu</strong></span> <span class='ocrx_word' id='word_1_123' title='bbox 835 1585 990 1654; x_wconf 89' lang='lat' dir='ltr'><strong>cujus</strong></span> <span class='ocrx_word' id='word_1_124' title='bbox 1036 1586 1212 1642; x_wconf 87' lang='lat' dir='ltr'><strong>adhuc</strong></span> <span class='ocrx_word' id='word_1_125' title='bbox 1237 1585 1594 1655; x_wconf 88' lang='lat' dir='ltr'><strong>descriptione</strong></span> <span class='ocrx_word' id='word_1_126' title='bbox 1629 1586 1856 1655; x_wconf 58' lang='lat' dir='ltr'><strong>subjun-e</strong></span> 
     </span>
    </p>
   </div>
   <div class='ocr_carea' id='block_1_18' title="bbox 277 1675 1858 1747">
    <p class='ocr_par' dir='ltr' id='par_1_18' title="bbox 277 1675 1858 1747">
     <span class='ocr_line' id='line_1_18' title="bbox 277 1675 1858 1747; baseline -0.001 -16"><span class='ocrx_word' id='word_1_127' title='bbox 277 1679 424 1747; x_wconf 81' lang='lat' dir='ltr'><strong>gitur</strong></span> <span class='ocrx_word' id='word_1_128' title='bbox 448 1692 461 1730; x_wconf 91' lang='lat'>:</span> <span class='ocrx_word' id='word_1_129' title='bbox 495 1675 592 1729; x_wconf 86' lang='lat' dir='ltr'><strong>Ubi</strong></span> <span class='ocrx_word' id='word_1_130' title='bbox 615 1677 798 1730; x_wconf 89' lang='lat' dir='ltr'><strong>umbra</strong></span> <span class='ocrx_word' id='word_1_131' title='bbox 821 1677 1002 1731; x_wconf 86' lang='lat' dir='ltr'><strong>mortis</strong></span> <span class='ocrx_word' id='word_1_132' title='bbox 1025 1685 1072 1730; x_wconf 91' lang='lat' dir='ltr'><strong>et</strong></span> <span class='ocrx_word' id='word_1_133' title='bbox 1103 1675 1279 1730; x_wconf 86' lang='lat' dir='ltr'><strong>nullus</strong></span> <span class='ocrx_word' id='word_1_134' title='bbox 1303 1677 1429 1730; x_wconf 85' lang='lat' dir='ltr'><strong>ordo</strong></span> <span class='ocrx_word' id='word_1_135' title='bbox 1451 1675 1573 1744; x_wconf 79' lang='lat' dir='ltr'><strong>(Job</strong></span> <span class='ocrx_word' id='word_1_136' title='bbox 1601 1675 1678 1741; x_wconf 74' lang='grc' dir='ltr'><strong>Χ).</strong></span> <span class='ocrx_word' id='word_1_137' title='bbox 1705 1676 1858 1731; x_wconf 86' lang='lat' dir='ltr'><strong>Sicut</strong></span> 
     </span>
    </p>
   </div>
   <div class='ocr_carea' id='block_1_19' title="bbox 280 1765 1855 1834">
    <p class='ocr_par' dir='ltr' id='par_1_19' title="bbox 280 1765 1855 1834">
     <span class='ocr_line' id='line_1_19' title="bbox 280 1765 1855 1834; baseline 0.001 -14"><span class='ocrx_word' id='word_1_138' title='bbox 280 1782 428 1822; x_wconf 90' lang='lat' dir='ltr'><strong>mors</strong></span> <span class='ocrx_word' id='word_1_139' title='bbox 459 1766 700 1834; x_wconf 59' lang='lat' dir='ltr'><strong>exterior</strong></span> <span class='ocrx_word' id='word_1_140' title='bbox 745 1766 814 1821; x_wconf 88' lang='lat' dir='ltr'><strong>ab</strong></span> <span class='ocrx_word' id='word_1_141' title='bbox 859 1765 1038 1820; x_wconf 89' lang='lat' dir='ltr'><strong>anima</strong></span> <span class='ocrx_word' id='word_1_142' title='bbox 1085 1765 1275 1820; x_wconf 88' lang='lat' dir='ltr'><strong>dividit</strong></span> <span class='ocrx_word' id='word_1_143' title='bbox 1301 1779 1542 1829; x_wconf 88' lang='lat' dir='ltr'><strong>carnem,</strong></span> <span class='ocrx_word' id='word_1_144' title='bbox 1583 1766 1658 1820; x_wconf 89' lang='lat' dir='ltr'><strong>ita</strong></span> <span class='ocrx_word' id='word_1_145' title='bbox 1711 1782 1855 1822; x_wconf 89' lang='lat' dir='ltr'><strong>mors</strong></span> 
     </span>
    </p>
   </div>
   <div class='ocr_carea' id='block_1_20' title="bbox 274 1855 1855 1928">
    <p class='ocr_par' dir='ltr' id='par_1_20' title="bbox 274 1855 1855 1928">
     <span class='ocr_line' id='line_1_20' title="bbox 274 1855 1855 1928; baseline 0.001 -18"><span class='ocrx_word' id='word_1_146' title='bbox 274 1856 501 1910; x_wconf 90' lang='lat' dir='ltr'><strong>interior</strong></span> <span class='ocrx_word' id='word_1_147' title='bbox 527 1870 557 1909; x_wconf 90' lang='lat' dir='ltr'><strong>a</strong></span> <span class='ocrx_word' id='word_1_148' title='bbox 588 1857 696 1911; x_wconf 92' lang='lat' dir='ltr'><strong>Deo</strong></span> <span class='ocrx_word' id='word_1_149' title='bbox 737 1864 955 1925; x_wconf 86' lang='lat' dir='ltr'><strong>separat</strong></span> <span class='ocrx_word' id='word_1_150' title='bbox 982 1856 1234 1913; x_wconf 89' lang='lat' dir='ltr'><strong>animam.</strong></span> <span class='ocrx_word' id='word_1_151' title='bbox 1268 1855 1469 1911; x_wconf 90' lang='lat' dir='ltr'><strong>Umbra</strong></span> <span class='ocrx_word' id='word_1_152' title='bbox 1509 1871 1640 1928; x_wconf 90' lang='lat' dir='ltr'><strong>ergo</strong></span> <span class='ocrx_word' id='word_1_153' title='bbox 1663 1857 1855 1912; x_wconf 90' lang='lat' dir='ltr'><strong>mortis</strong></span> 
     </span>
    </p>
   </div>
   <div class='ocr_carea' id='block_1_21' title="bbox 278 1947 1855 2019">
    <p class='ocr_par' dir='ltr' id='par_1_21' title="bbox 278 1947 1855 2019">
     <span class='ocr_line' id='line_1_21' title="bbox 278 1947 1855 2019; baseline 0.002 -19"><span class='ocrx_word' id='word_1_154' title='bbox 278 1954 365 2000; x_wconf 91' lang='lat' dir='ltr'><strong>est</strong></span> <span class='ocrx_word' id='word_1_155' title='bbox 400 1948 705 2003; x_wconf 86' lang='lat' dir='ltr'><strong>obscuritas</strong></span> <span class='ocrx_word' id='word_1_156' title='bbox 756 1947 1056 2019; x_wconf 83' lang='lat' dir='ltr'><strong>divisionis.</strong></span> <span class='ocrx_word' id='word_1_157' title='bbox 1112 1947 1248 2014; x_wconf 86' lang='lat' dir='ltr'><strong>Quia</strong></span> <span class='ocrx_word' id='word_1_158' title='bbox 1296 1948 1584 2002; x_wconf 86' lang='lat' dir='ltr'><strong>damnatus</strong></span> <span class='ocrx_word' id='word_1_159' title='bbox 1625 1949 1855 2017; x_wconf 84' lang='lat' dir='ltr'><strong>quisque</strong></span> 
     </span>
    </p>
   </div>
   <div class='ocr_carea' id='block_1_22' title="bbox 273 2038 1854 2108">
    <p class='ocr_par' dir='ltr' id='par_1_22' title="bbox 273 2038 1854 2108">
     <span class='ocr_line' id='line_1_22' title="bbox 273 2038 1854 2108; baseline 0.001 -16"><span class='ocrx_word' id='word_1_160' title='bbox 273 2055 398 2107; x_wconf 86' lang='lat' dir='ltr'><strong>cum</strong></span> <span class='ocrx_word' id='word_1_161' title='bbox 428 2048 631 2103; x_wconf 60' lang='lat' dir='ltr'><strong>interno</strong></span> <span class='ocrx_word' id='word_1_162' title='bbox 653 2040 776 2108; x_wconf 86' lang='lat' dir='ltr'><strong>igne</strong></span> <span class='ocrx_word' id='word_1_163' title='bbox 797 2039 1142 2101; x_wconf 84' lang='lat' dir='ltr'><strong>succenditur</strong></span> <span class='ocrx_word' id='word_1_164' title='bbox 1163 2038 1232 2092; x_wconf 89' lang='lat' dir='ltr'><strong>ab</strong></span> <span class='ocrx_word' id='word_1_165' title='bbox 1249 2046 1454 2093; x_wconf 77' lang='lat' dir='ltr'><strong>aeterno</strong></span> <span class='ocrx_word' id='word_1_166' title='bbox 1473 2038 1673 2094; x_wconf 88' lang='lat' dir='ltr'><strong>lumine</strong></span> <span class='ocrx_word' id='word_1_167' title='bbox 1703 2047 1854 2094; x_wconf 75' lang='lat' dir='ltr'><strong>tene—</strong></span> 
     </span>
    </p>
   </div>
   <div class='ocr_carea' id='block_1_23' title="bbox 273 2127 1852 2202">
    <p class='ocr_par' dir='ltr' id='par_1_23' title="bbox 273 2127 1852 2202">
     <span class='ocr_line' id='line_1_23' title="bbox 273 2127 1852 2202; baseline 0.001 -20"><span class='ocrx_word' id='word_1_168' title='bbox 273 2131 482 2182; x_wconf 90' lang='lat' dir='ltr'><strong>bratur.</strong></span> <span class='ocrx_word' id='word_1_169' title='bbox 522 2127 724 2196; x_wconf 85' lang='lat' dir='ltr'><strong>Natura</strong></span> <span class='ocrx_word' id='word_1_170' title='bbox 750 2141 880 2181; x_wconf 88' lang='lat' dir='ltr'><strong>vero</strong></span> <span class='ocrx_word' id='word_1_171' title='bbox 926 2127 1064 2202; x_wconf 88' lang='lat' dir='ltr'><strong>ignis</strong></span> <span class='ocrx_word' id='word_1_172' title='bbox 1107 2135 1210 2192; x_wconf 89' lang='lat' dir='ltr'><strong>est,</strong></span> <span class='ocrx_word' id='word_1_173' title='bbox 1237 2135 1296 2182; x_wconf 92' lang='lat' dir='ltr'><strong>ut</strong></span> <span class='ocrx_word' id='word_1_174' title='bbox 1339 2141 1406 2182; x_wconf 79' lang='lat' dir='ltr'><strong>ex</strong></span> <span class='ocrx_word' id='word_1_175' title='bbox 1434 2141 1492 2182; x_wconf 91' lang='lat' dir='ltr'><strong>se</strong></span> <span class='ocrx_word' id='word_1_176' title='bbox 1524 2127 1640 2197; x_wconf 91' lang='lat' dir='ltr'><strong>ipso</strong></span> <span class='ocrx_word' id='word_1_177' title='bbox 1676 2136 1731 2184; x_wconf 90' lang='lat' dir='ltr'><strong>et</strong></span> <span class='ocrx_word' id='word_1_178' title='bbox 1771 2128 1852 2184; x_wconf 77' lang='lat' dir='ltr'><strong>lu—</strong></span> 
     </span>
    </p>
   </div>
   <div class='ocr_carea' id='block_1_24' title="bbox 275 2217 1850 2283">
    <p class='ocr_par' dir='ltr' id='par_1_24' title="bbox 275 2217 1850 2283">
     <span class='ocr_line' id='line_1_24' title="bbox 275 2217 1850 2283; baseline 0.001 -13"><span class='ocrx_word' id='word_1_179' title='bbox 275 2232 397 2272; x_wconf 89' lang='lat' dir='ltr'><strong>men</strong></span> <span class='ocrx_word' id='word_1_180' title='bbox 425 2217 698 2281; x_wconf 80' lang='lat' dir='ltr'><strong>exhibeat,</strong></span> <span class='ocrx_word' id='word_1_181' title='bbox 727 2225 782 2271; x_wconf 91' lang='lat' dir='ltr'><strong>et</strong></span> <span class='ocrx_word' id='word_1_182' title='bbox 799 2217 1312 2283; x_wconf 89' lang='lat' dir='ltr'><strong>concremationem,</strong></span> <span class='ocrx_word' id='word_1_183' title='bbox 1335 2218 1429 2271; x_wconf 90' lang='lat' dir='ltr'><strong>sed</strong></span> <span class='ocrx_word' id='word_1_184' title='bbox 1453 2224 1850 2272; x_wconf 89' lang='lat' dir='ltr'><strong>transactorum</strong></span> 
     </span>
    </p>
   </div>
   <div class='ocr_carea' id='block_1_25' title="bbox 275 2307 1848 2379">
    <p class='ocr_par' dir='ltr' id='par_1_25' title="bbox 275 2307 1848 2379">
     <span class='ocr_line' id='line_1_25' title="bbox 275 2307 1848 2379; baseline 0.002 -20"><span class='ocrx_word' id='word_1_185' title='bbox 275 2307 364 2360; x_wconf 90' lang='lat' dir='ltr'><strong>illa</strong></span> <span class='ocrx_word' id='word_1_186' title='bbox 410 2308 575 2361; x_wconf 81' lang='lat' dir='ltr'><strong>ultrix</strong></span> <span class='ocrx_word' id='word_1_187' title='bbox 608 2307 820 2361; x_wconf 92' lang='lat' dir='ltr'><strong>ﬂamma</strong></span> <span class='ocrx_word' id='word_1_188' title='bbox 854 2307 1108 2379; x_wconf 84' lang='lat' dir='ltr'><strong>vitiorum</strong></span> <span class='ocrx_word' id='word_1_189' title='bbox 1149 2307 1639 2362; x_wconf 90' lang='lat' dir='ltr'><strong>concremationem</strong></span> <span class='ocrx_word' id='word_1_190' title='bbox 1667 2307 1848 2374; x_wconf 90' lang='lat' dir='ltr'><strong>habet,</strong></span> 
     </span>
    </p>
   </div>
   <div class='ocr_carea' id='block_1_26' title="bbox 270 2398 1849 2470">
    <p class='ocr_par' dir='ltr' id='par_1_26' title="bbox 270 2398 1849 2470">
     <span class='ocr_line' id='line_1_26' title="bbox 270 2398 1849 2470; baseline 0.002 -16"><span class='ocrx_word' id='word_1_191' title='bbox 270 2407 326 2454; x_wconf 84' lang='lat' dir='ltr'><strong>et</strong></span> <span class='ocrx_word' id='word_1_192' title='bbox 371 2398 546 2453; x_wconf 87' lang='lat' dir='ltr'><strong>lumen</strong></span> <span class='ocrx_word' id='word_1_193' title='bbox 575 2415 680 2453; x_wconf 90' lang='lat' dir='ltr'><strong>non</strong></span> <span class='ocrx_word' id='word_1_194' title='bbox 728 2399 911 2453; x_wconf 90' lang='lat' dir='ltr'><strong>habet.</strong></span> <span class='ocrx_word' id='word_1_195' title='bbox 956 2399 1092 2466; x_wconf 85' lang='lat' dir='ltr'><strong>Hinc</strong></span> <span class='ocrx_word' id='word_1_196' title='bbox 1124 2399 1266 2454; x_wconf 92' lang='lat' dir='ltr'><strong>enim</strong></span> <span class='ocrx_word' id='word_1_197' title='bbox 1314 2408 1397 2456; x_wconf 90' lang='lat' dir='ltr'><strong>est</strong></span> <span class='ocrx_word' id='word_1_198' title='bbox 1446 2400 1586 2470; x_wconf 89' lang='lat' dir='ltr'><strong>quod</strong></span> <span class='ocrx_word' id='word_1_199' title='bbox 1636 2399 1849 2457; x_wconf 79' lang='lat' dir='ltr'><strong>Veritas</strong></span> 
     </span>
    </p>
   </div>
   <div class='ocr_carea' id='block_1_27' title="bbox 271 2491 1848 2565">
    <p class='ocr_par' dir='ltr' id='par_1_27' title="bbox 271 2491 1848 2565">
     <span class='ocr_line' id='line_1_27' title="bbox 271 2491 1848 2565; baseline 0.004 -22"><span class='ocrx_word' id='word_1_200' title='bbox 271 2491 514 2558; x_wconf 86' lang='lat' dir='ltr'><strong>reprobis</strong></span> <span class='ocrx_word' id='word_1_201' title='bbox 551 2491 1000 2552; x_wconf 81' lang='lat' dir='ltr'><strong>dicitzDiscedite</strong></span> <span class='ocrx_word' id='word_1_202' title='bbox 1033 2509 1065 2546; x_wconf 90' lang='lat' dir='ltr'><strong>a</strong></span> <span class='ocrx_word' id='word_1_203' title='bbox 1108 2509 1208 2556; x_wconf 89' lang='lat' dir='ltr'><strong>me,</strong></span> <span class='ocrx_word' id='word_1_204' title='bbox 1252 2493 1536 2560; x_wconf 81' lang='lat' dir='ltr'><strong>maledicti,</strong></span> <span class='ocrx_word' id='word_1_205' title='bbox 1577 2495 1633 2548; x_wconf 89' lang='lat' dir='ltr'><strong>in</strong></span> <span class='ocrx_word' id='word_1_206' title='bbox 1675 2496 1848 2565; x_wconf 85' lang='lat' dir='ltr'><strong>ignem</strong></span> 
     </span>
    </p>
   </div>
   <div class='ocr_carea' id='block_1_28' title="bbox 271 2581 1846 2658">
    <p class='ocr_par' dir='ltr' id='par_1_28' title="bbox 271 2581 1846 2658">
     <span class='ocr_line' id='line_1_28' title="bbox 271 2581 1846 2658; baseline 0.006 -27"><span class='ocrx_word' id='word_1_207' title='bbox 271 2590 565 2646; x_wconf 65' lang='lat' dir='ltr'><strong>internum,</strong></span> <span class='ocrx_word' id='word_1_208' title='bbox 615 2581 704 2650; x_wconf 82' lang='lat' dir='ltr'><strong>qui</strong></span> <span class='ocrx_word' id='word_1_209' title='bbox 744 2591 964 2651; x_wconf 86' lang='lat' dir='ltr'><strong>paratus</strong></span> <span class='ocrx_word' id='word_1_210' title='bbox 1006 2592 1079 2636; x_wconf 84' lang='lat' dir='ltr'><strong>est</strong></span> <span class='ocrx_word' id='word_1_211' title='bbox 1139 2583 1347 2637; x_wconf 86' lang='lat' dir='ltr'><strong>diabolo</strong></span> <span class='ocrx_word' id='word_1_212' title='bbox 1387 2594 1436 2638; x_wconf 90' lang='lat' dir='ltr'><strong>et</strong></span> <span class='ocrx_word' id='word_1_213' title='bbox 1482 2587 1680 2655; x_wconf 76' lang='lat' dir='ltr'><strong>angelis</strong></span> <span class='ocrx_word' id='word_1_214' title='bbox 1731 2588 1846 2658; x_wconf 88' lang='lat' dir='ltr'><strong>ejus</strong></span> 
     </span>
    </p>
   </div>
   <div class='ocr_carea' id='block_1_29' title="bbox 269 2667 1843 2744">
    <p class='ocr_par' dir='ltr' id='par_1_29' title="bbox 269 2667 1843 2744">
     <span class='ocr_line' id='line_1_29' title="bbox 269 2667 1843 2744; baseline 0.007 -24"><span class='ocrx_word' id='word_1_215' title='bbox 269 2667 484 2738; x_wconf 80' lang='lat' dir='ltr'><strong>(Matth.</strong></span> <span class='ocrx_word' id='word_1_216' title='bbox 521 2671 671 2741; x_wconf 56' lang='lat' dir='ltr'><strong>xxv).</strong></span> <span class='ocrx_word' id='word_1_217' title='bbox 718 2669 955 2736; x_wconf 90' lang='lat' dir='ltr'><strong>Quorum</strong></span> <span class='ocrx_word' id='word_1_218' title='bbox 1001 2687 1188 2726; x_wconf 86' lang='lat' dir='ltr'><strong>rursus</strong></span> <span class='ocrx_word' id='word_1_219' title='bbox 1237 2673 1732 2744; x_wconf 80' lang='lat' dir='ltr'><strong>omnium~corpus</strong></span> <span class='ocrx_word' id='word_1_220' title='bbox 1789 2678 1843 2731; x_wconf 93' lang='lat' dir='ltr'><strong>in</strong></span> 
     </span>
    </p>
   </div>
   <div class='ocr_carea' id='block_1_30' title="bbox 266 2759 1840 2833">
    <p class='ocr_par' dir='ltr' id='par_1_30' title="bbox 266 2759 1840 2833">
     <span class='ocr_line' id='line_1_30' title="bbox 266 2759 1840 2833; baseline 0.006 -22"><span class='ocrx_word' id='word_1_221' title='bbox 266 2759 428 2813; x_wconf 91' lang='lat' dir='ltr'><strong>unius</strong></span> <span class='ocrx_word' id='word_1_222' title='bbox 453 2774 678 2829; x_wconf 90' lang='lat' dir='ltr'><strong>persona</strong></span> <span class='ocrx_word' id='word_1_223' title='bbox 707 2761 1033 2828; x_wconf 81' lang='lat' dir='ltr'><strong>signiﬁcans,</strong></span> <span class='ocrx_word' id='word_1_224' title='bbox 1059 2762 1188 2816; x_wconf 87' lang='lat' dir='ltr'><strong>dicit</strong></span> <span class='ocrx_word' id='word_1_225' title='bbox 1216 2780 1228 2814; x_wconf 94' lang='lat'>:</span> <span class='ocrx_word' id='word_1_226' title='bbox 1271 2762 1458 2833; x_wconf 66' lang='lat' dir='ltr'><strong>Ligate‘</strong></span> <span class='ocrx_word' id='word_1_227' title='bbox 1494 2767 1541 2818; x_wconf 88' lang='lat' dir='ltr'><strong>ei</strong></span> <span class='ocrx_word' id='word_1_228' title='bbox 1581 2783 1771 2821; x_wconf 85' lang='lat' dir='ltr'><strong>manus</strong></span> <span class='ocrx_word' id='word_1_229' title='bbox 1791 2776 1840 2820; x_wconf 89' lang='lat' dir='ltr'><strong>et</strong></span> 
     </span>
    </p>
   </div>
   <div class='ocr_carea' id='block_1_31' title="bbox 265 2849 1836 2925">
    <p class='ocr_par' dir='ltr' id='par_1_31' title="bbox 265 2849 1836 2925">
     <span class='ocr_line' id='line_1_31' title="bbox 265 2849 1836 2925; baseline 0.006 -24"><span class='ocrx_word' id='word_1_230' title='bbox 265 2849 439 2918; x_wconf 85' lang='lat' dir='ltr'><strong>pedes,</strong></span> <span class='ocrx_word' id='word_1_231' title='bbox 481 2859 528 2903; x_wconf 90' lang='lat' dir='ltr'><strong>et</strong></span> <span class='ocrx_word' id='word_1_232' title='bbox 568 2851 756 2903; x_wconf 87' lang='lat' dir='ltr'><strong>mittite</strong></span> <span class='ocrx_word' id='word_1_233' title='bbox 781 2867 897 2904; x_wconf 88' lang='lat' dir='ltr'><strong>eum</strong></span> <span class='ocrx_word' id='word_1_234' title='bbox 934 2852 987 2905; x_wconf 89' lang='lat' dir='ltr'><strong>in</strong></span> <span class='ocrx_word' id='word_1_235' title='bbox 1031 2853 1265 2905; x_wconf 83' lang='lat' dir='ltr'><strong>tenebras</strong></span> <span class='ocrx_word' id='word_1_236' title='bbox 1299 2854 1577 2908; x_wconf 77' lang='lat' dir='ltr'><strong>exteriores</strong></span> <span class='ocrx_word' id='word_1_237' title='bbox 1621 2855 1836 2925; x_wconf 79' lang='lat' dir='ltr'><strong>(Matth.</strong></span> 
     </span>
    </p>
   </div>
   <div class='ocr_carea' id='block_1_32' title="bbox 265 2939 1849 3011">
    <p class='ocr_par' dir='ltr' id='par_1_32' title="bbox 265 2939 1849 3011">
     <span class='ocr_line' id='line_1_32' title="bbox 265 2939 1849 3011; baseline 0.004 -19"><span class='ocrx_word' id='word_1_238' title='bbox 265 2939 425 3006; x_wconf 68' lang='grc' dir='ltr'><strong>Χιιι).</strong></span> <span class='ocrx_word' id='word_1_239' title='bbox 459 2939 515 2994; x_wconf 89' lang='lat' dir='ltr'><strong>Si</strong></span> <span class='ocrx_word' id='word_1_240' title='bbox 555 2939 738 3010; x_wconf 89' lang='lat' dir='ltr'><strong>itaque</strong></span> <span class='ocrx_word' id='word_1_241' title='bbox 780 2941 918 3011; x_wconf 91' lang='lat' dir='ltr'><strong>ignis</strong></span> <span class='ocrx_word' id='word_1_242' title='bbox 958 2942 1046 3009; x_wconf 90' lang='lat' dir='ltr'><strong>qui</strong></span> <span class='ocrx_word' id='word_1_243' title='bbox 1092 2942 1351 3010; x_wconf 87' lang='lat' dir='ltr'><strong>reprobos</strong></span> <span class='ocrx_word' id='word_1_244' title='bbox 1391 2944 1620 3011; x_wconf 88' lang='lat' dir='ltr'><strong>cruciat,</strong></span> <span class='ocrx_word' id='word_1_245' title='bbox 1659 2945 1849 3004; x_wconf 88' lang='lat' dir='ltr'><strong>lumen.</strong></span> 
     </span>
    </p>
   </div>
   <div class='ocr_carea' id='block_1_33' title="bbox 268 3029 1836 3102">
    <p class='ocr_par' dir='ltr' id='par_1_33' title="bbox 268 3029 1836 3102">
     <span class='ocr_line' id='line_1_33' title="bbox 268 3029 1836 3102; baseline 0.004 -19"><span class='ocrx_word' id='word_1_246' title='bbox 268 3029 466 3083; x_wconf 85' lang='lat' dir='ltr'><strong>habere</strong></span> <span class='ocrx_word' id='word_1_247' title='bbox 486 3031 768 3099; x_wconf 88' lang='lat' dir='ltr'><strong>potuisset,</strong></span> <span class='ocrx_word' id='word_1_248' title='bbox 786 3031 829 3084; x_wconf 93' lang='lat' dir='ltr'><strong>is</strong></span> <span class='ocrx_word' id='word_1_249' title='bbox 843 3031 933 3100; x_wconf 91' lang='lat' dir='ltr'><strong>qui</strong></span> <span class='ocrx_word' id='word_1_250' title='bbox 951 3031 1246 3100; x_wconf 89' lang='lat' dir='ltr'><strong>repellitur,</strong></span> <span class='ocrx_word' id='word_1_251' title='bbox 1265 3048 1601 3102; x_wconf 88' lang='lat' dir='ltr'><strong>nequaquam</strong></span> <span class='ocrx_word' id='word_1_252' title='bbox 1623 3035 1762 3089; x_wconf 90' lang='lat' dir='ltr'><strong>mitti</strong></span> <span class='ocrx_word' id='word_1_253' title='bbox 1785 3036 1836 3090; x_wconf 93' lang='lat' dir='ltr'><strong>in</strong></span> 
     </span>
    </p>
   </div>
   <div class='ocr_carea' id='block_1_34' title="bbox 1958 499 3535 574">
    <p class='ocr_par' dir='ltr' id='par_1_34' title="bbox 1958 499 3535 574">
     <span class='ocr_line' id='line_1_34' title="bbox 1958 499 3535 574; baseline 0.005 -22"><span class='ocrx_word' id='word_1_254' title='bbox 1958 510 2004 552; x_wconf 91' lang='lat' dir='ltr'><strong>et</strong></span> <span class='ocrx_word' id='word_1_255' title='bbox 2045 499 2347 567; x_wconf 78' lang='lat' dir='ltr'><strong>fortioribus</strong></span> <span class='ocrx_word' id='word_1_256' title='bbox 2387 500 2572 566; x_wconf 76' lang='lat' dir='ltr'><strong>fortior</strong></span> <span class='ocrx_word' id='word_1_257' title='bbox 2609 503 2768 556; x_wconf 85' lang='lat' dir='ltr'><strong>instat</strong></span> <span class='ocrx_word' id='word_1_258' title='bbox 2805 504 3056 557; x_wconf 87' lang='lat' dir='ltr'><strong>cruciatio</strong></span> <span class='ocrx_word' id='word_1_259' title='bbox 3084 503 3233 573; x_wconf 82' lang='lat' dir='ltr'><strong>(Sap.</strong></span> <span class='ocrx_word' id='word_1_260' title='bbox 3266 506 3362 574; x_wconf 81' lang='lat' dir='ltr'><strong>vi).</strong></span> <span class='ocrx_word' id='word_1_261' title='bbox 3397 505 3535 561; x_wconf 84' lang='lat' dir='ltr'><strong>[line</strong></span> 
     </span>
    </p>
   </div>
   <div class='ocr_carea' id='block_1_35' title="bbox 1960 588 3536 660">
    <p class='ocr_par' dir='ltr' id='par_1_35' title="bbox 1960 588 3536 660">
     <span class='ocr_line' id='line_1_35' title="bbox 1960 588 3536 660; baseline 0.007 -20"><span class='ocrx_word' id='word_1_262' title='bbox 1960 588 2014 641; x_wconf 92' lang='lat' dir='ltr'><strong>in</strong></span> <span class='ocrx_word' id='word_1_263' title='bbox 2063 588 2349 658; x_wconf 84' lang='lat' dir='ltr'><strong>Babylonis</strong></span> <span class='ocrx_word' id='word_1_264' title='bbox 2393 591 2732 648; x_wconf 87' lang='lat' dir='ltr'><strong>damnatione</strong></span> <span class='ocrx_word' id='word_1_265' title='bbox 2770 594 3006 648; x_wconf 89' lang='lat' dir='ltr'><strong>dicitur:</strong></span> <span class='ocrx_word' id='word_1_266' title='bbox 3053 595 3324 660; x_wconf 88' lang='lat' dir='ltr'><strong>Quantum</strong></span> <span class='ocrx_word' id='word_1_267' title='bbox 3383 597 3536 651; x_wconf 86' lang='lat' dir='ltr'><strong>exal-</strong></span> 
     </span>
    </p>
   </div>
   <div class='ocr_carea' id='block_1_36' title="bbox 1961 677 3535 748">
    <p class='ocr_par' dir='ltr' id='par_1_36' title="bbox 1961 677 3535 748">
     <span class='ocr_line' id='line_1_36' title="bbox 1961 677 3535 748; baseline 0.006 -15"><span class='ocrx_word' id='word_1_268' title='bbox 1961 679 2094 734; x_wconf 71' lang='lat' dir='ltr'><strong>tavit</strong></span> <span class='ocrx_word' id='word_1_269' title='bbox 2130 695 2210 745; x_wconf 90' lang='lat' dir='ltr'><strong>se,</strong></span> <span class='ocrx_word' id='word_1_270' title='bbox 2233 691 2287 736; x_wconf 90' lang='lat' dir='ltr'><strong>et</strong></span> <span class='ocrx_word' id='word_1_271' title='bbox 2315 682 2368 735; x_wconf 91' lang='lat' dir='ltr'><strong>in</strong></span> <span class='ocrx_word' id='word_1_272' title='bbox 2397 681 2601 737; x_wconf 89' lang='lat' dir='ltr'><strong>deliciis</strong></span> <span class='ocrx_word' id='word_1_273' title='bbox 2630 682 2750 748; x_wconf 82' lang='lat' dir='ltr'><strong>fuit,</strong></span> <span class='ocrx_word' id='word_1_274' title='bbox 2781 677 2988 738; x_wconf 84' lang='lat' dir='ltr'><strong>tantum</strong></span> <span class='ocrx_word' id='word_1_275' title='bbox 3015 685 3138 740; x_wconf 90' lang='lat' dir='ltr'><strong>date</strong></span> <span class='ocrx_word' id='word_1_276' title='bbox 3161 685 3236 740; x_wconf 91' lang='lat' dir='ltr'><strong>illi</strong></span> <span class='ocrx_word' id='word_1_277' title='bbox 3264 695 3535 742; x_wconf 90' lang='lat' dir='ltr'><strong>tormenta</strong></span> 
     </span>
    </p>
   </div>
   <div class='ocr_carea' id='block_1_37' title="bbox 1958 768 3535 843">
    <p class='ocr_par' dir='ltr' id='par_1_37' title="bbox 1958 768 3535 843">
     <span class='ocr_line' id='line_1_37' title="bbox 1958 768 3535 843; baseline 0.006 -21"><span class='ocrx_word' id='word_1_278' title='bbox 1958 776 2014 822; x_wconf 90' lang='lat' dir='ltr'><strong>et</strong></span> <span class='ocrx_word' id='word_1_279' title='bbox 2038 768 2256 823; x_wconf 89' lang='lat' dir='ltr'><strong>luctum.</strong></span> <span class='ocrx_word' id='word_1_280' title='bbox 2279 769 2336 825; x_wconf 89' lang='lat' dir='ltr'><strong>Si</strong></span> <span class='ocrx_word' id='word_1_281' title='bbox 2361 771 2523 841; x_wconf 82' lang='lat' dir='ltr'><strong>igitur</strong></span> <span class='ocrx_word' id='word_1_282' title='bbox 2543 771 2696 840; x_wconf 80' lang='lat' dir='ltr'><strong>juxta</strong></span> <span class='ocrx_word' id='word_1_283' title='bbox 2719 775 2933 828; x_wconf 90' lang='lat' dir='ltr'><strong>modum</strong></span> <span class='ocrx_word' id='word_1_284' title='bbox 2955 774 3125 843; x_wconf 64' lang='lat' dir='ltr'><strong>culpae</strong></span> <span class='ocrx_word' id='word_1_285' title='bbox 3157 789 3319 842; x_wconf 79' lang='lat' dir='ltr'><strong>ptena</strong></span> <span class='ocrx_word' id='word_1_286' title='bbox 3349 776 3535 831; x_wconf 89' lang='lat' dir='ltr'><strong>distin-</strong></span> 
     </span>
    </p>
   </div>
   <div class='ocr_carea' id='block_1_38' title="bbox 1959 859 3529 935">
    <p class='ocr_par' dir='ltr' id='par_1_38' title="bbox 1959 859 3529 935">
     <span class='ocr_line' id='line_1_38' title="bbox 1959 859 3529 935; baseline 0.007 -24"><span class='ocrx_word' id='word_1_287' title='bbox 1959 859 2161 927; x_wconf 91' lang='lat' dir='ltr'><strong>guitur,</strong></span> <span class='ocrx_word' id='word_1_288' title='bbox 2192 869 2405 916; x_wconf 86' lang='lat' dir='ltr'><strong>constat</strong></span> <span class='ocrx_word' id='word_1_289' title='bbox 2430 862 2682 915; x_wconf 89' lang='lat' dir='ltr'><strong>nimirum</strong></span> <span class='ocrx_word' id='word_1_290' title='bbox 2704 865 2843 931; x_wconf 90' lang='lat' dir='ltr'><strong>quod</strong></span> <span class='ocrx_word' id='word_1_291' title='bbox 2870 865 2922 918; x_wconf 93' lang='lat' dir='ltr'><strong>in</strong></span> <span class='ocrx_word' id='word_1_292' title='bbox 2944 866 3228 935; x_wconf 89' lang='lat' dir='ltr'><strong>suppliciis</strong></span> <span class='ocrx_word' id='word_1_293' title='bbox 3253 867 3388 922; x_wconf 89' lang='lat' dir='ltr'><strong>ordo</strong></span> <span class='ocrx_word' id='word_1_294' title='bbox 3409 883 3529 924; x_wconf 85' lang='lat' dir='ltr'><strong>ser-</strong></span> 
     </span>
    </p>
   </div>
   <div class='ocr_carea' id='block_1_39' title="bbox 1958 951 3536 1016">
    <p class='ocr_par' dir='ltr' id='par_1_39' title="bbox 1958 951 3536 1016">
     <span class='ocr_line' id='line_1_39' title="bbox 1958 951 3536 1016; baseline 0.006 -11"><span class='ocrx_word' id='word_1_295' title='bbox 1958 958 2134 1005; x_wconf 89' lang='lat' dir='ltr'><strong>vatur.</strong></span> <span class='ocrx_word' id='word_1_296' title='bbox 2176 951 2242 1004; x_wconf 84' lang='lat' dir='ltr'><strong>Et</strong></span> <span class='ocrx_word' id='word_1_297' title='bbox 2273 951 2377 1006; x_wconf 88' lang='lat' dir='ltr'><strong>nisi</strong></span> <span class='ocrx_word' id='word_1_298' title='bbox 2407 959 2792 1007; x_wconf 88' lang='lat' dir='ltr'><strong>tormentorum</strong></span> <span class='ocrx_word' id='word_1_299' title='bbox 2825 971 3032 1010; x_wconf 89' lang='lat' dir='ltr'><strong>summa</strong></span> <span class='ocrx_word' id='word_1_300' title='bbox 3062 958 3381 1012; x_wconf 90' lang='lat' dir='ltr'><strong>meritorum</strong></span> <span class='ocrx_word' id='word_1_301' title='bbox 3411 968 3536 1016; x_wconf 89' lang='lat' dir='ltr'><strong>acta</strong></span> 
     </span>
    </p>
   </div>
   <div class='ocr_carea' id='block_1_40' title="bbox 1959 1041 3538 1113">
    <p class='ocr_par' dir='ltr' id='par_1_40' title="bbox 1959 1041 3538 1113">
     <span class='ocr_line' id='line_1_40' title="bbox 1959 1041 3538 1113; baseline 0.006 -17"><span class='ocrx_word' id='word_1_302' title='bbox 1959 1041 2294 1106; x_wconf 90' lang='lat' dir='ltr'><strong>dirimerent,</strong></span> <span class='ocrx_word' id='word_1_303' title='bbox 2341 1058 2680 1113; x_wconf 88' lang='lat' dir='ltr'><strong>nequaquam</strong></span> <span class='ocrx_word' id='word_1_304' title='bbox 2711 1042 2877 1111; x_wconf 85' lang='lat' dir='ltr'><strong>judex</strong></span> <span class='ocrx_word' id='word_1_305' title='bbox 2926 1047 3148 1102; x_wconf 88' lang='lat' dir='ltr'><strong>veniens</strong></span> <span class='ocrx_word' id='word_1_306' title='bbox 3176 1048 3447 1103; x_wconf 91' lang='lat' dir='ltr'><strong>dicturum</strong></span> <span class='ocrx_word' id='word_1_307' title='bbox 3478 1064 3538 1105; x_wconf 89' lang='lat' dir='ltr'><strong>se</strong></span> 
     </span>
    </p>
   </div>
   <div class='ocr_carea' id='block_1_41' title="bbox 1958 1131 3540 1206">
    <p class='ocr_par' dir='ltr' id='par_1_41' title="bbox 1958 1131 3540 1206">
     <span class='ocr_line' id='line_1_41' title="bbox 1958 1131 3540 1206; baseline 0.004 -20"><span class='ocrx_word' id='word_1_308' title='bbox 1958 1131 2291 1188; x_wconf 86' lang='lat' dir='ltr'><strong>messoribus</strong></span> <span class='ocrx_word' id='word_1_309' title='bbox 2315 1146 2437 1188; x_wconf 90' lang='lat' dir='ltr'><strong>esse</strong></span> <span class='ocrx_word' id='word_1_310' title='bbox 2475 1133 2819 1202; x_wconf 84' lang='lat' dir='ltr'><strong>perhiberet:</strong></span> <span class='ocrx_word' id='word_1_311' title='bbox 2860 1133 3099 1206; x_wconf 82' lang='lat' dir='ltr'><strong>Colligite</strong></span> <span class='ocrx_word' id='word_1_312' title='bbox 3141 1139 3350 1192; x_wconf 76' lang='lat' dir='ltr'><strong>zizania</strong></span> <span class='ocrx_word' id='word_1_313' title='bbox 3387 1149 3436 1193; x_wconf 92' lang='lat' dir='ltr'><strong>et</strong></span> <span class='ocrx_word' id='word_1_314' title='bbox 3476 1139 3540 1194; x_wconf 87' lang='lat' dir='ltr'><strong>li-</strong></span> 
     </span>
    </p>
   </div>
   <div class='ocr_carea' id='block_1_42' title="bbox 1958 1223 3536 1298">
    <p class='ocr_par' dir='ltr' id='par_1_42' title="bbox 1958 1223 3536 1298">
     <span class='ocr_line' id='line_1_42' title="bbox 1958 1223 3536 1298; baseline 0.006 -23"><span class='ocrx_word' id='word_1_315' title='bbox 1958 1231 2076 1292; x_wconf 87' lang='lat' dir='ltr'><strong>gate</strong></span> <span class='ocrx_word' id='word_1_316' title='bbox 2114 1239 2229 1277; x_wconf 90' lang='lat' dir='ltr'><strong>eam</strong></span> <span class='ocrx_word' id='word_1_317' title='bbox 2270 1223 2537 1292; x_wconf 79' lang='lat' dir='ltr'><strong>fasciculis</strong></span> <span class='ocrx_word' id='word_1_318' title='bbox 2569 1224 2637 1280; x_wconf 87' lang='lat' dir='ltr'><strong>ad</strong></span> <span class='ocrx_word' id='word_1_319' title='bbox 2677 1224 3080 1281; x_wconf 87' lang='lat' dir='ltr'><strong>comburendum</strong></span> <span class='ocrx_word' id='word_1_320' title='bbox 3125 1227 3340 1298; x_wconf 84' lang='lat' dir='ltr'><strong>(Matth.</strong></span> <span class='ocrx_word' id='word_1_321' title='bbox 3388 1229 3536 1298; x_wconf 86' lang='lat' dir='ltr'><strong>xm).</strong></span> 
     </span>
    </p>
   </div>
   <div class='ocr_carea' id='block_1_43' title="bbox 1960 1312 3538 1385">
    <p class='ocr_par' dir='ltr' id='par_1_43' title="bbox 1960 1312 3538 1385">
     <span class='ocr_line' id='line_1_43' title="bbox 1960 1312 3538 1385; baseline 0.003 -15"><span class='ocrx_word' id='word_1_322' title='bbox 1960 1312 2016 1370; x_wconf 83' lang='lat' dir='ltr'><strong>Si</strong></span> <span class='ocrx_word' id='word_1_323' title='bbox 2041 1313 2184 1368; x_wconf 88' lang='lat' dir='ltr'><strong>enim</strong></span> <span class='ocrx_word' id='word_1_324' title='bbox 2233 1313 2413 1368; x_wconf 91' lang='lat' dir='ltr'><strong>nullus</strong></span> <span class='ocrx_word' id='word_1_325' title='bbox 2454 1314 2512 1368; x_wconf 87' lang='lat' dir='ltr'><strong>in</strong></span> <span class='ocrx_word' id='word_1_326' title='bbox 2560 1314 2837 1385; x_wconf 88' lang='lat' dir='ltr'><strong>suppliciis</strong></span> <span class='ocrx_word' id='word_1_327' title='bbox 2887 1316 3020 1372; x_wconf 92' lang='lat' dir='ltr'><strong>ordo</strong></span> <span class='ocrx_word' id='word_1_328' title='bbox 3067 1319 3391 1384; x_wconf 85' lang='lat' dir='ltr'><strong>servabitur,</strong></span> <span class='ocrx_word' id='word_1_329' title='bbox 3441 1336 3538 1375; x_wconf 88' lang='lat' dir='ltr'><strong>cur</strong></span> 
     </span>
    </p>
   </div>
   <div class='ocr_carea' id='block_1_44' title="bbox 1959 1402 3536 1476">
    <p class='ocr_par' dir='ltr' id='par_1_44' title="bbox 1959 1402 3536 1476">
     <span class='ocr_line' id='line_1_44' title="bbox 1959 1402 3536 1476; baseline 0.004 -20"><span class='ocrx_word' id='word_1_330' title='bbox 1959 1402 2321 1466; x_wconf 88' lang='lat' dir='ltr'><strong>comburenda</strong></span> <span class='ocrx_word' id='word_1_331' title='bbox 2347 1402 2552 1456; x_wconf 88' lang='lat' dir='ltr'><strong>zizania</strong></span> <span class='ocrx_word' id='word_1_332' title='bbox 2581 1403 2634 1456; x_wconf 91' lang='lat' dir='ltr'><strong>in</strong></span> <span class='ocrx_word' id='word_1_333' title='bbox 2659 1403 2943 1458; x_wconf 86' lang='lat' dir='ltr'><strong>fasciculos</strong></span> <span class='ocrx_word' id='word_1_334' title='bbox 2976 1405 3211 1476; x_wconf 82' lang='lat' dir='ltr'><strong>ligatur?</strong></span> <span class='ocrx_word' id='word_1_335' title='bbox 3241 1406 3347 1463; x_wconf 89' lang='lat' dir='ltr'><strong>Sed</strong></span> <span class='ocrx_word' id='word_1_336' title='bbox 3375 1410 3536 1462; x_wconf 82' lang='lat' dir='ltr'><strong>nimi-</strong></span> 
     </span>
    </p>
   </div>
   <div class='ocr_carea' id='block_1_45' title="bbox 1960 1491 3536 1570">
    <p class='ocr_par' dir='ltr' id='par_1_45' title="bbox 1960 1491 3536 1570">
     <span class='ocr_line' id='line_1_45' title="bbox 1960 1491 3536 1570; baseline 0.005 -24"><span class='ocrx_word' id='word_1_337' title='bbox 1960 1507 2080 1546; x_wconf 88' lang='lat' dir='ltr'><strong>rum</strong></span> <span class='ocrx_word' id='word_1_338' title='bbox 2103 1491 2384 1548; x_wconf 84' lang='lat' dir='ltr'><strong>fasciculos</strong></span> <span class='ocrx_word' id='word_1_339' title='bbox 2417 1494 2483 1548; x_wconf 89' lang='lat' dir='ltr'><strong>ad</strong></span> <span class='ocrx_word' id='word_1_340' title='bbox 2525 1494 2950 1550; x_wconf 86' lang='lat' dir='ltr'><strong>comburendum</strong></span> <span class='ocrx_word' id='word_1_341' title='bbox 2982 1496 3170 1567; x_wconf 87' lang='lat' dir='ltr'><strong>ligare,</strong></span> <span class='ocrx_word' id='word_1_342' title='bbox 3199 1507 3280 1553; x_wconf 89' lang='lat' dir='ltr'><strong>est</strong></span> <span class='ocrx_word' id='word_1_343' title='bbox 3311 1501 3409 1554; x_wconf 91' lang='lat' dir='ltr'><strong>hos</strong></span> <span class='ocrx_word' id='word_1_344' title='bbox 3441 1502 3536 1570; x_wconf 88' lang='lat' dir='ltr'><strong>qui</strong></span> 
     </span>
    </p>
   </div>
   <div class='ocr_carea' id='block_1_46' title="bbox 1957 1583 3538 1656">
    <p class='ocr_par' dir='ltr' id='par_1_46' title="bbox 1957 1583 3538 1656">
     <span class='ocr_line' id='line_1_46' title="bbox 1957 1583 3538 1656; baseline 0.003 -18"><span class='ocrx_word' id='word_1_345' title='bbox 1957 1591 2158 1638; x_wconf 84' lang='lat' dir='ltr'><strong>aeterno</strong></span> <span class='ocrx_word' id='word_1_346' title='bbox 2181 1583 2290 1654; x_wconf 90' lang='lat' dir='ltr'><strong>igni</strong></span> <span class='ocrx_word' id='word_1_347' title='bbox 2324 1584 2567 1639; x_wconf 90' lang='lat' dir='ltr'><strong>tradendi</strong></span> <span class='ocrx_word' id='word_1_348' title='bbox 2596 1594 2744 1649; x_wconf 90' lang='lat' dir='ltr'><strong>sunt,</strong></span> <span class='ocrx_word' id='word_1_349' title='bbox 2772 1600 2931 1655; x_wconf 89' lang='lat' dir='ltr'><strong>pares</strong></span> <span class='ocrx_word' id='word_1_350' title='bbox 2964 1587 3190 1656; x_wconf 89' lang='lat' dir='ltr'><strong>paribus</strong></span> <span class='ocrx_word' id='word_1_351' title='bbox 3219 1589 3449 1652; x_wconf 85' lang='lat' dir='ltr'><strong>sociare,</strong></span> <span class='ocrx_word' id='word_1_352' title='bbox 3481 1597 3538 1642; x_wconf 91' lang='lat' dir='ltr'><strong>ut</strong></span> 
     </span>
    </p>
   </div>
   <div class='ocr_carea' id='block_1_47' title="bbox 1959 1661 3538 1747">
    <p class='ocr_par' dir='ltr' id='par_1_47' title="bbox 1959 1661 3538 1747">
     <span class='ocr_line' id='line_1_47' title="bbox 1959 1661 3538 1747; baseline 0.004 -20"><span class='ocrx_word' id='word_1_353' title='bbox 1959 1689 2092 1743; x_wconf 90' lang='lat' dir='ltr'><strong>quos</strong></span> <span class='ocrx_word' id='word_1_354' title='bbox 2141 1674 2332 1728; x_wconf 90' lang='lat' dir='ltr'><strong>similis</strong></span> <span class='ocrx_word' id='word_1_355' title='bbox 2367 1674 2524 1744; x_wconf 89' lang='lat' dir='ltr'><strong>culpa</strong></span> <span class='ocrx_word' id='word_1_356' title='bbox 2566 1676 2829 1745; x_wconf 89' lang='lat' dir='ltr'><strong>inquinat,</strong></span> <span class='ocrx_word' id='word_1_357' title='bbox 2855 1661 3165 1746; x_wconf 48' lang='lat' dir='ltr'><strong>par&#39;etiam</strong></span> <span class='ocrx_word' id='word_1_358' title='bbox 3219 1693 3377 1747; x_wconf 68' lang='lat' dir='ltr'><strong>paena</strong></span> <span class='ocrx_word' id='word_1_359' title='bbox 3411 1695 3538 1734; x_wconf 91' lang='lat' dir='ltr'><strong>con-</strong></span> 
     </span>
    </p>
   </div>
   <div class='ocr_carea' id='block_1_48' title="bbox 1882 1752 3536 1836">
    <p class='ocr_par' dir='ltr' id='par_1_48' title="bbox 1882 1752 3536 1836">
     <span class='ocr_line' id='line_1_48' title="bbox 1882 1752 3536 1836; baseline 0.002 -17"><span class='ocrx_word' id='word_1_360' title='bbox 1882 1752 1928 1811; x_wconf 84' lang='lat' dir='ltr'><strong>B</strong></span> <span class='ocrx_word' id='word_1_361' title='bbox 1957 1765 2207 1834; x_wconf 76' lang='lat' dir='ltr'><strong>stringat,</strong></span> <span class='ocrx_word' id='word_1_362' title='bbox 2234 1772 2287 1818; x_wconf 92' lang='lat' dir='ltr'><strong>et</strong></span> <span class='ocrx_word' id='word_1_363' title='bbox 2312 1765 2402 1833; x_wconf 90' lang='lat' dir='ltr'><strong>qui</strong></span> <span class='ocrx_word' id='word_1_364' title='bbox 2433 1780 2771 1834; x_wconf 90' lang='lat' dir='ltr'><strong>nequaquam</strong></span> <span class='ocrx_word' id='word_1_365' title='bbox 2807 1765 3012 1833; x_wconf 89' lang='lat' dir='ltr'><strong>dispari</strong></span> <span class='ocrx_word' id='word_1_366' title='bbox 3035 1766 3315 1835; x_wconf 88' lang='lat' dir='ltr'><strong>iniquitate</strong></span> <span class='ocrx_word' id='word_1_367' title='bbox 3344 1767 3536 1836; x_wconf 86' lang='lat' dir='ltr'><strong>polluti</strong></span> 
     </span>
    </p>
   </div>
   <div class='ocr_carea' id='block_1_49' title="bbox 1957 1853 3537 1923">
    <p class='ocr_par' dir='ltr' id='par_1_49' title="bbox 1957 1853 3537 1923">
     <span class='ocr_line' id='line_1_49' title="bbox 1957 1853 3537 1923; baseline -0.002 -15"><span class='ocrx_word' id='word_1_368' title='bbox 1957 1861 2114 1917; x_wconf 91' lang='lat' dir='ltr'><strong>sunt,</strong></span> <span class='ocrx_word' id='word_1_369' title='bbox 2187 1868 2530 1923; x_wconf 86' lang='lat' dir='ltr'><strong>nequaquam</strong></span> <span class='ocrx_word' id='word_1_370' title='bbox 2587 1853 2791 1922; x_wconf 89' lang='lat' dir='ltr'><strong>dispari</strong></span> <span class='ocrx_word' id='word_1_371' title='bbox 2850 1860 3118 1908; x_wconf 90' lang='lat' dir='ltr'><strong>tormento</strong></span> <span class='ocrx_word' id='word_1_372' title='bbox 3171 1855 3483 1910; x_wconf 89' lang='lat' dir='ltr'><strong>crucientur</strong></span> <span class='ocrx_word' id='word_1_373' title='bbox 3524 1896 3537 1905; x_wconf 84' lang='lat'><strong>.</strong></span> 
     </span>
    </p>
   </div>
   <div class='ocr_carea' id='block_1_50' title="bbox 1955 1944 3536 2014">
    <p class='ocr_par' dir='ltr' id='par_1_50' title="bbox 1955 1944 3536 2014">
     <span class='ocr_line' id='line_1_50' title="bbox 1955 1944 3536 2014; baseline 0.002 -18"><span class='ocrx_word' id='word_1_374' title='bbox 1955 1952 2221 2013; x_wconf 89' lang='lat' dir='ltr'><strong>quatenus</strong></span> <span class='ocrx_word' id='word_1_375' title='bbox 2249 1944 2409 1999; x_wconf 90' lang='lat' dir='ltr'><strong>simul</strong></span> <span class='ocrx_word' id='word_1_376' title='bbox 2446 1944 2720 1998; x_wconf 88' lang='lat' dir='ltr'><strong>damnatio</strong></span> <span class='ocrx_word' id='word_1_377' title='bbox 2749 1952 3012 2008; x_wconf 87' lang='lat' dir='ltr'><strong>conterat,</strong></span> <span class='ocrx_word' id='word_1_378' title='bbox 3044 1960 3180 2014; x_wconf 91' lang='lat' dir='ltr'><strong>quos</strong></span> <span class='ocrx_word' id='word_1_379' title='bbox 3217 1945 3376 2000; x_wconf 88' lang='lat' dir='ltr'><strong>simul</strong></span> <span class='ocrx_word' id='word_1_380' title='bbox 3422 1946 3536 2000; x_wconf 85' lang='lat' dir='ltr'><strong>ela-</strong></span> 
     </span>
    </p>
   </div>
   <div class='ocr_carea' id='block_1_51' title="bbox 1957 2031 3536 2101">
    <p class='ocr_par' dir='ltr' id='par_1_51' title="bbox 1957 2031 3536 2101">
     <span class='ocr_line' id='line_1_51' title="bbox 1957 2031 3536 2101; baseline 0.001 -15"><span class='ocrx_word' id='word_1_381' title='bbox 1957 2033 2031 2087; x_wconf 92' lang='lat' dir='ltr'><strong>tio</strong></span> <span class='ocrx_word' id='word_1_382' title='bbox 2062 2032 2394 2096; x_wconf 82' lang='lat' dir='ltr'><strong>sublevabat.</strong></span> <span class='ocrx_word' id='word_1_383' title='bbox 2437 2031 2690 2101; x_wconf 91' lang='lat' dir='ltr'><strong>Quosque</strong></span> <span class='ocrx_word' id='word_1_384' title='bbox 2739 2048 2845 2086; x_wconf 92' lang='lat' dir='ltr'><strong>non</strong></span> <span class='ocrx_word' id='word_1_385' title='bbox 2895 2032 3232 2087; x_wconf 89' lang='lat' dir='ltr'><strong>dissimiliter</strong></span> <span class='ocrx_word' id='word_1_386' title='bbox 3273 2033 3536 2088; x_wconf 89' lang='lat' dir='ltr'><strong>dilatabat</strong></span> 
     </span>
    </p>
   </div>
   <div class='ocr_carea' id='block_1_52' title="bbox 1954 2124 3529 2196">
    <p class='ocr_par' dir='ltr' id='par_1_52' title="bbox 1954 2124 3529 2196">
     <span class='ocr_line' id='line_1_52' title="bbox 1954 2124 3529 2196; baseline 0 -16"><span class='ocrx_word' id='word_1_387' title='bbox 1954 2126 2209 2192; x_wconf 88' lang='lat' dir='ltr'><strong>ambitio,</strong></span> <span class='ocrx_word' id='word_1_388' title='bbox 2259 2141 2364 2180; x_wconf 91' lang='lat' dir='ltr'><strong>non</strong></span> <span class='ocrx_word' id='word_1_389' title='bbox 2404 2126 2680 2181; x_wconf 89' lang='lat' dir='ltr'><strong>dissimilis</strong></span> <span class='ocrx_word' id='word_1_390' title='bbox 2727 2124 2945 2181; x_wconf 88' lang='lat' dir='ltr'><strong>aﬂlictio</strong></span> <span class='ocrx_word' id='word_1_391' title='bbox 2992 2135 3281 2196; x_wconf 88' lang='lat' dir='ltr'><strong>angustet:</strong></span> <span class='ocrx_word' id='word_1_392' title='bbox 3330 2134 3386 2181; x_wconf 90' lang='lat' dir='ltr'><strong>et</strong></span> <span class='ocrx_word' id='word_1_393' title='bbox 3429 2142 3529 2196; x_wconf 88' lang='lat' dir='ltr'><strong>par</strong></span> 
     </span>
    </p>
   </div>
   <div class='ocr_carea' id='block_1_53' title="bbox 1953 2216 3533 2290">
    <p class='ocr_par' dir='ltr' id='par_1_53' title="bbox 1953 2216 3533 2290">
     <span class='ocr_line' id='line_1_53' title="bbox 1953 2216 3533 2290; baseline 0.001 -18"><span class='ocrx_word' id='word_1_394' title='bbox 1953 2217 2157 2272; x_wconf 88' lang='lat' dir='ltr'><strong>cruciet</strong></span> <span class='ocrx_word' id='word_1_395' title='bbox 2201 2216 2414 2279; x_wconf 88' lang='lat' dir='ltr'><strong>ﬂamma</strong></span> <span class='ocrx_word' id='word_1_396' title='bbox 2474 2217 2764 2286; x_wconf 90' lang='lat' dir='ltr'><strong>supplicii,</strong></span> <span class='ocrx_word' id='word_1_397' title='bbox 2819 2233 2956 2287; x_wconf 89' lang='lat' dir='ltr'><strong>quos</strong></span> <span class='ocrx_word' id='word_1_398' title='bbox 3017 2218 3073 2273; x_wconf 92' lang='lat' dir='ltr'><strong>in</strong></span> <span class='ocrx_word' id='word_1_399' title='bbox 3135 2219 3259 2290; x_wconf 83' lang='lat' dir='ltr'><strong>igne</strong></span> <span class='ocrx_word' id='word_1_400' title='bbox 3304 2218 3533 2274; x_wconf 69' lang='lat' dir='ltr'><strong>luxuria:</strong></span> 
     </span>
    </p>
   </div>
   <div class='ocr_carea' id='block_1_54' title="bbox 1949 2306 3533 2377">
    <p class='ocr_par' dir='ltr' id='par_1_54' title="bbox 1949 2306 3533 2377">
     <span class='ocr_line' id='line_1_54' title="bbox 1949 2306 3533 2377; baseline 0.001 -18"><span class='ocrx_word' id='word_1_401' title='bbox 1949 2321 2050 2376; x_wconf 90' lang='lat' dir='ltr'><strong>par</strong></span> <span class='ocrx_word' id='word_1_402' title='bbox 2077 2307 2354 2362; x_wconf 88' lang='lat' dir='ltr'><strong>succendit</strong></span> <span class='ocrx_word' id='word_1_403' title='bbox 2381 2306 2594 2361; x_wconf 88' lang='lat' dir='ltr'><strong>ﬂamma</strong></span> <span class='ocrx_word' id='word_1_404' title='bbox 2635 2307 2860 2377; x_wconf 87' lang='lat' dir='ltr'><strong>peccati.</strong></span> <span class='ocrx_word' id='word_1_405' title='bbox 2905 2306 3058 2362; x_wconf 89' lang='lat' dir='ltr'><strong>Sicut</strong></span> <span class='ocrx_word' id='word_1_406' title='bbox 3090 2308 3236 2362; x_wconf 92' lang='lat' dir='ltr'><strong>enim</strong></span> <span class='ocrx_word' id='word_1_407' title='bbox 3273 2307 3328 2362; x_wconf 91' lang='lat' dir='ltr'><strong>in</strong></span> <span class='ocrx_word' id='word_1_408' title='bbox 3373 2308 3533 2363; x_wconf 93' lang='lat' dir='ltr'><strong>domo</strong></span> 
     </span>
    </p>
   </div>
   <div class='ocr_carea' id='block_1_55' title="bbox 1949 2398 3530 2468">
    <p class='ocr_par' dir='ltr' id='par_1_55' title="bbox 1949 2398 3530 2468">
     <span class='ocr_line' id='line_1_55' title="bbox 1949 2398 3530 2468; baseline 0.003 -16"><span class='ocrx_word' id='word_1_409' title='bbox 1949 2398 2127 2454; x_wconf 90' lang='lat' dir='ltr'><strong>Patris</strong></span> <span class='ocrx_word' id='word_1_410' title='bbox 2154 2399 2462 2454; x_wconf 88' lang='lat' dir='ltr'><strong>mansiones</strong></span> <span class='ocrx_word' id='word_1_411' title='bbox 2485 2399 2666 2454; x_wconf 68' lang='lat' dir='ltr'><strong>multa:</strong></span> <span class='ocrx_word' id='word_1_412' title='bbox 2691 2408 2816 2454; x_wconf 93' lang='lat' dir='ltr'><strong>sunt</strong></span> <span class='ocrx_word' id='word_1_413' title='bbox 2840 2415 2939 2468; x_wconf 92' lang='lat' dir='ltr'><strong>pro</strong></span> <span class='ocrx_word' id='word_1_414' title='bbox 2959 2400 3274 2456; x_wconf 89' lang='lat' dir='ltr'><strong>diversitate</strong></span> <span class='ocrx_word' id='word_1_415' title='bbox 3294 2400 3530 2467; x_wconf 90' lang='lat' dir='ltr'><strong>virtutis,</strong></span> 
     </span>
    </p>
   </div>
   <div class='ocr_carea' id='block_1_56' title="bbox 1950 2489 3534 2564">
    <p class='ocr_par' dir='ltr' id='par_1_56' title="bbox 1950 2489 3534 2564">
     <span class='ocr_line' id='line_1_56' title="bbox 1950 2489 3534 2564; baseline 0.003 -20"><span class='ocrx_word' id='word_1_416' title='bbox 1950 2490 2029 2545; x_wconf 90' lang='lat' dir='ltr'><strong>sic</strong></span> <span class='ocrx_word' id='word_1_417' title='bbox 2057 2490 2340 2544; x_wconf 89' lang='lat' dir='ltr'><strong>damnatos</strong></span> <span class='ocrx_word' id='word_1_418' title='bbox 2359 2489 2571 2546; x_wconf 90' lang='lat' dir='ltr'><strong>diverse</strong></span> <span class='ocrx_word' id='word_1_419' title='bbox 2591 2491 2852 2560; x_wconf 89' lang='lat' dir='ltr'><strong>supplicio</strong></span> <span class='ocrx_word' id='word_1_420' title='bbox 2879 2493 3136 2563; x_wconf 76' lang='lat' dir='ltr'><strong>gehennze</strong></span> <span class='ocrx_word' id='word_1_421' title='bbox 3167 2493 3382 2564; x_wconf 88' lang='lat' dir='ltr'><strong>ignibus</strong></span> <span class='ocrx_word' id='word_1_422' title='bbox 3404 2493 3534 2548; x_wconf 85' lang='lat' dir='ltr'><strong>sub-</strong></span> 
     </span>
    </p>
   </div>
   <div class='ocr_carea' id='block_1_57' title="bbox 1941 2578 3535 2653">
    <p class='ocr_par' dir='ltr' id='par_1_57' title="bbox 1941 2578 3535 2653">
     <span class='ocr_line' id='line_1_57' title="bbox 1941 2578 3535 2653; baseline 0.003 -21"><span class='ocrx_word' id='word_1_423' title='bbox 1941 2578 2062 2649; x_wconf 91' lang='lat' dir='ltr'><strong>jicit</strong></span> <span class='ocrx_word' id='word_1_424' title='bbox 2090 2579 2374 2650; x_wconf 87' lang='lat' dir='ltr'><strong>disparitas</strong></span> <span class='ocrx_word' id='word_1_425' title='bbox 2403 2581 2666 2637; x_wconf 90' lang='lat' dir='ltr'><strong>criminis.</strong></span> <span class='ocrx_word' id='word_1_426' title='bbox 2693 2581 2823 2648; x_wconf 83' lang='lat' dir='ltr'><strong>Quae</strong></span> <span class='ocrx_word' id='word_1_427' title='bbox 2843 2582 3049 2637; x_wconf 89' lang='lat' dir='ltr'><strong>scilicet</strong></span> <span class='ocrx_word' id='word_1_428' title='bbox 3075 2583 3320 2653; x_wconf 89' lang='lat' dir='ltr'><strong>gehenna</strong></span> <span class='ocrx_word' id='word_1_429' title='bbox 3341 2597 3535 2651; x_wconf 84' lang='lat' dir='ltr'><strong>quam-</strong></span> 
     </span>
    </p>
   </div>
   <div class='ocr_carea' id='block_1_58' title="bbox 1947 2670 3531 2743">
    <p class='ocr_par' dir='ltr' id='par_1_58' title="bbox 1947 2670 3531 2743">
     <span class='ocr_line' id='line_1_58' title="bbox 1947 2670 3531 2743; baseline 0.002 -19"><span class='ocrx_word' id='word_1_430' title='bbox 1947 2670 2029 2724; x_wconf 87' lang='lat' dir='ltr'><strong>vis</strong></span> <span class='ocrx_word' id='word_1_431' title='bbox 2055 2671 2261 2726; x_wconf 92' lang='lat' dir='ltr'><strong>cunctis</strong></span> <span class='ocrx_word' id='word_1_432' title='bbox 2282 2687 2386 2724; x_wconf 89' lang='lat' dir='ltr'><strong>una</strong></span> <span class='ocrx_word' id='word_1_433' title='bbox 2409 2672 2499 2736; x_wconf 91' lang='lat' dir='ltr'><strong>sit,</strong></span> <span class='ocrx_word' id='word_1_434' title='bbox 2521 2686 2622 2726; x_wconf 91' lang='lat' dir='ltr'><strong>nec</strong></span> <span class='ocrx_word' id='word_1_435' title='bbox 2648 2680 2828 2726; x_wconf 90' lang='lat' dir='ltr'><strong>tamen</strong></span> <span class='ocrx_word' id='word_1_436' title='bbox 2850 2681 3076 2728; x_wconf 91' lang='lat' dir='ltr'><strong>cunctos</strong></span> <span class='ocrx_word' id='word_1_437' title='bbox 3098 2689 3207 2728; x_wconf 90' lang='lat' dir='ltr'><strong>una</strong></span> <span class='ocrx_word' id='word_1_438' title='bbox 3233 2674 3531 2743; x_wconf 90' lang='lat' dir='ltr'><strong>eademque</strong></span> 
     </span>
    </p>
   </div>
   <div class='ocr_carea' id='block_1_59' title="bbox 1947 2759 3532 2828">
    <p class='ocr_par' dir='ltr' id='par_1_59' title="bbox 1947 2759 3532 2828">
     <span class='ocr_line' id='line_1_59' title="bbox 1947 2759 3532 2828; baseline 0.004 -19"><span class='ocrx_word' id='word_1_439' title='bbox 1947 2759 2206 2828; x_wconf 89' lang='lat' dir='ltr'><strong>qualitate</strong></span> <span class='ocrx_word' id='word_1_440' title='bbox 2234 2761 2532 2814; x_wconf 90' lang='lat' dir='ltr'><strong>succendit.</strong></span> <span class='ocrx_word' id='word_1_441' title='bbox 2564 2759 2700 2814; x_wconf 80' lang='lat' dir='ltr'><strong>Nam</strong></span> <span class='ocrx_word' id='word_1_442' title='bbox 2727 2761 2868 2816; x_wconf 90' lang='lat' dir='ltr'><strong>sicut</strong></span> <span class='ocrx_word' id='word_1_443' title='bbox 2896 2775 3005 2816; x_wconf 91' lang='lat' dir='ltr'><strong>uno</strong></span> <span class='ocrx_word' id='word_1_444' title='bbox 3035 2761 3149 2817; x_wconf 87' lang='lat' dir='ltr'><strong>sole</strong></span> <span class='ocrx_word' id='word_1_445' title='bbox 3182 2777 3371 2817; x_wconf 92' lang='lat' dir='ltr'><strong>omnes</strong></span> <span class='ocrx_word' id='word_1_446' title='bbox 3411 2770 3532 2815; x_wconf 89' lang='lat' dir='ltr'><strong>tan-</strong></span> 
     </span>
    </p>
   </div>
   <div class='ocr_carea' id='block_1_60' title="bbox 1944 2854 3530 2923">
    <p class='ocr_par' dir='ltr' id='par_1_60' title="bbox 1944 2854 3530 2923">
     <span class='ocr_line' id='line_1_60' title="bbox 1944 2854 3530 2923; baseline 0.003 -15"><span class='ocrx_word' id='word_1_447' title='bbox 1944 2854 2139 2923; x_wconf 87' lang='lat' dir='ltr'><strong>gimur,</strong></span> <span class='ocrx_word' id='word_1_448' title='bbox 2173 2870 2274 2910; x_wconf 92' lang='lat' dir='ltr'><strong>nec</strong></span> <span class='ocrx_word' id='word_1_449' title='bbox 2303 2864 2480 2910; x_wconf 90' lang='lat' dir='ltr'><strong>tamen</strong></span> <span class='ocrx_word' id='word_1_450' title='bbox 2509 2857 2609 2910; x_wconf 93' lang='lat' dir='ltr'><strong>sub</strong></span> <span class='ocrx_word' id='word_1_451' title='bbox 2635 2871 2700 2911; x_wconf 90' lang='lat' dir='ltr'><strong>eo</strong></span> <span class='ocrx_word' id='word_1_452' title='bbox 2732 2872 2839 2911; x_wconf 90' lang='lat' dir='ltr'><strong>uno</strong></span> <span class='ocrx_word' id='word_1_453' title='bbox 2875 2857 3063 2913; x_wconf 90' lang='lat' dir='ltr'><strong>ordine</strong></span> <span class='ocrx_word' id='word_1_454' title='bbox 3103 2872 3293 2913; x_wconf 89' lang='lat' dir='ltr'><strong>omnes</strong></span> <span class='ocrx_word' id='word_1_455' title='bbox 3333 2867 3530 2913; x_wconf 76' lang='lat' dir='ltr'><strong>aestua-</strong></span> 
     </span>
    </p>
   </div>
   <div class='ocr_carea' id='block_1_61' title="bbox 1943 2942 3529 3015">
    <p class='ocr_par' dir='ltr' id='par_1_61' title="bbox 1943 2942 3529 3015">
     <span class='ocr_line' id='line_1_61' title="bbox 1943 2942 3529 3015; baseline 0.003 -18"><span class='ocrx_word' id='word_1_456' title='bbox 1943 2958 2087 3009; x_wconf 88' lang='lat' dir='ltr'><strong>mus,</strong></span> <span class='ocrx_word' id='word_1_457' title='bbox 2120 2944 2246 3014; x_wconf 90' lang='lat' dir='ltr'><strong>quia</strong></span> <span class='ocrx_word' id='word_1_458' title='bbox 2272 2942 2428 3012; x_wconf 89' lang='lat' dir='ltr'><strong>juxta</strong></span> <span class='ocrx_word' id='word_1_459' title='bbox 2461 2945 2775 3013; x_wconf 90' lang='lat' dir='ltr'><strong>qualitatem</strong></span> <span class='ocrx_word' id='word_1_460' title='bbox 2821 2946 3066 3015; x_wconf 91' lang='lat' dir='ltr'><strong>corporis</strong></span> <span class='ocrx_word' id='word_1_461' title='bbox 3103 2948 3338 3001; x_wconf 91' lang='lat' dir='ltr'><strong>sentitur</strong></span> <span class='ocrx_word' id='word_1_462' title='bbox 3363 2948 3529 3002; x_wconf 91' lang='lat' dir='ltr'><strong>etiam</strong></span> 
     </span>
    </p>
   </div>
   <div class='ocr_carea' id='block_1_62' title="bbox 1943 3035 3528 3110">
    <p class='ocr_par' dir='ltr' id='par_1_62' title="bbox 1943 3035 3528 3110">
     <span class='ocr_line' id='line_1_62' title="bbox 1943 3035 3528 3110; baseline 0.003 -20"><span class='ocrx_word' id='word_1_463' title='bbox 1943 3035 2153 3105; x_wconf 88' lang='lat' dir='ltr'><strong>pondus</strong></span> <span class='ocrx_word' id='word_1_464' title='bbox 2175 3035 2370 3092; x_wconf 86' lang='lat' dir='ltr'><strong>caloris</strong></span> <span class='ocrx_word' id='word_1_465' title='bbox 2391 3055 2403 3090; x_wconf 87' lang='grc'>;</span> <span class='ocrx_word' id='word_1_466' title='bbox 2423 3037 2503 3091; x_wconf 92' lang='lat' dir='ltr'><strong>sic</strong></span> <span class='ocrx_word' id='word_1_467' title='bbox 2528 3037 2798 3092; x_wconf 88' lang='lat' dir='ltr'><strong>damnatis</strong></span> <span class='ocrx_word' id='word_1_468' title='bbox 2824 3048 2877 3093; x_wconf 93' lang='lat' dir='ltr'><strong>et</strong></span> <span class='ocrx_word' id='word_1_469' title='bbox 2905 3055 3010 3093; x_wconf 88' lang='lat' dir='ltr'><strong>una</strong></span> <span class='ocrx_word' id='word_1_470' title='bbox 3031 3048 3115 3094; x_wconf 89' lang='lat' dir='ltr'><strong>est</strong></span> <span class='ocrx_word' id='word_1_471' title='bbox 3141 3041 3386 3110; x_wconf 87' lang='lat' dir='ltr'><strong>gehenna</strong></span> <span class='ocrx_word' id='word_1_472' title='bbox 3407 3057 3528 3110; x_wconf 66' lang='lat' dir='ltr'><strong>qua;</strong></span> 
     </span>
    </p>
   </div>
   <div class='ocr_carea' id='block_1_63' title="bbox 265 3095 3519 3198">
    <p class='ocr_par' dir='ltr' id='par_1_63' title="bbox 265 3095 3519 3198">
     <span class='ocr_line' id='line_1_63' title="bbox 265 3095 3519 3198; baseline 0.004 -26"><span class='ocrx_word' id='word_1_473' title='bbox 265 3095 826 3175; x_wconf 77' lang='lat' dir='ltr'><strong>tertebras&#39;diceretur.</strong></span> <span class='ocrx_word' id='word_1_474' title='bbox 856 3095 992 3176; x_wconf 77' lang='lat' dir='ltr'><strong>llinc</strong></span> <span class='ocrx_word' id='word_1_475' title='bbox 1013 3095 1081 3174; x_wconf 78' lang='lat' dir='ltr'><strong>de</strong></span> <span class='ocrx_word' id='word_1_476' title='bbox 1103 3121 1182 3176; x_wconf 90' lang='lat' dir='ltr'><strong>eis</strong></span> <span class='ocrx_word' id='word_1_477' title='bbox 1207 3095 1491 3178; x_wconf 75' lang='lat' dir='ltr'><strong>Psalmista</strong></span> <span class='ocrx_word' id='word_1_478' title='bbox 1527 3125 1602 3178; x_wconf 87' lang='lat' dir='ltr'><strong>ait</strong></span> <span class='ocrx_word' id='word_1_479' title='bbox 1627 3143 1640 3180; x_wconf 87' lang='lat'><strong>:</strong></span> <span class='ocrx_word' id='word_1_480' title='bbox 1669 3125 1840 3195; x_wconf 87' lang='lat' dir='ltr'><strong>Super</strong></span> <span class='ocrx_word' id='word_1_481' title='bbox 1867 3095 1911 3157; x_wconf 80' lang='lat' dir='ltr'>C</span> <span class='ocrx_word' id='word_1_482' title='bbox 1942 3095 2127 3191; x_wconf 75' lang='lat' dir='ltr'><strong>allicit,</strong></span> <span class='ocrx_word' id='word_1_483' title='bbox 2155 3136 2208 3180; x_wconf 91' lang='lat' dir='ltr'><strong>et</strong></span> <span class='ocrx_word' id='word_1_484' title='bbox 2238 3135 2414 3180; x_wconf 89' lang='lat' dir='ltr'><strong>tamen</strong></span> <span class='ocrx_word' id='word_1_485' title='bbox 2449 3143 2554 3181; x_wconf 91' lang='lat' dir='ltr'><strong>non</strong></span> <span class='ocrx_word' id='word_1_486' title='bbox 2576 3143 2682 3181; x_wconf 88' lang='lat' dir='ltr'><strong>una</strong></span> <span class='ocrx_word' id='word_1_487' title='bbox 2712 3144 2903 3182; x_wconf 92' lang='lat' dir='ltr'><strong>omnes</strong></span> <span class='ocrx_word' id='word_1_488' title='bbox 2937 3095 3196 3198; x_wconf 54' lang='lat' dir='ltr'><strong>qualitale</strong></span> <span class='ocrx_word' id='word_1_489' title='bbox 3226 3095 3519 3186; x_wconf 66' lang='lat' dir='ltr'><strong>comburit.</strong></span> 
     </span>
    </p>
   </div>
   <div class='ocr_carea' id='block_1_64' title="bbox 263 3211 1838 3288">
    <p class='ocr_par' dir='ltr' id='par_1_64' title="bbox 263 3211 1838 3288">
     <span class='ocr_line' id='line_1_64' title="bbox 263 3211 1838 3288; baseline 0.005 -25"><span class='ocrx_word' id='word_1_490' title='bbox 263 3227 351 3264; x_wconf 83' lang='lat' dir='ltr'><strong>eos</strong></span> <span class='ocrx_word' id='word_1_491' title='bbox 384 3211 564 3264; x_wconf 88' lang='lat' dir='ltr'><strong>cecidit</strong></span> <span class='ocrx_word' id='word_1_492' title='bbox 589 3212 727 3281; x_wconf 83' lang='lat' dir='ltr'><strong>ignis</strong></span> <span class='ocrx_word' id='word_1_493' title='bbox 764 3222 811 3266; x_wconf 88' lang='lat' dir='ltr'><strong>et</strong></span> <span class='ocrx_word' id='word_1_494' title='bbox 854 3229 958 3266; x_wconf 87' lang='lat' dir='ltr'><strong>non</strong></span> <span class='ocrx_word' id='word_1_495' title='bbox 996 3212 1234 3266; x_wconf 79' lang='lat' dir='ltr'><strong>viderunt</strong></span> <span class='ocrx_word' id='word_1_496' title='bbox 1262 3213 1422 3267; x_wconf 87' lang='lat' dir='ltr'><strong>solem</strong></span> <span class='ocrx_word' id='word_1_497' title='bbox 1472 3213 1643 3284; x_wconf 89' lang='lat' dir='ltr'><strong>(Psal.</strong></span> <span class='ocrx_word' id='word_1_498' title='bbox 1686 3215 1838 3288; x_wconf 81' lang='lat' dir='ltr'><strong>Lvu).</strong></span> 
     </span>
    </p>
   </div>
   <div class='ocr_carea' id='block_1_65' title="bbox 261 3298 1843 3375">
    <p class='ocr_par' dir='ltr' id='par_1_65' title="bbox 261 3298 1843 3375">
     <span class='ocr_line' id='line_1_65' title="bbox 261 3298 1843 3375; baseline 0.006 -25"><span class='ocrx_word' id='word_1_499' title='bbox 261 3298 406 3370; x_wconf 81' lang='lat' dir='ltr'><strong>Ignis</strong></span> <span class='ocrx_word' id='word_1_500' title='bbox 431 3309 606 3354; x_wconf 87' lang='lat' dir='ltr'><strong>autem</strong></span> <span class='ocrx_word' id='word_1_501' title='bbox 635 3315 798 3370; x_wconf 89' lang='lat' dir='ltr'><strong>super</strong></span> <span class='ocrx_word' id='word_1_502' title='bbox 843 3301 1036 3370; x_wconf 85' lang='lat' dir='ltr'><strong>impios</strong></span> <span class='ocrx_word' id='word_1_503' title='bbox 1081 3300 1248 3364; x_wconf 87' lang='lat' dir='ltr'><strong>cadit,</strong></span> <span class='ocrx_word' id='word_1_504' title='bbox 1293 3303 1386 3356; x_wconf 88' lang='lat' dir='ltr'><strong>sed</strong></span> <span class='ocrx_word' id='word_1_505' title='bbox 1430 3303 1512 3357; x_wconf 89' lang='lat' dir='ltr'><strong>sol</strong></span> <span class='ocrx_word' id='word_1_506' title='bbox 1554 3304 1674 3375; x_wconf 86' lang='lat' dir='ltr'><strong>igne</strong></span> <span class='ocrx_word' id='word_1_507' title='bbox 1715 3321 1843 3360; x_wconf 85' lang='lat' dir='ltr'><strong>can-</strong></span> 
     </span>
    </p>
   </div>
   <div class='ocr_carea' id='block_1_66' title="bbox 260 3390 1839 3464">
    <p class='ocr_par' dir='ltr' id='par_1_66' title="bbox 260 3390 1839 3464">
     <span class='ocr_line' id='line_1_66' title="bbox 260 3390 1839 3464; baseline 0.006 -22"><span class='ocrx_word' id='word_1_508' title='bbox 260 3391 422 3444; x_wconf 87' lang='lat' dir='ltr'><strong>dente</strong></span> <span class='ocrx_word' id='word_1_509' title='bbox 436 3406 539 3445; x_wconf 90' lang='lat' dir='ltr'><strong>non</strong></span> <span class='ocrx_word' id='word_1_510' title='bbox 567 3393 824 3447; x_wconf 89' lang='lat' dir='ltr'><strong>cernitur.</strong></span> <span class='ocrx_word' id='word_1_511' title='bbox 859 3390 994 3458; x_wconf 90' lang='lat' dir='ltr'><strong>Quia</strong></span> <span class='ocrx_word' id='word_1_512' title='bbox 1026 3392 1146 3447; x_wconf 90' lang='lat' dir='ltr'><strong>illos</strong></span> <span class='ocrx_word' id='word_1_513' title='bbox 1175 3409 1309 3461; x_wconf 88' lang='lat' dir='ltr'><strong>quos</strong></span> <span class='ocrx_word' id='word_1_514' title='bbox 1339 3395 1596 3464; x_wconf 74' lang='lat' dir='ltr'><strong>gehenna:</strong></span> <span class='ocrx_word' id='word_1_515' title='bbox 1624 3395 1839 3452; x_wconf 89' lang='lat' dir='ltr'><strong>ﬂamma</strong></span> 
     </span>
    </p>
   </div>
   <div class='ocr_carea' id='block_1_67' title="bbox 261 3483 1841 3556">
    <p class='ocr_par' dir='ltr' id='par_1_67' title="bbox 261 3483 1841 3556">
     <span class='ocr_line' id='line_1_67' title="bbox 261 3483 1841 3556; baseline 0.005 -21"><span class='ocrx_word' id='word_1_516' title='bbox 261 3483 534 3536; x_wconf 81' lang='lat' dir='ltr'><strong>devorata</strong></span> <span class='ocrx_word' id='word_1_517' title='bbox 558 3483 763 3537; x_wconf 90' lang='lat' dir='ltr'><strong>visione</strong></span> <span class='ocrx_word' id='word_1_518' title='bbox 788 3483 904 3538; x_wconf 87' lang='lat' dir='ltr'><strong>veri</strong></span> <span class='ocrx_word' id='word_1_519' title='bbox 939 3484 1154 3556; x_wconf 89' lang='lat' dir='ltr'><strong>luminis</strong></span> <span class='ocrx_word' id='word_1_520' title='bbox 1180 3493 1364 3549; x_wconf 81' lang='lat' dir='ltr'><strong>caecat,</strong></span> <span class='ocrx_word' id='word_1_521' title='bbox 1393 3493 1448 3538; x_wconf 92' lang='lat' dir='ltr'><strong>ut</strong></span> <span class='ocrx_word' id='word_1_522' title='bbox 1476 3491 1529 3539; x_wconf 90' lang='lat' dir='ltr'><strong>et</strong></span> <span class='ocrx_word' id='word_1_523' title='bbox 1574 3485 1706 3540; x_wconf 77' lang='lat' dir='ltr'><strong>foris</strong></span> <span class='ocrx_word' id='word_1_524' title='bbox 1747 3503 1841 3543; x_wconf 90' lang='lat' dir='ltr'><strong>eos</strong></span> 
     </span>
    </p>
   </div>
   <div class='ocr_carea' id='block_1_68' title="bbox 261 3573 1839 3644">
    <p class='ocr_par' dir='ltr' id='par_1_68' title="bbox 261 3573 1839 3644">
     <span class='ocr_line' id='line_1_68' title="bbox 261 3573 1839 3644; baseline 0.006 -18"><span class='ocrx_word' id='word_1_525' title='bbox 261 3573 417 3626; x_wconf 86' lang='lat' dir='ltr'><strong>dolor</strong></span> <span class='ocrx_word' id='word_1_526' title='bbox 443 3573 829 3635; x_wconf 90' lang='lat' dir='ltr'><strong>combustiouis</strong></span> <span class='ocrx_word' id='word_1_527' title='bbox 853 3575 1078 3640; x_wconf 90' lang='lat' dir='ltr'><strong>cruciet,</strong></span> <span class='ocrx_word' id='word_1_528' title='bbox 1103 3584 1158 3629; x_wconf 87' lang='lat' dir='ltr'><strong>et</strong></span> <span class='ocrx_word' id='word_1_529' title='bbox 1197 3575 1345 3641; x_wconf 84' lang='lat' dir='ltr'><strong>intus</strong></span> <span class='ocrx_word' id='word_1_530' title='bbox 1382 3591 1540 3644; x_wconf 62' lang='lat' dir='ltr'><strong>paena</strong></span> <span class='ocrx_word' id='word_1_531' title='bbox 1581 3578 1839 3636; x_wconf 65' lang='lat' dir='ltr'><strong>edacitatis</strong></span> 
     </span>
    </p>
   </div>
   <div class='ocr_carea' id='block_1_69' title="bbox 258 3654 1836 3736">
    <p class='ocr_par' dir='ltr' id='par_1_69' title="bbox 258 3654 1836 3736">
     <span class='ocr_line' id='line_1_69' title="bbox 258 3654 1836 3736; baseline 0.004 -20"><span class='ocrx_word' id='word_1_532' title='bbox 258 3654 531 3717; x_wconf 70' lang='lat' dir='ltr'><strong>obscuret.</strong></span> <span class='ocrx_word' id='word_1_533' title='bbox 561 3663 835 3730; x_wconf 86' lang='lat' dir='ltr'><strong>Quatenus</strong></span> <span class='ocrx_word' id='word_1_534' title='bbox 867 3665 1069 3720; x_wconf 85' lang='lat' dir='ltr'><strong>auctori</strong></span> <span class='ocrx_word' id='word_1_535' title='bbox 1096 3681 1194 3720; x_wconf 90' lang='lat' dir='ltr'><strong>suo</strong></span> <span class='ocrx_word' id='word_1_536' title='bbox 1221 3680 1448 3736; x_wconf 88' lang='lat' dir='ltr'><strong>corpore</strong></span> <span class='ocrx_word' id='word_1_537' title='bbox 1471 3674 1528 3720; x_wconf 91' lang='lat' dir='ltr'><strong>et</strong></span> <span class='ocrx_word' id='word_1_538' title='bbox 1553 3667 1715 3722; x_wconf 90' lang='lat' dir='ltr'><strong>corde</strong></span> <span class='ocrx_word' id='word_1_539' title='bbox 1739 3669 1836 3723; x_wconf 85' lang='lat' dir='ltr'><strong>de-</strong></span> 
     </span>
    </p>
   </div>
   <div class='ocr_carea' id='block_1_70' title="bbox 258 3753 1838 3828">
    <p class='ocr_par' dir='ltr' id='par_1_70' title="bbox 258 3753 1838 3828">
     <span class='ocr_line' id='line_1_70' title="bbox 258 3753 1838 3828; baseline 0.008 -23"><span class='ocrx_word' id='word_1_540' title='bbox 258 3753 552 3822; x_wconf 86' lang='lat' dir='ltr'><strong>liquerunt,</strong></span> <span class='ocrx_word' id='word_1_541' title='bbox 599 3754 759 3808; x_wconf 90' lang='lat' dir='ltr'><strong>simul</strong></span> <span class='ocrx_word' id='word_1_542' title='bbox 807 3755 972 3810; x_wconf 90' lang='lat' dir='ltr'><strong>corde</strong></span> <span class='ocrx_word' id='word_1_543' title='bbox 1027 3766 1083 3811; x_wconf 90' lang='lat' dir='ltr'><strong>et</strong></span> <span class='ocrx_word' id='word_1_544' title='bbox 1133 3771 1362 3826; x_wconf 87' lang='lat' dir='ltr'><strong>corpore</strong></span> <span class='ocrx_word' id='word_1_545' title='bbox 1413 3758 1726 3828; x_wconf 87' lang='lat' dir='ltr'><strong>puniantur.</strong></span> <span class='ocrx_word' id='word_1_546' title='bbox 1769 3759 1838 3816; x_wconf 89' lang='lat' dir='ltr'><strong>Et</strong></span> 
     </span>
    </p>
   </div>
   <div class='ocr_carea' id='block_1_71' title="bbox 254 3847 1836 3918">
    <p class='ocr_par' dir='ltr' id='par_1_71' title="bbox 254 3847 1836 3918">
     <span class='ocr_line' id='line_1_71' title="bbox 254 3847 1836 3918; baseline 0.005 -20"><span class='ocrx_word' id='word_1_547' title='bbox 254 3847 548 3914; x_wconf 88' lang='lat' dir='ltr'><strong>utrobique</strong></span> <span class='ocrx_word' id='word_1_548' title='bbox 598 3860 785 3916; x_wconf 82' lang='lat' dir='ltr'><strong>poenas</strong></span> <span class='ocrx_word' id='word_1_549' title='bbox 829 3849 1081 3913; x_wconf 87' lang='lat' dir='ltr'><strong>sentiant,</strong></span> <span class='ocrx_word' id='word_1_550' title='bbox 1137 3850 1226 3918; x_wconf 92' lang='lat' dir='ltr'><strong>qui</strong></span> <span class='ocrx_word' id='word_1_551' title='bbox 1275 3849 1402 3907; x_wconf 87' lang='lat' dir='ltr'><strong>dum</strong></span> <span class='ocrx_word' id='word_1_552' title='bbox 1457 3851 1545 3916; x_wconf 82' lang='lat' dir='ltr'><strong>hic</strong></span> <span class='ocrx_word' id='word_1_553' title='bbox 1594 3852 1836 3906; x_wconf 84' lang='lat' dir='ltr'><strong>viverent</strong></span> 
     </span>
    </p>
   </div>
   <div class='ocr_carea' id='block_1_72' title="bbox 256 3927 1830 4010">
    <p class='ocr_par' dir='ltr' id='par_1_72' title="bbox 256 3927 1830 4010">
     <span class='ocr_line' id='line_1_72' title="bbox 256 3927 1830 4010; baseline 0.007 -23"><span class='ocrx_word' id='word_1_554' title='bbox 256 3935 443 4004; x_wconf 87' lang='lat' dir='ltr'><strong>pravis</strong></span> <span class='ocrx_word' id='word_1_555' title='bbox 472 3936 582 3990; x_wconf 91' lang='lat' dir='ltr'><strong>suis</strong></span> <span class='ocrx_word' id='word_1_556' title='bbox 621 3937 1083 4003; x_wconf 86' lang='lat' dir='ltr'><strong>delectationibus,</strong></span> <span class='ocrx_word' id='word_1_557' title='bbox 1128 3927 1196 3994; x_wconf 80' lang='lat' dir='ltr'><strong>ex</strong></span> <span class='ocrx_word' id='word_1_558' title='bbox 1232 3949 1461 4010; x_wconf 90' lang='lat' dir='ltr'><strong>utroque</strong></span> <span class='ocrx_word' id='word_1_559' title='bbox 1505 3943 1830 3998; x_wconf 82' lang='lat' dir='ltr'><strong>serviebant.</strong></span> 
     </span>
    </p>
   </div>
   <div class='ocr_carea' id='block_1_73' title="bbox 260 4025 1832 4108">
    <p class='ocr_par' dir='ltr' id='par_1_73' title="bbox 260 4025 1832 4108">
     <span class='ocr_line' id='line_1_73' title="bbox 260 4025 1832 4108; baseline 0.008 -30"><span class='ocrx_word' id='word_1_560' title='bbox 260 4025 414 4086; x_wconf 85' lang='lat' dir='ltr'><strong>Unde</strong></span> <span class='ocrx_word' id='word_1_561' title='bbox 435 4026 574 4095; x_wconf 84' lang='lat' dir='ltr'><strong>bene</strong></span> <span class='ocrx_word' id='word_1_562' title='bbox 601 4045 698 4098; x_wconf 90' lang='lat' dir='ltr'><strong>per</strong></span> <span class='ocrx_word' id='word_1_563' title='bbox 716 4031 1032 4108; x_wconf 82' lang='lat' dir='ltr'><strong>prophetam</strong></span> <span class='ocrx_word' id='word_1_564' title='bbox 1074 4031 1310 4086; x_wconf 89' lang='lat' dir='ltr'><strong>dicitur:</strong></span> <span class='ocrx_word' id='word_1_565' title='bbox 1347 4033 1738 4095; x_wconf 71' lang='lat' dir='ltr'><strong>Descenderam</strong></span> <span class='ocrx_word' id='word_1_566' title='bbox 1763 4037 1832 4091; x_wconf 90' lang='lat' dir='ltr'><strong>ad</strong></span> 
     </span>
    </p>
   </div>
   <div class='ocr_carea' id='block_1_74' title="bbox 257 4119 1832 4196">
    <p class='ocr_par' dir='ltr' id='par_1_74' title="bbox 257 4119 1832 4196">
     <span class='ocr_line' id='line_1_74' title="bbox 257 4119 1832 4196; baseline 0.007 -25"><span class='ocrx_word' id='word_1_567' title='bbox 257 4119 518 4187; x_wconf 78' lang='lat' dir='ltr'><strong>infernum</strong></span> <span class='ocrx_word' id='word_1_568' title='bbox 542 4137 660 4186; x_wconf 87' lang='lat' dir='ltr'><strong>cum</strong></span> <span class='ocrx_word' id='word_1_569' title='bbox 681 4122 842 4176; x_wconf 87' lang='lat' dir='ltr'><strong>armis</strong></span> <span class='ocrx_word' id='word_1_570' title='bbox 866 4123 974 4176; x_wconf 84' lang='lat' dir='ltr'><strong>suis</strong></span> <span class='ocrx_word' id='word_1_571' title='bbox 997 4123 1413 4195; x_wconf 73' lang='lat' dir='ltr'><strong>(Ezech.xxxu).</strong></span> <span class='ocrx_word' id='word_1_572' title='bbox 1444 4124 1612 4180; x_wconf 85' lang='lat' dir='ltr'><strong>Arma</strong></span> <span class='ocrx_word' id='word_1_573' title='bbox 1635 4127 1832 4196; x_wconf 83' lang='lat' dir='ltr'><strong>quippe</strong></span> 
     </span>
    </p>
   </div>
   <div class='ocr_carea' id='block_1_75' title="bbox 257 4211 1829 4285">
    <p class='ocr_par' dir='ltr' id='par_1_75' title="bbox 257 4211 1829 4285">
     <span class='ocr_line' id='line_1_75' title="bbox 257 4211 1829 4285; baseline 0.004 -22"><span class='ocrx_word' id='word_1_574' title='bbox 257 4211 620 4280; x_wconf 86' lang='lat' dir='ltr'><strong>peccantium,</strong></span> <span class='ocrx_word' id='word_1_575' title='bbox 647 4222 771 4266; x_wconf 89' lang='lat' dir='ltr'><strong>sunt</strong></span> <span class='ocrx_word' id='word_1_576' title='bbox 800 4215 1036 4267; x_wconf 89' lang='lat' dir='ltr'><strong>membra</strong></span> <span class='ocrx_word' id='word_1_577' title='bbox 1058 4215 1320 4282; x_wconf 89' lang='lat' dir='ltr'><strong>corporis,</strong></span> <span class='ocrx_word' id='word_1_578' title='bbox 1347 4215 1543 4283; x_wconf 85' lang='lat' dir='ltr'><strong>quibus</strong></span> <span class='ocrx_word' id='word_1_579' title='bbox 1575 4231 1829 4285; x_wconf 90' lang='lat' dir='ltr'><strong>perversa</strong></span> 
     </span>
    </p>
   </div>
   <div class='ocr_carea' id='block_1_76' title="bbox 263 4305 1830 4379">
    <p class='ocr_par' dir='ltr' id='par_1_76' title="bbox 263 4305 1830 4379">
     <span class='ocr_line' id='line_1_76' title="bbox 263 4305 1830 4379; baseline 0.005 -21"><span class='ocrx_word' id='word_1_580' title='bbox 263 4305 554 4375; x_wconf 82' lang='lat' dir='ltr'><strong>desideria,</strong></span> <span class='ocrx_word' id='word_1_581' title='bbox 585 4321 703 4374; x_wconf 80' lang='lat' dir='ltr'><strong>quae</strong></span> <span class='ocrx_word' id='word_1_582' title='bbox 725 4309 1132 4376; x_wconf 86' lang='lat' dir='ltr'><strong>concupiscunt,</strong></span> <span class='ocrx_word' id='word_1_583' title='bbox 1159 4318 1549 4379; x_wconf 84' lang='lat' dir='ltr'><strong>exsequuntur.</strong></span> <span class='ocrx_word' id='word_1_584' title='bbox 1576 4311 1724 4367; x_wconf 90' lang='lat' dir='ltr'><strong>Unde</strong></span> <span class='ocrx_word' id='word_1_585' title='bbox 1745 4327 1830 4366; x_wconf 87' lang='lat' dir='ltr'><strong>re-</strong></span> 
     </span>
    </p>
   </div>
   <div class='ocr_carea' id='block_1_77' title="bbox 259 4395 1826 4468">
    <p class='ocr_par' dir='ltr' id='par_1_77' title="bbox 259 4395 1826 4468">
     <span class='ocr_line' id='line_1_77' title="bbox 259 4395 1826 4468; baseline 0.005 -20"><span class='ocrx_word' id='word_1_586' title='bbox 259 4403 344 4448; x_wconf 86' lang='lat' dir='ltr'><strong>cte</strong></span> <span class='ocrx_word' id='word_1_587' title='bbox 384 4410 480 4463; x_wconf 85' lang='lat' dir='ltr'><strong>per</strong></span> <span class='ocrx_word' id='word_1_588' title='bbox 520 4395 742 4449; x_wconf 86' lang='lat' dir='ltr'><strong>Paulum</strong></span> <span class='ocrx_word' id='word_1_589' title='bbox 786 4396 1018 4451; x_wconf 87' lang='lat' dir='ltr'><strong>dicitur:</strong></span> <span class='ocrx_word' id='word_1_590' title='bbox 1066 4397 1246 4468; x_wconf 82' lang='lat' dir='ltr'><strong>Neque</strong></span> <span class='ocrx_word' id='word_1_591' title='bbox 1277 4401 1561 4455; x_wconf 74' lang='lat' dir='ltr'><strong>exhibeatis</strong></span> <span class='ocrx_word' id='word_1_592' title='bbox 1597 4403 1826 4457; x_wconf 88' lang='lat' dir='ltr'><strong>membra</strong></span> 
     </span>
    </p>
   </div>
   <div class='ocr_carea' id='block_1_78' title="bbox 257 4489 1828 4563">
    <p class='ocr_par' dir='ltr' id='par_1_78' title="bbox 257 4489 1828 4563">
     <span class='ocr_line' id='line_1_78' title="bbox 257 4489 1828 4563; baseline 0.006 -23"><span class='ocrx_word' id='word_1_593' title='bbox 257 4497 426 4540; x_wconf 82' lang='lat' dir='ltr'><strong>vestra</strong></span> <span class='ocrx_word' id='word_1_594' title='bbox 449 4504 597 4540; x_wconf 88' lang='lat' dir='ltr'><strong>arma</strong></span> <span class='ocrx_word' id='word_1_595' title='bbox 628 4489 917 4555; x_wconf 81' lang='lat' dir='ltr'><strong>iniquitatis</strong></span> <span class='ocrx_word' id='word_1_596' title='bbox 940 4500 1147 4558; x_wconf 76' lang='lat' dir='ltr'><strong>peccato</strong></span> <span class='ocrx_word' id='word_1_597' title='bbox 1171 4489 1342 4561; x_wconf 85' lang='lat' dir='ltr'><strong>(Rom.</strong></span> <span class='ocrx_word' id='word_1_598' title='bbox 1371 4492 1469 4563; x_wconf 80' lang='lat' dir='ltr'><strong>vi).</strong></span> <span class='ocrx_word' id='word_1_599' title='bbox 1498 4491 1631 4547; x_wconf 89' lang='lat' dir='ltr'><strong>Cum</strong></span> <span class='ocrx_word' id='word_1_600' title='bbox 1659 4495 1828 4550; x_wconf 89' lang='lat' dir='ltr'><strong>armis</strong></span> 
     </span>
    </p>
   </div>
   <div class='ocr_carea' id='block_1_79' title="bbox 257 4575 1828 4652">
    <p class='ocr_par' dir='ltr' id='par_1_79' title="bbox 257 4575 1828 4652">
     <span class='ocr_line' id='line_1_79' title="bbox 257 4575 1828 4652; baseline 0.006 -24"><span class='ocrx_word' id='word_1_601' title='bbox 257 4589 386 4642; x_wconf 87' lang='lat' dir='ltr'><strong>ergo</strong></span> <span class='ocrx_word' id='word_1_602' title='bbox 418 4577 486 4630; x_wconf 90' lang='lat' dir='ltr'><strong>ad</strong></span> <span class='ocrx_word' id='word_1_603' title='bbox 511 4575 776 4634; x_wconf 86' lang='lat' dir='ltr'><strong>infernum</strong></span> <span class='ocrx_word' id='word_1_604' title='bbox 808 4578 1133 4636; x_wconf 83' lang='lat' dir='ltr'><strong>descendere</strong></span> <span class='ocrx_word' id='word_1_605' title='bbox 1156 4587 1258 4644; x_wconf 87' lang='lat' dir='ltr'><strong>est,</strong></span> <span class='ocrx_word' id='word_1_606' title='bbox 1305 4595 1428 4635; x_wconf 91' lang='lat' dir='ltr'><strong>cum</strong></span> <span class='ocrx_word' id='word_1_607' title='bbox 1453 4580 1588 4651; x_wconf 85' lang='lat' dir='ltr'><strong>ipsis</strong></span> <span class='ocrx_word' id='word_1_608' title='bbox 1614 4597 1828 4652; x_wconf 90' lang='lat' dir='ltr'><strong>quoque</strong></span> 
     </span>
    </p>
   </div>
   <div class='ocr_carea' id='block_1_80' title="bbox 257 4668 1827 4743">
    <p class='ocr_par' dir='ltr' id='par_1_80' title="bbox 257 4668 1827 4743">
     <span class='ocr_line' id='line_1_80' title="bbox 257 4668 1827 4743; baseline 0.006 -22"><span class='ocrx_word' id='word_1_609' title='bbox 257 4668 515 4724; x_wconf 88' lang='lat' dir='ltr'><strong>membris</strong></span> <span class='ocrx_word' id='word_1_610' title='bbox 575 4671 769 4738; x_wconf 83' lang='lat' dir='ltr'><strong>quibus</strong></span> <span class='ocrx_word' id='word_1_611' title='bbox 824 4670 1084 4724; x_wconf 87' lang='lat' dir='ltr'><strong>desideria</strong></span> <span class='ocrx_word' id='word_1_612' title='bbox 1133 4671 1420 4741; x_wconf 85' lang='lat' dir='ltr'><strong>voluptatis</strong></span> <span class='ocrx_word' id='word_1_613' title='bbox 1477 4673 1827 4743; x_wconf 85' lang='lat' dir='ltr'><strong>expleverunt</strong></span> 
     </span>
    </p>
   </div>
   <div class='ocr_carea' id='block_1_81' title="bbox 255 4743 1826 4824">
    <p class='ocr_par' dir='ltr' id='par_1_81' title="bbox 255 4743 1826 4824">
     <span class='ocr_line' id='line_1_81' title="bbox 255 4743 1826 4824; baseline 0.004 -14"><span class='ocrx_word' id='word_1_614' title='bbox 255 4757 441 4810; x_wconf 88' lang='lat' dir='ltr'><strong>aeterni</strong></span> <span class='ocrx_word' id='word_1_615' title='bbox 462 4755 646 4824; x_wconf 77' lang='lat' dir='ltr'><strong>judieii</strong></span> <span class='ocrx_word' id='word_1_616' title='bbox 679 4743 942 4813; x_wconf 85' lang='lat' dir='ltr'><strong>tormenta</strong></span> <span class='ocrx_word' id='word_1_617' title='bbox 991 4759 1256 4814; x_wconf 87' lang='lat' dir='ltr'><strong>tolerare:</strong></span> <span class='ocrx_word' id='word_1_618' title='bbox 1287 4769 1346 4814; x_wconf 91' lang='lat' dir='ltr'><strong>ut</strong></span> <span class='ocrx_word' id='word_1_619' title='bbox 1381 4769 1508 4817; x_wconf 91' lang='lat' dir='ltr'><strong>tunc</strong></span> <span class='ocrx_word' id='word_1_620' title='bbox 1532 4777 1627 4817; x_wconf 90' lang='lat' dir='ltr'><strong>eos</strong></span> <span class='ocrx_word' id='word_1_621' title='bbox 1668 4763 1826 4819; x_wconf 49' lang='lat' dir='ltr'><strong>undi.</strong></span> 
     </span>
    </p>
   </div>
   <div class='ocr_carea' id='block_1_82' title="bbox 257 4846 1823 4918">
    <p class='ocr_par' dir='ltr' id='par_1_82' title="bbox 257 4846 1823 4918">
     <span class='ocr_line' id='line_1_82' title="bbox 257 4846 1823 4918; baseline 0.008 -20"><span class='ocrx_word' id='word_1_622' title='bbox 257 4859 360 4913; x_wconf 90' lang='lat' dir='ltr'><strong>que</strong></span> <span class='ocrx_word' id='word_1_623' title='bbox 390 4846 539 4901; x_wconf 89' lang='lat' dir='ltr'><strong>dolor</strong></span> <span class='ocrx_word' id='word_1_624' title='bbox 583 4849 884 4912; x_wconf 88' lang='lat' dir='ltr'><strong>absorbeat,</strong></span> <span class='ocrx_word' id='word_1_625' title='bbox 918 4850 1007 4918; x_wconf 92' lang='lat' dir='ltr'><strong>qui</strong></span> <span class='ocrx_word' id='word_1_626' title='bbox 1038 4866 1181 4905; x_wconf 92' lang='lat' dir='ltr'><strong>nunc</strong></span> <span class='ocrx_word' id='word_1_627' title='bbox 1227 4851 1340 4907; x_wconf 90' lang='lat' dir='ltr'><strong>suis</strong></span> <span class='ocrx_word' id='word_1_628' title='bbox 1380 4852 1823 4910; x_wconf 88' lang='lat' dir='ltr'><strong>delectationibus</strong></span> 
     </span>
    </p>
   </div>
   <div class='ocr_carea' id='block_1_83' title="bbox 255 4936 1823 5015">
    <p class='ocr_par' dir='ltr' id='par_1_83' title="bbox 255 4936 1823 5015">
     <span class='ocr_line' id='line_1_83' title="bbox 255 4936 1823 5015; baseline 0.006 -27"><span class='ocrx_word' id='word_1_629' title='bbox 255 4936 453 4992; x_wconf 85' lang='lat' dir='ltr'><strong>subditi</strong></span> <span class='ocrx_word' id='word_1_630' title='bbox 482 4939 714 5008; x_wconf 86' lang='lat' dir='ltr'><strong>undique</strong></span> <span class='ocrx_word' id='word_1_631' title='bbox 742 4950 927 4996; x_wconf 89' lang='lat' dir='ltr'><strong>contra</strong></span> <span class='ocrx_word' id='word_1_632' title='bbox 945 4941 1206 5011; x_wconf 83' lang='lat' dir='ltr'><strong>justitiam</strong></span> <span class='ocrx_word' id='word_1_633' title='bbox 1231 4943 1376 5012; x_wconf 89' lang='lat' dir='ltr'><strong>juste</strong></span> <span class='ocrx_word' id='word_1_634' title='bbox 1403 4943 1694 5012; x_wconf 88' lang='lat' dir='ltr'><strong>judicantis</strong></span> <span class='ocrx_word' id='word_1_635' title='bbox 1730 4960 1823 5015; x_wconf 79' lang='lat' dir='ltr'><strong>pu-</strong></span> 
     </span>
    </p>
   </div>
   <div class='ocr_carea' id='block_1_84' title="bbox 256 5029 1822 5101">
    <p class='ocr_par' dir='ltr' id='par_1_84' title="bbox 256 5029 1822 5101">
     <span class='ocr_line' id='line_1_84' title="bbox 256 5029 1822 5101; baseline 0.004 -20"><span class='ocrx_word' id='word_1_636' title='bbox 256 5039 438 5098; x_wconf 90' lang='lat' dir='ltr'><strong>gnant.</strong></span> <span class='ocrx_word' id='word_1_637' title='bbox 461 5029 652 5085; x_wconf 79' lang='lat' dir='ltr'><strong>Mirum</strong></span> <span class='ocrx_word' id='word_1_638' title='bbox 677 5047 804 5086; x_wconf 90' lang='lat' dir='ltr'><strong>vero</strong></span> <span class='ocrx_word' id='word_1_639' title='bbox 827 5033 978 5087; x_wconf 88' lang='lat' dir='ltr'><strong>valde</strong></span> <span class='ocrx_word' id='word_1_640' title='bbox 1005 5041 1108 5096; x_wconf 89' lang='lat' dir='ltr'><strong>est,</strong></span> <span class='ocrx_word' id='word_1_641' title='bbox 1137 5035 1277 5101; x_wconf 90' lang='lat' dir='ltr'><strong>quod</strong></span> <span class='ocrx_word' id='word_1_642' title='bbox 1317 5033 1513 5089; x_wconf 90' lang='lat' dir='ltr'><strong>dicitur</strong></span> <span class='ocrx_word' id='word_1_643' title='bbox 1534 5075 1548 5099; x_wconf 90' lang='lat'><strong>,</strong></span> <span class='ocrx_word' id='word_1_644' title='bbox 1583 5036 1670 5090; x_wconf 87' lang='lat' dir='ltr'><strong>ubi</strong></span> <span class='ocrx_word' id='word_1_645' title='bbox 1705 5035 1822 5090; x_wconf 79' lang='lat' dir='ltr'><strong>nul-</strong></span> 
     </span>
    </p>
   </div>
   <div class='ocr_carea' id='block_1_85' title="bbox 256 5120 1818 5194">
    <p class='ocr_par' dir='ltr' id='par_1_85' title="bbox 256 5120 1818 5194">
     <span class='ocr_line' id='line_1_85' title="bbox 256 5120 1818 5194; baseline 0.004 -22"><span class='ocrx_word' id='word_1_646' title='bbox 256 5121 335 5174; x_wconf 90' lang='lat' dir='ltr'><strong>lus</strong></span> <span class='ocrx_word' id='word_1_647' title='bbox 379 5121 528 5175; x_wconf 87' lang='lat' dir='ltr'><strong>ordo.</strong></span> <span class='ocrx_word' id='word_1_648' title='bbox 574 5120 758 5190; x_wconf 84' lang='lat' dir='ltr'><strong>Neque</strong></span> <span class='ocrx_word' id='word_1_649' title='bbox 783 5124 925 5176; x_wconf 89' lang='lat' dir='ltr'><strong>enim</strong></span> <span class='ocrx_word' id='word_1_650' title='bbox 955 5124 1294 5194; x_wconf 85' lang='lat' dir='ltr'><strong>omnipotens</strong></span> <span class='ocrx_word' id='word_1_651' title='bbox 1335 5123 1497 5189; x_wconf 86' lang='lat' dir='ltr'><strong>Deus,</strong></span> <span class='ocrx_word' id='word_1_652' title='bbox 1538 5125 1629 5193; x_wconf 90' lang='lat' dir='ltr'><strong>qui</strong></span> <span class='ocrx_word' id='word_1_653' title='bbox 1679 5125 1818 5179; x_wconf 87' lang='lat' dir='ltr'><strong>mala</strong></span> 
     </span>
    </p>
   </div>
   <div class='ocr_carea' id='block_1_86' title="bbox 256 5210 1819 5280">
    <p class='ocr_par' dir='ltr' id='par_1_86' title="bbox 256 5210 1819 5280">
     <span class='ocr_line' id='line_1_86' title="bbox 256 5210 1819 5280; baseline 0.003 -17"><span class='ocrx_word' id='word_1_654' title='bbox 256 5210 392 5264; x_wconf 87' lang='lat' dir='ltr'><strong>bene</strong></span> <span class='ocrx_word' id='word_1_655' title='bbox 441 5211 695 5280; x_wconf 89' lang='lat' dir='ltr'><strong>disponit,</strong></span> <span class='ocrx_word' id='word_1_656' title='bbox 746 5212 1047 5268; x_wconf 88' lang='lat' dir='ltr'><strong>inordinata</strong></span> <span class='ocrx_word' id='word_1_657' title='bbox 1093 5228 1212 5266; x_wconf 86' lang='lat' dir='ltr'><strong>esse</strong></span> <span class='ocrx_word' id='word_1_658' title='bbox 1251 5212 1359 5268; x_wconf 92' lang='lat' dir='ltr'><strong>ullo</strong></span> <span class='ocrx_word' id='word_1_659' title='bbox 1388 5212 1546 5268; x_wconf 88' lang='lat' dir='ltr'><strong>modo</strong></span> <span class='ocrx_word' id='word_1_660' title='bbox 1591 5213 1674 5269; x_wconf 79' lang='lat' dir='ltr'><strong>vel</strong></span> <span class='ocrx_word' id='word_1_661' title='bbox 1709 5223 1819 5270; x_wconf 78' lang='lat' dir='ltr'><strong>tor~</strong></span> 
     </span>
    </p>
   </div>
   <div class='ocr_carea' id='block_1_87' title="bbox 256 5299 1816 5372">
    <p class='ocr_par' dir='ltr' id='par_1_87' title="bbox 256 5299 1816 5372">
     <span class='ocr_line' id='line_1_87' title="bbox 256 5299 1816 5372; baseline 0.003 -19"><span class='ocrx_word' id='word_1_662' title='bbox 256 5311 432 5354; x_wconf 88' lang='lat' dir='ltr'><strong>menta</strong></span> <span class='ocrx_word' id='word_1_663' title='bbox 477 5300 753 5369; x_wconf 83' lang='lat' dir='ltr'><strong>permittit.</strong></span> <span class='ocrx_word' id='word_1_664' title='bbox 794 5299 927 5367; x_wconf 88' lang='lat' dir='ltr'><strong>Quia</strong></span> <span class='ocrx_word' id='word_1_665' title='bbox 975 5301 1089 5370; x_wconf 86' lang='lat' dir='ltr'><strong>ipsa</strong></span> <span class='ocrx_word' id='word_1_666' title='bbox 1127 5317 1340 5371; x_wconf 88' lang='lat' dir='ltr'><strong>quoque</strong></span> <span class='ocrx_word' id='word_1_667' title='bbox 1387 5301 1665 5371; x_wconf 87' lang='lat' dir='ltr'><strong>supplicia,</strong></span> <span class='ocrx_word' id='word_1_668' title='bbox 1697 5318 1816 5372; x_wconf 67' lang='lat' dir='ltr'><strong>qua!</strong></span> 
     </span>
    </p>
   </div>
   <div class='ocr_carea' id='block_1_88' title="bbox 256 5388 1818 5461">
    <p class='ocr_par' dir='ltr' id='par_1_88' title="bbox 256 5388 1818 5461">
     <span class='ocr_line' id='line_1_88' title="bbox 256 5388 1818 5461; baseline 0.003 -20"><span class='ocrx_word' id='word_1_669' title='bbox 256 5404 316 5442; x_wconf 91' lang='lat' dir='ltr'><strong>ex</strong></span> <span class='ocrx_word' id='word_1_670' title='bbox 347 5388 498 5444; x_wconf 88' lang='lat' dir='ltr'><strong>lance</strong></span> <span class='ocrx_word' id='word_1_671' title='bbox 512 5388 733 5458; x_wconf 82' lang='lat' dir='ltr'><strong>justitiae</strong></span> <span class='ocrx_word' id='word_1_672' title='bbox 750 5390 1034 5458; x_wconf 87' lang='lat' dir='ltr'><strong>prodeunt,</strong></span> <span class='ocrx_word' id='word_1_673' title='bbox 1053 5390 1236 5444; x_wconf 83' lang='lat' dir='ltr'><strong>inferri</strong></span> <span class='ocrx_word' id='word_1_674' title='bbox 1264 5391 1381 5445; x_wconf 91' lang='lat' dir='ltr'><strong>sine</strong></span> <span class='ocrx_word' id='word_1_675' title='bbox 1409 5391 1598 5446; x_wconf 91' lang='lat' dir='ltr'><strong>ordine</strong></span> <span class='ocrx_word' id='word_1_676' title='bbox 1617 5405 1818 5461; x_wconf 90' lang='lat' dir='ltr'><strong>nequa-</strong></span> 
     </span>
    </p>
   </div>
   <div class='ocr_carea' id='block_1_89' title="bbox 255 5479 1819 5552">
    <p class='ocr_par' dir='ltr' id='par_1_89' title="bbox 255 5479 1819 5552">
     <span class='ocr_line' id='line_1_89' title="bbox 255 5479 1819 5552; baseline 0.004 -21"><span class='ocrx_word' id='word_1_677' title='bbox 255 5494 411 5547; x_wconf 89' lang='lat' dir='ltr'><strong>quam</strong></span> <span class='ocrx_word' id='word_1_678' title='bbox 436 5487 681 5548; x_wconf 89' lang='lat' dir='ltr'><strong>possunt,</strong></span> <span class='ocrx_word' id='word_1_679' title='bbox 711 5479 975 5548; x_wconf 91' lang='lat' dir='ltr'><strong>quomodo</strong></span> <span class='ocrx_word' id='word_1_680' title='bbox 1011 5494 1243 5550; x_wconf 87' lang='lat' dir='ltr'><strong>namque</strong></span> <span class='ocrx_word' id='word_1_681' title='bbox 1278 5481 1331 5534; x_wconf 89' lang='lat' dir='ltr'><strong>in</strong></span> <span class='ocrx_word' id='word_1_682' title='bbox 1376 5481 1649 5552; x_wconf 87' lang='lat' dir='ltr'><strong>suppliciis</strong></span> <span class='ocrx_word' id='word_1_683' title='bbox 1686 5482 1819 5538; x_wconf 89' lang='lat' dir='ltr'><strong>ordo</strong></span> 
     </span>
    </p>
   </div>
   <div class='ocr_carea' id='block_1_90' title="bbox 257 5571 1814 5642">
    <p class='ocr_par' dir='ltr' id='par_1_90' title="bbox 257 5571 1814 5642">
     <span class='ocr_line' id='line_1_90' title="bbox 257 5571 1814 5642; baseline 0.003 -18"><span class='ocrx_word' id='word_1_684' title='bbox 257 5586 359 5624; x_wconf 87' lang='lat' dir='ltr'><strong>non</strong></span> <span class='ocrx_word' id='word_1_685' title='bbox 402 5571 523 5635; x_wconf 89' lang='lat' dir='ltr'><strong>erit,</strong></span> <span class='ocrx_word' id='word_1_686' title='bbox 563 5571 688 5625; x_wconf 89' lang='lat' dir='ltr'><strong>dum</strong></span> <span class='ocrx_word' id='word_1_687' title='bbox 734 5571 1042 5626; x_wconf 88' lang='lat' dir='ltr'><strong>damnatum</strong></span> <span class='ocrx_word' id='word_1_688' title='bbox 1086 5586 1353 5642; x_wconf 87' lang='lat' dir='ltr'><strong>quemque</strong></span> <span class='ocrx_word' id='word_1_689' title='bbox 1401 5572 1554 5640; x_wconf 76' lang='lat' dir='ltr'><strong>juxta</strong></span> <span class='ocrx_word' id='word_1_690' title='bbox 1602 5574 1814 5628; x_wconf 89' lang='lat' dir='ltr'><strong>modum</strong></span> 
     </span>
    </p>
   </div>
   <div class='ocr_carea' id='block_1_91' title="bbox 256 5661 1815 5736">
    <p class='ocr_par' dir='ltr' id='par_1_91' title="bbox 256 5661 1815 5736">
     <span class='ocr_line' id='line_1_91' title="bbox 256 5661 1815 5736; baseline 0.004 -20"><span class='ocrx_word' id='word_1_691' title='bbox 256 5661 513 5726; x_wconf 81' lang='lat' dir='ltr'><strong>criminis,</strong></span> <span class='ocrx_word' id='word_1_692' title='bbox 546 5670 598 5715; x_wconf 91' lang='lat' dir='ltr'><strong>et</strong></span> <span class='ocrx_word' id='word_1_693' title='bbox 619 5663 898 5719; x_wconf 83' lang='lat' dir='ltr'><strong>retributio</strong></span> <span class='ocrx_word' id='word_1_694' title='bbox 924 5663 1165 5733; x_wconf 88' lang='lat' dir='ltr'><strong>sequitur</strong></span> <span class='ocrx_word' id='word_1_695' title='bbox 1191 5664 1443 5721; x_wconf 88' lang='lat' dir='ltr'><strong>ultionis?</strong></span> <span class='ocrx_word' id='word_1_696' title='bbox 1468 5664 1598 5720; x_wconf 91' lang='lat' dir='ltr'><strong>llinc</strong></span> <span class='ocrx_word' id='word_1_697' title='bbox 1623 5666 1815 5736; x_wconf 88' lang='lat' dir='ltr'><strong>quippe</strong></span> 
     </span>
    </p>
   </div>
   <div class='ocr_carea' id='block_1_92' title="bbox 1942 3216 3526 3288">
    <p class='ocr_par' dir='ltr' id='par_1_92' title="bbox 1942 3216 3526 3288">
     <span class='ocr_line' id='line_1_92' title="bbox 1942 3216 3526 3288; baseline 0.003 -18"><span class='ocrx_word' id='word_1_698' title='bbox 1942 3217 2076 3284; x_wconf 88' lang='lat' dir='ltr'><strong>Quia</strong></span> <span class='ocrx_word' id='word_1_699' title='bbox 2108 3216 2248 3287; x_wconf 92' lang='lat' dir='ltr'><strong>quod</strong></span> <span class='ocrx_word' id='word_1_700' title='bbox 2277 3217 2364 3271; x_wconf 90' lang='lat' dir='ltr'><strong>hic</strong></span> <span class='ocrx_word' id='word_1_701' title='bbox 2393 3218 2504 3286; x_wconf 90' lang='lat' dir='ltr'><strong>agit</strong></span> <span class='ocrx_word' id='word_1_702' title='bbox 2529 3217 2900 3287; x_wconf 87' lang='lat' dir='ltr'><strong>disparilitudo</strong></span> <span class='ocrx_word' id='word_1_703' title='bbox 2931 3233 3238 3288; x_wconf 87' lang='lat' dir='ltr'><strong>corporum,</strong></span> <span class='ocrx_word' id='word_1_704' title='bbox 3277 3220 3377 3274; x_wconf 91' lang='lat' dir='ltr'><strong>hoc</strong></span> <span class='ocrx_word' id='word_1_705' title='bbox 3415 3219 3526 3276; x_wconf 89' lang='lat' dir='ltr'><strong>illic</strong></span> 
     </span>
    </p>
   </div>
   <div class='ocr_carea' id='block_1_93' title="bbox 1941 3305 3517 3379">
    <p class='ocr_par' dir='ltr' id='par_1_93' title="bbox 1941 3305 3517 3379">
     <span class='ocr_line' id='line_1_93' title="bbox 1941 3305 3517 3379; baseline 0 -17"><span class='ocrx_word' id='word_1_706' title='bbox 1941 3306 2161 3362; x_wconf 82' lang='lat' dir='ltr'><strong>exhibet</strong></span> <span class='ocrx_word' id='word_1_707' title='bbox 2186 3305 2368 3375; x_wconf 89' lang='lat' dir='ltr'><strong>dispar</strong></span> <span class='ocrx_word' id='word_1_708' title='bbox 2393 3307 2919 3366; x_wconf 84' lang='lat' dir='ltr'><strong>causameritorum.</strong></span> <span class='ocrx_word' id='word_1_709' title='bbox 2948 3306 3225 3372; x_wconf 87' lang='lat' dir='ltr'><strong>Quomodo</strong></span> <span class='ocrx_word' id='word_1_710' title='bbox 3251 3323 3382 3379; x_wconf 89' lang='lat' dir='ltr'><strong>ergo</strong></span> <span class='ocrx_word' id='word_1_711' title='bbox 3403 3309 3517 3362; x_wconf 86' lang='lat' dir='ltr'><strong>nul-</strong></span> 
     </span>
    </p>
   </div>
   <div class='ocr_carea' id='block_1_94' title="bbox 1941 3393 3523 3468">
    <p class='ocr_par' dir='ltr' id='par_1_94' title="bbox 1941 3393 3523 3468">
     <span class='ocr_line' id='line_1_94' title="bbox 1941 3393 3523 3468; baseline 0.005 -21"><span class='ocrx_word' id='word_1_712' title='bbox 1941 3393 2024 3450; x_wconf 92' lang='lat' dir='ltr'><strong>lus</strong></span> <span class='ocrx_word' id='word_1_713' title='bbox 2065 3395 2242 3450; x_wconf 82' lang='lat' dir='ltr'><strong>inesse</strong></span> <span class='ocrx_word' id='word_1_714' title='bbox 2281 3397 2414 3451; x_wconf 89' lang='lat' dir='ltr'><strong>ordo</strong></span> <span class='ocrx_word' id='word_1_715' title='bbox 2442 3395 2690 3466; x_wconf 87' lang='lat' dir='ltr'><strong>supplicii</strong></span> <span class='ocrx_word' id='word_1_716' title='bbox 2721 3396 2940 3462; x_wconf 88' lang='lat' dir='ltr'><strong>dicitur,</strong></span> <span class='ocrx_word' id='word_1_717' title='bbox 2962 3397 3016 3451; x_wconf 92' lang='lat' dir='ltr'><strong>in</strong></span> <span class='ocrx_word' id='word_1_718' title='bbox 3045 3398 3242 3467; x_wconf 90' lang='lat' dir='ltr'><strong>quibus</strong></span> <span class='ocrx_word' id='word_1_719' title='bbox 3279 3398 3523 3468; x_wconf 80' lang='lat' dir='ltr'><strong>profecto</strong></span> 
     </span>
    </p>
   </div>
   <div class='ocr_carea' id='block_1_95' title="bbox 1940 3485 3522 3556">
    <p class='ocr_par' dir='ltr' id='par_1_95' title="bbox 1940 3485 3522 3556">
     <span class='ocr_line' id='line_1_95' title="bbox 1940 3485 3522 3556; baseline 0.004 -17"><span class='ocrx_word' id='word_1_720' title='bbox 1940 3485 2168 3556; x_wconf 91' lang='lat' dir='ltr'><strong>quisque</strong></span> <span class='ocrx_word' id='word_1_721' title='bbox 2202 3485 2354 3556; x_wconf 80' lang='lat' dir='ltr'><strong>juxta</strong></span> <span class='ocrx_word' id='word_1_722' title='bbox 2386 3487 2602 3540; x_wconf 88' lang='lat' dir='ltr'><strong>modum</strong></span> <span class='ocrx_word' id='word_1_723' title='bbox 2647 3487 2818 3556; x_wconf 87' lang='lat' dir='ltr'><strong>culpae</strong></span> <span class='ocrx_word' id='word_1_724' title='bbox 2861 3487 3240 3542; x_wconf 90' lang='lat' dir='ltr'><strong>cruciatur?...</strong></span> <span class='ocrx_word' id='word_1_725' title='bbox 3265 3489 3371 3544; x_wconf 90' lang='lat' dir='ltr'><strong>Sed</strong></span> <span class='ocrx_word' id='word_1_726' title='bbox 3399 3504 3522 3544; x_wconf 88' lang='lat' dir='ltr'><strong>san-</strong></span> 
     </span>
    </p>
   </div>
   <div class='ocr_carea' id='block_1_96' title="bbox 1938 3575 3520 3650">
    <p class='ocr_par' dir='ltr' id='par_1_96' title="bbox 1938 3575 3520 3650">
     <span class='ocr_line' id='line_1_96' title="bbox 1938 3575 3520 3650; baseline 0.005 -23"><span class='ocrx_word' id='word_1_727' title='bbox 1938 3583 2057 3628; x_wconf 90' lang='lat' dir='ltr'><strong>ctus</strong></span> <span class='ocrx_word' id='word_1_728' title='bbox 2082 3575 2166 3628; x_wconf 91' lang='lat' dir='ltr'><strong>vir</strong></span> <span class='ocrx_word' id='word_1_729' title='bbox 2193 3583 2474 3644; x_wconf 84' lang='lat' dir='ltr'><strong>postquam</strong></span> <span class='ocrx_word' id='word_1_730' title='bbox 2525 3576 2770 3630; x_wconf 87' lang='lat' dir='ltr'><strong>umbram</strong></span> <span class='ocrx_word' id='word_1_731' title='bbox 2818 3577 3009 3631; x_wconf 90' lang='lat' dir='ltr'><strong>mortis</strong></span> <span class='ocrx_word' id='word_1_732' title='bbox 3058 3577 3268 3644; x_wconf 89' lang='lat' dir='ltr'><strong>intulit,</strong></span> <span class='ocrx_word' id='word_1_733' title='bbox 3316 3588 3520 3650; x_wconf 89' lang='lat' dir='ltr'><strong>quanta</strong></span> 
     </span>
    </p>
   </div>
   <div class='ocr_carea' id='block_1_97' title="bbox 1938 3666 3514 3742">
    <p class='ocr_par' dir='ltr' id='par_1_97' title="bbox 1938 3666 3514 3742">
     <span class='ocr_line' id='line_1_97' title="bbox 1938 3666 3514 3742; baseline 0.004 -21"><span class='ocrx_word' id='word_1_734' title='bbox 1938 3666 2010 3721; x_wconf 91' lang='lat' dir='ltr'><strong>sit</strong></span> <span class='ocrx_word' id='word_1_735' title='bbox 2049 3666 2294 3722; x_wconf 82' lang='lat' dir='ltr'><strong>conlusio</strong></span> <span class='ocrx_word' id='word_1_736' title='bbox 2340 3667 2392 3721; x_wconf 93' lang='lat' dir='ltr'><strong>in</strong></span> <span class='ocrx_word' id='word_1_737' title='bbox 2439 3668 2812 3738; x_wconf 77' lang='lat' dir='ltr'><strong>damnatorum</strong></span> <span class='ocrx_word' id='word_1_738' title='bbox 2841 3678 3020 3724; x_wconf 87' lang='lat' dir='ltr'><strong>mente</strong></span> <span class='ocrx_word' id='word_1_739' title='bbox 3048 3671 3343 3742; x_wconf 90' lang='lat' dir='ltr'><strong>subjungit.</strong></span> <span class='ocrx_word' id='word_1_740' title='bbox 3378 3671 3514 3739; x_wconf 87' lang='lat' dir='ltr'><strong>Quia</strong></span> 
     </span>
    </p>
   </div>
   <div class='ocr_carea' id='block_1_98' title="bbox 1937 3755 3518 3832">
    <p class='ocr_par' dir='ltr' id='par_1_98' title="bbox 1937 3755 3518 3832">
     <span class='ocr_line' id='line_1_98' title="bbox 1937 3755 3518 3832; baseline 0.004 -22"><span class='ocrx_word' id='word_1_741' title='bbox 1937 3755 2051 3826; x_wconf 87' lang='lat' dir='ltr'><strong>ipsa</strong></span> <span class='ocrx_word' id='word_1_742' title='bbox 2081 3771 2294 3826; x_wconf 88' lang='lat' dir='ltr'><strong>quoque</strong></span> <span class='ocrx_word' id='word_1_743' title='bbox 2321 3757 2619 3826; x_wconf 87' lang='lat' dir='ltr'><strong>supplicia,</strong></span> <span class='ocrx_word' id='word_1_744' title='bbox 2665 3773 2783 3826; x_wconf 86' lang='lat' dir='ltr'><strong>qu:e</strong></span> <span class='ocrx_word' id='word_1_745' title='bbox 2825 3760 3072 3813; x_wconf 91' lang='lat' dir='ltr'><strong>ordinata</strong></span> <span class='ocrx_word' id='word_1_746' title='bbox 3114 3776 3210 3831; x_wconf 90' lang='lat' dir='ltr'><strong>per</strong></span> <span class='ocrx_word' id='word_1_747' title='bbox 3253 3762 3518 3832; x_wconf 88' lang='lat' dir='ltr'><strong>justitiam</strong></span> 
     </span>
    </p>
   </div>
   <div class='ocr_carea' id='block_1_99' title="bbox 1937 3843 3515 3914">
    <p class='ocr_par' dir='ltr' id='par_1_99' title="bbox 1937 3843 3515 3914">
     <span class='ocr_line' id='line_1_99' title="bbox 1937 3843 3515 3914; baseline 0.006 -18"><span class='ocrx_word' id='word_1_748' title='bbox 1937 3843 2178 3910; x_wconf 86' lang='lat' dir='ltr'><strong>veniunt,</strong></span> <span class='ocrx_word' id='word_1_749' title='bbox 2207 3845 2454 3899; x_wconf 89' lang='lat' dir='ltr'><strong>ordinata</strong></span> <span class='ocrx_word' id='word_1_750' title='bbox 2481 3845 2668 3914; x_wconf 89' lang='lat' dir='ltr'><strong>procul</strong></span> <span class='ocrx_word' id='word_1_751' title='bbox 2697 3846 2856 3901; x_wconf 89' lang='lat' dir='ltr'><strong>dubio</strong></span> <span class='ocrx_word' id='word_1_752' title='bbox 2885 3848 2940 3904; x_wconf 91' lang='lat' dir='ltr'><strong>in</strong></span> <span class='ocrx_word' id='word_1_753' title='bbox 2973 3850 3136 3905; x_wconf 89' lang='lat' dir='ltr'><strong>corde</strong></span> <span class='ocrx_word' id='word_1_754' title='bbox 3171 3851 3515 3906; x_wconf 88' lang='lat' dir='ltr'><strong>morientium</strong></span> 
     </span>
    </p>
   </div>
   <div class='ocr_carea' id='block_1_100' title="bbox 1935 3933 3512 4006">
    <p class='ocr_par' dir='ltr' id='par_1_100' title="bbox 1935 3933 3512 4006">
     <span class='ocr_line' id='line_1_100' title="bbox 1935 3933 3512 4006; baseline 0.004 -18"><span class='ocrx_word' id='word_1_755' title='bbox 1935 3949 2042 3989; x_wconf 89' lang='lat' dir='ltr'><strong>non</strong></span> <span class='ocrx_word' id='word_1_756' title='bbox 2070 3943 2214 3989; x_wconf 91' lang='lat' dir='ltr'><strong>sunt.</strong></span> <span class='ocrx_word' id='word_1_757' title='bbox 2249 3933 2320 3990; x_wconf 92' lang='lat' dir='ltr'><strong>Ut</strong></span> <span class='ocrx_word' id='word_1_758' title='bbox 2346 3935 2490 3989; x_wconf 91' lang='lat' dir='ltr'><strong>enim</strong></span> <span class='ocrx_word' id='word_1_759' title='bbox 2527 3936 2687 4006; x_wconf 91' lang='lat' dir='ltr'><strong>paulo</strong></span> <span class='ocrx_word' id='word_1_760' title='bbox 2717 3939 2965 4006; x_wconf 88' lang='lat' dir='ltr'><strong>superius</strong></span> <span class='ocrx_word' id='word_1_761' title='bbox 2992 3940 3255 4006; x_wconf 79' lang='lat' dir='ltr'><strong>diximus,</strong></span> <span class='ocrx_word' id='word_1_762' title='bbox 3285 3941 3512 3995; x_wconf 86' lang='lat' dir='ltr'><strong>damna-</strong></span> 
     </span>
    </p>
   </div>
   <div class='ocr_carea' id='block_1_101' title="bbox 1937 4021 3524 4098">
    <p class='ocr_par' dir='ltr' id='par_1_101' title="bbox 1937 4021 3524 4098">
     <span class='ocr_line' id='line_1_101' title="bbox 1937 4021 3524 4098; baseline 0.006 -20"><span class='ocrx_word' id='word_1_763' title='bbox 1937 4033 2020 4079; x_wconf 92' lang='lat' dir='ltr'><strong>tus</strong></span> <span class='ocrx_word' id='word_1_764' title='bbox 2047 4025 2275 4096; x_wconf 83' lang='lat' dir='ltr'><strong>quisque</strong></span> <span class='ocrx_word' id='word_1_765' title='bbox 2303 4025 2438 4080; x_wconf 82' lang='lat' dir='ltr'><strong>foris</strong></span> <span class='ocrx_word' id='word_1_766' title='bbox 2459 4025 2671 4081; x_wconf 89' lang='lat' dir='ltr'><strong>ﬂamma</strong></span> <span class='ocrx_word' id='word_1_767' title='bbox 2697 4030 3061 4098; x_wconf 88' lang='lat' dir='ltr'><strong>succenditur,</strong></span> <span class='ocrx_word' id='word_1_768' title='bbox 3088 4031 3233 4086; x_wconf 90' lang='lat' dir='ltr'><strong>intus</strong></span> <span class='ocrx_word' id='word_1_769' title='bbox 3255 4021 3524 4087; x_wconf 32' lang='lat' dir='ltr'><strong>caecitatis-</strong></span> 
     </span>
    </p>
   </div>
   <div class='ocr_carea' id='block_1_102' title="bbox 1933 4115 3512 4189">
    <p class='ocr_par' dir='ltr' id='par_1_102' title="bbox 1933 4115 3512 4189">
     <span class='ocr_line' id='line_1_102' title="bbox 1933 4115 3512 4189; baseline 0.005 -20"><span class='ocrx_word' id='word_1_770' title='bbox 1933 4115 2055 4185; x_wconf 84' lang='lat' dir='ltr'><strong>igne</strong></span> <span class='ocrx_word' id='word_1_771' title='bbox 2083 4117 2375 4172; x_wconf 86' lang='lat' dir='ltr'><strong>devoratur</strong></span> <span class='ocrx_word' id='word_1_772' title='bbox 2401 4134 2414 4170; x_wconf 90' lang='lat'><strong>:</strong></span> <span class='ocrx_word' id='word_1_773' title='bbox 2438 4126 2599 4186; x_wconf 90' lang='lat' dir='ltr'><strong>atque</strong></span> <span class='ocrx_word' id='word_1_774' title='bbox 2623 4117 2678 4172; x_wconf 92' lang='lat' dir='ltr'><strong>in</strong></span> <span class='ocrx_word' id='word_1_775' title='bbox 2706 4118 2890 4174; x_wconf 87' lang='lat' dir='ltr'><strong>dolore</strong></span> <span class='ocrx_word' id='word_1_776' title='bbox 2919 4120 3129 4189; x_wconf 91' lang='lat' dir='ltr'><strong>positus</strong></span> <span class='ocrx_word' id='word_1_777' title='bbox 3163 4121 3403 4177; x_wconf 82' lang='lat' dir='ltr'><strong>exterius</strong></span> <span class='ocrx_word' id='word_1_778' title='bbox 3431 4123 3512 4176; x_wconf 88' lang='lat' dir='ltr'><strong>in-</strong></span> 
     </span>
    </p>
   </div>
   <div class='ocr_carea' id='block_1_103' title="bbox 1933 4206 3508 4275">
    <p class='ocr_par' dir='ltr' id='par_1_103' title="bbox 1933 4206 3508 4275">
     <span class='ocr_line' id='line_1_103' title="bbox 1933 4206 3508 4275; baseline 0.004 -16"><span class='ocrx_word' id='word_1_779' title='bbox 1933 4206 2206 4275; x_wconf 90' lang='lat' dir='ltr'><strong>teriusque</strong></span> <span class='ocrx_word' id='word_1_780' title='bbox 2241 4207 2619 4272; x_wconf 83' lang='lat' dir='ltr'><strong>confunditur,</strong></span> <span class='ocrx_word' id='word_1_781' title='bbox 2663 4215 2722 4261; x_wconf 92' lang='lat' dir='ltr'><strong>ut</strong></span> <span class='ocrx_word' id='word_1_782' title='bbox 2767 4224 2864 4262; x_wconf 88' lang='lat' dir='ltr'><strong>sua</strong></span> <span class='ocrx_word' id='word_1_783' title='bbox 2913 4210 3152 4264; x_wconf 86' lang='lat' dir='ltr'><strong>deterius</strong></span> <span class='ocrx_word' id='word_1_784' title='bbox 3193 4209 3508 4265; x_wconf 83' lang='lat' dir='ltr'><strong>confusione</strong></span> 
     </span>
    </p>
   </div>
   <div class='ocr_carea' id='block_1_104' title="bbox 1931 4293 3505 4365">
    <p class='ocr_par' dir='ltr' id='par_1_104' title="bbox 1931 4293 3505 4365">
     <span class='ocr_line' id='line_1_104' title="bbox 1931 4293 3505 4365; baseline 0.002 -17"><span class='ocrx_word' id='word_1_785' title='bbox 1931 4295 2220 4349; x_wconf 87' lang='lat' dir='ltr'><strong>crucietur.</strong></span> <span class='ocrx_word' id='word_1_786' title='bbox 2244 4293 2496 4364; x_wconf 82' lang='lat' dir='ltr'><strong>Repulsis</strong></span> <span class='ocrx_word' id='word_1_787' title='bbox 2530 4310 2658 4365; x_wconf 88' lang='lat' dir='ltr'><strong>ergo</strong></span> <span class='ocrx_word' id='word_1_788' title='bbox 2691 4297 2824 4350; x_wconf 91' lang='lat' dir='ltr'><strong>ordo</strong></span> <span class='ocrx_word' id='word_1_789' title='bbox 2852 4297 2903 4349; x_wconf 93' lang='lat' dir='ltr'><strong>in</strong></span> <span class='ocrx_word' id='word_1_790' title='bbox 2936 4296 3197 4365; x_wconf 89' lang='lat' dir='ltr'><strong>supplicio</strong></span> <span class='ocrx_word' id='word_1_791' title='bbox 3229 4312 3335 4352; x_wconf 91' lang='lat' dir='ltr'><strong>non</strong></span> <span class='ocrx_word' id='word_1_792' title='bbox 3365 4297 3505 4363; x_wconf 92' lang='lat' dir='ltr'><strong>erit,</strong></span> 
     </span>
    </p>
   </div>
   <div class='ocr_carea' id='block_1_105' title="bbox 1930 4386 3506 4467">
    <p class='ocr_par' dir='ltr' id='par_1_105' title="bbox 1930 4386 3506 4467">
     <span class='ocr_line' id='line_1_105' title="bbox 1930 4386 3506 4467; baseline 0.003 -28"><span class='ocrx_word' id='word_1_793' title='bbox 1930 4387 2054 4457; x_wconf 91' lang='lat' dir='ltr'><strong>quia</strong></span> <span class='ocrx_word' id='word_1_794' title='bbox 2098 4387 2153 4442; x_wconf 92' lang='lat' dir='ltr'><strong>in</strong></span> <span class='ocrx_word' id='word_1_795' title='bbox 2182 4402 2367 4440; x_wconf 91' lang='lat' dir='ltr'><strong>eorum</strong></span> <span class='ocrx_word' id='word_1_796' title='bbox 2404 4395 2574 4439; x_wconf 89' lang='lat' dir='ltr'><strong>morte</strong></span> <span class='ocrx_word' id='word_1_797' title='bbox 2611 4388 2846 4442; x_wconf 90' lang='lat' dir='ltr'><strong>atrocius</strong></span> <span class='ocrx_word' id='word_1_798' title='bbox 2881 4389 2997 4467; x_wconf 79' lang='lat' dir='ltr'><strong>ipsa</strong></span> <span class='ocrx_word' id='word_1_799' title='bbox 3037 4386 3280 4443; x_wconf 79' lang='lat' dir='ltr'><strong>confusio</strong></span> <span class='ocrx_word' id='word_1_800' title='bbox 3310 4391 3506 4444; x_wconf 88' lang='lat' dir='ltr'><strong>mentis</strong></span> 
     </span>
    </p>
   </div>
   <div class='ocr_carea' id='block_1_106' title="bbox 1933 4473 3502 4552">
    <p class='ocr_par' dir='ltr' id='par_1_106' title="bbox 1933 4473 3502 4552">
     <span class='ocr_line' id='line_1_106' title="bbox 1933 4473 3502 4552; baseline 0.001 -16"><span class='ocrx_word' id='word_1_801' title='bbox 1933 4481 2102 4536; x_wconf 88' lang='lat' dir='ltr'><strong>saevit.</strong></span> <span class='ocrx_word' id='word_1_802' title='bbox 2128 4480 2336 4548; x_wconf 89' lang='lat' dir='ltr'><strong>Quanta</strong></span> <span class='ocrx_word' id='word_1_803' title='bbox 2361 4481 2504 4534; x_wconf 88' lang='lat' dir='ltr'><strong>enim</strong></span> <span class='ocrx_word' id='word_1_804' title='bbox 2532 4473 2666 4533; x_wconf 82' lang='lat' dir='ltr'><strong>inira</strong></span> <span class='ocrx_word' id='word_1_805' title='bbox 2691 4481 2927 4550; x_wconf 89' lang='lat' dir='ltr'><strong>potentia</strong></span> <span class='ocrx_word' id='word_1_806' title='bbox 2947 4480 3245 4550; x_wconf 90' lang='lat' dir='ltr'><strong>judicantis</strong></span> <span class='ocrx_word' id='word_1_807' title='bbox 3273 4481 3502 4552; x_wconf 78' lang='lat' dir='ltr'><strong>:nquitas</strong></span> 
     </span>
    </p>
   </div>
   <div class='ocr_carea' id='block_1_107' title="bbox 1929 4570 3503 4640">
    <p class='ocr_par' dir='ltr' id='par_1_107' title="bbox 1929 4570 3503 4640">
     <span class='ocr_line' id='line_1_107' title="bbox 1929 4570 3503 4640; baseline 0.002 -15"><span class='ocrx_word' id='word_1_808' title='bbox 1929 4571 2144 4626; x_wconf 90' lang='lat' dir='ltr'><strong>ordinat</strong></span> <span class='ocrx_word' id='word_1_809' title='bbox 2168 4579 2226 4624; x_wconf 93' lang='lat' dir='ltr'><strong>ut</strong></span> <span class='ocrx_word' id='word_1_810' title='bbox 2253 4585 2412 4639; x_wconf 79' lang='lat' dir='ltr'><strong>poma</strong></span> <span class='ocrx_word' id='word_1_811' title='bbox 2458 4570 2696 4623; x_wconf 89' lang='lat' dir='ltr'><strong>animum</strong></span> <span class='ocrx_word' id='word_1_812' title='bbox 2747 4571 2901 4640; x_wconf 88' lang='lat' dir='ltr'><strong>quasi</strong></span> <span class='ocrx_word' id='word_1_813' title='bbox 2948 4570 3251 4626; x_wconf 89' lang='lat' dir='ltr'><strong>inordinata</strong></span> <span class='ocrx_word' id='word_1_814' title='bbox 3278 4573 3503 4628; x_wconf 82' lang='lat' dir='ltr'><strong>confun-</strong></span> 
     </span>
    </p>
   </div>
   <div class='ocr_carea' id='block_1_108' title="bbox 1929 4662 3499 4736">
    <p class='ocr_par' dir='ltr' id='par_1_108' title="bbox 1929 4662 3499 4736">
     <span class='ocr_line' id='line_1_108' title="bbox 1929 4662 3499 4736; baseline 0.003 -20"><span class='ocrx_word' id='word_1_815' title='bbox 1929 4663 2038 4716; x_wconf 89' lang='lat' dir='ltr'><strong>dat.</strong></span> <span class='ocrx_word' id='word_1_816' title='bbox 2071 4662 2165 4718; x_wconf 71' lang='grc' dir='ltr'><strong>γει</strong></span> <span class='ocrx_word' id='word_1_817' title='bbox 2209 4671 2357 4717; x_wconf 88' lang='lat' dir='ltr'><strong>certe</strong></span> <span class='ocrx_word' id='word_1_818' title='bbox 2398 4663 2530 4718; x_wconf 89' lang='lat' dir='ltr'><strong>ordo</strong></span> <span class='ocrx_word' id='word_1_819' title='bbox 2574 4663 2763 4718; x_wconf 89' lang='lat' dir='ltr'><strong>abesse</strong></span> <span class='ocrx_word' id='word_1_820' title='bbox 2800 4663 3076 4734; x_wconf 89' lang='lat' dir='ltr'><strong>suppliciis</strong></span> <span class='ocrx_word' id='word_1_821' title='bbox 3115 4665 3328 4732; x_wconf 91' lang='lat' dir='ltr'><strong>dicitur,</strong></span> <span class='ocrx_word' id='word_1_822' title='bbox 3373 4667 3499 4736; x_wconf 90' lang='lat' dir='ltr'><strong>quia</strong></span> 
     </span>
    </p>
   </div>
   <div class='ocr_carea' id='block_1_109' title="bbox 1927 4747 3498 4825">
    <p class='ocr_par' dir='ltr' id='par_1_109' title="bbox 1927 4747 3498 4825">
     <span class='ocr_line' id='line_1_109' title="bbox 1927 4747 3498 4825; baseline 0.005 -20"><span class='ocrx_word' id='word_1_823' title='bbox 1927 4751 2256 4820; x_wconf 88' lang='lat' dir='ltr'><strong>quibuslibet</strong></span> <span class='ocrx_word' id='word_1_824' title='bbox 2282 4752 2334 4805; x_wconf 91' lang='lat' dir='ltr'><strong>in</strong></span> <span class='ocrx_word' id='word_1_825' title='bbox 2358 4747 2519 4822; x_wconf 86' lang='lat' dir='ltr'><strong>poena</strong></span> <span class='ocrx_word' id='word_1_826' title='bbox 2540 4753 2874 4824; x_wconf 87' lang='lat' dir='ltr'><strong>rugientibus</strong></span> <span class='ocrx_word' id='word_1_827' title='bbox 2893 4754 3108 4825; x_wconf 91' lang='lat' dir='ltr'><strong>propria</strong></span> <span class='ocrx_word' id='word_1_828' title='bbox 3136 4755 3367 4824; x_wconf 88' lang='lat' dir='ltr'><strong>qualitas</strong></span> <span class='ocrx_word' id='word_1_829' title='bbox 3391 4773 3498 4813; x_wconf 91' lang='lat' dir='ltr'><strong>non</strong></span> 
     </span>
    </p>
   </div>
   <div class='ocr_carea' id='block_1_110' title="bbox 1926 4843 3500 4918">
    <p class='ocr_par' dir='ltr' id='par_1_110' title="bbox 1926 4843 3500 4918">
     <span class='ocr_line' id='line_1_110' title="bbox 1926 4843 3500 4918; baseline 0.004 -19"><span class='ocrx_word' id='word_1_830' title='bbox 1926 4853 2192 4899; x_wconf 84' lang='lat' dir='ltr'><strong>servatur.</strong></span> <span class='ocrx_word' id='word_1_831' title='bbox 2225 4843 2376 4900; x_wconf 90' lang='lat' dir='ltr'><strong>Unde</strong></span> <span class='ocrx_word' id='word_1_832' title='bbox 2407 4853 2460 4899; x_wconf 86' lang='lat' dir='ltr'><strong>et</strong></span> <span class='ocrx_word' id='word_1_833' title='bbox 2489 4847 2732 4914; x_wconf 90' lang='lat' dir='ltr'><strong>protinus</strong></span> <span class='ocrx_word' id='word_1_834' title='bbox 2756 4845 3107 4911; x_wconf 86' lang='lat' dir='ltr'><strong>subinfertur,</strong></span> <span class='ocrx_word' id='word_1_835' title='bbox 3131 4855 3186 4902; x_wconf 91' lang='lat' dir='ltr'><strong>et</strong></span> <span class='ocrx_word' id='word_1_836' title='bbox 3219 4850 3500 4918; x_wconf 89' lang='lat' dir='ltr'><strong>sempiter-</strong></span> 
     </span>
    </p>
   </div>
   <div class='ocr_carea' id='block_1_111' title="bbox 1923 4935 3499 5004">
    <p class='ocr_par' dir='ltr' id='par_1_111' title="bbox 1923 4935 3499 5004">
     <span class='ocr_line' id='line_1_111' title="bbox 1923 4935 3499 5004; baseline 0.002 -12"><span class='ocrx_word' id='word_1_837' title='bbox 1923 4952 2025 4992; x_wconf 92' lang='lat' dir='ltr'><strong>nus</strong></span> <span class='ocrx_word' id='word_1_838' title='bbox 2047 4937 2239 4992; x_wconf 92' lang='lat' dir='ltr'><strong>horror</strong></span> <span class='ocrx_word' id='word_1_839' title='bbox 2268 4937 2572 4992; x_wconf 88' lang='lat' dir='ltr'><strong>inhabitans</strong></span> <span class='ocrx_word' id='word_1_840' title='bbox 2599 4937 2651 4990; x_wconf 92' lang='lat' dir='ltr'><strong>in</strong></span> <span class='ocrx_word' id='word_1_841' title='bbox 2684 4935 2838 5003; x_wconf 92' lang='lat' dir='ltr'><strong>hujus</strong></span> <span class='ocrx_word' id='word_1_842' title='bbox 2869 4937 2991 4991; x_wconf 75' lang='lat' dir='ltr'><strong>vita:</strong></span> <span class='ocrx_word' id='word_1_843' title='bbox 3013 4940 3309 5004; x_wconf 89' lang='lat' dir='ltr'><strong>tormentis,</strong></span> <span class='ocrx_word' id='word_1_844' title='bbox 3335 4943 3499 4995; x_wconf 88' lang='lat' dir='ltr'><strong>timor</strong></span> 
     </span>
    </p>
   </div>
   <div class='ocr_carea' id='block_1_112' title="bbox 1922 5028 3490 5093">
    <p class='ocr_par' dir='ltr' id='par_1_112' title="bbox 1922 5028 3490 5093">
     <span class='ocr_line' id='line_1_112' title="bbox 1922 5028 3490 5093; baseline 0.001 -10"><span class='ocrx_word' id='word_1_845' title='bbox 1922 5029 2160 5086; x_wconf 88' lang='lat' dir='ltr'><strong>dolorem</strong></span> <span class='ocrx_word' id='word_1_846' title='bbox 2201 5045 2310 5084; x_wconf 91' lang='lat' dir='ltr'><strong>non</strong></span> <span class='ocrx_word' id='word_1_847' title='bbox 2353 5030 2533 5093; x_wconf 88' lang='lat' dir='ltr'><strong>habet,</strong></span> <span class='ocrx_word' id='word_1_848' title='bbox 2580 5036 2634 5084; x_wconf 91' lang='lat' dir='ltr'><strong>et</strong></span> <span class='ocrx_word' id='word_1_849' title='bbox 2680 5028 2832 5083; x_wconf 85' lang='lat' dir='ltr'><strong>dolor</strong></span> <span class='ocrx_word' id='word_1_850' title='bbox 2879 5029 3124 5086; x_wconf 90' lang='lat' dir='ltr'><strong>timorem</strong></span> <span class='ocrx_word' id='word_1_851' title='bbox 3168 5046 3273 5085; x_wconf 89' lang='lat' dir='ltr'><strong>non</strong></span> <span class='ocrx_word' id='word_1_852' title='bbox 3306 5032 3490 5086; x_wconf 88' lang='lat' dir='ltr'><strong>habet.</strong></span> 
     </span>
    </p>
   </div>
   <div class='ocr_carea' id='block_1_113' title="bbox 1923 5119 3492 5191">
    <p class='ocr_par' dir='ltr' id='par_1_113' title="bbox 1923 5119 3492 5191">
     <span class='ocr_line' id='line_1_113' title="bbox 1923 5119 3492 5191; baseline 0.001 -18"><span class='ocrx_word' id='word_1_853' title='bbox 1923 5119 2057 5187; x_wconf 92' lang='lat' dir='ltr'><strong>Quia</strong></span> <span class='ocrx_word' id='word_1_854' title='bbox 2086 5135 2424 5191; x_wconf 90' lang='lat' dir='ltr'><strong>nequaquam</strong></span> <span class='ocrx_word' id='word_1_855' title='bbox 2464 5127 2698 5174; x_wconf 90' lang='lat' dir='ltr'><strong>mentem</strong></span> <span class='ocrx_word' id='word_1_856' title='bbox 2745 5128 2919 5174; x_wconf 90' lang='lat' dir='ltr'><strong>metus</strong></span> <span class='ocrx_word' id='word_1_857' title='bbox 2963 5120 3203 5187; x_wconf 90' lang='lat' dir='ltr'><strong>cruciat,</strong></span> <span class='ocrx_word' id='word_1_858' title='bbox 3231 5137 3353 5177; x_wconf 92' lang='lat' dir='ltr'><strong>cum</strong></span> <span class='ocrx_word' id='word_1_859' title='bbox 3384 5121 3492 5190; x_wconf 87' lang='lat' dir='ltr'><strong>pati</strong></span> 
     </span>
    </p>
   </div>
   <div class='ocr_carea' id='block_1_114' title="bbox 1915 5210 3489 5283">
    <p class='ocr_par' dir='ltr' id='par_1_114' title="bbox 1915 5210 3489 5283">
     <span class='ocr_line' id='line_1_114' title="bbox 1915 5210 3489 5283; baseline 0 -18"><span class='ocrx_word' id='word_1_860' title='bbox 1915 5212 2027 5281; x_wconf 88' lang='lat' dir='ltr'><strong>jam</strong></span> <span class='ocrx_word' id='word_1_861' title='bbox 2050 5213 2278 5282; x_wconf 73' lang='lat' dir='ltr'><strong>cmperit</strong></span> <span class='ocrx_word' id='word_1_862' title='bbox 2294 5213 2437 5283; x_wconf 94' lang='lat' dir='ltr'><strong>quod</strong></span> <span class='ocrx_word' id='word_1_863' title='bbox 2457 5211 2747 5266; x_wconf 88' lang='lat' dir='ltr'><strong>metuebat.</strong></span> <span class='ocrx_word' id='word_1_864' title='bbox 2774 5210 3044 5266; x_wconf 80' lang='lat' dir='ltr'><strong>lniernum</strong></span> <span class='ocrx_word' id='word_1_865' title='bbox 3071 5227 3196 5267; x_wconf 90' lang='lat' dir='ltr'><strong>vero</strong></span> <span class='ocrx_word' id='word_1_866' title='bbox 3221 5221 3276 5266; x_wconf 92' lang='lat' dir='ltr'><strong>et</strong></span> <span class='ocrx_word' id='word_1_867' title='bbox 3302 5212 3489 5265; x_wconf 89' lang='lat' dir='ltr'><strong>umbra</strong></span> 
     </span>
    </p>
   </div>
   <div class='ocr_carea' id='block_1_115' title="bbox 1921 5299 3488 5369">
    <p class='ocr_par' dir='ltr' id='par_1_115' title="bbox 1921 5299 3488 5369">
     <span class='ocr_line' id='line_1_115' title="bbox 1921 5299 3488 5369; baseline -0.003 -15"><span class='ocrx_word' id='word_1_868' title='bbox 1921 5301 2110 5356; x_wconf 90' lang='lat' dir='ltr'><strong>mortis</strong></span> <span class='ocrx_word' id='word_1_869' title='bbox 2151 5303 2440 5365; x_wconf 89' lang='lat' dir='ltr'><strong>obscurat,</strong></span> <span class='ocrx_word' id='word_1_870' title='bbox 2481 5309 2535 5356; x_wconf 91' lang='lat' dir='ltr'><strong>et</strong></span> <span class='ocrx_word' id='word_1_871' title='bbox 2567 5299 2924 5369; x_wconf 84' lang='lat' dir='ltr'><strong>sempiternus</strong></span> <span class='ocrx_word' id='word_1_872' title='bbox 2963 5301 3157 5356; x_wconf 90' lang='lat' dir='ltr'><strong>horror</strong></span> <span class='ocrx_word' id='word_1_873' title='bbox 3193 5299 3488 5361; x_wconf 88' lang='lat' dir='ltr'><strong>inhabitat,</strong></span> 
     </span>
    </p>
   </div>
   <div class='ocr_carea' id='block_1_116' title="bbox 1919 5385 3488 5462">
    <p class='ocr_par' dir='ltr' id='par_1_116' title="bbox 1919 5385 3488 5462">
     <span class='ocr_line' id='line_1_116' title="bbox 1919 5385 3488 5462; baseline -0.003 -19"><span class='ocrx_word' id='word_1_874' title='bbox 1919 5391 2045 5460; x_wconf 90' lang='lat' dir='ltr'><strong>quia</strong></span> <span class='ocrx_word' id='word_1_875' title='bbox 2088 5389 2203 5460; x_wconf 89' lang='lat' dir='ltr'><strong>ejus</strong></span> <span class='ocrx_word' id='word_1_876' title='bbox 2243 5389 2455 5462; x_wconf 91' lang='lat' dir='ltr'><strong>ignibus</strong></span> <span class='ocrx_word' id='word_1_877' title='bbox 2493 5389 2710 5453; x_wconf 90' lang='lat' dir='ltr'><strong>traditi,</strong></span> <span class='ocrx_word' id='word_1_878' title='bbox 2749 5397 2804 5443; x_wconf 92' lang='lat' dir='ltr'><strong>et</strong></span> <span class='ocrx_word' id='word_1_879' title='bbox 2849 5390 2901 5443; x_wconf 93' lang='lat' dir='ltr'><strong>in</strong></span> <span class='ocrx_word' id='word_1_880' title='bbox 2933 5388 3208 5459; x_wconf 90' lang='lat' dir='ltr'><strong>suppliciis</strong></span> <span class='ocrx_word' id='word_1_881' title='bbox 3253 5385 3488 5439; x_wconf 86' lang='lat' dir='ltr'><strong>dolorem</strong></span> 
     </span>
    </p>
   </div>
   <div class='ocr_carea' id='block_1_117' title="bbox 1918 5478 3489 5550">
    <p class='ocr_par' dir='ltr' id='par_1_117' title="bbox 1918 5478 3489 5550">
     <span class='ocr_line' id='line_1_117' title="bbox 1918 5478 3489 5550; baseline -0.006 -16"><span class='ocrx_word' id='word_1_882' title='bbox 1918 5480 2179 5545; x_wconf 85' lang='lat' dir='ltr'><strong>sentiunt,</strong></span> <span class='ocrx_word' id='word_1_883' title='bbox 2203 5489 2258 5536; x_wconf 89' lang='lat' dir='ltr'><strong>et</strong></span> <span class='ocrx_word' id='word_1_884' title='bbox 2292 5479 2492 5536; x_wconf 91' lang='lat' dir='ltr'><strong>doloris</strong></span> <span class='ocrx_word' id='word_1_885' title='bbox 2530 5478 2774 5550; x_wconf 89' lang='lat' dir='ltr'><strong>angustia</strong></span> <span class='ocrx_word' id='word_1_886' title='bbox 2813 5478 3007 5548; x_wconf 90' lang='lat' dir='ltr'><strong>pulsati</strong></span> <span class='ocrx_word' id='word_1_887' title='bbox 3042 5490 3252 5544; x_wconf 87' lang='lat' dir='ltr'><strong>semper</strong></span> <span class='ocrx_word' id='word_1_888' title='bbox 3292 5489 3489 5544; x_wconf 75' lang='lat' dir='ltr'><strong>pavore</strong></span> 
     </span>
    </p>
   </div>
   <div class='ocr_carea' id='block_1_118' title="bbox 1919 5566 3486 5642">
    <p class='ocr_par' dir='ltr' id='par_1_118' title="bbox 1919 5566 3486 5642">
     <span class='ocr_line' id='line_1_118' title="bbox 1919 5566 3486 5642; baseline -0.002 -21"><span class='ocrx_word' id='word_1_889' title='bbox 1919 5569 2184 5624; x_wconf 81' lang='lat' dir='ltr'><strong>feriuntur</strong></span> <span class='ocrx_word' id='word_1_890' title='bbox 2212 5589 2226 5624; x_wconf 89' lang='lat'><strong>:</strong></span> <span class='ocrx_word' id='word_1_891' title='bbox 2254 5579 2312 5626; x_wconf 91' lang='lat' dir='ltr'><strong>ut</strong></span> <span class='ocrx_word' id='word_1_892' title='bbox 2337 5579 2390 5625; x_wconf 88' lang='lat' dir='ltr'><strong>et</strong></span> <span class='ocrx_word' id='word_1_893' title='bbox 2411 5571 2552 5642; x_wconf 92' lang='lat' dir='ltr'><strong>quod</strong></span> <span class='ocrx_word' id='word_1_894' title='bbox 2577 5571 2764 5626; x_wconf 89' lang='lat' dir='ltr'><strong>timent</strong></span> <span class='ocrx_word' id='word_1_895' title='bbox 2787 5568 3036 5631; x_wconf 89' lang='lat' dir='ltr'><strong>tolerent,</strong></span> <span class='ocrx_word' id='word_1_896' title='bbox 3063 5574 3118 5621; x_wconf 89' lang='lat' dir='ltr'><strong>et</strong></span> <span class='ocrx_word' id='word_1_897' title='bbox 3142 5581 3326 5620; x_wconf 89' lang='lat' dir='ltr'><strong>rursus</strong></span> <span class='ocrx_word' id='word_1_898' title='bbox 3346 5566 3486 5634; x_wconf 84' lang='lat' dir='ltr'><strong>quod</strong></span> 
     </span>
    </p>
   </div>
   <div class='ocr_carea' id='block_1_119' title="bbox 1920 5649 3487 5729">
    <p class='ocr_par' dir='ltr' id='par_1_119' title="bbox 1920 5649 3487 5729">
     <span class='ocr_line' id='line_1_119' title="bbox 1920 5649 3487 5729; baseline -0.004 -13"><span class='ocrx_word' id='word_1_899' title='bbox 1920 5661 2148 5716; x_wconf 86' lang='lat' dir='ltr'><strong>tolerant</strong></span> <span class='ocrx_word' id='word_1_900' title='bbox 2180 5661 2295 5716; x_wconf 82' lang='lat' dir='ltr'><strong>sine</strong></span> <span class='ocrx_word' id='word_1_901' title='bbox 2316 5661 2612 5717; x_wconf 88' lang='lat' dir='ltr'><strong>cessatione</strong></span> <span class='ocrx_word' id='word_1_902' title='bbox 2641 5659 3043 5729; x_wconf 85' lang='lat' dir='ltr'><strong>pertimescant.</strong></span> <span class='ocrx_word' id='word_1_903' title='bbox 3071 5655 3144 5710; x_wconf 88' lang='lat' dir='ltr'><strong>Dc</strong></span> <span class='ocrx_word' id='word_1_904' title='bbox 3175 5655 3258 5709; x_wconf 89' lang='lat' dir='ltr'><strong>his</strong></span> <span class='ocrx_word' id='word_1_905' title='bbox 3291 5649 3487 5714; x_wconf 80' lang='lat' dir='ltr'><strong>eicuiut</strong></span> 
     </span>
    </p>
   </div>
  </div>
