4020 6338
575 355 680 414 955
1063 354 1417 412 HAYMONIS
1455 351 1929 409 HALBERSTAT.
1971 351 2183 409 EPISC.
2225 352 2374 410 OPP.
2412 354 2590 413 PARS
2622 356 2708 413 Ill.
2748 384 2819 396 —
2850 355 3345 415 MISCELLANEA.
3790 362 3901 418 956

574 481 836 551 scriptum
870 486 955 533 est
979 494 993 529 :
1034 473 1234 529 Vermia
1275 485 1455 528 eorum
1486 488 1589 526 non
1623 471 1895 537 morietur,
1924 481 1973 524 et
2004 470 2147 540 ignis
2174 472 2226 532 Α
2251 468 2392 527 idem
2422 484 2517 524 rex
2544 469 2598 524 in
2625 468 2823 524 camini
2848 470 3096 526 incendio
3118 470 3421 540 exploraret
3445 471 3685 538 illaesis,
3715 477 3901 530 vesti-

574 590 751 631 eorum
780 587 882 628 non
911 571 1266 638 exstinguetur
1295 566 1487 638 (Marc.
1527 564 1757 632 Ix)..llic
1788 562 2004 618 ﬂamma
2038 578 2158 633 quae
2265 561 2367 617 bus
2407 560 2814 617 deambulautes
2849 561 3003 617 vidit.
3032 561 3135 617 Ubi
3172 573 3361 633 aperte
3408 564 3722 636 colligitur
3764 569 3895 637 quia

574 664 848 725 succendit
871 662 1153 726 illuminat,
1178 660 1379 730 illic(ut
1401 658 1648 728 superius
1661 656 1842 711 verbis
1862 653 2156 709 Psalmistae
2264 652 2401 708 mira
2428 652 2827 723 dispensatione
2853 652 3179 719 Conditoris,
3215 654 3355 726 ignis
3377 655 3643 725 qualitas
3694 657 3758 708 in
3807 656 3890 710 di-

573 755 873 827 docuimus)
926 752 1067 824 ignis
1107 751 1198 820 qui
1246 750 1482 812 cruciat,
1532 749 1804 804 obscurat.
1844 746 1943 801 Hic
1980 754 2155 801 metus

571 847 852 910 amittitur,
884 860 1008 900 cum
1038 842 1254 899 tolerari
1288 838 1402 909 jam
1438 842 1634 911 erepit,
1656 839 1799 909 quod
1839 838 2149 893 timebatur.

568 941 683 996 Illic
733 944 788 993 et
836 936 990 992 dolor
1018 933 1243 989 dilaniat
1282 941 1337 987 et
1368 947 1540 1002 pavor
1566 938 1835 1000 angustat.
1869 928 2153 984 Horrendo

570 1032 735 1103 igitur
759 1030 922 1085 modo
959 1027 1064 1084 erit
1101 1037 1230 1081 tunc
1252 1024 1499 1095 reprobis
1523 1022 1675 1077 dolor
1695 1035 1817 1076 cum
1840 1020 2146 1087 formidine,

567 1122 763 1176 damna
794 1134 916 1176 cum
945 1118 1297 1174 obscuritate.
1324 1113 1381 1169 Si
1410 1114 1491 1169 sic
1514 1112 1763 1168 videlicet
1803 1128 1835 1166 a
1881 1111 2149 1165 damnatis

566 1211 753 1268 sentiri
783 1211 994 1284 pondus
1022 1221 1248 1264 summae
1273 1205 1543 1276 aequitatis
1567 1204 1753 1267 debet,
1786 1210 1846 1256 ut
1870 1202 1960 1271 qui
1987 1219 2017 1256 a
2046 1214 2146 1255 vo-

565 1305 771 1359 luntate
795 1301 1106 1359 Conditoris
1136 1312 1471 1369 nequaquam
1500 1305 1628 1350 sunt
1656 1294 1815 1350 veriti
1841 1295 2148 1363 discrepare

563 1396 690 1451 dum
731 1395 997 1467 viverent,
1035 1392 1088 1446 in
1116 1404 1303 1446 eorum
1352 1389 1677 1458 quandoque
1711 1386 1930 1440 interitu
1966 1385 2078 1453 ipsa
2111 1401 2143 1439 a

563 1487 675 1542 suis
705 1486 1055 1557 qualitatibus
1084 1483 1252 1538 etiam
1294 1489 1560 1536 tormenta
1590 1478 1917 1534 discordent.
1946 1477 2150 1545 Quate-

563 1594 664 1633 nus
693 1579 788 1649 qui
815 1593 873 1632 se
901 1576 1215 1645 impugnent
1243 1574 1515 1628 cruciatus
1539 1579 1794 1643 augeant,
1826 1580 1880 1625 et
1908 1584 2027 1625 cum
2051 1585 2143 1624 va-

564 1670 640 1722 ria
690 1668 958 1738 prodeunt
999 1665 1367 1735 multipliciter
1411 1663 1733 1719 sentiantur.
1784 1662 1914 1730 Quae
1960 1670 2138 1717 tamen

462 1758 463 1761 “
561 1760 820 1831 supplicia
851 1759 903 1813 in
934 1774 992 1813 se
1014 1758 1258 1813 diversos
1285 1764 1339 1810 et
1366 1755 1503 1810 ultra
1531 1755 1676 1808 vires
1694 1754 1958 1817 cruciant,
1982 1761 2037 1807 et
2057 1752 2138 1807 eis

2262 759 2418 800 versa
2440 746 2640 801 virtute
2663 754 2983 815 temperata,
3009 754 3066 801 et
3086 746 3410 809 vestimenta
3430 763 3544 802 non
3572 748 3811 817 attigit,
3839 757 3891 801 et

2261 836 2472 893 vincula
2494 837 2732 895 incendit
2757 856 2769 891 :
2801 838 3115 907 sanctisque
3143 838 3276 894 viris
3304 847 3363 893 et
3388 839 3458 895 ad
3496 838 3885 894 inferendum

2260 928 2834 987 tormentumﬂamma
2860 928 3049 1001 friguit
3065 971 3091 996 ι
3112 940 3170 985 et
3195 930 3263 986 ad
3303 931 3610 987 solutionis
3660 941 3884 1002 myste-

2257 1018 2399 1073 rium
2428 1019 2651 1074 exarsit.
2681 1018 2834 1075 Sicut
2881 1035 3012 1091 ergo
3058 1020 3412 1093 electisignis
3448 1021 3683 1077 ardere
3729 1023 3881 1077 novit

2255 1108 2324 1163 ad
2353 1107 2605 1163 solatium
2625 1150 2640 1174 ,
2668 1118 2727 1165 et
2753 1118 2932 1164 tamen
2956 1110 3152 1166 ardere
3174 1112 3241 1165 ad
3265 1112 3611 1182 supplicium
3662 1114 3873 1174 nescit.

2254 1197 2626 1257 ita.e.diverso
2654 1201 2915 1270 gehennae
2946 1200 3183 1259 ﬂamma.
3204 1204 3450 1274 reprobis
3473 1245 3491 1271 ,
3544 1213 3614 1259 et
3659 1221 3871 1276 nequa-

2252 1306 2413 1360 quam
2449 1291 2594 1347 lucet
2620 1292 2689 1347 ad
2719 1292 3104 1349 consolationis
3129 1295 3382 1366 gratiam,
3409 1304 3469 1351 et
3492 1304 3708 1351 tamen
3732 1296 3871 1353 lucet

2251 1380 2319 1434 ad
2349 1394 2566 1450 prunam
2593 1398 2607 1434 :
2637 1389 2699 1436 ut
2721 1380 3103 1439 damnatorum
3128 1384 3305 1440 oculis
3329 1385 3470 1455 ignis
3506 1386 3790 1457 supplicii
3814 1395 3865 1442 et

2249 1469 2395 1525 nulla
2421 1471 2670 1528 claritate
2692 1473 2939 1539 candeat,
2961 1475 3337 1531 etaddoloris
3356 1477 3665 1533 cumulum
3683 1479 3861 1535 diioui

2249 1560 2486 1630 qualiter
2525 1562 2836 1619 crucientur
2859 1565 3135 1621 ostendat.
3162 1565 3302 1633 Quid
3333 1575 3545 1625 autem-
3570 1568 3791 1625 mirum
3815 1568 3859 1624 si

2247 1649 2508 1720 gehennae
2551 1651 2728 1720 ignem
2758 1653 3030 1709 credimus
3042 1654 3270 1713 .-ha_bere
3309 1655 3663 1725 supplicium
3703 1658 3856 1712 simul

2245 1741 2595 1797 obscuritatis
2616 1750 2671 1797 et
2688 1743 2931 1809 luminis,
2953 1745 3171 1814 quando
3191 1746 3582 1816 experimento
3606 1749 3853 1805 novimus

559 1854 684 1908 vita:
719 1850 1016 1908 subsidium
1049 1850 1458 1921 exstinguentes
1498 1855 1748 1910 servant,
1784 1854 1846 1900 ut
1871 1845 1952 1901 sie
1975 1845 2143 1900 vitam
2173 1831 2219 1891 Β
2247 1834 2375 1903 quia
2400 1844 2458 1889 ει
2484 1836 2746 1890 ιωίὶπυιη
2775 1834 2993 1891 ﬂamma
3031 1835 3177 1894 Ῑυοοι
3200 1837 3455 1893 obscur»
3504 1839 3689 1901 Tum:
3722 1842 3846 1896 edax

559 1949 833 2011 terminus,
863 1944 1089 2017 puniat,
1120 1953 1389 2015 quatenus
1426 1959 1641 2015 semper
1681 1944 1969 2013 terminum
2015 1958 2139 1999 eru-

555 2022 731 2095 ciatus
765 2053 861 2109 per
887 2045 1156 2093 tormenta
1205 2035 1479 2106 proferat,
1509 2044 1564 2091 et
1599 2037 1716 2105 sine
1747 2035 1852 2091 fine
1880 2034 2139 2090 deﬁciens

553 2131 732 2189 duret.
769 2128 854 2184 Fit
880 2145 1008 2199 ergo
1037 2128 1250 2182 miseris
1280 2143 1427 2194 mors
1456 2128 1571 2182 sine
1612 2135 1787 2183 morte
1809 2167 1823 2192 ,
1859 2125 1980 2182 finis
2020 2126 2138 2181 sine

553 2220 680 2285 fine,
713 2219 954 2279 defectus
982 2218 1102 2282 sine
1131 2215 1363 2282 defectu,
1389 2217 1514 2286 quia
1540 2227 1595 2272 et
1616 2218 1762 2273 mors
1785 2217 1916 2287 vivit
1938 2225 1993 2271 et
2015 2217 2137 2271 ﬁnis

552 2328 769 2385 semper
799 2312 1007 2381 incipit,
1030 2319 1081 2366 et
1107 2308 1339 2371 deiicere
1369 2308 1611 2365 defectus
1642 2310 1834 2375 nescit.
1862 2310 1997 2379 Quia
2033 2311 2134 2382 igi-

551 2412 640 2458 tur
681 2416 738 2459 et
786 2419 932 2460 mors
977 2403 1195 2473 perimit
1240 2412 1295 2457 et
1326 2418 1430 2457 non
1459 2403 1753 2473 exstinguit
1784 2422 1797 2456 :
1827 2402 1981 2458 dolor
2013 2417 2136 2458 cru-

549 2494 675 2562 ciat,
711 2493 804 2550 sed
835 2493 1138 2548 nullatenus
1166 2507 1422 2563 pavorem
1449 2493 1634 2563 fugat:
1658 2492 1874 2559 ﬂamma
1913 2494 2133 2549 combu-

548 2570 651 2648 rit,
686 2582 779 2638 sed
807 2597 1148 2654 nequaquam
1177 2584 1431 2638 tenebras
1459 2582 1699 2649 discutit.
1737 2583 2005 2651 Quantum
2038 2597 2134 2652 per

547 2675 797 2731 notitiam
828 2676 1112 2751 praesentis
1139 2676 1263 2730 vita:
1290 2674 1558 2747 colligitur
1585 2675 1846 2746 supplicia
1886 2676 2129 2731 ordinem

550 2779 656 2818 non
682 2764 918 2830 habent,
959 2764 1083 2835 quia
1129 2780 1238 2835 non
1286 2780 1440 2819 suam
1481 2780 1579 2835 per
1610 2765 1787 2819 omnia
1815 2764 2130 2835 qualitatem

548 2864 750 2910 tenent.
800 2854 1056 2923 Quamvis
1091 2854 1201 2909 illic
1250 2856 1390 2926 ignis
1439 2855 1505 2909 ad
1554 2855 1976 2911 consolationem
2020 2872 2129 2911 non

547 2944 708 3009 lucet,
741 2952 796 2999 et
836 2952 1015 3003 tamen
1044 2953 1105 3005 ut
1139 2945 1311 3014 magis
1342 2953 1591 3014 torqueat
1612 2946 1678 2999 ad
1712 2946 1927 3015 aliquod
1961 2946 2125 3001 lucet.

545 3035 683 3090 Nam
708 3049 969 3107 sequaces
1000 3049 1215 3115 quoque
1245 3051 1371 3091 suos
1416 3036 1469 3091 in
1520 3044 1784 3104 tormento
1820 3052 2002 3093 secum
2041 3052 2128 3093 re-

2238 1925 2459 1980 ﬂamma
2480 1926 2789 1989 comburet,
2811 1940 2949 1996 quos
2968 1942 3114 1984 nunc
3139 1927 3376 1984 carnalis
3397 1928 3718 1989 delectatio
3736 1931 3840 2002 μήτ

2238 2016 2356 2072 luit.
2389 2016 2540 2072 Tunc
2562 2017 2775 2073 inﬁnite
2796 2026 2988 2087 patens
3008 2017 3208 2077 inferni
3232 2019 3568 2075 barathrum
3598 2021 3834 2086 devorat,

2237 2121 2373 2176 quos
2405 2122 2551 2163 nunc
2578 2107 2773 2163 inanis'
2792 2107 2959 2165 elatio
2998 2109 3203 2169 exaltat
3243 2119 3409 2180 atque
3450 2112 3558 2181 qui
3610 2112 3835 2182 quolibet

2237 2213 2303 2254 ex
2329 2199 2465 2254 vitio
2486 2199 2577 2254 hic
2603 2198 3153 2256 voluntatemcallidi
3196 2203 3552 2271 persuasoris
3594 2205 3833 2272 expleve-

2237 2290 2373 2353 rint,
2403 2297 2534 2344 tunc
2558 2288 2696 2345 duce
2721 2304 2822 2346 suo
2847 2290 3066 2360 reprobi
3092 2291 3162 2347 ad
3191 2300 3475 2346 tormenta
3490 2295 3825 2362 pervenient.

2234 2378 2304 2433 Et
2325 2379 2577 2449 quamvis
2614 2377 2929 2449 angelorum
2961 2387 3018 2434 et
3044 2379 3321 2441 hominum
3347 2379 3513 2451 longe
3538 2381 3624 2437 sit
3652 2392 3825 2447 natura

2235 2469 2535 2535 dissimilis,
2567 2484 2672 2525 una
2704 2478 2881 2526 tamen
2904 2484 3065 2539 ptena
3099 2470 3378 2541 implicat,
3432 2487 3583 2542 quos
3633 2490 3737 2528 uno
3776 2474 3830 2527 iu

2233 2560 2467 2616 crimine
2487 2569 2672 2623 reatus
2696 2560 2849 2631 ligat.
2879 2561 3034 2629 Quod
3061 2562 3199 2618 bene
3221 2578 3286 2618 ac
3315 2564 3567 2627 breviter
3588 2564 3822 2620 insinuat

2232 2655 2518 2726 propheta,
2541 2654 2632 2723 qui
2658 2654 2766 2709 ait:
2797 2653 2882 2708 Ibi
2908 2670 3065 2707 assur
3085 2665 3142 2709 et.
3166 2655 3336 2710 omnia
3362 2654 3669 2720 multitudo
3696 2656 3815 2723 ejus,

2230 2745 2355 2799 etin
2381 2744 2747 2814 circuitu.ejua
2767 2743 3015 2814 sepulcra
3032 2742 3184 2799 illius
3211 2743 3431 2814 (Emit.
3470 2748 3677 2816 tun).
3702 2744 3819 2812 Quis

2230 2834 2884 2906 namqueAssnusuperbi
2915 2833 3059 2906 regis
3088 2834 3305 2897 nomine
3334 2833 3441 2888 nisi
3471 2834 3563 2889 ille
3588 2834 3811 2904 peneia—

2230 2929 2431 2984 tionem
2453 2928 2655 2984 cadens
2676 2927 2934 2997 antiquus
2955 2926 3131 2987 hostis
3141 2924 3469 2995 exprimitur
3486 2924 3817 2996 squiﬁtroeo

2227 3021 2371 3091 quod
2384 3019 2666 3075 multosad
2682 3019 2895 3089 culpam
2912 3019 3200 3089 pertrahit,
3214 3034 3340 3075 cum
3354 3026 3536 3075 cuneta
3548 3032 3645 3071 sua
3660 3017 3809 3072 mul-

543 3126 698 3198 probi
728 3125 942 3181 ﬂamma
976 3110 1279 3187 illustrante
1305 3128 1647 3197 visurisuut,
1671 3144 1901 3200 quorum
1939 3144 2125 3185 amore

2232 3112 2454 3168 titudine
2468 3111 2535 3166 ad
2562 3110 2757 3166 inferni
2772 3110 3005 3166 claustra
3017 3109 3340 3165 descendit?
3360 3109 3592 3179 Sepulcra
3602 3117 3790 3163 autem

542 3183 909 3288 deliquerunt.
943 3214 1221 3284 Quatenus
1267 3219 1358 3288 qui
1399 3192 1584 3275 eorum
1626 3183 1787 3276 vitlem
1832 3220 2126 3277 carnaliter
2150 3183 2197 3247 ο
2226 3213 2467 3261 ωονῑυοε
2497 3210 2715 3275 legum:
2756 3212 2813 3257 θι
2846 3203 2975 3273 quis
2997 3202 3135 3258 illius
3164 3212 3394 3260 mortem
3420 3201 3593 3257 “tam
3611 3209 3795 3271 μων

541 3319 729 3364 contra
750 3315 1024 3381 prmcepta
1041 3306 1347 3363 Conditoris
1369 3313 1701 3377 amaverunt,
1727 3313 1965 3382 ipsorum
1991 3328 2126 3384 quo-

540 3413 645 3470 que
674 3399 933 3455 interitus
957 3414 1051 3455 eos
1073 3398 1127 3453 in
1155 3408 1443 3471 augmento
1469 3416 1579 3463 suae
1610 3401 1970 3459 damnationis
1989 3402 2124 3460 afﬂi-

540 3497 651 3561 gat.
675 3489 828 3557 Quod
848 3489 1094 3560 profecto
1116 3489 1406 3561 Evangelia
1430 3501 1564 3547 teste
1591 3492 1901 3564 collegimus
1920 3496 1971 3548 in
1993 3510 2120 3565 quo,

541 3578 782 3636 Veritate
824 3582 1218 3646 renuntiante,
1262 3581 1414 3637 dives
1463 3582 1552 3638 ille
1601 3598 1760 3652 quem
1805 3585 2030 3655 contigit
2056 3584 2121 3639 ad

539 3673 725 3727 aeterni
768 3673 1001 3729 incendii
1053 3683 1320 3729 tormenta
1349 3675 1675 3730 descendere
1691 3709 1716 3740 ,-
1745 3677 1983 3747 quinque
2014 3658 2125 3732 fre;-

542 3772 683 3818 trum
710 3763 1037 3822 describitur
1065 3765 1413 3821 meminisse:
1443 3765 1536 3835 qui
1563 3753 1841 3824 Abraham
1870 3769 2027 3839 petiit
2064 3778 2124 3825 ut

539 3859 608 3913 ad
635 3874 821 3914 eorum
843 3862 1203 3917 eruditionem
1224 3863 1491 3918 Lazarum
1513 3864 1774 3928 mitteret,
1796 3880 1864 3919 ne
1886 3861 2012 3917 illuc
2028 3877 2123 3918 eos

539 3952 861 4020 quandoque
873 3953 1152 4008 venientes
1166 3969 1262 4024 per
1280 3969 1495 4024 ptenam
1516 3957 1785 4010 cruciaret
1809 3954 1960 4027 (Luc.
1982 3955 2119 4025 xvi).

540 4040 644 4107 Qui
674 4041 836 4109 igitur
863 4041 927 4095 ad
957 4042 1158 4098 doloris
1178 4044 1260 4098 sui
1286 4045 1557 4099 cumulum
1582 4047 2007 4116 propinquorum
2027 4046 2122 4099 ab-

540 4128 773 4183 sentium
806 4130 1072 4195 meminit,
1106 4140 1321 4187 constat
1354 4134 1543 4204 procul
1565 4135 1748 4200 dubio,
1782 4136 1906 4205 quia
1938 4151 2031 4190 eos
2053 4135 2119 4190 ad

540 4232 887 4295 augmentum
907 4227 1174 4298 supplicii,
1199 4229 1356 4300 paulo
1383 4231 1862 4302 postpotuitetiam
1879 4247 2117 4302 praesen-

540 4323 623 4370 tes
641 4315 844 4372 videre.
860 4317 998 4386 Quid
1024 4327 1203 4375 autem
1229 4321 1425 4376 mirum
1439 4337 1499 4377 se
1511 4338 1694 4378 secum
1709 4338 1922 4394 quoque
1939 4339 2121 4393 repro-

536 4403 635 4459 bos
654 4405 879 4479 aspiciat
898 4422 1162 4475 cremare,
1187 4409 1280 4481 qui
1304 4410 1371 4465 ad
1389 4410 1592 4467 doloris
1612 4412 1694 4466 sui
1707 4413 1978 4468 cumulum
1994 4428 2114 4468 cum

536 4505 696 4560 quem
741 4492 1061 4565 despexerat
1085 4495 1352 4553 Lazarum
1382 4499 1433 4554 in
1463 4500 1584 4554 sinu
1609 4499 1839 4556 Abraha:
1863 4502 2031 4556 vidit?
2057 4501 2114 4555 Si

534 4594 664 4651 ergo
691 4588 748 4634 ut
770 4596 932 4651 paena
958 4595 1232 4641 cresceret
1264 4596 1320 4642 et
1348 4590 1431 4643 vir
1457 4588 1663 4645 electus
1701 4591 1980 4662 apparuit,
2019 4607 2116 4646 cur

536 4685 640 4725 non
689 4673 1015 4728 credendum
1063 4675 1139 4731 sit
1178 4677 1321 4746 quod
1366 4678 1549 4736 videre
1598 4680 1653 4735 in
1709 4682 1973 4752 supplicio
2022 4699 2116 4739 eos

534 4761 718 4827 etiam,
741 4780 876 4832 quos
893 4773 1083 4822 contra
1102 4766 1386 4847 Dominum
1409 4770 1692 4839 dilexerat,
1710 4774 1914 4844 possit?
1939 4773 2117 4842 Quare

535 4848 825 4921 colligitur,
870 4855 1013 4923 quod
1043 4870 1138 4910 eos
1173 4872 1311 4926 quos
1350 4855 1657 4915 inordinate
1705 4878 1849 4918 nunc
1900 4864 2113 4932 reprobi

534 4940 788 5024 diligunt,
817 4947 957 5000 miro
975 4946 1165 5016 judicii
1193 4950 1380 5006 ordine
1400 4967 1581 5009 secum
1608 4962 1735 5009 tunc
1759 4955 1811 5009 in
1836 4956 2119 5012 tormentis

534 5030 832 5089 videbunt:
860 5046 919 5092 ut
957 5053 1173 5108 prunam
1208 5045 1440 5114 propria:
1467 5045 1762 5115 punitionis
1794 5057 2112 5119 exaggeret,

536 5122 629 5179 illa
672 5128 880 5181 auctori
925 5132 1211 5205 praeposita
1253 5136 1490 5191 carnalis
1537 5138 1786 5207 cognatio
1828 5138 1943 5207 pari
1989 5147 2115 5196 ante

535 5218 721 5276 oculos
751 5220 954 5277 ultione
985 5224 1259 5282 damnata.
1285 5226 1428 5300 Ignis
1474 5230 1656 5301 itaque
1693 5232 1784 5301 qui
1830 5232 1881 5286 in
1913 5233 2113 5289 obscu-

534 5311 698 5370 ritate
722 5313 932 5369 cruciat
957 5316 1259 5374 credendus
1283 5328 1389 5385 est,
1424 5322 1551 5391 quia
1573 5321 1748 5377 lumen
1771 5324 1838 5377 ad
1869 5334 2111 5381 tormen-

535 5412 648 5458 tum
686 5415 888 5462 servat.
936 5406 1090 5476 Quod
1134 5410 1179 5465 si
1224 5414 1525 5482 approbare
1570 5416 1890 5473 testimoniis
1926 5418 1979 5472 in
2016 5434 2111 5473 sua

532 5492 878 5559 expressione
925 5512 1032 5552 non
1077 5512 1392 5567 possumus,
1446 5511 1691 5572 superest
1726 5512 1784 5559 ut
1824 5520 1855 5560 e
1905 5506 2119 5563 diverso

534 5578 842 5636 doceamus.
879 5582 1015 5641 Tres
1038 5586 1236 5656 quippe
1278 5585 1514 5643 llelirzeze
1557 5593 1731 5661 gentis
1775 5594 1927 5664 pueri
1958 5594 2116 5649 Chal-

536 5664 633 5719 da-i
667 5670 809 5741 regis
836 5672 1066 5744 imperio
1094 5676 1372 5731 succensis
1410 5678 1608 5735 camini
1656 5682 1868 5753 ignibus
1890 5726 1903 5748 ,
1938 5684 2117 5756 ligatis

542 5757 789 5815 manibus
818 5762 1149 5833 pedibusque
1177 5763 1400 5835 projecti
1429 5778 1573 5825 sunt.
1599 5769 1743 5837 Quos
1780 5780 1959 5828 tamen
1992 5789 2113 5830 cum

2223 3298 2318 3364 lit,
2348 3313 2508 3368 quam
2536 3298 2583 3352 is
2623 3297 2714 3367 qui
2747 3295 3093 3351 Conditorem
3120 3311 3278 3352 suum
3309 3295 3613 3366 despiciens
3632 3294 3808 3351 vitam

2224 3388 2478 3459 reliquit?
2526 3388 2699 3456 Quem
2761 3385 3014 3441 videlicet
3065 3396 3341 3442 mortuum
3403 3402 3533 3443 cum
3572 3387 3800 3443 humana

2223 3480 2386 3536 corda
2429 3478 2731 3548 suscipiunt
2757 3474 2876 3544 eius
2913 3476 3104 3546 procul
3150 3477 3315 3535 dubio
3355 3477 3617 3548 sepulcra
3655 3477 3795 3532 lium.

2226 3571 2335 3628 Sed
2362 3573 2415 3628 in
2441 3572 2672 3628 circuitu
2695 3570 2837 3628 illius
2866 3568 3113 3649 sepulcra
3135 3582 3264 3626 sunt
3284 3569 3422 3639 ejus,
3450 3569 3583 3640 quia
3612 3570 3665 3624 in
3684 3584 3800 3639 quo:

2224 3682 2347 3722 rum
2374 3682 2435 3723 se
2456 3668 2730 3723 mentibus
2754 3684 2901 3724 nunc
2926 3683 3025 3739 per
3042 3665 3308 3723 desideria
3333 3663 3535 3735 sepelit
3551 3704 3568 3729 ,
3589 3665 3690 3719 hos
3706 3662 3795 3717 sim

2222 3760 2566 3828 postmodum
2616 3774 2716 3829 per
2761 3768 3034 3816 tormenta
3087 3756 3386 3828 coniungit.
3434 3755 3509 3810 Et
3561 3754 3795 3825 quoniam

2223 3867 2368 3906 nunc
2396 3852 2448 3906 in
2480 3851 2789 3921 semetipsis
2813 3852 3031 3922 reprobi
3063 3850 3328 3921 malignos
3367 3847 3605 3918 spiritus
3631 3845 3798 3901 illicite

2222 3943 2586 4012 perpetrando
2612 3942 2950 4013 suscipiunt,
2981 3950 3111 3997 tunc
3144 3939 3395 4010 sepulcra
3426 3953 3560 3993 cum
3591 3934 3800 3993 munia

2223 4034 2510 4091 ardebunt.
2541 4036 2656 4091 Huc
2698 4049 2868 4106 usque
2909 4035 2964 4089 in
3012 4033 3115 4089 hoc
3157 4029 3394 4103 capitulo
3427 4028 3608 4083 verba
3645 4024 3799 4081 sancti

2221 4126 2643 4199 Gregorii'papte
2670 4127 2739 4182 de
2761 4127 3038 4197 perpetuis
3065 4124 3243 4195 pretiis
3267 4122 3632 4193 positasunt.
3661 4117 3797 4172 Nunc

2221 4226 2402 4273 autem
2433 4217 2657 4273 Joannis
2692 4216 3066 4289 Cbrysostomi
3105 4213 3319 4284 eloquia
3365 4222 3497 4267 sunt
3540 4208 3799 4281 portanda-

2219 4309 2311 4365 Ait
2337 4319 2515 4366 autem
2541 4312 2683 4365 inter
2704 4318 2922 4366 caetera.
3678 4352 3683 4355 ς

2290 4400 2463 4472 Hujus
2505 4411 2683 4457 autem
2740 4417 2916 4472 preme
2966 4400 3084 4455 vim
3115 4407 3172 4455 et
3216 4398 3357 4469 ignis
3400 4396 3609 4452 Merui
3637 4404 3802 4465 potcar

2230 4496 2357 4551 tiam
2411 4494 2554 4549 nulla
2602 4508 2701 4550 vos
2764 4506 3072 4563 exponere,
3131 4488 3310 4547 nullus
3366 4503 3559 4545 sermo
3623 4484 3808 4558 poterit

2150 4554 2202 4614 Β
2224 4587 2538 4657 explanare.
2571 4585 2713 4642 Nihil
2742 4554 3005 4642 est-enim
3043 4554 3100 4641 in
3132 4582 3292 4639 rebus
3332 4554 3806 4650 corruptibilium.

2216 4680 2330 4735 sive
2358 4679 2516 4734 bonis
2544 4679 2657 4734 sive
2686 4678 2867 4743 malis,
2896 4677 2973 4733 illi
3000 4677 3199 4742 simile,
3230 4682 3614 4730 verumtamen
3640 4683 3705 4728 ut
3722 4672 3808 4725 ali-

2217 4784 2378 4840 quam
2404 4769 2690 4840 imaginem
2712 4768 2851 4838 ignis
2869 4767 3016 4824 illius
3035 4776 3090 4824 et
3105 4781 3279 4838 parum
3299 4766 3618 4836 capiamus;
3641 4779 3809 4819 recorc

2218 4858 2355 4912 dare
2382 4857 2598 4927 quando
2624 4858 2745 4928 quis
2770 4857 3003 4913 febrium
3026 4856 3192 4913 nimio
3220 4856 3418 4911 ardore
3438 4854 3808 4917 succenditur.

2221 4965 2343 5022 qua:
2371 4952 2669 5021 angustite,
2699 4950 2791 5022 qui
2828 4951 3106 5006 cruciatus
3138 4948 3386 5018 corporis
3416 4954 3589 5017 atque
3620 4946 3813 5001 anima:

2228 5043 2516 5108 insideant,
2545 5050 2599 5096 et
2627 5057 2693 5097 ex
2722 5043 2825 5097 bac
2858 5040 3140 5112 temporali
3167 5054 3328 5111 praua
3366 5038 3569 5093 metire
3611 5046 3815 5107 quanta

2225 5135 2333 5190 sint
2361 5135 2445 5190 illa
2475 5134 2759 5206 supplicia,
2783 5150 2906 5205 quae
2927 5142 3165 5190 aeternus
3189 5131 3328 5204 ignis
3346 5129 3678 5195 inﬂammat,
3699 5146 3817 5201 qua

2223 5225 2415 5283 ﬂuvius
2444 5226 2631 5299 igneus
2658 5241 2982 5299 percurrens
3007 5234 3133 5282 ante
3160 5224 3292 5280 illud
3323 5222 3565 5280 tribunal
3590 5223 3813 5278 horrui-

2223 5336 2367 5386 cum,
2406 5318 2565 5375 undis
2603 5320 2907 5391 pumalibus
2946 5320 3228 5390 irrogabit.
3262 5320 3339 5374 lbi
3380 5319 3515 5388 quid
3551 5316 3813 5390 agemus?

2222 5413 2349 5483 quid
2378 5413 2852 5484 respondebimus?
2874 5413 3006 5469 nihil
3027 5413 3171 5468 enim
3193 5413 3295 5468 nisi
3320 5412 3524 5468 stridor
3543 5412 3807 5475 dentium,

2222 5500 2324 5559 nisi
2355 5503 2593 5561 ululatus
2622 5512 2676 5561 et
2703 5503 2889 5571 ﬂetus,
2923 5515 2979 5563 et
3012 5522 3134 5563 sera
3164 5505 3516 5577 pcenitentia,
3544 5506 3810 5561 cessanti-

2220 5596 2322 5650 bus
2350 5595 2586 5667 undique
2612 5597 2826 5652 auxiliis
2863 5606 2918 5654 et
2944 5598 3180 5669 undique
3208 5596 3673 5653 invalescentibus
3698 5610 3808 5667 pce-

2221 5684 2337 5752 nis,
2370 5686 2465 5742 sed
2495 5702 2593 5743 nec
2623 5686 2871 5743 solatium
2913 5689 3129 5759 quidem
3170 5703 3403 5758 usquam
3432 5688 3627 5743 ullum.
3674 5685 3807 5740 Nulli

2221 5777 2365 5832 cnim
2401 5785 2686 5835 occurrent
2731 5778 2901 5836 oculis
2952 5779 3185 5847 nostris,
3232 5779 3333 5834 nisi
3380 5779 3478 5837 soli
3523 5792 3808 5849 prunarum
