4020 6338
281 295 385 353 957

1239 296 1325 352 ne
1360 266 1749 353 ultimm:
1784 292 2160 353 uenenum.
2197 329 2267 340 ..-
2304 300 2431 356 un.
2480 302 2570 356 tn.
2636 351 2640 355 .
2718 306 2723 309 ·

3427 310 3535 367 958

280 394 534 477 ministri,
561 419 616 467 et
642 409 806 467 facies
825 410 1020 481 ubique
1044 411 1160 465 dira
1186 419 1468 475 tortorum,
1497 419 1570 475 et,
1596 412 1741 481 quod
1767 420 1852 466 est
1879 415 1927 472 Α
1957 412 2063 466 Ιιιιη
2095 411 2317 467 relaxati
2358 413 2557 469 fuerint
2593 416 2644 470 in
2683 418 2948 474 somnium
2980 427 3040 474 et
3075 421 3422 488 dormierint,
3448 424 3530 478 vi-

278 503 521 557 omnium
551 502 772 566 tetrius,
804 516 904 556 nec
945 501 1088 556 aeris
1115 500 1332 571 quidem
1358 502 1525 572 ipsius
1550 502 1655 557 erit
1686 502 1857 557 ullum

278 594 515 649 solamen
536 600 629 647 aut
658 592 813 647 lucis.
840 591 1265 661 Circumdabunt
1287 594 1433 648 enim
1457 608 1554 648 nos
1572 608 1856 664 poenarum

276 684 418 751 loca,
445 684 681 751 tenebrat
704 683 1023 748 exteriores.
1065 676 1173 739 Sed
1208 684 1349 754 ignis
1377 684 1483 748 ille,
1512 685 1653 739 sicut
1696 693 1856 739 natu-

276 765 393 833 ram
423 789 528 831 non
556 774 718 843 habet
742 773 1116 843 consumendi,
1144 773 1217 835 ita
1244 788 1343 827 nec
1372 773 1728 838 illuminandi,
1760 775 1856 829 sed

273 867 413 937 ignis
445 866 706 933 obscurus
744 874 800 922 et
843 865 1058 920 ﬂamma
1104 866 1404 920 tenebrosa.
1447 864 1505 919 In
1551 865 1638 921 his
1671 875 1871 920 autem-

271 958 462 1030 positis
491 958 614 1027 quis
638 965 863 1027 tremor,
891 957 1000 1011 imo
1024 972 1143 1028 qua:
1169 957 1426 1012 resolutio
1446 958 1735 1023 viscerum,
1763 958 1852 1013 di-

269 1050 550 1119 vulsioque
602 1050 1007 1114 membrorum,
1053 1064 1173 1118 quae
1211 1056 1307 1103 aut
1343 1058 1558 1119 quanta:
1601 1049 1851 1104 omnibus

268 1138 518 1201 sensibus
568 1145 748 1193 truces
794 1151 968 1208 poenae
1011 1137 1189 1193 nullus
1236 1153 1380 1193 nunc
1430 1153 1610 1194 sermo
1652 1140 1850 1207 poterit

267 1228 564 1299 explicare.
590 1226 730 1283 Sunt
754 1228 898 1283 enim
925 1229 1150 1283 diversae
1187 1243 1252 1283 ac
1272 1228 1438 1284 variae
1461 1243 1742 1297 poenarum
1769 1230 1850 1282 fa-

265 1321 403 1384 cies,
422 1329 477 1374 et
496 1336 595 1390 pro
617 1329 957 1390 peccatorum
982 1320 1284 1390 quantitate
1304 1320 1528 1392 singulis
1546 1320 1848 1390 quibusque

266 1409 694 1485 multiplicantur
722 1424 912 1480 poenae.
941 1410 1095 1478 Quod
1137 1412 1183 1466 si
1229 1411 1410 1477 dicas,
1455 1412 1723 1480 quomodo
1768 1419 1848 1465 tot

263 1500 422 1557 malis
468 1501 695 1557 sufficiet
741 1517 935 1572 corpus
970 1504 1036 1557 ad
1082 1516 1336 1573 poenam,
1390 1501 1550 1557 finem
1589 1502 1846 1571 temporis

263 1592 631 1646 nescientem?
676 1590 972 1647 Considera
1019 1607 1141 1662 quae
1185 1592 1241 1646 in
1287 1593 1391 1648 hac
1427 1591 1536 1646 vita
1575 1591 1843 1645 interdum

261 1683 540 1748 accidunt,
571 1692 627 1738 et
668 1699 736 1739 ex
774 1685 858 1739 his
887 1686 1068 1755 parvis
1096 1700 1287 1754 magna
1322 1684 1500 1759 cogita
1528 1701 1542 1738 :
1573 1684 1841 1754 quomodo

260 1780 528 1835 interdum
567 1780 812 1836 videmus
851 1781 1137 1836 nonnullos
1174 1781 1486 1852 longissima
1518 1782 1839 1853 aegritudine

256 1870 483 1936 confici,
529 1885 629 1926 nec
662 1878 841 1944 tamen
881 1872 961 1927 eis
999 1887 1066 1927 ex
1106 1886 1171 1928 eo
1198 1872 1323 1927 vitae
1363 1872 1651 1928 terminum
1686 1871 1841 1927 dati?

256 1958 366 2026 Aut
387 1957 432 2013 si
457 1973 653 2029 corpus
674 1967 850 2028 morte
873 1959 1162 2029 aliquando
1182 1960 1512 2025 dissolvitur,
1539 1962 1632 2014 sed
1659 1962 1839 2015 anima

258 2064 365 2102 non
394 2048 749 2103 consumitur.
782 2048 933 2103 Unde
961 2058 1175 2107 constat
1200 2050 1343 2119 quod
1367 2065 1490 2105 cum
1521 2050 1840 2107 immortali-

257 2146 421 2190 tatem
441 2144 497 2190 et
513 2135 625 2204 jam
646 2150 842 2205 corpus
863 2139 1152 2208 acceperit,
1178 2153 1281 2207 nec
1299 2140 1534 2212 animam
1556 2154 1716 2221 paena
1738 2156 1838 2198 nec

255 2243 453 2298 corpus
477 2228 614 2282 ultra
637 2226 749 2296 jam
780 2229 1029 2298 perimat.
1061 2228 1197 2285 Nam
1239 2230 1294 2285 in
1323 2233 1576 2303 prmsenti
1619 2234 1833 2301 quidem

255 2319 366 2381 vita
395 2320 613 2396 evenire
640 2335 747 2377 non
779 2318 991 2391 potest,
1031 2332 1091 2376 ut
1130 2336 1288 2392 pmna
1320 2324 1560 2394 corporis
1592 2333 1647 2379 et
1672 2326 1833 2380 vehe-

250 2422 408 2473 mens
446 2424 567 2465 esse
611 2413 811 2481 poterit
855 2419 911 2466 et
952 2422 1242 2483 perpetua,
1276 2414 1371 2469 sed
1417 2413 1647 2487 alterum
1690 2417 1834 2470 cedit

250 2502 428 2567 alteri,
474 2503 598 2572 quia
646 2504 891 2573 corporis
938 2492 1203 2575 fragilitas
1238 2516 1524 2576 utrumque
1560 2523 1666 2561 non
1698 2509 1833 2577 pati-

248 2601 356 2647 tur.
387 2592 489 2649 Ubi
531 2609 661 2650 vero
697 2604 989 2665 utrumque
1029 2597 1333 2667 corruptela
1375 2598 1636 2663 caruerit,
1672 2612 1830 2668 paena

243 2684 462 2763 quidem
485 2694 704 2754 accepta
735 2693 1001 2754 potestate
1023 2686 1297 2752 desaeviet,
1319 2687 1414 2742 sed
1435 2686 1638 2742 nullum
1668 2688 1829 2741 linem

243 2775 579 2848 incorruptis
627 2768 852 2846 quasita
905 2777 1185 2847 suscipiet.
1233 2777 1352 2833 Non
1395 2793 1527 2850 ergo
1574 2788 1830 2851 putemus

242 2866 367 2946 quia
398 2866 783 2937 suppliciorum
825 2854 1076 2943 nimietas
1118 2870 1233 2940 ipsa
1268 2869 1419 2925 dabit
1464 2872 1627 2925 ﬂnem
1675 2871 1826 2926 dolo-

240 2973 387 3023 rum,
410 2952 503 3013 sed
532 2959 614 3030 (ut
640 2957 893 3030 diximus)
922 2969 1143 3029 peccata
1173 2960 1393 3031 quidem
1415 2974 1606 3035 poenas
1632 2975 1844 3024 accen-'

241 3048 411 3114 dunt,
445 3049 778 3123 incprruptio
822 3064 954 3119 vero
991 3051 1184 3117 anima:
1227 3059 1283 3105 et
1329 3051 1575 3123 corporis
1620 3050 1824 3104 nullum

240 3139 519 3213 suppliciis
563 3139 852 3203 terminum
898 3139 1067 3194 dabit.
1117 3139 1214 3194 Dic
1258 3154 1388 3211 ergo
1430 3155 1574 3195 nunc
1619 3149 1824 3210 quanta

240 3218 488 3299 tempora
524 3228 773 3295 luxuriae,
802 3244 922 3299 qua:
955 3229 1270 3284 deliciarum
1310 3229 1481 3300 spatia
1506 3244 1825 3298 comparare

234 3321 326 3375 vis
354 3320 550 3375 talibus
576 3322 795 3393 pomis?
829 3321 1056 3376 Centum
1087 3321 1263 3392 placet
1290 3335 1462 3377 annos
1488 3320 1696 3376 deliciis
1725 3320 1823 3375 dc-

233 3425 385 3474 mus,
412 3409 550 3466 adde
575 3410 712 3466 alios
740 3421 957 3466 centum
984 3411 1029 3466 si
1060 3411 1209 3477 libet,
1241 3410 1376 3466 adde
1411 3418 1468 3465 et
1493 3410 1673 3465 decies
1700 3424 1822 3465 cen-

234 3511 389 3555 tum:
419 3516 539 3571 quae
570 3500 677 3555 erit
706 3516 775 3557 ex
803 3501 889 3556 his
923 3501 992 3557 ad
1015 3502 1372 3556 aeternitatem
1411 3500 1822 3571 compensatio?

236 3589 432 3646 Nonne
458 3606 619 3647 omne
646 3601 858 3662 tempus
881 3592 1008 3648 vitae
1033 3592 1210 3663 huius,
1242 3607 1349 3662 quo
1376 3592 1583 3648 deliciis
1610 3591 1717 3647 frui
1742 3592 1820 3648 vi-

231 3682 463 3745 demur,
516 3690 571 3737 et
619 3682 896 3750 indulgere
941 3681 1192 3748 libidini,
1240 3682 1394 3752 quasi
1440 3682 1616 3738 noctis
1660 3683 1819 3738 unius

224 3774 506 3830 somnium
560 3773 628 3827 ad
680 3773 1004 3827 aeternitatis
1053 3774 1514 3844 comparationem
1564 3772 1819 3829 videtur?

231 3867 453 3935 Deliciae
473 3869 690 3937 quidem
715 3866 803 3936 huj
814 3884 876 3924 ns
889 3869 1015 3924 vitae
1035 3869 1184 3923 velut
1209 3868 1396 3923 umbra
1418 3876 1813 3939 pertranseunt,

225 3965 292 4023 et
317 3956 575 4012 velociter
619 3956 862 4028 fugiunt,
899 3971 1075 4027 pmna‘.
1109 3973 1239 4014 vero
1278 3966 1538 4028 perpetuo
1573 3965 1812 4013 manent.

232 4048 388 4104 Nunc
423 4056 601 4102 autem
637 4063 829 4103 revoca
871 4049 1252 4118 cogitationem
1285 4058 1432 4103 tuam
1471 4048 1541 4103 ad
1578 4047 1705 4102 illud
1736 4047 1816 4103 di-

230 4139 346 4192 vini
370 4136 556 4207 iudicii
590 4138 823 4199 tribunal
848 4139 1195 4203 horrendum,
1223 4139 1367 4210 quod
1397 4138 1596 4193 ardens
1621 4136 1814 4192 ﬂuvius

230 4229 498 4288 flammeis
534 4230 705 4284 ambit
735 4228 953 4285 ﬂuentis
975 4270 991 4294 ,
1026 4230 1118 4284 ubi
1152 4228 1311 4285 ﬂetus
1345 4236 1401 4283 et
1437 4228 1639 4283 stridor
1675 4229 1811 4283 den-

234 4323 401 4387 tium,
431 4322 520 4377 ubi
554 4322 788 4376 tenebrm
827 4322 1157 4386 exteriores,
1190 4321 1282 4376 ubi
1323 4320 1415 4375 ille
1439 4320 1640 4376 vermis
1683 4335 1812 4375 con-

1957 504 2083 557 dent
2111 518 2170 558 se
2199 504 2338 559 inter
2363 504 2622 575 plurimas
2647 508 2812 578 dapes
2849 510 3054 579 positos
3077 513 3250 579 epulis
3273 514 3529 582 copiosis-

1955 593 2106 647 simis
2131 593 2356 663 perfrui,
2384 603 2441 667 at
2465 595 2555 650 ubi
2583 600 2937 665 surrexerint,
2961 600 3095 655 nihil
3122 602 3221 656 sibi
3247 603 3435 672 gratiae
3458 619 3526 661 ex

1954 683 2309 738 delectatione
2343 685 2537 740 somnii
2583 687 2886 760 intelligunt
2933 691 3215 748 resedisse.
3263 694 3339 748 lta
3374 696 3528 751 dives

1953 772 2042 826 ille
2070 773 2223 842 quasi
2262 774 2527 828 somnium
2563 775 2750 831 habuit
2795 777 2953 846 hujus
2982 779 3106 834 vita;
3143 781 3397 846 divitias,
3434 783 3527 839 ubi

1951 864 2202 919 discessit
2226 863 2359 918 nihil
2394 879 2514 920 cum
2550 865 2639 919 illo
2677 867 2778 921 nisi
2818 870 3212 935 prteteritorum
3248 872 3527 939 ptenitudo

1950 962 2005 1007 et
2029 953 2372 1022 praesentium
2394 968 2554 1024 ptena
2575 957 2889 1025 permansit.
2906 957 3030 1012 "me
3054 961 3338 1015 recordare
3361 976 3522 1026 nunc,

1950 1046 2154 1109 amice,
2191 1052 2245 1100 et
2280 1044 2429 1099 illum
2458 1046 2713 1116 gehennae
2742 1047 2948 1118 ignem,
2991 1049 3076 1104 his
3120 1066 3240 1120 quae
3286 1061 3339 1107 te
3382 1069 3523 1108 nunc

1947 1136 2224 1207 exagitant
2262 1135 2495 1193 ﬂammis
2531 1137 2810 1194 libidinum
2858 1148 2914 1195 et
2947 1143 3254 1212 cupiditatis
3291 1158 3522 1214 oppone.

1948 1234 2042 1290 Est
2067 1235 2211 1290 enim
2243 1234 2346 1289 hoc
2380 1233 2628 1289 mirabile
2647 1221 2914 1304 quoddam
2946 1234 3320 1289 medicamenti
3350 1249 3521 1305 genus

1947 1338 2006 1380 ut
2027 1322 2164 1395 ignis
2190 1323 2403 1394 ignibus
2433 1323 2819 1395 restinguatur.
2862 1322 2918 1378 Si
2959 1323 3103 1377 enim
3135 1324 3378 1379 restincti
3410 1340 3515 1379 non

1943 1419 2145 1473 fuerint
2171 1417 2257 1473 isti
2301 1415 2391 1487 qui
2430 1432 2571 1470 nunc
2598 1426 2650 1470 te
2674 1416 2971 1485 exagitant,
3004 1414 3125 1468 illos
3162 1415 3254 1469 tibi
3283 1425 3516 1470 aeternos

1943 1507 2091 1576 ignes
2130 1506 2371 1561 acriores
2397 1513 2451 1558 ct
2478 1504 2941 1574 inexstinguibiles
2982 1502 3225 1575 reddent.
3265 1504 3356 1568 Ille
3385 1519 3514 1557 vero

1939 1596 2078 1665 ignis
2098 1610 2234 1664 quos
2272 1593 2568 1663 susceperit
2595 1608 2809 1662 semper
2849 1592 3077 1657 cruciat,
3110 1600 3165 1645 et
3198 1607 3372 1662 parum
3403 1609 3513 1647 sua:

1936 1704 2153 1759 semper
2180 1689 2420 1759 integros
2460 1695 2658 1741 servat.
2704 1684 2992 1755 Propterea
3041 1693 3222 1738 autem
3253 1684 3512 1738 inexstin‘

1935 1784 2150 1856 guibilis
2171 1783 2387 1845 dicitur,
2412 1796 2515 1834 non
2542 1778 2714 1834 solum
2732 1777 2856 1846 quia
2879 1778 2993 1845 ipse
3008 1791 3112 1830 non
3128 1776 3508 1844 exstinguitur,

1935 1875 2027 1931 sed
2050 1876 2175 1946 quia
2201 1889 2300 1928 nec
2322 1886 2416 1926 eos
2436 1885 2573 1939 quos
2595 1868 2913 1937 susceperit,
2944 1865 3245 1936 exstinguit
3276 1875 3370 1920 aut
3390 1882 3512 1936 per-

1936 1967 2073 2021 imit.
2107 1965 2186 2019 Ne
2231 1976 2360 2032 ergo
2402 1961 2564 2017 etiam
2612 1973 2712 2013 nos
2740 1958 2795 2011 in
2835 1956 2968 2012 istos
2996 1955 3277 2009 veniamus
3316 1952 3510 2008 anima:

1934 2055 2228 2118 cruciatus,
2272 2051 2715 2121 expergiscamur
2768 2045 3079 2117 aliquando,
3128 2045 3253 2100 dum
3301 2054 3514 2113 tempus

1933 2159 2037 2206 est.
2063 2148 2133 2206 Et
2175 2160 2301 2203 ecce
2330 2159 2472 2199 nunc
2502 2152 2712 2212 tempus
2734 2147 3039 2209 acceptum,
3063 2151 3210 2191 nunc
3230 2135 3346 2191 dies
3367 2134 3514 2190 salu-

1934 2242 2028 2307 tis,
2071 2253 2213 2294 nunc
2251 2245 2337 2293 est
2373 2232 2668 2304 paenitendi
2712 2229 2964 2295 facultas,
3004 2235 3061 2283 et
3093 2236 3301 2296 tempus
3328 2240 3435 2296 quo
3458 2236 3515 2281 et

1932 2333 2141 2388 fructus
2165 2326 2514 2395 consequitur
2540 2322 2927 2397 vpoenitentem.
2959 2314 3328 2373 Rccordanda:
3356 2330 3509 2369 nam-

1934 2437 2040 2491 que
2059 2427 2185 2477 sunt
2206 2417 2363 2472 nobis
2389 2413 2762 2470 multitudines
2782 2416 3143 2480 peccatorum,
3170 2404 3513 2459 recordanda:

1934 2526 2149 2583 quoque
2175 2507 2521 2565 conscientiae
2550 2502 2794 2559 maculae.
2825 2499 3099 2571 Rogemus
3134 2496 3422 2553 Dominum
3451 2503 3513 2549 ut

1931 2609 2201 2681 possimus
2246 2606 2433 2673 lugere
2480 2599 2858 2668 nosmetipsos,
2909 2604 2965 2650 et
3008 2602 3355 2665 peccatorum
3406 2604 3509 2646 no-

1932 2711 2166 2754 strorum
2191 2695 2397 2766 pondus
2420 2691 2691 2747 resolvere
2731 2684 3076 2741 multitudine
3116 2681 3506 2752 lacrymarum.

1930 2788 1998 2841 Et
2040 2787 2115 2841 ita
2164 2784 2391 2854 posthac
2426 2797 2534 2835 non
2590 2791 2802 2850 semper
2852 2772 3088 2828 ﬂendum
3146 2779 3230 2826 est
3278 2779 3332 2823 et
3375 2767 3510 2824 nihil

1928 2873 2215 2949 agendum.
2244 2869 2724 2942 Appreltendamus
2750 2865 2915 2936 igitur
2941 2862 3177 2932 aliquam
3201 2860 3369 2915 vitam
3396 2857 3511 2949 Deo

1926 2946 2202 3037 placitam,
2226 2971 2282 3018 et
2299 2960 2367 3015 ad
2390 2958 2586 3015 ctelum
2609 2956 2916 3019 ducentem,
2948 2966 3018 3006 ne
3039 2949 3180 3005 forte
3205 2964 3329 3005 cum
3352 2946 3510 3002 malis

1927 3055 2129 3119 nostris
2152 3051 2540 3110 descendamus
2559 3047 2628 3102 ad
2660 3045 2953 3108 infernum,
2984 3041 3076 3097 ubi
3117 3055 3278 3095 nemo
3304 3047 3390 3095 est
3416 3038 3509 3108 qui

1926 3145 2249 3203 confiteatur
2272 3141 2344 3205 ei,
2375 3147 2430 3194 et
2452 3138 2522 3192 ibi
2548 3135 2818 3206 patiamur
2846 3148 2930 3196 ea,
2959 3145 3080 3201 quae
3108 3128 3258 3197 impii
3287 3124 3506 3196 patiun-

1927 3243 2037 3299 tur,
2076 3247 2201 3288 cum
2246 3208 2422 3284 nullus
2462 3224 2626 3279 fuerit
2652 3222 2767 3293 jam
2824 3219 2915 3289 qui
2956 3224 3145 3272 exoret
3179 3229 3279 3287 pro
3327 3212 3505 3267 nobis.

1926 3326 2065 3382 Dum
2107 3321 2271 3389 enim
2291 3331 2480 3373 sumus
2521 3314 2574 3370 in
2604 3314 2707 3368 hac
2738 3311 2872 3376 vita,
2922 3322 3144 3378 agamus
3171 3312 3363 3360 cuncta
3387 3316 3510 3371 qua:

1924 3428 2213 3490 possumus
2232 3411 2408 3474 bona;
2442 3422 2566 3463 cum
2605 3412 2786 3460 autem
2808 3399 3101 3456 abierimus
3122 3396 3272 3460 illuc,
3302 3393 3389 3449 ubi
3414 3406 3512 3490 ne-

1925 3481 2031 3580 que
2058 3504 2290 3569 amicus,
2328 3512 2503 3570 neque
2524 3495 2713 3560 frater,
2750 3505 2926 3562 neque
2955 3497 3111 3560 pater
3146 3487 3371 3541 idoneus
3401 3481 3509 3537 erit

1918 3596 1986 3650 ad
2020 3595 2353 3650 liberandum
2380 3609 2537 3659 eum,
2574 3592 2666 3662 qui
2705 3593 2984 3664 suppliciis
3021 3592 3324 3664 deputatur.
3356 3588 3501 3658 Quo-

1918 3684 2079 3740 modo
2105 3684 2250 3739 enim
2278 3684 2370 3754 qui
2407 3683 2463 3738 in
2504 3683 2624 3738 luce
2664 3690 2748 3738 est
2782 3682 2992 3738 accedit
3023 3682 3091 3737 ad
3124 3696 3248 3738 eum
3285 3681 3377 3752 qui
3419 3690 3500 3735 te-

1917 3774 2103 3833 nebris
2146 3775 2457 3830 detinetur?
2503 3773 2603 3832 Ubi
2661 3789 2781 3828 cum
2836 3772 3038 3829 nullum
3093 3773 3164 3828 sit
3214 3771 3370 3827 nobis
3427 3785 3498 3826 ex

1917 3876 2224 3922 sanctorum
2253 3864 2621 3921 consolatione
2655 3861 3015 3931 refrigerium,
3047 3869 3280 3916 aeternas
3316 3858 3495 3915 tamen

1914 3959 2268 4030 expendimus
2315 3971 2504 4028 poenas
2558 3954 2837 4013 eﬂ‘ectlbus
2890 3955 3324 4020 inextricabiles,
3393 3953 3496 4009 im-

1914 4050 2233 4108 mortalibus
2260 4048 2512 4105 ﬂammis.

1983 4141 2126 4196 Ecce
2167 4155 2289 4210 quaa
2327 4148 2545 4195 maneat
2587 4139 2872 4194 damnatos
2912 4151 3074 4208 pmna
3117 4133 3487 4206 cognovimus,

1912 4241 1968 4286 et
1995 4232 2294 4287 instruente
2326 4247 2426 4287 nos
2459 4245 2616 4286 sacro
2644 4231 2889 4300 eloquio,
2921 4236 3156 4298 quantus
3183 4227 3238 4280 in
3267 4226 3491 4281 damna-

1914 4321 2059 4377 tione
2084 4321 2257 4393 ignis,
2287 4329 2486 4391 quanta
2528 4320 2581 4373 in
2630 4320 2751 4390 igne
2792 4317 3116 4382 obscuritas,
3150 4321 3492 4383 quantusque

227 4414 467 4469 scientia!
491 4412 585 4482 qui
611 4426 885 4481 nunquam
910 4412 1158 4478 moritur,
1181 4419 1236 4467 et
1256 4412 1395 4482 ignis
1414 4412 1507 4483 qui
1534 4427 1807 4482 nunquam
1835 4436 1888 4495 Ι)
1915 4410 1970 4465 in
2018 4410 2349 4465 obscuritate
2395 4423 2563 4478 pavor
2615 4408 2722 4471 sit,
2772 4404 3076 4460 nullatenus
3134 4401 3480 4495 ambigimus.

226 4505 603 4574 exstinguitur.

1914 4498 2023 4555 Sed
2048 4500 2150 4555 hoc
2173 4498 2412 4569 prodest,
2443 4497 2488 4552 si
2516 4495 2766 4567 lacrymis
2790 4492 3013 4559 nostris,
3044 4499 3100 4548 et
3125 4490 3486 4554 orationibus,

301 4566 606 4652 Recordare
634 4596 942 4666 parabolam
971 4596 1162 4652 Lazari
1201 4604 1258 4652 et
1289 4596 1475 4652 divitis
1510 4595 1686 4661 illius,
1714 4566 1807 4666 qui
1905 4566 2569 4665 jejuniis,eleemosynis.
2595 4566 2649 4643 et
2682 4587 2893 4643 caeteris
2926 4585 3084 4641 bonis
3111 4582 3362 4655 operibus
3392 4598 3489 4638 no-

229 4699 468 4755 purpura
482 4686 710 4741 indutus
737 4693 793 4740 et
831 4684 1023 4756 bysso,
1053 4700 1213 4739 unam
1248 4699 1391 4739 nunc
1416 4698 1568 4754 aqua:
1600 4691 1805 4754 guttam

230 4772 475 4830 invenire
500 4786 603 4831 non
627 4776 828 4846 potuit,
855 4785 912 4831 et
937 4777 1043 4832 hoc
1066 4791 1188 4830 cum
1216 4783 1360 4831 esset
1388 4775 1443 4830 in
1471 4775 1683 4831 ardoris
1710 4790 1806 4831 ne—
1866 4838 1877 4859 δ

229 4864 486 4920 cessitate
508 4865 827 4920 constitutus
855 4863 1006 4936 (Luc.
1032 4864 1167 4937 1m).
1197 4864 1312 4930 Dic,
1340 4879 1526 4934 quaeso
1566 4874 1643 4929 te,
1676 4863 1803 4933 quid

231 4956 351 5025 plus
377 4955 538 5010 habet
562 4957 667 5012 vita
692 4957 817 5022 ista,
844 4973 1006 5027 quam
1034 4957 1335 5013 somnium?
1361 4955 1514 5013 Sicut
1537 4957 1681 5012 enim
1706 4955 1799 5026 qui

231 5049 287 5103 in
316 5046 544 5103 metallis
566 5047 904 5104 condemnati
928 5090 944 5114 ,
983 5048 1063 5104 vel
1110 5050 1164 5104 in
1212 5049 1316 5104 alia
1363 5048 1601 5120 qualibet
1638 5063 1799 5117 paena

228 5139 422 5209 positi.
453 5154 580 5198 cum
600 5138 738 5196 forte
765 5149 887 5210 post
921 5141 1147 5197 multum
1187 5140 1426 5197 laborem
1453 5140 1577 5196 vitae
1612 5140 1799 5202 naulu-

1910 4692 2024 4739 stra
2055 4680 2381 4736 redimamus
2407 4688 2657 4749 peccata,
2684 4685 2743 4731 ut
2780 4692 2808 4731 a
2839 4675 3015 4748 plenis
3050 4674 3259 4730 liberati
3293 4688 3486 4745 perpe-

1911 4778 2019 4833 tuis
2040 4775 2108 4831 ad
2133 4775 2296 4829 vitam
2325 4786 2628 4829 mereamur
2652 4767 2934 4841 pervenire
2960 4772 3273 4838 perpetuam
3301 4781 3315 4818 :
3348 4779 3487 4834 prae-

1910 4877 2088 4925 stante
2126 4866 2351 4923 Domino
2386 4875 2575 4921 nostro
2600 4863 2729 4920 Jesu
2757 4861 3002 4924 Christo,
3042 4858 3134 4928 qui
3169 4871 3291 4912 cum
3321 4853 3483 4910 Patre

1908 4969 1963 5014 et
1989 4959 2191 5030 Spiritu
2219 4966 2421 5023 sancto,
2453 4972 2550 5028 per
2573 4954 2781 5011 infinita
2805 4951 2939 5038 vivit
2963 4959 3018 5006 et
3043 4958 3236 5021 regnat
3263 4944 3477 5003 saecula.

1905 5048 2097 5104 Amen.

1397 5410 2288 5446 ------οθο-----
