4020 6338
524 316 541 325 ν
560 293 667 347 939

1480 290 1538 344 S.
1582 289 1951 359 ANSLJIARlI
2001 291 2535 347 llABiBlJllGENSlS
2574 292 2873 348 EPISCOPI

1787 674 1951 717 anno
1998 644 2231 718 nommt
2276 675 2580 718 ncccuv.

1232 861 1418 1019 s.
1562 860 3118 1023 ANSCHARIUS.

1704 1127 2239 1184 HAMBURGENSIS
2280 1128 2676 1187 EPISCOPUS.

796 1315 861 1385 Θ

1020 1432 1495 1544 νηιΔ
1569 1428 2153 1545 εΔΝανι

2325 1410 3336 1562 Δηεεωιιὶιι

1187 1642 1471 1685 Αυατοιιε
1513 1619 2053 1709 S._R_1§MBERTO
2095 1636 2243 1681 mus
2286 1634 2611 1680 mscmuro
2655 1636 2734 1678 nr
2776 1636 3163 1683 successoru-

1612 1710 1793 1825 (Διωὰ
1821 1760 2018 1820 Mabm.,
2060 1762 2234 1811 Annal.
2272 1760 2487 1824 Bened.,
2508 1766 2624 1812 tom.
2649 1762 2771 1826 γι.)

1956 1913 2339 1927 ————

1886 2053 2489 2128 PBIEF‘ATIO.

1660 2202 1759 2263 Ad
1786 2205 2059 2267 Corbeiw
2096 2205 2320 2267 veteris
2354 2207 2705 2270 monachos.

638 2389 689 2444 l.
714 2389 964 2444 Dominis
993 2374 1372 2454 sanctissimis,
1402 2394 1456 2442 et
1478 2386 1531 2441 in
1560 2386 1760 2443 Christi
1791 2403 1974 2443 amore
2001 2402 2143 2459 prte-
2171 2395 2225 2454 Α
2249 2390 2447 2445 nostris
2478 2388 2685 2443 meritis
2728 2404 2831 2457 non
2855 2389 3249 2459 prtesumimus,
3280 2392 3418 2461 quin
3448 2394 3636 2464 magis
3655 2399 3831 2454 tumido

568 2479 727 2547 cipna
765 2478 1113 2533 veneratione
1156 2478 1458 2534 recolendis
1489 2493 1552 2532 ac
1581 2477 1865 2549 diligendis
1891 2476 2146 2533 Patribus

566 2578 621 2622 et
669 2568 925 2623 fratribus
973 2569 1027 2623 in
1072 2570 1442 2625 sacratissimo
1474 2568 1765 2625 Corbeiaen
1816 2569 2145 2624 monasterio

569 2657 679 2713 Deo
710 2658 1087 2724 militantibus,
1133 2658 1226 2713 lilii
1252 2667 1416 2728 atque
1442 2659 1686 2729 discipuli
1716 2659 2146 2714 reverendissimi

570 2747 746 2804 Patris
768 2750 1060 2827 ANSCHARII
1088 2765 1376 2821 perennem
1405 2758 1676 2819 perpetua:
1703 2748 1972 2804 felicitatis
1989 2755 2153 2811 orant

571 2844 624 2897 in
657 2843 881 2897 Domino
910 2844 1297 2898 dominantium
1326 2859 1511 2911 pacem
1540 2852 1593 2897 et
1618 2843 1867 2897 salutem.

643 2930 741 2982 Diu
762 2945 861 2998 per
882 2929 1091 2984 Domini
1115 2930 1341 2999 gratiam
1364 2930 1595 2997 pastoris
1620 2929 1744 2984 boni
1767 2944 1987 2985 munere
2009 2922 2152 2985 dele-

573 3020 724 3083 ctati,
753 3018 1229 3088 praedicationibus
1258 3027 1312 3075 et
1338 3008 1597 3090 exemplis
1626 3019 1917 3084 informati,
1945 3020 2150 3076 meritis

572 3117 629 3163 et
664 3108 1144 3164 intercessionibus
1180 3110 1412 3178 sulfulti;
1447 3127 1589 3167 nunc
1619 3112 1830 3166 tandem
1860 3112 1983 3190 ejus
2009 3126 2145 3181 prae—

572 3199 745 3253 sentia
788 3196 1049 3263 desolati,
1094 3201 1227 3256 satis
1258 3203 1671 3272 perpendimus,
1704 3204 1830 3273 quid
1871 3218 1967 3274 pro
1996 3203 2153 3261 nobis

570 3290 890 3359 gemendum
910 3330 927 3358 ,
957 3291 1154 3360 quidve
1194 3307 1292 3361 pro
1314 3308 1380 3347 eo
1407 3294 1779 3364 gratulandum
1809 3294 1901 3348 sit.
1936 3293 2148 3347 Etenim

552 3394 734 3439 verus
754 3379 849 3435 Dei
877 3381 1053 3436 cultor
1081 3381 1357 3437 abstinens
1383 3397 1442 3437 se
1462 3384 1530 3438 ab
1551 3383 1697 3437 omni
1726 3397 1887 3452 opere
1908 3381 2065 3445 malo,
2096 3391 2152 3436 et

573 3471 629 3525 in
659 3472 1023 3553 simplicitatis
1071 3475 1333 3531 modestia
1360 3490 1703 3545 permanens,
1748 3484 1952 3530 certam
1991 3474 2056 3529 de
2094 3490 2152 3529 se

572 3566 801 3634 praebuit
850 3565 1129 3632 fiduciam,
1172 3566 1315 3636 quod
1359 3567 1485 3622 hinc
1522 3565 1785 3632 sublatus,
1834 3565 1902 3621 ad
1945 3566 2148 3644 Deum,

572 3671 733 3724 quem
763 3672 979 3727 semper
1008 3666 1121 3712 tota
1152 3658 1435 3713 devotione
1461 3657 1683 3721 dilexit,
1717 3657 1911 3728 cuique
1936 3672 2151 3726 semper

2246 2480 2409 2541 corde
2459 2481 2901 2549 expavescimus,
2958 2493 3027 2534 ne
3073 2481 3311 2550 peccatis
3355 2487 3820 2557 promerentibus,

2246 2569 2492 2639 luporum
2519 2579 2706 2639 patere
2733 2569 3053 2639 incipiamus
3078 2571 3368 2626 morsibus.
3405 2571 3649 2630 Mundus
3681 2593 3821 2631 nam-

2247 2674 2351 2730 que
2377 2661 2430 2715 in
2452 2659 2684 2730 maligno
2707 2660 2933 2730 positus,
2965 2660 3135 2732 magis
3161 2676 3222 2716 ea
3245 2678 3365 2733 quae
3387 2664 3542 2734 justa
3570 2676 3629 2720 et
3651 2676 3821 2723 sancta

2249 2757 2405 2814 sunt,
2451 2758 2714 2814 evertere,
2760 2766 2920 2819 quam
2952 2752 3202 2822 religiosa
3252 2754 3451 2822 quaerit
3487 2757 3740 2827 erigere:
3773 2769 3823 2812 et

2250 2840 2499 2896 inimicus
2544 2841 2761 2896 humani
2795 2843 3005 2913 generis
3049 2843 3316 2909 diabolus,
3355 2830 3564 2915 quanto
3587 2849 3819 2903 sanctio-

2250 2948 2364 2988 rem
2413 2948 2477 2988 ac
2520 2933 2906 3004 rcligiosiorem
2940 2949 3209 3005 quemque
3255 2938 3589 3007 conspexerit
3616 2936 3820 2993 ducem

2251 3021 2416 3075 vitam
2435 3061 2450 3088 ,
2494 3028 2641 3076 tanto
2671 3021 2855 3090 majori
2881 3025 3162 3078 conamine
3189 3024 3404 3080 adversa
3424 3040 3643 3095 quaeque
3666 3027 3813 3096 obji-

2253 3110 2363 3166 cit:
2396 3118 2453 3163 ut
2479 3126 2542 3165 ea
2567 3126 2688 3181 quae
2714 3119 2899 3166 sancta
2931 3120 3056 3168 sunt
3081 3113 3358 3178 destruat,
3393 3122 3447 3168 et
3478 3128 3547 3175 ne
3579 3114 3647 3168 ab
3684 3114 3808 3169 aliis

2254 3200 2549 3266 imitentur,
2598 3202 2787 3257 callida
2835 3203 3085 3258 suasione
3125 3217 3191 3258 ac
3220 3204 3398 3273 pravis
3444 3204 3843 3267 intentionibus

2254 3290 2483 3345 auferat.
2514 3289 2622 3350 Nos
2647 3292 2825 3363 itaque
2854 3292 2994 3348 inter
3015 3290 3360 3348 formidolosa
3391 3294 3627 3363 pericula
3652 3296 3813 3365 suspi-

2257 3389 2460 3446 rantes,
2481 3380 2608 3436 licet
2630 3380 2941 3451 multiplicia
2964 3380 3100 3436 mala
3129 3381 3503 3453 temporaliter
3522 3383 3808 3442 timeamus.

2255 3470 2492 3525 divinum
2525 3478 2700 3525 tamen
2729 3471 3053 3541 adjutorium
3079 3469 3253 3535 nobis,
3285 3470 3412 3527 licet
3445 3470 3698 3542 indignis,
3718 3486 3809 3525 non

2256 3561 2563 3616 defuturum
2589 3562 2875 3623 credimus.
2903 3562 3133 3632 Ideoque
3160 3571 3395 3617 vestram
3427 3564 3809 3619 devotissimus

2259 3651 2599 3707 sanctitatem
2640 3651 2862 3723 supplici
2907 3653 3069 3707 corde
3099 3668 3352 3724 rogamus
3379 3662 3435 3708 et
3468 3655 3718 3723 petimus,
3760 3662 3812 3706 ut

574 3745 757 3801 animo
784 3725 1115 3814 intendebat,
1139 3749 1255 3803 sine
1280 3747 1624 3803 cunctatione
1650 3725 1975 3817 pervenerit.
2001 3725 2154 3801 Unde
2182 3725 2230 3787 Β
2259 3758 2525 3798 memores
2554 3744 2721 3797 nostri
2764 3743 3098 3799 intercedere
3124 3759 3221 3815 pro
3250 3744 3406 3799 nobis
3432 3745 3508 3800 ad
3548 3745 3819 3799 Dominum

571 3847 674 3901 pro
705 3835 1079 3890 retributionis
1104 3837 1222 3906 ejus
1254 3838 1477 3906 praemio
1514 3852 1642 3893 vere
1682 3837 1839 3891 nobis
1880 3835 2154 3907 gratulan-

576 3921 702 3974 dum
725 3924 1028 3987 credimus;
1060 3940 1159 3993 pro
1190 3934 1374 3979 nostra
1397 3934 1576 3979 autem
1606 3926 1935 3981 desolatione
1967 3939 2156 3979 neces-

578 4008 721 4063 sario
751 4010 1197 4078 supplicandum:
1244 4019 1305 4064 ut
1348 4013 1436 4080 qui
1470 4014 1784 4068 humanitus
1822 4022 1972 4067 tanto
1994 4012 2157 4067 ἀθεῑί-

580 4104 679 4151 ιυιι
715 4112 901 4151 sumus
922 4105 1159 4168 pastore,
1184 4098 1398 4154 coalitus
1418 4100 1605 4157 divino
1634 4102 1829 4155 muniri
1850 4115 2157 4157 mereamur

580 4186 802 4241 auxilio.
851 4187 996 4242 lntcr
1021 4188 1199 4244 varias
1227 4189 1426 4244 etenim
1462 4205 1836 4261 pressurarum
1878 4191 2155 4260 angustias

578 4276 761 4346 positi,
792 4276 1057 4332 veraciter
1086 4276 1199 4348 jam
1224 4279 1489 4334 sentimus
1518 4280 1646 4348 quid
1687 4280 2054 4345 amiserimus,
2100 4289 2157 4335 et

579 4367 708 4437 quid
734 4384 833 4438 pro
862 4368 1013 4423 nobis
1050 4368 1232 4424 dolere
1276 4370 1567 4426 debeamus
1607 4371 1740 4426 satis
1787 4372 2153 4442 intelligimus.

580 4457 806 4514 Vivc'nte
847 4460 993 4514 enim
1035 4460 1169 4530 ipso,
1218 4460 1351 4515 nihil
1385 4463 1539 4517 nobis
1566 4463 1752 4517 deesse
1777 4463 2153 4519 credebamus.

579 4549 708 4619 Ejus
732 4566 965 4621 namque
987 4552 1325 4607 sanctitatem
1344 4567 1497 4625 reges
1518 4553 1965 4619 honorificabant,
1982 4565 2157 4623 pasto-

584 4656 669 4696 res
723 4641 1085 4696 Ecclesiarum
1137 4643 1551 4708 venerabantur,
1596 4642 1774 4698 clerus
1822 4641 2154 4706 imitabatur,

581 4730 807 4801 populus
832 4731 1115 4785 universus
1144 4730 1512 4786 admirabatur
1537 4749 1551 4785 :
1575 4741 1629 4786 et
1650 4732 1776 4787 dum
1806 4731 1954 4787 illum
1975 4734 2156 4788 cuncti

584 4835 831 4880 sanctum
856 4835 910 4880 et
928 4827 1131 4894 justum
1154 4826 1528 4895 praedicarent,
1549 4840 1645 4880 nos
1663 4839 1874 4895 quoque
1905 4832 2157 4894 tanquam

585 4934 780 4987 corpus
804 4919 1015 4990 capitis,
1046 4934 1146 4988 pro
1169 4921 1285 4985 ejus
1310 4919 1545 4972 bonitate
1572 4917 1862 4972 venerandi
1890 4930 1953 4970 ac
1973 4915 2159 4970 lauda-

586 5009 722 5063 biles
750 5010 1081 5063 videbamur.
1110 5009 1182 5063 At
1211 5024 1353 5064 nunc
1381 5016 1531 5063 tanto
1556 5021 1777 5062 munere
1803 5005 2069 5073 frustrati,
2092 5004 2159 5060 de

658 5175 683 5201 ι
724 5161 966 5215 Corbeite
1020 5161 1220 5216 veteris
1264 5175 1357 5216 seu
1413 5159 1629 5215 Gallicae
1683 5155 1960 5210 monachis
2011 5155 2152 5211 hanc

587 5233 764 5286 Vitam
812 5246 842 5283 a
888 5230 1173 5285 Remhcrto
1216 5238 1573 5298 nuncupatam
1621 5239 1772 5298 esse,
1836 5223 1951 5298 ejus
1993 5224 2153 5298 lectio

587 5309 771 5371 aperte
816 5301 1042 5370 probat:
1077 5310 1139 5355 ut
1180 5294 1489 5353 mirum'sit
1538 5296 1646 5371 hac
1686 5296 1835 5351 in.re
1874 5294 2156 5371 allucinari

586 5364 887 5434 Adamnm,
953 5385 1113 5439 quem
1158 5375 1454 5439 sequuntur
1506 5365 1756 5439 plerique
1805 5364 2153 5420 recentiores.

586 5439 740 5510 llunc
784 5436 990 5510 lapsum
1040 5440 1279 5510 correrit
1321 5436 1719 5510 Henscltenius,
1768 5444 1826 5489 et
1867 5440 2003 5510 post
2034 5449 2156 5510 eum

587 5509 781 5565 Petrus
801 5501 1140 5564 Lambecius.
1170 5506 1222 5559 Id
1250 5513 1392 5574 patet
1414 5506 1678 5575 prmcipue
1705 5519 1772 5559 ex
1797 5501 1946 5557 num.
1970 5502 2033 5575 ὄρ
2068 5501 2160 5575 ubi

590 5580 913 5635 Retnbertus
926 5578 1082 5646 hujus
1094 5571 1322 5646 cmnobii
1342 5571 1629 5646 monachos
1640 5574 1919 5646 alloquens
1934 5591 1946 5626 :
1971 5591 1997 5646 ιΔ
2010 5571 2161 5646 apud

593 5666 688 5707 vos
706 5641 1034 5713 tonsuratus,
1064 5645 1258 5715 inquit,
1281 5655 1441 5715 atque
1466 5645 1520 5698 in
1542 5641 1849 5700 monasticis
1871 5641 2164 5713 disciplinis

2181 5076 2231 5139 Ο

2255 3835 2547 3906 dignemini
2585 3854 2598 3889 :
2645 3850 2754 3905 quo
2800 3850 2943 3890 nutic
2994 3850 3093 3890 nos
3139 3835 3254 3906 ejus
3301 3835 3684 3891 misericordia
3726 3850 3814 3893 uel

2255 3925 2619 3995 derelinquat;
2668 3926 2759 3980 sed
2786 3924 3002 3994 adjutor
3028 3932 3211 3979 noster
3231 3925 3663 3996 benignissimus
3680 3925 3811 3980 noxia

2255 4026 2447 4071 cuncta
2489 4030 2520 4070 a
2560 4014 2714 4070 nobis
2756 4015 3027 4084 depellat:
3071 4015 3248 4084 sitque
3293 4014 3455 4070 nobis
3483 4015 3748 4087 refugium
3769 4015 3812 4068 in

2256 4105 2621 4170 tribulatione,
2645 4104 2735 4175 qui
2760 4121 2863 4160 non
2882 4105 3085 4161 deserit
3107 4112 3386 4175 sperantes
3401 4105 3455 4159 in
3484 4121 3565 4160 se.
3599 4104 3815 4162 Deillios

2257 4195 2437 4265 itaque
2462 4196 2749 4265 praesentia
2777 4204 3185 4265 praesumentes,
3220 4210 3486 4266 spemque
3515 4206 3752 4251 nostram
3769 4194 3815 4245 in

2256 4283 2371 4353 ejus
2413 4283 2780 4339 misericordia
2820 4283 3163 4347 collocantes,
3196 4291 3250 4337 et
3277 4283 3405 4351 quid
3430 4284 3598 4339 nobis
3631 4282 3816 4339 contin-

2256 4379 2363 4443 get,
2412 4371 2496 4426 vel
2532 4370 2764 4440 qualiter
2799 4371 2856 4426 in
2898 4370 3135 4429 futurum
3178 4371 3476 4426 subsistere
3519 4370 3818 4427 debeamus

2256 4460 2397 4514 illius
2436 4457 2638 4527 judicio
2683 4458 3146 4529 derelinquentes;
3190 4458 3408 4528 pietatis
3440 4456 3561 4526 ejus
3607 4458 3820 4529 gratiam

2239 4542 2372 4603 toto
2400 4548 2576 4603 cordis
2601 4563 2665 4603 ac
2700 4548 2896 4603 mentis
2924 4546 3116 4603 aﬂ'ectu
3143 4547 3519 4603 collaudamus
3541 4556 3615 4607 et
3635 4548 3822 4622 gratii-

2257 4656 2463 4702 camur,
2505 4639 2595 4709 qui
2642 4639 2796 4694 nobis
2825 4638 2909 4694 vel
2935 4639 3001 4693 ad
3034 4647 3247 4709 tempus
3274 4646 3425 4694 tanto
3450 4642 3731 4698 concessit
3756 4639 3821 4692 uti

2257 4743 2502 4802 patrono.
2528 4730 2733 4785 Vestrae
2756 4743 2970 4800 quoque
2996 4730 3349 4784 sanctissima:
3365 4729 3691 4799 paternitati
3719 4745 3824 4802 gra~
3920 4796 3921 4807 χ

2261 4824 2454 4877 tiarnm
2499 4824 2739 4878 actiones
2786 4822 3078 4877 immensas
3127 4821 3431 4887 referimus,
3483 4824 3622 4893 quia
3667 4830 3828 4878 vestro

2258 4914 2517 4969 beneﬁcio
2536 4927 2599 4967 ac
2627 4913 2841 4968 licentia
2862 4912 3020 4966 talem
3042 4913 3336 4967 meruimus
3358 4912 3576 4968 Patrem
3606 4912 3825 4967 habere:

2261 5004 2413 5061 cuius
2457 5005 2698 5074 exempla
2747 5005 2792 5058 si
2836 5004 2958 5058 auis
3006 5004 3207 5058 imitari
3256 5003 3512 5060 voluerit.
3556 5001 3829 5056 caelestem

2261 5161 2489 5233 positus,
2515 5158 2653 5233 apud
2683 5173 2778 5233 vos
2804 5158 2914 5233 l_)_eo
2934 5156 3144 5233 oblatus
3166 5155 3533 5233 obedientiam
3544 5154 3827 5233 promisit,

2259 5225 2366 5286 ima
2394 5245 2514 5284 cum
2541 5225 2658 5282 aliis
2684 5227 2941 5282 fratribus
2971 5226 3164 5281 vestris
3188 5225 3423 5279 directus
3448 5225 3515 5280 ad
3544 5226 3654 5279 has
3677 5225 3830 5279 Sam

2261 5302 2365 5356 nite
2406 5307 2606 5369 partes,
2663 5298 2715 5350 in
2762 5298 2955 5367 quibus
2990 5293 3399 5369 _cmptum_fieri
3443 5295 3826 5369 monasterium

2265 5364 2570 5437 nomenque
2612 5364 2909 5437 mutuatum
2932 5382 2961 5419 a
2990 5364 3109 5419 loco
3146 5364 3831 5437 habitationisrestrgetut

2266 5455 2404 5494 nova
2429 5430 2653 5508 corbeia
2678 5435 3054 5508 appellaretur.
3089 5453 3107 5486 ι
3138 5432 3343 5508 Quibus
3361 5432 3544 5508 verbis
3570 5430 3830 5508 nihil

2270 5510 2382 5564 rius
2406 5507 2593 5562 adduci
2630 5500 2819 5575 potest.
2848 5505 3078 5575 Eosdem
3109 5502 3406 5560 monachos
3428 5500 3638 5572 alloqui
3670 5500 3827 5573 pergit

2273 5591 2460 5634 auctor
2484 5579 2535 5631 in
2567 5573 2675 5630 tota
2704 5575 2841 5630 serie
2871 5573 3051 5630 libelli.

2316 484 3875 528 ῳ
