4020 6338
280 305 378 360 961

1832 323 2010 378 VITA.

3422 355 3526 410 962

277 418 672 529 quodammodo
710 419 763 528 in
799 420 959 477 terris
994 422 1214 529 habebit
1252 428 1734 529 conversationem.
1785 431 1843 486 Si
1870 442 1918 501 Α
1949 437 2039 503 rit,
2069 439 2305 510 quidque
2329 444 2397 499 de
2434 463 2499 502 eo
2534 450 2688 505 nobis
2714 452 2984 522 cognitum
3011 460 3298 529 exstiterit,
3330 475 3522 526 vestra:

275 512 398 581 quis
427 511 686 568 doctrina:
710 515 827 584 ejus
853 517 1165 586 recordatus
1187 519 1368 588 fuerit,
1392 524 1531 578 viam
1563 527 1841 582 mandato-

276 613 395 654 rum
426 601 517 655 Dei
544 602 661 658 sine
687 619 870 660 errore
894 606 1139 664 incedere
1165 611 1380 678 poterit.
1413 611 1469 667 Si
1495 615 1615 684 quis
1637 618 1841 672 monita

275 689 666 748 adhortationis
702 696 1020 764 attenderit,
1053 698 1272 768 laqueos
1311 703 1512 759 inimici
1543 721 1845 774 przecavere

273 782 527 836 studebit.
566 783 736 854 Hujus
759 787 938 858 itaque
963 793 1288 847 sanctissimi
1314 793 1491 850 Patris
1528 788 1844 854 memoriam

269 873 410 941 stylo
437 888 662 930 exarare
693 877 1055 946 decrevimus;
1079 891 1134 939 et
1156 883 1388 953 qualiter
1408 887 1549 956 apud
1577 903 1677 944 nos
1701 889 1845 944 vixe-

278 1081 1134 1112 Μ

1948 533 2263 587 reverentia:
2290 535 2504 605 scriptis
2529 539 2801 606 intimare,
2829 559 2935 612 quo
2954 555 3008 600 et
3031 548 3263 606 divinam
3289 553 3525 612 clemen-

1949 623 2076 677 tiam
2104 623 2157 677 in
2183 625 2341 680 beato
2367 628 2484 683 viro
2506 640 2679 686 vestra
2706 649 2918 704 quoque
2945 639 3222 696 nobiscum
3250 645 3518 702 eollaudet

1948 711 2176 777 affectio,
2205 724 2260 769 et
2285 715 2482 772 imitari
2514 721 2813 780 volentibus
2845 729 3149 798 exemplum
3195 732 3383 790 salutis
3428 736 3524 792 fiat

1950 803 2066 873 ejus
2090 807 2432 864 sanctissima
2461 810 2693 868 devotio.

1953 1104 3512 1144 _.___.________.________

1367 1281 1714 1398 VITA
1811 1279 2345 1397 INCIPIT

406 1630 550 1688 Puer
590 1651 623 1688 a
663 1633 881 1691 (adieris
924 1634 1166 1689 inanibus
1193 1634 1390 1690 caelitus
1427 1646 1697 1690 revocatur

869 1707 1210 1760 Anscharius.

329 1815 384 1870 2.
421 1815 722 1870 Beatissimi
766 1816 944 1872 Patris
968 1815 1252 1871 Anscharii
1297 1815 1572 1886 religionis
1623 1815 1700 1887 [in
1729 1833 1827 1870 ms.

259 1907 439 1973 Corb.,
485 1907 637 1976 cujus
680 1908 976 1981 religionis]
1027 1909 1308 1972 sanctitas,
1359 1909 1536 1963 divina
1571 1907 1832 1978 largiente

257 1999 451 2069 gratia,
497 2000 564 2054 ab
592 1999 808 2054 ineunte
837 2014 1083 2054 crescere
1104 1999 1267 2067 coepit
1291 2006 1471 2061 aztate,
1510 2005 1566 2052 et
1596 2014 1693 2067 per
1720 1999 1831 2052 sin-

255 2089 377 2159 gula
407 2097 625 2142 aztatum
672 2097 940 2143 momenta
978 2089 1237 2140 virtutum
1286 2085 1660 2156 multiplicavit
1701 2103 1830 2158 aug-

255 2187 460 2232 menta.
509 2177 750 2246 Namque
778 2177 845 2231 ab
867 2176 1094 2231 infantia
1119 2185 1144 2214 ⁸
1175 2177 1509 2246 spiritalibus
1541 2179 1828 2233 revelatio-

255 2268 416 2321 nibns
443 2267 658 2320 cmlitus
689 2267 1003 2336 inspiratus,
1029 2275 1084 2320 et
1110 2281 1206 2336 per
1233 2265 1443 2321 Domini
1470 2269 1698 2337 gratiam
1731 2284 1826 2323 su-

253 2372 420 2426 perna
445 2358 753 2411 visitatione
780 2366 865 2412 est
885 2358 1080 2426 saepius
1108 2358 1435 2421 admonitus,
1456 2372 1562 2428 quo
1591 2371 1825 2413 mentem

251 2461 406 2500 suam
452 2463 480 2499 a
527 2448 758 2501 terrenis
797 2444 1130 2517 disjungens,
1177 2455 1289 2500 toto
1319 2448 1480 2500 corde
1517 2446 1824 2501 caelestibus

249 2537 504 2591 inhiaret.
547 2538 691 2603 Quas
719 2536 936 2607 quidem
975 2538 1333 2592 revelationes
1363 2538 1477 2606 ipse
1502 2537 1822 2606 quibusdam

246 2635 515 2690 nostrum,
547 2627 638 2696 qui
664 2628 714 2682 ei
744 2627 1062 2682 familiarius
1083 2628 1446 2692 adhmrebant,
1483 2628 1818 2692 innotuerat;

243 2730 312 2770 eo
343 2726 519 2768 tamen
551 2726 756 2781 tenore,
790 2732 856 2771 ne
886 2724 1124 2784 tempore
1152 2715 1274 2770 vit:e
1299 2731 1408 2770 sua:
1431 2716 1681 2785 cuiquam
1710 2732 1824 2769 ma-

243 2802 583 2859 nifestarent.
608 2805 754 2872 Quas
779 2819 877 2858 nos
907 2804 973 2858 ad
1003 2805 1212 2858 laudem
1241 2805 1448 2858 Domini
1470 2814 1589 2873 post
1614 2806 1818 2859 obitum

243 2894 361 2963 ejus
414 2893 539 2947 huic
587 2893 734 2962 operi
784 2893 1105 2946 interserere
1161 2893 1458 2961 elegimus,
1513 2901 1572 2946 ut
1620 2895 1818 2962 quique

241 2981 484 3052 legentes
509 2988 832 3051 agnoscant,
883 2990 1079 3050 quanta
1116 2982 1285 3051 gratia
1318 2981 1572 3036 Dominus
1600 2997 1813 3036 servum

242 3086 398 3126 suum
444 3085 473 3124 a
505 3071 759 3140 primaeva
803 3079 960 3124 aetate.
987 3072 1275 3140 corrigere,
1323 3087 1387 3124 ac
1417 3073 1668 3140 deinceps
1698 3087 1817 3126 suc-
1848 3063 1890 3124 C

238 3160 558 3215 cedentibus
608 3159 872 3212 bonorum
911 3174 1132 3228 operum
1171 3159 1377 3212 meritis
1406 3159 1702 3217 clarificare
1731 3160 1816 3213 di-

239 3260 435 3321 gnatus
463 3249 647 3304 fuerit.
677 3247 970 3304 Referebat
1006 3263 1270 3316 namque,
1315 3250 1456 3318 quod
1491 3251 1541 3303 in
1576 3257 1818 3319 tempore

235 3339 484 3408 pueritia:
503 3353 635 3400 suae,
663 3352 784 3391 cum
816 3337 1051 3406 quinque
1078 3336 1191 3392 fere
1219 3345 1363 3391 esset
1388 3353 1670 3402 annorum,
1703 3355 1816 3392 ma-

239 3434 327 3480 ter
359 3427 537 3481 suain
582 3425 675 3480 Dei
720 3426 914 3480 timore
955 3425 1243 3480 admodum
1273 3425 1520 3496 religiosa
1561 3427 1814 3482 defuncta

236 3515 423 3582 fuerit,
453 3533 517 3572 ac
545 3532 652 3570 non
684 3516 852 3571 multo
875 3525 999 3587 post
1025 3525 1263 3587 tempore
1289 3517 1462 3587 ipsum
1479 3527 1633 3588 pater
1663 3535 1812 3585 suus,

234 3621 402 3662 causa
435 3607 676 3661 discendi
701 3605 909 3660 litteras
942 3607 1010 3661 ad
1033 3607 1270 3662 scholam
1300 3606 1528 3663 miserit.
1562 3609 1660 3664 Ubi
1690 3626 1811 3665 cum

232 3707 386 3754 esset
414 3699 646 3770 positus,
675 3697 856 3766 coepit,
882 3706 942 3752 ut
967 3699 1113 3752 aetati
1145 3699 1238 3752 tali
1270 3697 1536 3753 familiare
1557 3712 1658 3766 est,
1692 3718 1812 3756 cum

234 3790 432 3846 comis
461 3790 572 3845 suis
599 3788 875 3860 pueriliter
900 3802 1078 3858 agere,
1126 3797 1181 3842 et
1203 3789 1539 3844 discursibus
1566 3791 1815 3846 inanibus

231 3889 397 3950 atque
413 3880 553 3948 jocis
579 3880 750 3950 magis
767 3894 987 3949 operam
1009 3879 1160 3944 dare,
1185 3895 1348 3949 quam
1369 3880 1812 3936 discendaadisci-

228 3973 394 4045 plina:
423 3973 643 4028 instare.
687 3971 928 4042 Cumque
975 3971 1164 4042 puerili
1201 3972 1347 4026 aetati
1391 3972 1572 4027 taliter
1603 3974 1812 4029 deditus

231 4070 400 4128 esset,
421 4063 596 4117 visum
626 4071 709 4118 est
733 4063 780 4118 ei
804 4063 1035 4132 quadam
1062 4071 1242 4129 nocte,
1269 4063 1412 4133 quod
1433 4073 1578 4119 esset
1598 4065 1651 4118 in
1679 4080 1811 4134 quo-

232 4155 358 4209 dam
405 4153 544 4219 loco,
573 4155 735 4210 nimis
775 4154 949 4210 lutoso
984 4163 1040 4210 et
1085 4155 1312 4219 lubrico,
1343 4156 1418 4210 ita
1447 4165 1506 4210 ut
1533 4156 1656 4210 inde
1702 4172 1809 4211 non

229 4247 337 4302 nisi
382 4261 575 4316 magna
621 4247 933 4302 difficultate
977 4247 1127 4301 exire
1172 4246 1419 4301 valeret:
1473 4261 1633 4302 secus
1660 4247 1808 4302 illum

229 4351 362 4392 vero
381 4337 561 4390 locum
591 4337 875 4391 essovlam
903 4335 1344 4399 amoenissimam,
1376 4337 1429 4389 in
1455 4351 1556 4404 qua
1591 4336 1809 4390 videbat

1943 1635 2080 1689 riam
2111 1650 2234 1710 esse
2255 1635 2537 1703 credebat,
2565 1637 2615 1693 ei
2639 1640 2876 1698 dixisse:
2905 1643 3036 1711 Fili,
3070 1647 3152 1702 vis
3189 1650 3256 1704 ad
3286 1657 3514 1705 matrem

1861 1720 1909 1779 B
1941 1732 2082 1778 tuam
2113 1726 2298 1780 venire
2319 1728 2342 1779 ?
2363 1726 2459 1781 Cui
2487 1745 2610 1783 cum
2636 1731 2724 1787 ille
2750 1737 3134 1804 respondisset,
3163 1738 3432 1796 inhianter
3453 1757 3512 1796 se

1935 1814 2094 1879 velle,
2137 1830 2325 1870 rursus
2355 1817 2440 1870 illa
2465 1820 2679 1875 intulit:
2709 1824 2765 1877 Si
2797 1835 2994 1881 nostra:
3016 1829 3311 1885 voluntatis
3338 1833 3509 1901 parti-

1935 1919 2060 1974 ceps
2089 1919 2208 1960 esse
2235 1906 2489 1971 volueris,
2532 1924 2746 1964 omnem
2777 1913 2940 1969 debes
2979 1918 3276 1972 vanitatem
3306 1922 3508 1991 fugere,

1933 1994 2156 2062 etjocos
2180 1997 2413 2065 pueriles
2441 1999 2734 2066 dimittere,
2779 2018 2842 2057 ac
2882 2007 3220 2075 temetipsum
3252 2010 3302 2063 in
3328 2012 3509 2080 gravi-

1933 2092 2045 2138 tate
2069 2086 2194 2140 vita:
2221 2090 2510 2144 custodire.
2545 2092 2712 2148 Valde
2739 2095 2884 2148 enim
2919 2112 3014 2152 nos
3040 2098 3373 2155 detestamur
3396 2118 3513 2156 om-

1931 2174 2020 2228 nia
2069 2189 2188 2244 qua:
2218 2191 2353 2232 vana
2393 2187 2447 2234 et
2480 2181 2650 2235 otiosa
2697 2192 2853 2248 sunt;
2897 2201 2998 2240 nec
3041 2197 3218 2256 potest
3243 2191 3295 2243 in
3326 2201 3511 2246 nostro

1930 2273 2194 2318 conventu
2223 2280 2364 2331 esse,
2394 2268 2696 2338 quicunque
2726 2271 2811 2326 his
2839 2272 2998 2328 fuerit
3019 2277 3332 2332 delectatus.
3373 2278 3504 2332 Post

1929 2353 2071 2407 hanc
2095 2353 2272 2424 itaque
2299 2357 2578 2421 visionem,
2601 2359 2786 2413 statim
2811 2377 2869 2416 se
2893 2363 3057 2432 coepit
3086 2366 3303 2435 gravius
3323 2382 3504 2437 agere,

1927 2451 1982 2496 et
2007 2444 2234 2512 puerilia
2264 2448 2534 2502 consortia
2576 2448 2790 2503 vitare:
2823 2450 3050 2506 lectione
3078 2463 3290 2517 autem,
3329 2456 3508 2510 medi-

1929 2537 2152 2602 tatione,
2183 2539 2498 2608 ueterisque
2525 2540 2846 2596 utilitatibus
2875 2543 3079 2598 arctius
3102 2559 3160 2599 se
3199 2559 3463 2614 occupare
3487 2562 3501 2598 :

1925 2625 2000 2679 ita
2031 2635 2091 2680 ut
2131 2629 2264 2683 socii
2293 2629 2409 2697 ejus
2439 2631 2589 2686 valde
2625 2633 2955 2687 mirarentur
2991 2637 3132 2704 quod
3166 2644 3272 2691 tam
3325 2638 3506 2693 subito

1925 2714 1980 2768 ln
2015 2716 2177 2771 aliam
2209 2727 2445 2774 mutatus
2467 2721 2538 2774 sit
2564 2723 3045 2778 conversationem.

2050 2824 2341 2882 Monac/tus
2372 2829 2557 2882 audita
2589 2830 2766 2883 Caroli
2795 2840 2957 2886 morte
2979 2833 3039 2901 ﬁt
3073 2833 3370 2901 ferventior.

1992 2935 2046 2990 5.
2084 2934 2327 3004 Cumque
2357 2946 2480 3006 post
2519 2939 2632 2993 hac
2671 2941 2811 3010 apud
2837 2957 2934 2994 vos
2959 2949 3292 3007 tonsuratus,
3339 2953 3502 3014 atque

1926 3025 1980 3080 in
2011 3028 2322 3082 monasticis
2347 3028 2647 3098 disciplinis
2671 3031 2875 3098 positus
2899 3032 3504 3094 adolescentiorfuisset

1927 3112 2131 3179 factus,
2181 3116 2415 3169 humana
2441 3117 2761 3185 subrepente
2791 3119 3077 3189 fragilitate
3106 3123 3498 3192 aliquantulum

1923 3206 2086 3274 etrapit
2125 3220 2154 3258 a
2193 3209 2451 3276 propositi
2480 3208 2676 3276 prioris
2718 3210 2892 3278 rigore
2930 3211 3235 3282 frigescere.
3277 3214 3498 3276 Interim

1921 3313 2050 3351 vero
2079 3298 2304 3369 contigit
2327 3300 2691 3354 eum‘domini
2721 3301 3156 3358 excellentissimi
3187 3304 3364 3361 Caroli
3400 3309 3499 3362 int-

1920 3387 2185 3454 peratoris
2213 3387 2417 3441 obitum
2445 3388 2679 3452 audisse,
2707 3403 2866 3458 quem
2890 3390 3004 3459 ipse
3029 3403 3185 3447 antea
3219 3393 3270 3447 in
3299 3411 3492 3465 magna

1920 3476 2159 3545 potentia
2187 3477 2478 3546 gloriosum
2519 3478 2758 3542 viderat,
2805 3488 2966 3550 atque
2994 3496 3114 3536 cum
3151 3499 3342 3554 magna
3372 3501 3498 3554 pru-

1923 3570 2104 3625 dentia
2137 3569 2284 3640 regni
2321 3578 2532 3640 sceptra
2577 3570 2918 3628 laudabiliter
2948 3575 3278 3644 gubernasse
3319 3578 3498 3632 audie-

1921 3670 2022 3716 rat.
2073 3661 2149 3716 De
2198 3661 2329 3715 tanti
2357 3661 2538 3731 itaque
2566 3663 2908 3732 imperatoris
2935 3679 3158 3720 excessu
3187 3666 3300 3736 ipse
3326 3667 3496 3722 nimio

1919 3760 2124 3805 terrore
2149 3759 2310 3820 atque
2340 3752 2565 3807 horrore
2595 3751 2896 3822 perculsus,
2939 3771 3126 3810 rursus
3150 3757 3314 3826 coepit
3341 3757 3407 3811 ad
3435 3773 3494 3814 se

1918 3841 2114 3905 redire,
2137 3849 2191 3895 et
2216 3843 2596 3898 admonitionis
2626 3852 2827 3898 sancta:
2848 3845 2941 3900 Dei
2977 3848 3253 3917 genitricis
3279 3849 3345 3902 ad
3377 3865 3491 3904 me-

1915 3933 2141 3987 moriam
2185 3934 2347 3990 verba
2400 3935 2659 3991 reducere
2699 3953 2712 3989 :
2770 3937 2955 4006 sicque
3000 3940 3155 3994 omni-
3194 3941 3492 4010 postposita

1912 4023 2149 4087 levitate,
2172 4027 2600 4094 compunctionis
2625 4027 2818 4082 divinae
2845 4030 3011 4099 coepit
3034 4045 3216 4085 amore
3239 4032 3490 4104 langues-

1912 4128 2056 4178 cere,
2089 4122 2364 4184 totumque
2394 4131 2453 4169 se
2483 4116 2536 4170 in
2566 4115 2661 4176 Dei
2691 4119 2971 4172 servitium
3003 4131 3343 4186 convertens,
3371 4139 3493 4176 ora-

1913 4204 2044 4258 tioni
2095 4214 2150 4260 et
2195 4205 2426 4276 vigiliis,
2465 4215 2628 4276 atque
2665 4208 3004 4264 abstinentia:
3041 4225 3261 4280 operam
3302 4213 3484 4266 dabat.

2053 4313 2122 4368 In
2150 4317 2316 4369 extasi
2357 4333 2388 4368 a
2415 4317 2608 4370 sanctis
2632 4317 2844 4369 ducitur
2877 4318 2930 4370 in
2957 4320 3342 4386 purgatorium.

228 4425 607 4498 procedentem
638 4426 790 4495 quasi
815 4426 1102 4494 quamdam
1131 4424 1403 4479 dominam
1431 4426 1577 4479 omni
1613 4434 1806 4480 ornatu
1834 4429 1887 4488 D
1981 4423 2035 4476 4.
2074 4422 2315 4493 Cumque
2354 4425 2438 4478 his
2473 4425 2728 4479 virtutum
2765 4425 3039 4479 exercitiis
3078 4437 3237 4480 verus
3279 4425 3482 4480 athleta

228 4526 284 4573 et
329 4519 613 4572 honestate
656 4509 1007 4584 prmélaram;
1054 4514 1234 4584 plures
1262 4530 1389 4569 vero
1417 4515 1552 4570 alias
1577 4515 1808 4572 feminas

229 4607 526 4668 dealbatas,
557 4620 679 4660 eum
729 4605 922 4674 quibus
947 4611 1065 4658 erat
1089 4612 1145 4658 et
1188 4612 1361 4658 mater
1400 4620 1515 4660 sua.
1565 4605 1807 4676 Cumque

228 4714 347 4754 eam
389 4695 818 4767 recognovisset,
869 4695 1034 4764 ccepit
1071 4693 1204 4748 velle
1233 4694 1299 4749 ad
1328 4710 1444 4750 eam
1475 4711 1800 4751 accurrere:

226 4789 323 4844 sed
353 4788 472 4843 loco
498 4787 589 4842 illo
610 4801 830 4842 emnoso
852 4795 907 4840 et
935 4786 1099 4840 nimis
1117 4785 1326 4841 lubrico
1349 4801 1454 4841 non
1479 4786 1636 4843 facile
1654 4787 1806 4843 exire

226 4887 458 4951 poterat.
485 4878 696 4934 Chorus
726 4887 904 4933 autem
929 4876 1015 4931 ille
1043 4876 1361 4931 feminarum
1392 4892 1513 4932 cum
1538 4878 1586 4932 ei
1611 4893 1804 4948 appro-
1849 4903 1857 4913 -

227 4970 448 5040 piasset,
473 4968 647 5023 visum
675 4980 758 5024 est
783 4969 880 5032 illi,
911 4983 1028 5022 eam
1047 5008 1060 5032 ,
1103 4982 1223 5036 qua:
1251 4968 1402 5037 quasi
1428 4969 1641 5023 domina
1672 4969 1805 5022 alia-

225 5076 346 5116 rum
382 5061 686 5126 videbatur,
717 5076 878 5131 quam
914 5059 1000 5114 ille
1031 5059 1396 5114 indubitanter
1421 5069 1663 5114 sanctam
1694 5059 1805 5114 Ma-

298 5228 322 5256 ι
362 5215 439 5270 De
466 5214 745 5270 Anscharii
782 5213 953 5284 patria
999 5213 1120 5269 silet
1141 5204 1361 5284 auctor,
1406 5212 1482 5266 uti
1511 5220 1565 5267 et
1593 5211 1803 5267 Cualdo

224 5283 1006 5358 poeta.Corbeienses‘Gallos
1021 5293 1183 5358 _tene_t
1211 5283 1414 5358 Opinio,
1461 5290 1715 5358 tanquam
1747 5292 1802 5358 et

224 5352 382 5411 iratus
409 5356 478 5409 ibi
511 5357 599 5409 sit.
624 5355 888 5409 Antoninus
921 5355 985 5406 de
1008 5353 1348 5407 Caulincourt
1377 5352 1490 5423 (qui
1512 5352 1800 5423 aliquando

223 5427 356 5481 milzi
389 5427 532 5480 visus
572 5434 655 5478 est
681 5425 914 5479 Jacohns
949 5425 1104 5487 Baro)
1145 5424 1197 5476 in
1230 5439 1330 5477 ms.
1373 5421 1645 5478 Chronico
1669 5421 1801 5476 Con-

221 5497 425 5552 beiensi
448 5493 678 5549 Corbeiae
709 5495 894 5563 oppido
927 5493 1207 5546 oriundum
1245 5494 1412 5548 dicit:
1445 5503 1499 5547 et
1524 5494 1576 5546 in
1609 5492 1800 5563 subur-

222 5567 364 5620 bano
391 5565 594 5619 Folia-to
621 5566 682 5616 ad
709 5562 823 5618 haec
850 5579 1018 5631 usque
1043 5573 1281 5626 tempora
1308 5563 1454 5616 vicus
1479 5565 1532 5617 S.
1561 5562 1800 5615 Anscha-

221 5637 290 5691 rii
317 5636 624 5695 vocabatur,
676 5633 852 5687 forsan
893 5635 1030 5700 quod
1073 5633 1142 5684 ini
1172 5633 1297 5685 o!im
1339 5634 1547 5687 steterit
1576 5641 1795 5702 paterna

219 5719 340 5770 eius
368 5707 574 5761 domus.
605 5704 763 5758 Certe
786 5703 983 5758 veteris
1001 5702 1240 5756 Corbeia:
1267 5703 1544 5758 monachis
1569 5701 1798 5756 traditus

1908 4512 2001 4567 Dei
2046 4513 2348 4586 insisteret,
2398 4523 2558 4583 atque
2603 4515 2657 4568 in
2690 4515 2792 4569 hac
2837 4515 3104 4585 gravitate
3146 4517 3482 4585 permanenti

1905 4607 2138 4659 mundus
2179 4606 2252 4660 illi
2285 4615 2527 4662 mortuus
2571 4606 2756 4671 fieret,
2802 4615 2857 4662 et
2893 4607 3007 4676 ipse
3036 4608 3272 4671 mundo,
3321 4608 3482 4662 adve-

1906 4695 2087 4750 niente
2117 4706 2303 4751 saneto
2332 4698 2418 4751 die
2443 4697 2803 4759 Pentecostes,
2831 4697 3004 4769 gratia
3033 4684 3268 4766 Spiritus
3286 4699 3478 4763 sancti,

1905 4800 2025 4854 qua:
2065 4785 2117 4839 in
2147 4786 2333 4841 eadem
2363 4786 2658 4842 festivitate
2687 4803 2850 4856 super
2876 4787 3146 4857 apostolos
3170 4787 3336 4841 effusa
3362 4797 3480 4852 est,

1904 4877 2068 4930 etiam
2098 4886 2332 4934 mentem
2360 4879 2501 4933 illius
2531 4880 2611 4946 (ut
2638 4879 2930 4948 credimus)
2973 4877 3278 4933 illustrante
3318 4888 3481 4948 atque

1904 4969 2258 5032 exhilarante,
2289 4973 2464 5024 visum
2493 4978 2578 5024 est
2608 4969 2680 5023 illi
2709 4971 2893 5024 eadem
2931 4959 3111 5034 nocte,
3149 4970 3291 5038 quod
3320 4970 3476 5040 quasi

1903 5075 2031 5116 casu
2062 5062 2342 5117 subitaneo
2367 5062 2502 5116 mori
2531 5061 2766 5122 deberet,
2800 5067 2854 5114 et
2885 5060 2937 5113 in
2975 5059 3091 5128 ipso
3120 5059 3311 5114 mortis
3345 5060 3478 5114 arti-

1902 5221 1986 5267 est
2031 5226 2186 5282 puer,
2230 5209 2343 5279 jam
2394 5211 2598 5279 aliquot
2653 5209 2815 5282 annis
2854 5217 2978 5263 ante
3031 5209 3239 5282 obitum
3277 5207 3474 5282 _Caroli

1904 5278 2114 5352 Magni,
2153 5278 2407 5356 utipatet
2448 5278 2513 5335 ex
2559 5281 2946 5356 sequentibus:
2995 5295 3060 5356 ac
3084 5278 3323 5356 proinde
3352 5286 3477 5356 ante

1903 5347 2107 5406 ann'um
2133 5347 2397 5406 decimum
2430 5353 2605 5406 artatis
2631 5347 2651 5402 ε’
2690 5367 2812 5402 nam
2841 5365 2979 5403 anno
3003 5347 3113 5403 8H7
3136 5356 3312 5406 natus,
3340 5347 3476 5398 obiit

1902 5438 2042 5477 anno
2071 5421 2272 5494 Christi
2313 5421 2438 5494 863’,
2484 5421 3114 5494 cnmgattigissetnannos
3151 5424 3384 5494 quatuor
3419 5422 3474 5494 et

1902 5494 2201 5564 sexaginta.
2237 5491 2522 5564 Falluntnr
2546 5491 2634 5560 qui
2664 5508 2786 5564 eum
2824 5492 2874 5543 in
2904 5489 3072 5542 Frisia
3103 5495 3281 5564 ortum
3323 5492 3383 5564 et
3421 5489 3472 5536 in

1901 5553 2122 5634 Corbeia
2155 5577 2290 5634 nova
2321 5553 3184 5634 mnum-humfactutn__asserunt_:
3211 5553 3472 5634 siquidem

1895 5633 2017 5702 jam
2060 5632 2351 5684 monachus
2393 5641 2510 5684 erat
2539 5633 2694 5684 annis
2747 5629 2974 5699 amplius
3019 5627 3300 5680 duodecim
3347 5631 3472 5676 ante

1901 5701 2140 5756 Corbcia:
2170 5714 2318 5756 tiOViL‘
2347 5702 2725 5756 conditionem.
2811 5729 2816 5737 -
