4020 6338
553 320 657 376 965

1485 314 1543 369 S.
1585 310 1947 368 ANSCIIARII
1978 306 2508 364 llAMBURGE-NSIS
2542 305 2844 363 EPISCOPI

3755 300 3892 356 εδει

554 431 696 496 culo,
742 430 1232 486 sanctum-Petrum
1263 427 1594 498 apostolum,
1641 436 1695 480 et
1721 425 1936 479 beatum
1962 421 2121 477 Joan-
2146 429 2196 488 Α
2224 422 2367 475 intus
2403 421 2714 487 haberetur,
2747 418 3100 489 contemplari
3132 433 3234 473 non
3260 429 3531 489 poteram,
3563 418 3676 474 sed
3731 426 3886 471 tan-

555 540 678 579 nem
705 524 1002 592 Baptistam
1032 522 1083 574 in
1116 520 1440 590 adjutorium
1475 520 1577 574 sibi
1610 519 1930 572 invocasset.
1963 513 2124 569 Cum-

556 629 661 683 que
685 613 884 675 anima,
913 620 971 664 ut
1001 611 1100 678 ipsi
1127 611 1431 672 videbatur,
1461 608 1806 678 egrederetur
1826 622 1854 658 a
1879 617 2122 672 corpore,

556 718 620 757 ac
661 702 843 756 statim
872 701 924 755 in
955 700 1055 754 alia
1088 699 1448 769 pulcherrima
1477 697 1654 766 specie
1692 695 1937 765 corporis
1979 693 2126 747 omni

553 795 881 849 mortalitate
915 808 978 847 ac
1005 791 1630 872 sollicitudinecarentis
1659 795 1982 858 appareret;
2027 785 2128 839 sub

553 884 739 938 eodem
768 879 1256 938 momento'mortis
1284 893 1338 936 et
1369 882 1742 937 admirationis
1765 886 2128 950 apparuerunt

553 969 762 1041 prmfati
803 971 901 1024 viri
929 989 942 1024 :
973 986 1203 1040 quorum
1234 979 1350 1024 erat
1380 986 1516 1024 unus
1542 970 1741 1033 senior,
1771 982 1905 1021 cano
1929 965 2126 1035 capite,

554 1063 750 1132 capillo
776 1063 933 1131 plano
960 1071 1014 1116 et
1038 1061 1232 1132 spisso,
1264 1060 1401 1115 facie
1427 1062 1655 1123 rubenti,
1687 1058 1830 1112 vultu
1859 1057 2124 1117 subtristi.

559 1162 704 1208 veste
745 1153 970 1207 candida
1001 1161 1055 1206 et
1082 1151 1340 1216 colorata,
1369 1161 1575 1205 statura
1600 1150 1782 1214 brevi,
1825 1163 1984 1218 quem
2016 1148 2130 1215 ipse

557 1250 796 1295 sanctum
821 1241 1037 1294 Petrum
1062 1255 1201 1304 esse,
1235 1240 1448 1293 nemine
1476 1247 1730 1292 narrante
1754 1238 1937 1291 statim
1961 1251 2126 1306 agno-

558 1331 661 1395 vit;
697 1331 833 1384 alius
857 1345 985 1384 vero
1010 1323 1224 1399 juvenis
1263 1339 1401 1393 erat,
1433 1337 1637 1383 statura
1663 1329 1958 1397 procerior,
2006 1327 2128 1381 har-

557 1432 675 1476 bam
702 1423 977 1486 emittens,
1004 1422 1178 1491 capite
1204 1420 1457 1476 subfusco
1483 1429 1644 1490 atque
1667 1421 1966 1489 subcrispo,
1993 1417 2128 1472 facie

557 1513 855 1573 macilenta,
895 1512 1042 1565 vultu
1084 1509 1341 1580 jocundo,
1379 1511 1428 1563 in
1452 1520 1601 1564 veste
1627 1511 1819 1575 serica,
1852 1523 2012 1577 quem
2041 1507 2128 1560 ille

556 1611 797 1656 sanctum
839 1602 1096 1657 Joannem
1140 1617 1260 1656 esse
1302 1601 1521 1656 omnino
1559 1600 1800 1655 credidit.
1854 1600 1916 1654 Hi
1950 1600 2128 1668 itaque

555 1709 675 1749 eum
718 1694 843 1748 hinc
874 1694 998 1748 inde
1032 1694 1526 1748 circumsteterunt.
1575 1692 1742 1746 Porro
1789 1691 1967 1746 anima
2010 1689 2127 1758 ejus

2231 522 2340 566 tum
2382 511 2719 583 superficiem
2749 510 3076 566 cernebam:
3112 512 3284 580 ipsum
3317 520 3500 565 tamen
3535 509 3700 564 inibi
3737 524 3893 562 esse

2228 605 2533 670 credebam,
2573 604 2639 658 de
2667 620 2772 673 quo
2802 603 2996 658 Petrus
3029 603 3104 656 ait
3147 621 3160 656 :
3211 601 3275 655 In
3315 618 3469 671 quem
3509 601 3882 655 desiderant

2228 698 2398 768 angeli
2450 700 2740 769 prospicere
2786 696 2837 770 (1
2872 698 3013 752 Petr.
3056 713 3116 762 n,
3157 696 3266 767 l2).
3296 697 3378 752 Ab
3412 697 3534 765 ipso
3587 708 3887 762 namque

2229 787 2450 842 claritas
2476 789 2736 858 immensa
2782 787 3130 857 procedebat,
3157 800 3221 840 ex
3253 801 3357 857 qua
3403 785 3601 840 omnis
3656 784 3876 852 longi-

2231 877 2356 932 tudo
2384 885 2438 932 et
2481 878 2706 933 latitudo
2733 886 3042 933 sanctorum
3071 877 3464 932 illustrabatur.
3513 876 3655 946 Ipse
3715 889 3880 943 quo-

2229 983 2333 1036 que
2370 970 2763 1039 quodammodo
2790 977 2908 1024 erat
2933 970 2986 1024 in
3023 970 3291 1034 omnibus,
3316 977 3370 1024 et
3401 983 3612 1023 omnes
3649 967 3722 1020 in
3756 981 3868 1029 eo;

2229 1060 2343 1130 ipse
2383 1076 2571 1116 omnes
2609 1062 2846 1116 exterius
2883 1061 3290 1125 circumdabat,
3338 1061 3456 1130 ipse
3499 1074 3731 1113 omnes
3785 1061 3872 1111 in—

2229 1153 2396 1206 terius
2416 1152 2662 1206 satiando
2679 1151 2926 1222 regebat;
2946 1151 3059 1221 ipse
3082 1152 3324 1221 superius
3337 1150 3718 1220 protegebat,
3738 1149 3865 1217 ipse

2229 1243 2454 1298 inferius
2480 1243 2797 1298 sustinebat.
2831 1241 2922 1297 Sol
2950 1257 3079 1297 vero
3107 1251 3162 1297 et
3200 1242 3325 1295 luna
3357 1255 3741 1309 nequaquam
3777 1239 3862 1290 lu-

2229 1337 2421 1390 cebant
2443 1335 2534 1399 ibi,
2566 1351 2666 1389 nec
2687 1334 2880 1389 cmlum
2905 1349 2968 1388 ac
2996 1342 3139 1388 terra
3167 1333 3364 1386 ibidem
3387 1332 3506 1385 visa
3539 1338 3713 1383 sunt.
3743 1325 3860 1382 Sed

2229 1441 2402 1494 neque
2431 1425 2545 1494 ipsa
2574 1424 2793 1478 claritas
2826 1422 2948 1477 talis
2985 1431 3120 1483 erat,
3153 1436 3273 1490 quae
3320 1419 3513 1474 oculos
3571 1427 3853 1471 contem-

2227 1516 2488 1584 plantium
2519 1514 2818 1584 impediret,
2849 1512 2943 1567 sed
2969 1527 3088 1581 qum
3115 1510 3298 1566 oculos
3324 1509 3655 1581 gratissime
3683 1509 3856 1562 satia-

2229 1615 2330 1659 ret.
2367 1606 2573 1660 Etcum
2613 1605 2853 1660 seniores
2887 1605 3134 1659 sedentes
3157 1603 3407 1666 dixerim,
3440 1602 3496 1654 in
3533 1601 3669 1669 ipso
3709 1616 3845 1668 quo-

2229 1695 2514 1749 dammodo
2534 1693 2792 1749 sedebant
2815 1712 2828 1746 :
2855 1709 2978 1747 nam
3000 1693 3076 1747 nil
3101 1706 3421 1761 corporeum
3448 1701 3574 1744 erat
3607 1690 3726 1752 ibi,
3753 1690 3846 1742 sed

539 1800 768 1854 egressa
793 1785 973 1838 statim
1003 1785 1054 1836 in
1087 1784 1344 1838 immensa
1375 1783 1638 1847 claritate,
1664 1799 1768 1852 qua
1796 1790 1939 1836 totus
1967 1797 2123 1834 mun-
2161 1780 2202 1838 Β
2231 1793 2384 1838 erant
2406 1793 2594 1838 cuncta
2627 1785 2962 1851 incorporea,
2994 1781 3117 1835 licet
3142 1781 3378 1849 speciem
3405 1793 3724 1846 corporum
3755 1777 3842 1831 ba-

554 1875 656 1929 dns
685 1875 1026 1943 implebatur,
1056 1875 1157 1929 sibi
1184 1875 1468 1928 videbatur
1501 1889 1624 1928 esse
1653 1891 1665 1926 :
1704 1888 1798 1942 per
1825 1888 1986 1941 quam
2017 1871 2126 1926 cla-

553 1965 766 2018 ritatem
795 1965 942 2020 illum
970 1964 1274 2019 nullatenus
1299 1964 1352 2018 in
1389 1964 1567 2033 aliquo
1594 1965 1927 2019 laborantem
1955 1963 2124 2018 sancti

2225 1877 2427 1939 bcntia,
2456 1884 2510 1930 et
2538 1877 2657 1930 ideo
2678 1873 2990 1929 ineffabilia.
3015 1873 3170 1928 Circa
3195 1872 3448 1927 sedentes
3481 1885 3623 1925 vero
3657 1869 3840 1939 splen-

2227 1968 2325 2021 dor
2354 1967 2422 2021 ab
2475 1967 2591 2036 ipso
2635 1965 2958 2035 procedens,
2987 1963 3178 2019 similis
3208 1963 3354 2018 arcui
3388 1961 3653 2026 nubium,
3693 1970 3834 2014 lene

553 2056 847 2126 supradicti
900 2056 1038 2111 miro
1082 2065 1137 2109 et
1179 2054 1431 2109 ineffabili
1480 2055 1639 2110 modo
1686 2057 1959 2119 ducentes,
2004 2069 2126 2107 cum
2225 2057 2406 2112 batur.

551 2147 921 2216 pervenissent
951 2149 1017 2201 ad
1050 2146 1222 2200 locum
1252 2144 1538 2214 quemdam
1558 2185 1573 2210 ,
1624 2160 1780 2215 quem
1809 2147 1921 2214 ipse
1948 2146 2126 2214 ignem

551 2239 919 2308 purgatorium
946 2252 1086 2302 esse,
1118 2237 1331 2292 nemine
1360 2244 1636 2300 narrante,
1661 2236 1962 2291 certissime
1994 2235 2130 2290 scie-

552 2328 668 2392 bat,
699 2328 768 2382 ibi
791 2343 913 2382 eum
937 2328 1276 2391 dimiserunt,
1301 2327 1390 2380 ubi
1413 2342 1533 2381 cum
1558 2327 1724 2381 multa
1753 2342 1940 2396 passus
1963 2335 2125 2388 esset,

551 2422 820 2490 prtecipue
858 2431 1034 2475 tamen
1078 2419 1330 2474 tenebras
1360 2419 1709 2473 densissimas
1746 2432 2130 2487 pressurasque

553 2510 972 2564 immanissimas
1019 2519 1073 2564 et
1120 2508 1497 2564 suﬂ‘ocationes
1539 2509 1686 2562 visus
1729 2520 1809 2562 est
1842 2508 2126 2572 tolerasse;

553 2609 715 2669 atque
740 2600 886 2654 omni
914 2599 1169 2654 memoria
1198 2599 1395 2664 ablata,
1425 2597 1539 2654 haec
1567 2585 1738 2653 solum
1780 2598 1866 2650 vix
1894 2597 2133 2667 cogitare

556 2689 896 2754 sufﬁciebat,
946 2689 1212 2758 quomodo
1264 2699 1371 2744 tam
1420 2688 1672 2743 immanis
1717 2694 1900 2757 posset
1953 2685 2130 2755 aliqua

553 2780 813 2832 exsistere
851 2793 1028 2850 poena.
1060 2777 1301 2848 Cumque
1333 2793 1427 2847 per
1457 2777 1692 2830 triduum
1712 2817 1724 2838 ,
1758 2785 1815 2830 ut
1840 2777 1952 2845 ipse
1979 2785 2136 2846 puta-

552 2866 667 2929 bat,
716 2866 787 2920 ibi
817 2867 1172 2930 cruciaretur,
1203 2866 1345 2934 quod
1391 2867 1622 2933 spatium
1664 2859 1737 2917 illi
1786 2856 1930 2917 mille
1978 2865 2133 2917 annis

555 2957 764 3026 longius
783 2965 1000 3024 propter
1022 2956 1336 3008 immensam
1356 2969 1568 3022 poenam
1588 2955 1759 3009 visum
1781 2963 1861 3008 est
1880 2971 1894 3018 ;
1922 2967 2132 3008 rursum

556 3046 842 3100 redeuntes
879 3043 992 3112 jam
1016 3043 1141 3099 dicti
1179 3044 1313 3107 viri,
1339 3044 1640 3112 iterumque
1677 3044 1825 3097 illum
1853 3044 1976 3096 hinc
2007 3042 2129 3097 inde

2447 2189 2735 2259 Martyrem
2773 2204 2828 2242 se
2853 2187 2967 2258 fore
3002 2186 3270 2258 intelligit;
3306 2186 3605 2257 quomodo.

2303 2327 2353 2380 6.
2389 2346 2406 2377 ε
2441 2325 2573 2381 Cum
2627 2325 2808 2394 itaque
2834 2340 2862 2378 a
2893 2323 3132 2394 prmfatis
3173 2322 3308 2378 viris
3347 2337 3546 2377 coram
3599 2321 3703 2376 hac
3732 2323 3825 2376 im-

2230 2417 2517 2472 mensitate
2558 2414 2799 2478 luminis,
2828 2413 2919 2467 ubi
2958 2412 3091 2467 mihi
3139 2413 3397 2481 majestas
3432 2397 3533 2464 Dei
3582 2412 3824 2480 omnipo-

2231 2505 2414 2566 tentis,
2445 2502 2658 2556 ncmine
2703 2507 3057 2564 monstrante,
3096 2514 3215 2553 esse
3245 2499 3559 2563 videbatur,
3592 2514 3823 2568 prasen—

2233 2602 2376 2648 tatus
2406 2591 2644 2654 fuissem,
2674 2606 2776 2646 vox
2806 2591 3150 2656 suavissima,
3181 2589 3328 2644 omni
3363 2590 3676 2644 sonoritate
3719 2589 3822 2642 da-

2233 2684 2362 2748 rior,
2390 2684 2514 2753 quia
2546 2683 2864 2738 mihi'omne
2894 2681 3149 2737 saeculum
3177 2682 3292 2736 visa
3321 2690 3406 2736 est
3439 2681 3819 2750 complevisse,

2233 2777 2299 2830 ab
2329 2776 2514 2829 eadem
2545 2774 2826 2843 majestate
2864 2773 3182 2841 procedens,
3213 2771 3280 2826 ad
3320 2787 3407 2827 me
3436 2771 3579 2826 facta
3619 2782 3702 2826 est
3741 2773 3818 2828 di-

2233 2883 2402 2924 cens:
2441 2866 2610 2934 Vade,
2647 2878 2702 2922 et
2729 2868 2991 2938 martyrio
3021 2875 3314 2922 coronatus
3352 2865 3419 2919 ad
3455 2881 3538 2919 me
3575 2876 3818 2919 reverte-

2236 2961 2328 3015 ris.
2376 2961 2455 3015 Ad
2494 2975 2655 3029 quam
2697 2974 2884 3014 vocem
2928 2960 3105 3013 omnis
3155 2967 3445 3013 conventus
3490 2966 3808 3010 sanctorum

2235 3051 2402 3105 Deum
2442 3052 2566 3105 hinc
2611 3049 2732 3104 inde
2768 3048 3125 3111 laudantium,
3167 3047 3428 3110 conticuit,
3465 3056 3616 3113 atque
3659 3046 3798 3098 sub-

555 3136 985 3198 circnmstantes,
1015 3144 1068 3187 et
1091 3134 1246 3216 longe
1272 3134 1460 3204 majori
1491 3150 1650 3203 quam
1679 3135 1826 3204 prius
1855 3135 2133 3190 alacritate
2161 3117 2204 3178 (ἶ
2238 3142 2418 3195 missis
2463 3141 2700 3196 vultibus
2747 3139 3007 3194 adoravit.
3059 3138 3303 3208 Denique
3337 3137 3575 3206 speciem,
3612 3150 3644 3188 a
3683 3149 3791 3204 qua

555 3227 817 3291 laetantes,
841 3235 1003 3296 atque
1030 3225 1082 3279 in
1107 3225 1354 3280 omnibus
1371 3225 1538 3280 multo
1559 3227 1777 3281 suavius
1802 3225 2129 3291 incedentes,

556 3332 652 3387 per
694 3316 950 3384 majorem
971 3357 985 3381 ,
1017 3317 1062 3371 si
1097 3316 1204 3370 dici
1245 3317 1442 3385 possit,
1479 3315 1778 3370 claritatem
1810 3331 1996 3385 gressu
2028 3315 2131 3370 im-

557 3410 742 3464 mobili
763 3411 879 3466 sine
915 3409 998 3463 via
1027 3423 1286 3478 corporea
1312 3408 1670 3476 ambulantes,
1701 3409 1989 3464 ducebant.

1049 3540 1182 3595 Dein
1222 3541 1276 3594 in
1304 3541 1631 3611 paradisum.

629 3675 680 3729 5.
712 3674 796 3738 Et,
825 3681 886 3728 ut
913 3670 1092 3727 verbis
1114 3671 1284 3741 ipsius
1313 3678 1558 3725 utamur:
1585 3688 1604 3722 ε
1631 3668 1910 3734 Videbam,
1942 3669 2132 3739 inquit,

558 3781 588 3820 a
637 3766 792 3834 longe
820 3765 1064 3818 diversos
1093 3771 1402 3818 sanctorum
1432 3762 1666 3826 ordines,
1700 3757 1958 3832 quosdam
2005 3761 2135 3816 vici-

559 3856 701 3918 nius,
724 3853 984 3922 quosdam
1014 3865 1142 3905 vero
1180 3851 1411 3920 longius,
1439 3852 1506 3904 ab
1547 3851 1754 3905 oriente
1800 3851 2135 3915 assistentes,

561 3944 627 3996 ad
675 3943 936 3995 orientem
983 3948 1162 3993 tamen
1211 3940 1580 4008 respicientes,
1616 3939 1913 4009 ipsumque,
1959 3939 2050 4007 qui
2081 3939 2135 3992 in

561 4033 771 4086 oriente
812 4029 1124 4097 apparebat,
1154 4029 1548 4092 collaudantes;
1597 4031 1815 4097 quidam
1856 4029 2138 4100 submissis

561 4113 850 4190 capitibus,
888 4120 1106 4190 quidam
1135 4121 1341 4188 supinis
1362 4120 1618 4184 vultibus,
1645 4136 1937 4191 panslsque
1967 4124 2138 4176 mani-

561 4213 664 4266 bus
705 4210 1019 4264 adorabant.
1075 4208 1316 4276 Cumque
1368 4210 1802 4278 pervenissemus
1844 4211 1912 4264 ad
1960 4209 2134 4265 locum

560 4298 805 4362 orientis,
846 4312 974 4352 ecce
1019 4297 1206 4367 viginti
1243 4306 1477 4366 quatuor
1531 4298 1792 4360 seniores,
1843 4301 2136 4353 secundum

560 4390 703 4459 quod
727 4389 778 4442 in
806 4387 1126 4458 Apocalypsi
1169 4387 1427 4456 scriptum
1459 4396 1564 4452 est,
1597 4387 1648 4442 in
1685 4387 1902 4442 sedibus
1943 4388 2135 4442 seden-

560 4493 663 4546 tes,
691 4489 902 4535 servato
937 4480 1156 4533 introitu
1178 4479 1508 4548 amplissimo
1537 4489 1900 4548 apparuerunt
1926 4496 1938 4531 :
1971 4479 2060 4548 qui
2087 4488 2139 4533 et

563 4573 662 4641 ipsi
690 4578 1002 4626 reverenter
1040 4571 1106 4624 ad
1135 4571 1402 4623 orientem
1440 4579 1824 4637 respectantes,
1852 4567 2144 4623 ineffabiles

561 4663 772 4718 Domini
805 4661 992 4716 laudes
1020 4661 1356 4730 premebant.
1382 4659 1592 4715 Laudes
1622 4675 1749 4714 vero
1783 4661 1835 4714 in
1861 4675 2144 4716 commune

562 4756 868 4810 canentium
915 4753 1290 4808 suavissimam
1344 4753 1472 4806 mihi
1531 4751 1879 4807 refectionem
1936 4753 2146 4823 ingere-

563 4845 725 4909 bant;
756 4845 849 4898 sed
876 4851 998 4914 post
1036 4842 1397 4898 reversionem
1429 4844 1494 4897 ad
1522 4859 1717 4912 corpus
1743 4845 1976 4897 retinere
1999 4843 2143 4898 nullo

566 4932 723 4985 modo
775 4941 1034 5000 poteram.
1084 4931 1140 4985 In
1181 4933 1296 5001 ipso
1349 4947 1476 4985 vero
1533 4933 1757 4986 orientis
1818 4932 1966 4997 loco,
2020 4941 2136 4986 erat

565 5019 818 5087 splendor
859 5021 1142 5086 mirabilis,
1179 5021 1264 5075 lux
1299 5021 1704 5084 inaccessibilis,
1758 5022 1938 5076 nimia:
1977 5030 2137 5090 atque

565 5109 842 5161 immensa:
865 5108 1142 5173 claritatis,
1164 5110 1247 5163 cui
1272 5111 1444 5164 inerat
1479 5110 1654 5164 omnis
1681 5109 1828 5163 color
1863 5111 2140 5178 pretiosis-

564 5202 755 5264 SitllllS,
780 5199 1380 5268 omnisquejocunditas
1409 5219 1424 5256 :
1456 5217 1644 5257 omnes
1672 5215 1803 5256 vero
1829 5211 2138 5256 sanctorum

564 5292 801 5355 ordines,
825 5290 917 5360 qui
945 5290 1178 5359 undique
1200 5293 1441 5348 laetantes
1466 5293 1910 5358 circumstabant,
1931 5293 1998 5348 ab
2023 5292 2139 5362 ipso

564 5382 816 5451 gaudium
852 5381 1192 5436 hauriebam.
1219 5382 1320 5448 Qui
1352 5384 1602 5452 splendor
1630 5392 1791 5438 tantte
1812 5382 2144 5454 magnitudi-

568 5472 650 5524 nis
672 5481 808 5537 erat,
850 5481 910 5526 ut
939 5486 1039 5527 nec
1067 5471 1278 5526 initium
1313 5471 1449 5540 ejus,
1481 5490 1579 5529 nec
1606 5475 1763 5529 finem
1791 5475 2142 5545 contemplari

569 5561 824 5615 valerem.
851 5561 917 5616 Et
945 5579 1067 5618 cum
1103 5562 1523 5631 circumquaque
1554 5564 1708 5636 longe
1741 5565 1825 5620 vel
1853 5580 2020 5634 prope
2063 5580 2146 5618 re-

569 5652 776 5718 spicere
811 5667 1045 5722 possem,
1082 5654 1134 5708 in
1187 5654 1300 5722 ipsa
1348 5653 1708 5708 immensitate
1737 5655 1972 5720 luminis,
2017 5655 2142 5723 quid

2235 3234 2349 3287 lucc
2379 3249 2478 3286 vox
2510 3232 2738 3286 formata
2769 3239 2933 3294 esset,
2957 3245 3179 3299 prorsus
3201 3243 3308 3282 non
3337 3228 3467 3281 vidi.
3494 3227 3619 3280 Post
3641 3241 3805 3295 quam

2234 3336 2420 3376 vocem
2446 3321 2612 3374 tristis
2632 3319 2828 3382 factus,
2855 3319 2978 3388 quia
3004 3319 3072 3373 ad
3100 3318 3356 3373 saeculum
3379 3316 3559 3371 redire
3579 3313 3804 3384 compel-

2235 3412 2408 3476 lebar,
2445 3411 2538 3466 sed
2568 3413 2634 3466 de
2669 3411 2971 3466 revertendi
3017 3410 3373 3480 promissione
3403 3423 3650 3472 securus,
3689 3421 3804 3460 cum

2236 3505 2508 3574 praedictis
2537 3503 2848 3559 ductoribus
2874 3503 3068 3558 exinde
3103 3503 3411 3558 remeabam
3437 3516 3452 3554 :
3481 3501 3578 3571 qui
3611 3516 3804 3556 mecum

2239 3601 2347 3646 tam
2375 3603 2585 3656 euntes,
2635 3607 2799 3662 quam
2848 3595 3135 3647 redeuntes
3159 3591 3292 3646 nihil
3325 3591 3497 3645 locuti
3537 3600 3682 3653 sunt,
3722 3590 3805 3644 sed

2239 3693 2346 3739 tam
2374 3685 2461 3754 pio
2501 3683 2695 3740 affectu
2738 3685 2791 3739 in
2831 3699 2918 3740 me
2947 3685 3322 3755 respiciebant,
3359 3683 3800 3753 quemadmodum

2236 3783 2410 3830 mater
2433 3776 2649 3830 unicum
2700 3775 2869 3830 filium
2919 3776 3329 3846 contemplatur.
3364 3775 3573 3846 Sicque
3611 3778 3678 3831 ad
3701 3791 3806 3829 cor-

2235 3883 2337 3937 pus
2366 3867 2519 3922 redii.
2543 3867 2598 3921 ln
2622 3867 2800 3922 eundo
2823 3881 2952 3921 vero
2973 3881 3037 3920 ac
3066 3867 3359 3929 redeundo,
3381 3881 3486 3921 nec
3507 3867 3666 3922 labor
3684 3875 3805 3929 erat,

2237 3971 2337 4009 nec
2365 3969 2517 4009 mora
2551 3973 2562 4009 :
2595 3956 2722 4025 quia
2752 3970 2858 4025 quo
2889 3957 3261 4020 tendebamus,
3297 3959 3486 4010 statim
3510 3957 3801 4010 aderamus.

2237 4049 2305 4103 Et
2327 4048 2450 4103 licet
2479 4047 2659 4117 aliqua
2679 4049 2827 4103 visus
2856 4048 2960 4102 sim
2985 4049 3051 4104 de
3091 4058 3237 4103 tanta
3266 4049 3555 4103 dulcedine
3585 4047 3805 4102 dulcedi-

2237 4154 2363 4192 num
2390 4153 2698 4204 enarrasse,
2725 4139 2897 4194 fateor
2918 4147 3117 4205 tamen,
3133 4140 3260 4208 quia
3284 4155 3642 4210 nequaquam
3664 4138 3802 4208 stylis

2238 4235 2388 4280 tanta
2431 4227 2733 4296 exprimere
2774 4228 2966 4296 potuit,
3013 4237 3209 4297 quanta
3255 4228 3471 4289 animus
3499 4230 3693 4282 sentit.
3719 4226 3803 4279 Sed

2239 4333 2341 4375 nec
2373 4318 2488 4388 ipse
2513 4318 2724 4372 animus
2756 4319 2948 4382 sentit,
2979 4330 3037 4373 ut
3066 4318 3200 4373 fuit:
3231 4320 3354 4392 quia
3384 4320 3671 4375 illudesse
3695 4317 3802 4373 mihi

2240 4409 2544 4472 videbatur,
2571 4409 2713 4477 quod
2739 4408 2926 4464 oculus
2961 4425 3068 4465 non
3097 4409 3246 4476 vidit,
3279 4425 3378 4464 nec
3408 4411 3562 4465 auris
3604 4411 3803 4470 audivit,

2242 4515 2342 4556 nec
2367 4501 2422 4556 in
2452 4517 2547 4556 cor
2569 4501 2804 4556 hominis
2831 4502 3094 4556 ascendit.
3117 4521 3135 4553 ι
3161 4502 3236 4556 Ex
3260 4503 3360 4557 hac
3387 4503 3578 4572 itaque
3599 4505 3804 4562 visione.

2241 4607 2421 4660 quam,
2459 4592 2599 4650 sicut
2627 4592 2743 4661 ipse
2772 4592 3088 4658 dictaverat,
3122 4593 3299 4648 verbis
3350 4590 3494 4648 illius
3541 4595 3810 4650 enarravi-

2241 4698 2391 4747 mus;
2424 4681 2676 4752 praefatus
2711 4697 2901 4737 servus
2932 4683 3023 4737 Dei
3058 4693 3113 4738 et
3149 4685 3464 4752 perterritus
3491 4696 3548 4740 et
3579 4687 3809 4741 consola-

2243 4786 2346 4839 tus.
2393 4779 2556 4847 cmpit
2600 4794 2658 4833 se
2688 4779 2970 4836 sollicitius
2999 4783 3049 4835 in
3089 4783 3271 4838 divino
3298 4798 3557 4839 exercere
3610 4788 3809 4844 timore,

2243 4867 2505 4936 bonisque
2533 4871 2785 4939 operibus
2807 4871 2872 4925 de
2893 4871 2976 4925 die
2994 4873 3045 4925 in
3072 4873 3212 4927 diem
3234 4875 3513 4929 ardentius
3533 4877 3809 4936 inbuere,

2241 4972 2500 5027 spemque
2531 4961 2596 5015 de
2623 4961 2714 5014 Dei
2741 4962 3108 5017 misericordia
3137 4979 3484 5032 praesumere,
3518 4970 3670 5034 quod
3697 4983 3814 5035 qua-

2242 5050 2365 5104 dam
2394 5052 2507 5120 ipse
2531 5051 2842 5122 disponeret
2867 5056 3169 5122 occasione,
3205 5067 3262 5111 et
3302 5057 3368 5110 ad
3405 5058 3650 5126 palmam
3680 5073 3810 5112 mar-

2244 5142 2367 5210 tyrii
2398 5150 2578 5210 posset
2610 5143 2934 5212 pertingere.
2969 5144 3121 5210 Quod
3155 5154 3332 5200 tamen
3376 5147 3503 5214 quia
3533 5146 3816 5216 corporali-

2245 5241 2328 5286 ter
2357 5233 2533 5303 gladio
2563 5234 2873 5288 imminente
2904 5251 3009 5289 non
3041 5237 3286 5304 contigit,
3323 5237 3558 5305 qualiter
3593 5241 3648 5292 in
3686 5253 3814 5292 mor-

2247 5323 2538 5379 tiﬁcatione
2583 5326 2779 5391 crucis,
2810 5342 2970 5394 quam
3009 5325 3211 5398 jugiter
3254 5328 3306 5381 in
3338 5343 3435 5382 suo
3467 5345 3702 5398 corpore
3729 5345 3813 5397 pro

2246 5416 2446 5471 Christi
2502 5417 2734 5472 nominis
2796 5416 2998 5472 honore
3050 5419 3317 5486 portavit,
3373 5420 3482 5473 Deo
3533 5422 3814 5475 miserante

2247 5506 2568 5574 completum
2605 5506 2696 5570 sit,
2726 5521 2848 5560 cum
2884 5507 2948 5562 de
2986 5507 3134 5562 obitu
3168 5506 3310 5563 illius
3339 5523 3566 5563 narrare
3603 5508 3815 5578 coeperi-

2247 5611 2388 5662 mus,
2414 5596 2574 5652 latius
2601 5596 3011 5667 explicabimus.
