4020 6338
219 330 326 385 965

1768 330 1941 387 ViTA.

3326 316 3465 397 '966

222 443 473 514 Magister
493 443 682 499 scholae
711 460 744 498 a
775 442 981 499 Christo
1021 445 1330 501 admouetur
1360 446 1426 501 de
1463 446 1786 516 confessione
1813 450 1865 509 Λ
1888 447 2226 502 venerandus
2259 446 2419 504 Pater
2444 446 2746 507 Witmarus
2767 452 2878 520 (qui
2909 467 3030 508 cum
3058 466 3123 508 eo
3158 463 3284 512 tunc
3319 459 3467 513 scho-

815 522 1162 583 peccatorum.

292 624 344 678 7.
371 622 500 678 Post
519 622 633 677 haec
651 637 801 688 vero,
836 638 958 678 cum
988 623 1241 693 magister
1279 623 1469 679 fuisset
1501 624 1699 680 scholae
1723 624 1792 680 ad

219 718 466 766 sanctum
482 709 698 764 Petrum
714 722 761 775 ι,
788 711 962 766 eundo
983 710 1066 765 vel
1092 712 1359 769 redeundo
1386 711 1452 765 ad
1473 713 1790 777 claustrum,

220 797 664 854 consuetudinem
702 797 804 853 sibi
838 797 1039 853 fecerat
1069 798 1121 853 in
1147 799 1384 854 oratorio
1404 799 1549 854 beati
1579 799 1790 870 Daptis-.

219 895 290 942 ta:
315 885 536 941 Joannis
561 886 822 942 secretius
848 887 1117 943 insistere.
1156 888 1340 957 Itaque
1373 898 1494 957 post
1523 889 1656 944 duos
1697 904 1792 945 an-

219 989 324 1029 nos
364 974 659 1044 superioris
680 975 922 1041 visionis,
950 978 1179 1047 quadam
1207 985 1362 1038 nocte
1388 976 1561 1030 visum
1599 984 1682 1031 est
1716 978 1789 1042 ei,

219 1066 365 1135 quod
402 1066 469 1119 ad
507 1065 646 1120 idem
680 1068 975 1122 oratorium
1026 1082 1187 1122 musa
1224 1068 1413 1123 orandi
1463 1066 1786 1123 divertisset.

216 1155 460 1227 Cumque
507 1156 751 1211 oratione
799 1158 1140 1222 surrexisset,
1171 1173 1297 1214 ecce
1340 1157 1425 1213 vir
1452 1172 1550 1228 per
1593 1159 1790 1212 ostium

215 1246 488 1311 veniebat,
516 1253 721 1301 statura
753 1261 1029 1318 procerus,
1080 1246 1302 1302 Judaico
1350 1260 1501 1301 more
1541 1246 1790 1312 vestitus,

215 1334 366 1388 vultu
398 1335 657 1401 decorus;
688 1349 754 1389 ex
784 1335 935 1405 cujus
973 1336 1142 1390 oculis
1193 1336 1444 1406 splendor
1471 1334 1790 1399 divinitatis,

214 1425 365 1479 velut
383 1423 596 1480 ﬂamma
638 1425 808 1496 ignis.
837 1425 1135 1491 Radiabat,
1170 1440 1328 1496 quem
1364 1424 1619 1491 intuitus,
1643 1421 1789 1482 omni

214 1516 557 1572 cunctatione
581 1517 896 1586 postposita,
923 1516 1196 1572 Christum
1225 1516 1504 1571 Dominum
1526 1531 1647 1572 esse
1673 1532 1791 1572 cre-

215 1609 397 1673 debat,
422 1617 584 1680 atque
602 1624 927 1679 procurrens
954 1611 1019 1663 ad
1047 1610 1209 1679 pedes
1239 1607 1354 1676 ejus
1377 1609 1602 1663 corruit.
1630 1608 1791 1663 Cum-

213 1713 321 1768 que
342 1705 643 1768 prostratus
672 1698 726 1751 in
752 1696 889 1753 facie
903 1696 1127 1767 iaceret,
1160 1699 1246 1752 ille
1269 1708 1324 1751 ιιι
1351 1705 1595 1767 surgeret
1622 1697 1790 1767 impea

1892 535 1994 590 iam
2032 551 2318 605 puerorum
2360 540 2594 607 regebat,
2621 548 2678 595 et
2713 540 2872 608 hujus
2910 542 2988 596 rei
3027 543 3179 598 testis
3225 560 3467 613 praesens

1892 627 2066 693 adest)
2090 641 2210 681 cum
2245 641 2345 695 pro
2371 626 2472 682 hoc
2502 628 2618 696 ipso
2648 629 2791 685 illum
2821 630 3086 695 excitans,
3121 632 3325 691 obitum
3357 636 3466 693 dis-

1892 718 2049 787 cipuli
2082 717 2384 783 nnntiaret;
2434 719 2601 775 illese
2641 721 2743 777 hoc
2781 736 2999 792 quoque
3035 732 3162 778 ante
3200 724 3342 779 scire
3385 741 3469 783 re-

1893 810 2189 879 sponderit.
2216 808 2364 875 Quod
2389 809 2629 879 profecto
2657 813 2864 868 Domini
2896 813 3068 882 gratia
3088 829 3251 871 causa
3274 830 3466 873 conso-r

1842 927 1849 933 -
1893 896 2110 953 lutionis
2143 898 2192 952 ei
2232 897 2416 953 videre
2452 900 2739 963 concessit,
2776 910 2835 954 ut
2860 901 2985 969 quia
3018 916 3115 971 pro
3154 902 3256 958 hac
3286 919 3347 959 re
3386 904 3468 960 ni-

1892 988 2060 1041 mium
2099 988 2430 1053 tristabatur,
2455 1003 2523 1043 ex
2548 988 2720 1045 salute
2747 991 2899 1059 pueri
2932 991 3242 1048 mmstitiam
3267 993 3350 1048 sui
3382 1009 3468 1055 res

1891 1072 2098 1131 levaret
2133 1075 2320 1130 animi.

1891 1203 1941 1259 E
1965 1203 2181 1260 Corbet'a
2210 1206 2365 1259 reteri
2408 1207 2600 1328 migra;
2622 1206 2677 1260 in
2704 1221 2914 1270 novam,
2950 1208 3038 1263 ubi
3066 1209 3123 1279 ﬁt
3150 1211 3397 1280 magister
3420 1220 3468 1265 et

2602 1286 2750 1328 actor

2602 1286 2750 1331 OCJOI‘

1959 1401 2011 1458 9.
2049 1402 2142 1459 liis
2178 1404 2357 1473 itaque
2378 1412 2431 1459 et
2462 1403 2581 1458 aliis
2608 1403 3017 1474 quamplurimis
3041 1406 3465 1463 revelationibus

1890 1500 2053 1562 atque
2086 1492 2378 1548 visionibus
2410 1494 2494 1548 vir
2533 1495 2627 1549 Dei
2666 1495 2880 1550 caelitus
2917 1494 3233 1563 inspiratus,
3266 1506 3466 1567 quanta

1890 1583 2030 1638 inter
2060 1598 2157 1637 vos
2190 1585 2533 1652 postmodum
2575 1583 2882 1640 sanctitatis
2912 1584 3085 1654 gratia
3113 1599 3176 1638 ac
3212 1583 3468 1640 bonitatis

1889 1673 2210 1737 excreverit,
2235 1682 2557 1738 vestrorum,
2583 1672 2676 1742 qui
2717 1680 2844 1727 tunc
2872 1671 3115 1739 adfuere,
3160 1674 3468 1730 testimonio

212 1786 372 1841 ravit.
404 1785 645 1856 Cumque
689 1800 914 1860 surgens
956 1802 1134 1841 coram
1175 1787 1265 1841 illo
1303 1794 1613 1841 reverenter
1647 1797 1781 1841 asta-

1892 1761 2082 1816 melius
2111 1762 2581 1833 comprobabitur.‘
2619 1761 2785 1818 Nobis
2836 1771 3015 1818 autem
3059 1778 3143 1827 ea,
3174 1777 3293 1832 quae
3328 1764 3467 1834 apud

212 1889 319 1945 ret,
347 1887 504 1949 atque
526 1894 638 1950 prae
658 1880 825 1935 nimio
845 1879 1123 1949 splendore
1143 1879 1311 1935 oculis
1334 1880 1498 1951 ipsius
1520 1879 1785 1934 emicante

213 1972 269 2028 in
299 1972 488 2028 faciem
535 1973 651 2044 ejus
688 1972 967 2029 intendere
1010 1988 1117 2028 non
1160 1973 1383 2035 valeret,
1421 1971 1607 2027 blanda
1654 1986 1786 2027 voce

211 2059 361 2115 illum
389 2059 650 2115 allocutus
681 2069 765 2115 est
792 2063 1013 2116 dicens:
1040 2062 1155 2125 Dic,
1187 2063 1280 2124 ait,
1312 2060 1621 2129 iniquitates
1644 2068 1783 2125 tuas,

209 2158 273 2205 ut
299 2150 630 2219 justiﬁceris.
684 2150 782 2205 Cui
817 2163 1005 2204 servus
1055 2149 1146 2203 Dei
1186 2149 1459 2218 respondit
1491 2163 1505 2201 :
1541 2148 1782 2214 Domine,

190 2230 340 2307 ‘qnid
371 2251 590 2293 necesse
614 2245 697 2291 est
724 2237 818 2291 tibi
842 2236 1058 2291 dicere?
1094 2246 1145 2290 tu
1170 2237 1347 2290 omnia
1375 2236 1535 2301 nosti,
1567 2246 1622 2291 et
1653 2234 1783 2290 nihil

213 2337 267 2380 te
322 2326 470 2381 latet.
534 2324 626 2380 Ille
683 2334 859 2379 autem
896 2324 1211 2381 subsecutus
1261 2326 1335 2380 ait
1369 2342 1382 2378 :
1416 2323 1539 2379 Scio
1567 2324 1781 2395 quidem

210 2417 415 2476 omnia.
445 2416 536 2472 sed
575 2416 696 2473 ideo
725 2416 844 2471 volo
872 2425 939 2491 ut
985 2417 1341 2471 confiteantur
1375 2417 1503 2471 mihi
1541 2418 1782 2472 homines

207 2520 429 2580 peccata
446 2524 565 2576 sim,
592 2515 649 2565 ut
678 2507 1049 2566 remissionem
1072 2508 1356 2577 accipiant.
1385 2507 1480 2562 Cui
1515 2523 1634 2562 cum
1667 2524 1782 2563 om-

206 2600 296 2653 nia
325 2615 440 2670 quae
465 2602 532 2656 ab
564 2600 787 2655 infantia
823 2606 1085 2672 gesserat,
1134 2599 1437 2662 indicasset,
1465 2607 1520 2654 et
1548 2599 1637 2654 illo
1661 2610 1782 2669 post

205 2694 323 2747 haec
358 2692 410 2746 in
467 2693 766 2747 orationem
800 2697 1070 2763 prostrato
1122 2691 1235 2760 ipse
1294 2698 1508 2745 erectus
1555 2697 1778 2755 astaret,

206 2782 345 2836 dixit
371 2799 387 2836 :
425 2780 542 2837 Noli
572 2783 780 2847 timere,
805 2782 928 2852 quia
950 2797 1048 2852 ego
1077 2795 1195 2837 sum
1229 2779 1318 2850 qui
1361 2779 1511 2833 deleo
1541 2779 1777 2849 inquita-

206 2882 288 2927 tes
316 2882 453 2928 tuas.
486 2872 616 2927 Post
652 2888 813 2942 quam
843 2888 1025 2927 vocem
1058 2873 1148 2927 ille
1175 2870 1266 2942 qui
1316 2880 1638 2940 apparuerat
1688 2886 1776 2925 re-

206 2964 370 3019 cessit
395 2982 408 3018 :
441 2972 495 3020 et
518 2964 601 3019 vir
620 2963 714 3019 Dei
736 2964 1002 3018 excitatus
1025 2978 1232 3028 somno,
1257 2961 1324 3015 de
1355 2961 1548 3016 fiducia
1588 2962 1778 3017 remis-

204 3053 375 3107 sionis
396 3062 740 3123 peccatorum
760 3066 980 3108 suorum
1013 3050 1365 3117 confortatus,
1390 3048 1654 3105 immenso
1683 3050 1777 3105 tri-

204 3141 464 3212 pudiabat
491 3141 703 3210 gaudio.

442 3268 682 3325 Fulbem'
724 3270 956 3324 animum
985 3270 1099 3340 rapi
1134 3268 1268 3324 videt
1296 3269 1351 3323 in
1378 3267 1540 3323 coriis.

274 3377 330 3435 8.
361 3378 479 3445 Quo
505 3377 668 3433 etiam
694 3385 934 3448 tempore
958 3376 1201 3447 contigit,
1222 3375 1366 3445 quod
1399 3382 1597 3430 vestrae
1626 3389 1778 3430 reve-

202 3470 393 3524 rentia:
415 3468 751 3524 notissimum
774 3476 876 3533 est,
894 3476 955 3523 ut
979 3468 1196 3538 quidam
1221 3467 1475 3537 puerulus
1494 3466 1548 3521 in
1572 3466 1772 3529 schola,

202 3558 493 3613 Fulbertus
524 3557 553 3596 δ
596 3556 834 3621 nomine,
871 3572 901 3611 a
941 3557 1089 3612 socio
1119 3570 1219 3610 suo
1255 3555 1437 3610 tabula
1467 3569 1774 3625 percussus,

201 3649 274 3703 ad
293 3655 520 3702 mortem
544 3660 714 3715 usque
734 3646 1023 3714 perductus
1045 3647 1134 3701 sit.
1156 3645 1262 3701 Pro
1281 3660 1384 3717 qua
1409 3660 1467 3700 re
1488 3644 1776 3715 [medietas

201 3750 392 3790 servus
422 3734 516 3790 Dei
537 3734 763 3788 nimium
793 3734 960 3789 tristis
984 3734 1208 3789 eﬂ‘cctus
1230 3742 1339 3799 est,
1369 3736 1509 3804 quod
1531 3734 1630 3790 sub
1646 3749 1777 3789 cura

200 3824 497 3894 magisterii
531 3825 614 3879 sui
653 3830 800 3877 tanta
848 3823 1170 3894 negligentia
1206 3824 1347 3877 inter
1384 3824 1628 3878 subditos
1672 3824 1777 3878 sibi

200 3914 480 3970 acciderit.
508 3911 709 3968 Verum
753 3915 1212 3983 appropinquante
1236 3915 1369 3969 hora
1403 3915 1582 3970 exitus
1609 3916 1777 3985 ipsius

198 4004 381 4074 pueri,
402 4003 488 4057 vir
518 4002 729 4058 Domini
759 4002 897 4057 forte
934 4003 1113 4073 sopori
1151 4005 1367 4061 deditus
1397 4005 1591 4060 lectulo
1621 4006 1775 4061 incn-

199 4093 386 4157 babat,
412 4106 536 4148 cum
573 4107 699 4148 ecce
733 4093 865 4146 vidit
912 4093 967 4147 in
1014 4095 1217 4150 somnis
1267 4095 1434 4165 ipsius
1467 4096 1703 4151 animam
1743 4111 1775 4152 a

200 4194 433 4250 corpore
453 4181 720 4237 sublatam
746 4182 989 4253 angelico
1026 4185 1326 4241 ministerio
1355 4186 1421 4240 ad
1450 4186 1645 4242 omium
1683 4188 1779 4243 de-

202 4271 378 4332 ferri:
415 4287 474 4328 se
500 4288 714 4343 quoque
747 4274 886 4329 miro
912 4284 967 4328 et
1002 4274 1252 4330 ineffabili
1309 4276 1626 4343 ministerio,
1668 4280 1778 4332 Deo

200 4363 544 4433 disponente,
579 4367 779 4434 pariter
825 4366 1091 4420 comitari.
1129 4366 1368 4437 Cumque
1402 4368 1523 4422 cmli
1568 4377 1776 4424 secreta

200 4460 610 4523 penetrassent,
648 4452 800 4521 pueri
842 4452 1051 4521 praefati
1100 4455 1333 4508 animam
1387 4455 1442 4509 in
1471 4456 1775 4525 quamdam

200 4558 530 4615 purpuream
559 4542 892 4611 mansionem
916 4540 1197 4612 conspexit
1241 4545 1529 4610 introduci,
1550 4554 1603 4601 et
1641 4547 1782 4601 inter

203 4634 425 4705 agmina
451 4644 748 4705 martyrum
770 4634 1046 4690 collocari.
1073 4634 1255 4706 Ibique
1288 4634 1338 4690 ei
1366 4637 1547 4690 datum
1583 4646 1665 4691 est
1689 4652 1783 4707 ag-

202 4724 444 4790 novisse,
469 4726 633 4795 quod,
690 4723 816 4792 quia
863 4724 981 4794 ipse
1030 4740 1165 4793 puer
1202 4725 1396 4781 vulnus
1425 4724 1528 4782 sibi
1574 4727 1780 4783 illatum

205 4816 342 4871 satis
361 4816 627 4884 patienter
654 4815 791 4881 tulit,
812 4824 869 4870 et
894 4815 1129 4870 animam
1151 4814 1336 4870 fratris
1354 4830 1525 4885 usque
1543 4819 1611 4872 ad
1640 4833 1785 4873 mon-

207 4913 321 4961 tem
370 4904 614 4975 diligens,
660 4920 757 4974 pro
800 4919 1117 4974 percussore
1157 4920 1254 4960 suo
1292 4906 1515 4961 nimium
1552 4908 1780 4980 benigne

209 4994 533 5061 intercessit,
573 4995 884 5065 patientiam
935 5004 989 5049 et
1029 4994 1413 5065 benignitatem
1442 4996 1558 5066 ejus
1600 4998 1776 5054 divina

209 5092 589 5141 remunerante
610 5085 829 5155 pietate,
857 5074 997 5140 inter
1023 5096 1317 5157 martyrum
1344 5085 1540 5142 choros
1565 5088 1782 5157 deputa-

209 5189 301 5232 tus
340 5177 428 5233 sit.
465 5177 578 5232 Hoc
609 5186 789 5233 autem
816 5187 922 5233 tam
946 5179 1176 5234 celerius
1203 5179 1258 5232 in
1291 5180 1423 5234 hora
1450 5180 1638 5235 mortis
1665 5181 1780 5251 ejus

211 5269 264 5325 ei
285 5269 707 5326 demonstratum
735 5278 838 5335 est,
854 5270 926 5325 ita
950 5279 1011 5325 ut
1033 5272 1156 5328 dum
1186 5272 1234 5327 is
1254 5271 1432 5327 adhuc
1458 5281 1778 5339 moreretur,

285 5396 398 5470 {id
423 5404 504 5470 est
532 5396 584 5470 in
618 5397 945 5451 monasterio
968 5395 1276 5470 Corbeiensi
1297 5440 1311 5463 ,
1335 5398 1485 5470 cujus
1515 5399 1779 5470 praecipua

211 5467 523 5540 basilicajn
550 5466 753 5540 honore
790 5476 1102 5521 sanctorum
1124 5467 1287 5540 _Petri
1334 5465 1577 5523 et'l’auii
1624 5465 1783 5540 atque

213 5536 390 5592 sancti
421 5534 687 5606 iStephanj
718 5544 927 5591 sacrata
973 5544 1091 5606 est.
1122 5535 1293 5606 Prope
1341 5548 1457 5592 erat
1485 5534 1780 5595 oratorium

214 5607 387 5662 sancti
410 5605 627 5661 Joannis
657 5603 928 5676 Baptistae,
954 5605 1096 5675 quod
1125 5603 1282 5662 modo
1305 5616 1490 5662 tenent
1519 5608 1779 5665 Benedic-

218 5678 346 5732 titno
396 5675 866 5743 sanctnnoniales,
915 5684 972 5730 at
1016 5676 1241 5732 vicinior
1279 5676 1514 5733 claustro
1556 5679 1779 5735 ecclesia

1889 1865 1988 1906 nos
2021 1859 2170 1923 gesta
2202 1858 2347 1916 sunt,
2378 1865 2602 1905 narrare
2622 1851 2978 1920 cupientibus,
3010 1853 3182 1922 primo
3211 1854 3466 1925 indagan-

1888 1938 2014 1992 dum
2042 1940 2272 2002 videtur,
2300 1945 2521 2009 propter
2550 1950 2645 1994 eos
2672 1939 2763 2008 qui
2808 1938 2968 2008 hujus
3004 1942 3082 1995 rei
3118 1940 3257 1996 forte.
3288 1944 3467 1999 minus

1826 2046 1840 2055 ·
1889 2028 2091 2083 conscii
2140 2036 2286 2093 sunt,
2327 2042 2432 2098 qua
2468 2026 2754 2083 occasione
2783 2045 2813 2083 a
2844 2028 2963 2084 ioco
3004 2029 3311 2086 stabilitatis
3358 2045 3494 2087 suae.

1887 2118 1991 2173 huc
2044 2118 2363 2182 secesserit;
2391 2129 2443 2172 et
2490 2132 2611 2172 cum
2665 2118 2805 2188 apud
2832 2133 2928 2173 vos
2975 2118 3084 2173 Deo
3117 2119 3330 2175 oblatus
3371 2120 3462 2176 sit.

1887 2207 2068 2277 ibique
2104 2208 2465 2263 obedientiam
2502 2209 2835 2278 promiserit,
2861 2225 2968 2278 quo
2994 2210 3252 2266 insductu
3278 2211 3343 2266 ad
3369 2211 3465 2266 has

1883 2306 2068 2371 partes
2099 2299 2479 2368 emigraverit,
2525 2306 2685 2369 atque
2724 2300 2789 2353 ad
2835 2299 3187 2370 Episcopatus
3231 2302 3465 2357 ollicium

1884 2387 2023 2455 apud
2058 2400 2156 2440 nos
2198 2386 2519 2441 sublimatus
2554 2387 2644 2441 sit’.
2685 2386 2798 2443 Hoc
2838 2396 3019 2442 autem
3066 2389 3188 2443 ideo
3227 2391 3464 2446 scribere

1884 2474 2248 2530 necessarium
2285 2474 2557 2539 duximus,
2586 2480 2658 2529 ne
2701 2474 2838 2530 forte
2889 2475 3081 2547 aliquis
3130 2476 3332 2532 levitati
3380 2494 3465 2533 as-

1883 2563 2076 2632 signet,
2106 2563 2251 2633 quod
2284 2564 2368 2617 vir
2400 2563 2493 2617 Dei
2528 2562 2724 2619 divinae
2751 2565 3177 2636 compunctionis
3206 2565 3461 2622 instinctu

1882 2665 1937 2713 et
1970 2657 2356 2727 peregrationis
2385 2666 2571 2713 amere
2602 2673 2699 2727 pro
2730 2656 2903 2713 salute
2933 2652 3228 2712 animarum
3267 2652 3453 2713 susce-

1881 2744 1980 2814 pit.
2008 2744 2256 2817 Cmptum
2283 2754 2365 2799 est
2392 2747 2571 2814 itaque
2591 2746 2719 2800 olim
2746 2746 2801 2800 in
2822 2744 2907 2801 bis
2933 2746 3193 2816 partibus,
3215 2746 3464 2802 videlicet

1883 2834 2153 2901 Saxoniat,
2185 2836 2566 2889 monasterium
2598 2835 2737 2902 fieri,
2756 2836 2898 2907 quod
2928 2836 3247 2892 auctoritate
3268 2847 3318 2893 et
3348 2853 3463 2893 ma—

1848 2925 2102 2996 ‘gisterio
2155 2926 2459 2980 sanctitatis
2505 2930 2702 2982 vestrae
2750 2935 2805 2982 et
2850 2928 3024 2997 primo
3076 2927 3374 2993 fundatum,
3406 2936 3462 2985 et

1881 3015 2188 3071 succedenti
2220 3025 2480 3085 tempore,
2506 3016 2618 3071 Deo
2656 3016 2914 3080 donante,
2944 3015 3174 3071 feliciter
3217 3029 3464 3073 consum-

1674 3136 1678 3141 ι
1767 3122 1773 3131 θ
1804 3122 1850 3183 C
1882 3113 2083 3158 malum
2106 3112 2218 3169 est;
2244 3116 2547 3173 nomenque
2573 3113 2874 3160 mutuatum
2905 3120 2935 3159 a
2967 3107 3085 3161 loco
3111 3107 3461 3162 habitationis

1879 3204 2071 3249 vestrae
2101 3194 2330 3263 accepit,
2363 3203 2422 3248 ut
2446 3205 2734 3251 vocaretur
2769 3211 2904 3251 nova
2935 3196 3282 3253 Corbeia.‘Ad
3315 3197 3459 3253 hunc

1879 3298 2008 3352 ergo
2038 3283 2213 3337 locum
2245 3283 2338 3337 Dei
2365 3282 2598 3339 famulus
2620 3300 2724 3339 una
2750 3300 2871 3340 cum
2917 3284 3037 3339 aliis
3078 3284 3333 3341 fratribus
3362 3302 3458 3342 ve-

1877 3374 2006 3428 stris
2034 3372 2209 3441 primo
2245 3372 2481 3427 directus
2509 3382 2622 3437 est,
2652 3381 2712 3428 ut
2758 3373 2888 3428 inibi
2934 3371 3107 3428 cilicio
3152 3373 3457 3445 fungeretur

1877 3463 2122 3522 docendi.
2151 3462 2202 3515 in
2236 3477 2339 3530 qua
2368 3477 2429 3515 re
2462 3462 2576 3531 ipse
2607 3478 2703 3531 per
2725 3462 2903 3516 omnia
2939 3468 3044 3514 tam
3088 3462 3377 3532 probabilis
3403 3471 3459 3518 et

1879 3562 2135 3622 acceptus
2165 3554 2414 3608 inventus
2441 3563 2545 3619 est,
2585 3564 2643 3609 ut
2679 3554 2917 3609 omnium
2947 3553 3208 3609 electione
3245 3554 3458 3623 publice

1877 3659 2090 3715 quoque
2116 3646 2169 3699 in
2206 3645 2434 3700 ecclesia
2480 3645 2700 3700 verbum
2743 3645 2838 3700 Dei
2870 3644 3078 3716 populis
3115 3645 3451 3713 praedicaret.

1880 3733 2078 3803 Sicque
2119 3732 2319 3788 factum
2345 3739 2449 3797 est,
2487 3741 2545 3786 ut
2586 3732 2824 3803 ejusdem
2853 3732 2953 3788 loci
2994 3734 3107 3803 ipse
3153 3734 3357 3804 primus
3397 3744 3455 3792 et

1880 3827 2135 3899 magister
2177 3827 2373 3882 scholae
2401 3835 2458 3883 et
2486 3828 2677 3882 doctor
2705 3827 2856 3883 fieret
2900 3827 3102 3898 populi.

1880 3974 1997 4040 Qua
2027 3974 2295 4029 occasione
2312 3974 2499 4048 missus
2532 3974 2586 4048 in
2610 3973 2835 4048 Dubiam
2875 3990 2992 4028 cum
3025 3973 3283 4031 Hen'oldo
3317 3993 3451 4048 rege,

2342 4043 2603 4099 Ludovico
2637 4043 2735 4098 Pio
2767 4054 2985 4113 petente.
3373 4043 3393 4048 ⁷
3434 4078 3437 4083 ς

1948 4194 2036 4249 10.
2076 4194 2203 4250 Post
2225 4194 2341 4251 htec
2370 4188 2499 4250 vero
2540 4198 2766 4267 contigit
2809 4204 2866 4249 ut
2903 4197 3185 4252 llerioldus
3229 4199 3446 4268 quidam

1879 4301 1995 4351 rex,
2023 4288 2112 4356 qui
2164 4295 2372 4356 partem
2425 4287 2644 4341 tenebat
2680 4287 2830 4356 regni
2880 4285 3174 4351 Danorum,
3225 4287 3293 4340 ab
3333 4288 3455 4341 aliis

1878 4377 2049 4447 ipsius
2079 4377 2370 4447 provinciae
2417 4377 2635 4445 regibus
2679 4376 2803 4430 odio
2829 4384 2883 4428 et
2910 4375 3187 4429 inimicitia
3211 4390 3445 4430 conven-

1800 4461 1855 4521 D
1883 4474 1987 4530 tus,
2028 4481 2192 4535 regno
2220 4482 2317 4520 suo
2348 4464 2603 4534 expulsus
2636 4464 2725 4518 sit.
2755 4463 2857 4529 Qui
2889 4462 3289 4518 serenissimum
3322 4464 3457 4519 adiit

1882 4556 2263 4626 imperatorem
2303 4554 2665 4621 Ludovicum,
2700 4553 2977 4624 postulans
3014 4561 3074 4608 ut
3099 4552 3216 4624 ejus
3256 4555 3455 4610 auxilio

1883 4647 1960 4700 uti
1994 4656 2313 4706 mereretur,
2337 4658 2694 4716 quo_regnum
2739 4659 2897 4700 suum
2935 4644 3112 4699 denuo
3146 4644 3453 4699 evindicare

1882 4733 2109 4788 valeret.
2137 4732 2236 4799 Qui
2268 4748 2390 4786 eum
2421 4748 2603 4789 secum
2655 4733 2929 4789 detentum
2965 4740 3072 4785 tam
3110 4733 3246 4802 ipse,
3291 4749 3454 4803 quam

1884 4838 1983 4893 per
2029 4821 2164 4876 alios
2199 4822 2265 4876 ad
2308 4821 2712 4891 ‘suscipiendam
2756 4822 3215 4879 Cbristianitatem
3257 4824 3456 4878 cohor-

1889 4921 2050 4976 tatus,
2079 4926 2186 4980 quo
2212 4911 2418 4967 scilicet
2459 4913 2601 4967 inter
2634 4927 2727 4967 eos
2770 4913 2846 4966 ita
2902 4911 3076 4979 major
3122 4912 3457 4968 familiaritas

1885 5015 2003 5056 esse
2018 5012 2218 5071 posset,
2236 5001 2566 5072 populusque
2581 5000 2920 5055 Christianus
2942 5000 3042 5071 ipsi
3066 5016 3128 5055 ac
3143 5002 3253 5056 suis
3278 5016 3456 5070 prom-

1884 5092 2044 5163 ptiori
2075 5092 2349 5148 voluntate
2378 5091 2431 5145 in
2463 5089 2788 5160 adjutorium
2839 5091 2917 5145 sic
2942 5090 3178 5157 veniret,
3221 5092 3263 5147 si
3309 5101 3455 5145 uter-

1887 5196 1991 5252 qne
2016 5197 2180 5236 unum
2210 5181 2635 5257 coleret‘Deum;
2667 5182 2903 5246 tandem,
2951 5183 3121 5252 gratia
3153 5182 3331 5237 divina
3366 5180 3460 5234 tri-

1887 5272 2104 5338 buente,
2134 5273 2201 5329 ad
2226 5275 2383 5328 tidem
2412 5271 2699 5338 convertit,
2722 5280 2778 5326 et
2802 5287 2959 5328 sacro
2989 5273 3310 5344 baptismate
3339 5286 3460 5339 per-

1890 5404 2059 5459 sancti
2088 5403 2309 5460 Joannis
2348 5404 2711 5474 evangelistaa,
2742 5420 2865 5476 quae
2905 5404 3086 5462 forsan
3127 5406 3217 5459 hic
3265 5401 3459 5456 intelli-

1889 5476 2307 5597 geli:dle'itbermm
2336 5554 2493 5600 vocat
2513 5543 2721 5601 Gualdo
2751 5544 2805 5601 in
2837 5545 2961 5600 Vita
2989 5542 3232 5607 metrica,
3262 5541 3305 5596 si
3331 5555 3460 5596 sana

1889 5622 1971 5669 est
2001 5614 2331 5670 membranei
2361 5616 2562 5673 codicis
2590 5616 2877 5688 scriptura.
