  <div class='ocr_page' id='page_1' title='image "/cluster/home/n/w/nwhite01/storage/ocr_20150623/118/hvd.32044015466907/489.png"; bbox 0 0 4020 6338; ppageno 0'>
   <div class='ocr_carea' id='block_1_1' title="bbox 582 325 3905 392">
    <p class='ocr_par' dir='ltr' id='par_1_1' title="bbox 582 325 3905 392">
     <span class='ocr_line' id='line_1_1' title="bbox 582 325 3905 392; baseline 0.001 -2"><span class='ocrx_word' id='word_1_1' title='bbox 582 334 685 391; x_wconf 82' lang='lat'><strong>967</strong></span> <span class='ocrx_word' id='word_1_2' title='bbox 1491 331 1548 386; x_wconf 88' lang='lat' dir='ltr'><strong>S.</strong></span> <span class='ocrx_word' id='word_1_3' title='bbox 1586 329 1952 387; x_wconf 78' lang='lat' dir='ltr'><strong>ANSCllARll</strong></span> <span class='ocrx_word' id='word_1_4' title='bbox 1992 325 2529 385; x_wconf 82' lang='lat' dir='ltr'><strong>llAMBURGENSlS</strong></span> <span class='ocrx_word' id='word_1_5' title='bbox 2566 327 2871 387; x_wconf 80' lang='lat' dir='ltr'><strong>EPISCOPI</strong></span> <span class='ocrx_word' id='word_1_6' title='bbox 3779 337 3905 392; x_wconf 76' lang='lat'><strong>968</strong></span> 
     </span>
    </p>
   </div>
   <div class='ocr_carea' id='block_1_2' title="bbox 582 440 3899 522">
    <p class='ocr_par' dir='ltr' id='par_1_2' title="bbox 582 440 3899 522">
     <span class='ocr_line' id='line_1_2' title="bbox 582 440 3899 522; baseline -0.001 -17"><span class='ocrx_word' id='word_1_7' title='bbox 582 450 760 505; x_wconf 88' lang='lat' dir='ltr'><strong>fusum</strong></span> <span class='ocrx_word' id='word_1_8' title='bbox 786 450 915 522; x_wconf 81' lang='lat' dir='ltr'><strong>ipse</strong></span> <span class='ocrx_word' id='word_1_9' title='bbox 954 449 1022 505; x_wconf 90' lang='lat' dir='ltr'><strong>de</strong></span> <span class='ocrx_word' id='word_1_10' title='bbox 1065 447 1221 504; x_wconf 87' lang='lat' dir='ltr'><strong>sacro</strong></span> <span class='ocrx_word' id='word_1_11' title='bbox 1266 446 1415 502; x_wconf 91' lang='lat' dir='ltr'><strong>fonte</strong></span> <span class='ocrx_word' id='word_1_12' title='bbox 1458 457 1489 488; x_wconf 81' lang='grc' dir='ltr'>ι</span> <span class='ocrx_word' id='word_1_13' title='bbox 1522 444 1794 514; x_wconf 79' lang='lat' dir='ltr'><strong>suscepit,</strong></span> <span class='ocrx_word' id='word_1_14' title='bbox 1841 443 2053 512; x_wconf 81' lang='lat' dir='ltr'><strong>sibique</strong></span> <span class='ocrx_word' id='word_1_15' title='bbox 2092 442 2146 497; x_wconf 90' lang='lat' dir='ltr'><strong>in</strong></span> <span class='ocrx_word' id='word_1_16' title='bbox 2175 447 2227 505; x_wconf 81' lang='grc' dir='ltr'><strong>Α</strong></span> <span class='ocrx_word' id='word_1_17' title='bbox 2250 441 2307 496; x_wconf 90' lang='lat' dir='ltr'><strong>in</strong></span> <span class='ocrx_word' id='word_1_18' title='bbox 2331 449 2511 512; x_wconf 73' lang='lat' dir='ltr'><strong>empta</strong></span> <span class='ocrx_word' id='word_1_19' title='bbox 2539 440 2815 498; x_wconf 76' lang='lat' dir='ltr'><strong>voluntate</strong></span> <span class='ocrx_word' id='word_1_20' title='bbox 2839 441 3132 498; x_wconf 79' lang='lat' dir='ltr'><strong>immobilis</strong></span> <span class='ocrx_word' id='word_1_21' title='bbox 3170 444 3548 512; x_wconf 79' lang='lat' dir='ltr'><strong>permanebat.</strong></span> <span class='ocrx_word' id='word_1_22' title='bbox 3602 446 3899 518; x_wconf 67' lang='lat' dir='ltr'><strong>Denique</strong></span> 
     </span>
    </p>
   </div>
   <div class='ocr_carea' id='block_1_3' title="bbox 585 532 3896 610">
    <p class='ocr_par' dir='ltr' id='par_1_3' title="bbox 585 532 3896 610">
     <span class='ocr_line' id='line_1_3' title="bbox 585 532 3896 610; baseline -0.001 -14"><span class='ocrx_word' id='word_1_23' title='bbox 585 541 753 596; x_wconf 87' lang='lat' dir='ltr'><strong>ﬁlium</strong></span> <span class='ocrx_word' id='word_1_24' title='bbox 783 540 1073 610; x_wconf 87' lang='lat' dir='ltr'><strong>adoptavit.</strong></span> <span class='ocrx_word' id='word_1_25' title='bbox 1093 532 1261 606; x_wconf 89' lang='lat' dir='ltr'><strong>Quem</strong></span> <span class='ocrx_word' id='word_1_26' title='bbox 1288 553 1410 593; x_wconf 89' lang='lat' dir='ltr'><strong>cum</strong></span> <span class='ocrx_word' id='word_1_27' title='bbox 1437 536 1637 593; x_wconf 81' lang='lat' dir='ltr'><strong>iterum</strong></span> <span class='ocrx_word' id='word_1_28' title='bbox 1662 536 1732 590; x_wconf 91' lang='lat' dir='ltr'><strong>ad</strong></span> <span class='ocrx_word' id='word_1_29' title='bbox 1761 549 1860 590; x_wconf 90' lang='lat' dir='ltr'><strong>sua</strong></span> <span class='ocrx_word' id='word_1_30' title='bbox 1887 535 2150 589; x_wconf 82' lang='lat' dir='ltr'><strong>reducere</strong></span> <span class='ocrx_word' id='word_1_31' title='bbox 2251 548 2375 588; x_wconf 92' lang='lat' dir='ltr'><strong>cum</strong></span> <span class='ocrx_word' id='word_1_32' title='bbox 2402 532 2570 588; x_wconf 83' lang='lat' dir='ltr'><strong>abbas</strong></span> <span class='ocrx_word' id='word_1_33' title='bbox 2592 546 2691 602; x_wconf 88' lang='lat' dir='ltr'><strong>per</strong></span> <span class='ocrx_word' id='word_1_34' title='bbox 2716 532 2832 587; x_wconf 87' lang='lat' dir='ltr'><strong>dies</strong></span> <span class='ocrx_word' id='word_1_35' title='bbox 2870 532 3111 601; x_wconf 89' lang='lat' dir='ltr'><strong>singulos</strong></span> <span class='ocrx_word' id='word_1_36' title='bbox 3142 533 3212 587; x_wconf 91' lang='lat' dir='ltr'><strong>ad</strong></span> <span class='ocrx_word' id='word_1_37' title='bbox 3256 534 3520 602; x_wconf 86' lang='lat' dir='ltr'><strong>palatium</strong></span> <span class='ocrx_word' id='word_1_38' title='bbox 3565 536 3721 601; x_wconf 80' lang='lat' dir='ltr'><strong>iret,</strong></span> <span class='ocrx_word' id='word_1_39' title='bbox 3762 538 3896 606; x_wconf 83' lang='lat' dir='ltr'><strong>ipse</strong></span> 
     </span>
    </p>
   </div>
   <div class='ocr_carea' id='block_1_4' title="bbox 584 621 3890 698">
    <p class='ocr_par' dir='ltr' id='par_1_4' title="bbox 584 621 3890 698">
     <span class='ocr_line' id='line_1_4' title="bbox 584 621 3890 698; baseline 0.001 -19"><span class='ocrx_word' id='word_1_40' title='bbox 584 631 766 694; x_wconf 82' lang='lat' dir='ltr'><strong>vellet,</strong></span> <span class='ocrx_word' id='word_1_41' title='bbox 788 637 845 684; x_wconf 88' lang='lat' dir='ltr'><strong>et</strong></span> <span class='ocrx_word' id='word_1_42' title='bbox 866 629 981 698; x_wconf 85' lang='lat' dir='ltr'><strong>ejus</strong></span> <span class='ocrx_word' id='word_1_43' title='bbox 1008 629 1210 683; x_wconf 80' lang='lat' dir='ltr'><strong>auxilio</strong></span> <span class='ocrx_word' id='word_1_44' title='bbox 1253 627 1494 683; x_wconf 90' lang='lat' dir='ltr'><strong>munitus</strong></span> <span class='ocrx_word' id='word_1_45' title='bbox 1524 625 1677 696; x_wconf 86' lang='lat' dir='ltr'><strong>regni</strong></span> <span class='ocrx_word' id='word_1_46' title='bbox 1716 625 1799 680; x_wconf 90' lang='lat' dir='ltr'><strong>sui</strong></span> <span class='ocrx_word' id='word_1_47' title='bbox 1830 623 1964 679; x_wconf 88' lang='lat' dir='ltr'><strong>ﬁnes</strong></span> <span class='ocrx_word' id='word_1_48' title='bbox 2003 636 2157 693; x_wconf 87' lang='lat' dir='ltr'><strong>repe-</strong></span> <span class='ocrx_word' id='word_1_49' title='bbox 2254 621 2400 678; x_wconf 91' lang='lat' dir='ltr'><strong>domi</strong></span> <span class='ocrx_word' id='word_1_50' title='bbox 2452 621 2695 676; x_wconf 80' lang='lat' dir='ltr'><strong>residens</strong></span> <span class='ocrx_word' id='word_1_51' title='bbox 2745 622 3014 677; x_wconf 89' lang='lat' dir='ltr'><strong>consortia</strong></span> <span class='ocrx_word' id='word_1_52' title='bbox 3058 623 3298 678; x_wconf 88' lang='lat' dir='ltr'><strong>omnium</strong></span> <span class='ocrx_word' id='word_1_53' title='bbox 3354 623 3609 696; x_wconf 87' lang='lat' dir='ltr'><strong>fugiebat</strong></span> <span class='ocrx_word' id='word_1_54' title='bbox 3634 666 3654 690; x_wconf 91' lang='lat'><strong>,</strong></span> <span class='ocrx_word' id='word_1_55' title='bbox 3708 635 3785 682; x_wconf 83' lang='lat' dir='ltr'><strong>et</strong></span> <span class='ocrx_word' id='word_1_56' title='bbox 3838 629 3890 683; x_wconf 83' lang='lat' dir='ltr'><strong>ir</strong></span> 
     </span>
    </p>
   </div>
   <div class='ocr_carea' id='block_1_5' title="bbox 589 707 2158 790">
    <p class='ocr_par' dir='ltr' id='par_1_5' title="bbox 589 707 2158 790">
     <span class='ocr_line' id='line_1_5' title="bbox 589 707 2158 790; baseline -0.006 -14"><span class='ocrx_word' id='word_1_57' title='bbox 589 730 745 785; x_wconf 88' lang='lat' dir='ltr'><strong>teret,</strong></span> <span class='ocrx_word' id='word_1_58' title='bbox 767 720 932 789; x_wconf 71' lang='lat' dir='ltr'><strong>cmpit</strong></span> <span class='ocrx_word' id='word_1_59' title='bbox 950 707 1258 790; x_wconf 82' lang='lat' dir='ltr'><strong>diligentius</strong></span> <span class='ocrx_word' id='word_1_60' title='bbox 1294 732 1558 789; x_wconf 71' lang='lat' dir='ltr'><strong>quaerere,</strong></span> <span class='ocrx_word' id='word_1_61' title='bbox 1593 716 1641 772; x_wconf 94' lang='lat' dir='ltr'><strong>si</strong></span> <span class='ocrx_word' id='word_1_62' title='bbox 1686 728 1847 785; x_wconf 89' lang='lat' dir='ltr'><strong>quem</strong></span> <span class='ocrx_word' id='word_1_63' title='bbox 1891 714 2158 768; x_wconf 76' lang='lat' dir='ltr'><strong>inveniret</strong></span> 
     </span>
    </p>
   </div>
   <div class='ocr_carea' id='block_1_6' title="bbox 587 804 2157 876">
    <p class='ocr_par' dir='ltr' id='par_1_6' title="bbox 587 804 2157 876">
     <span class='ocr_line' id='line_1_6' title="bbox 587 804 2157 876; baseline -0.006 -10"><span class='ocrx_word' id='word_1_64' title='bbox 587 818 785 866; x_wconf 68' lang='lat' dir='ltr'><strong>sanctae</strong></span> <span class='ocrx_word' id='word_1_65' title='bbox 829 809 1130 866; x_wconf 80' lang='lat' dir='ltr'><strong>devotionis</strong></span> <span class='ocrx_word' id='word_1_66' title='bbox 1175 808 1386 872; x_wconf 90' lang='lat' dir='ltr'><strong>virum,</strong></span> <span class='ocrx_word' id='word_1_67' title='bbox 1424 806 1517 876; x_wconf 91' lang='lat' dir='ltr'><strong>qui</strong></span> <span class='ocrx_word' id='word_1_68' title='bbox 1558 820 1682 861; x_wconf 92' lang='lat' dir='ltr'><strong>cum</strong></span> <span class='ocrx_word' id='word_1_69' title='bbox 1719 819 1785 860; x_wconf 87' lang='lat' dir='ltr'><strong>eo</strong></span> <span class='ocrx_word' id='word_1_70' title='bbox 1828 804 1907 859; x_wconf 89' lang='lat' dir='ltr'><strong>ire</strong></span> <span class='ocrx_word' id='word_1_71' title='bbox 1951 810 2157 873; x_wconf 89' lang='lat' dir='ltr'><strong>posset,</strong></span> 
     </span>
    </p>
   </div>
   <div class='ocr_carea' id='block_1_7' title="bbox 585 891 2161 970">
    <p class='ocr_par' dir='ltr' id='par_1_7' title="bbox 585 891 2161 970">
     <span class='ocr_line' id='line_1_7' title="bbox 585 891 2161 970; baseline -0.004 -15"><span class='ocrx_word' id='word_1_72' title='bbox 585 900 746 970; x_wconf 87' lang='lat' dir='ltr'><strong>eique</strong></span> <span class='ocrx_word' id='word_1_73' title='bbox 771 898 1027 954; x_wconf 90' lang='lat' dir='ltr'><strong>continuo</strong></span> <span class='ocrx_word' id='word_1_74' title='bbox 1066 899 1389 963; x_wconf 69' lang='lat' dir='ltr'><strong>adhaereret,</strong></span> <span class='ocrx_word' id='word_1_75' title='bbox 1425 897 1683 967; x_wconf 90' lang='lat' dir='ltr'><strong>ﬁeretque</strong></span> <span class='ocrx_word' id='word_1_76' title='bbox 1722 895 1797 949; x_wconf 88' lang='lat' dir='ltr'><strong>illi</strong></span> <span class='ocrx_word' id='word_1_77' title='bbox 1839 902 1894 949; x_wconf 90' lang='lat' dir='ltr'><strong>et</strong></span> <span class='ocrx_word' id='word_1_78' title='bbox 1938 893 2052 948; x_wconf 90' lang='lat' dir='ltr'><strong>suis</strong></span> <span class='ocrx_word' id='word_1_79' title='bbox 2088 891 2161 948; x_wconf 82' lang='lat' dir='ltr'><strong>Id</strong></span> 
     </span>
    </p>
   </div>
   <div class='ocr_carea' id='block_1_8' title="bbox 588 982 2162 1056">
    <p class='ocr_par' dir='ltr' id='par_1_8' title="bbox 588 982 2162 1056">
     <span class='ocr_line' id='line_1_8' title="bbox 588 982 2162 1056; baseline -0.007 -11"><span class='ocrx_word' id='word_1_80' title='bbox 588 989 1047 1045; x_wconf 86' lang='lat' dir='ltr'><strong>eorroborandam</strong></span> <span class='ocrx_word' id='word_1_81' title='bbox 1074 988 1584 1056; x_wconf 88' lang='lat' dir='ltr'><strong>suscipiendamque</strong></span> <span class='ocrx_word' id='word_1_82' title='bbox 1618 985 1776 1040; x_wconf 88' lang='lat' dir='ltr'><strong>ﬁdem</strong></span> <span class='ocrx_word' id='word_1_83' title='bbox 1806 982 2016 1038; x_wconf 91' lang='lat' dir='ltr'><strong>Domini</strong></span> <span class='ocrx_word' id='word_1_84' title='bbox 2048 997 2162 1036; x_wconf 49' lang='lat' dir='ltr'><strong>ma.-</strong></span> 
     </span>
    </p>
   </div>
   <div class='ocr_carea' id='block_1_9' title="bbox 588 1074 2163 1150">
    <p class='ocr_par' dir='ltr' id='par_1_9' title="bbox 588 1074 2163 1150">
     <span class='ocr_line' id='line_1_9' title="bbox 588 1074 2163 1150; baseline -0.004 -16"><span class='ocrx_word' id='word_1_85' title='bbox 588 1080 756 1150; x_wconf 86' lang='lat' dir='ltr'><strong>gister</strong></span> <span class='ocrx_word' id='word_1_86' title='bbox 780 1079 1041 1135; x_wconf 77' lang='lat' dir='ltr'><strong>doctrina:</strong></span> <span class='ocrx_word' id='word_1_87' title='bbox 1071 1078 1339 1137; x_wconf 89' lang='lat' dir='ltr'><strong>salutaris.</strong></span> <span class='ocrx_word' id='word_1_88' title='bbox 1380 1078 1457 1132; x_wconf 90' lang='lat' dir='ltr'><strong>De</strong></span> <span class='ocrx_word' id='word_1_89' title='bbox 1497 1078 1600 1133; x_wconf 89' lang='lat' dir='ltr'><strong>hoc</strong></span> <span class='ocrx_word' id='word_1_90' title='bbox 1645 1075 1828 1145; x_wconf 83' lang='lat' dir='ltr'><strong>itaque</strong></span> <span class='ocrx_word' id='word_1_91' title='bbox 1872 1074 2163 1144; x_wconf 67' lang='lat' dir='ltr'><strong>praedictus</strong></span> 
     </span>
    </p>
   </div>
   <div class='ocr_carea' id='block_1_10' title="bbox 584 1165 2160 1245">
    <p class='ocr_par' dir='ltr' id='par_1_10' title="bbox 584 1165 2160 1245">
     <span class='ocr_line' id='line_1_10' title="bbox 584 1165 2160 1245; baseline -0.006 -21"><span class='ocrx_word' id='word_1_92' title='bbox 584 1166 861 1240; x_wconf 83' lang='lat' dir='ltr'><strong>Augustus</strong></span> <span class='ocrx_word' id='word_1_93' title='bbox 896 1167 953 1223; x_wconf 89' lang='lat' dir='ltr'><strong>in</strong></span> <span class='ocrx_word' id='word_1_94' title='bbox 990 1167 1205 1245; x_wconf 86' lang='lat' dir='ltr'><strong>publico</strong></span> <span class='ocrx_word' id='word_1_95' title='bbox 1248 1175 1515 1224; x_wconf 89' lang='lat' dir='ltr'><strong>conventu</strong></span> <span class='ocrx_word' id='word_1_96' title='bbox 1558 1165 1874 1235; x_wconf 87' lang='lat' dir='ltr'><strong>optimatum</strong></span> <span class='ocrx_word' id='word_1_97' title='bbox 1916 1178 2160 1228; x_wconf 85' lang='lat' dir='ltr'><strong>suorum,</strong></span> 
     </span>
    </p>
   </div>
   <div class='ocr_carea' id='block_1_11' title="bbox 588 1253 2164 1327">
    <p class='ocr_par' dir='ltr' id='par_1_11' title="bbox 588 1253 2164 1327">
     <span class='ocr_line' id='line_1_11' title="bbox 588 1253 2164 1327; baseline -0.005 -13"><span class='ocrx_word' id='word_1_98' title='bbox 588 1275 714 1315; x_wconf 81' lang='lat' dir='ltr'><strong>cunt</strong></span> <span class='ocrx_word' id='word_1_99' title='bbox 744 1259 1118 1314; x_wconf 82' lang='lat' dir='ltr'><strong>sacerdotibus</strong></span> <span class='ocrx_word' id='word_1_100' title='bbox 1141 1257 1457 1327; x_wconf 56' lang='lat' dir='ltr'><strong>exterisque</strong></span> <span class='ocrx_word' id='word_1_101' title='bbox 1485 1255 1733 1311; x_wconf 86' lang='lat' dir='ltr'><strong>ﬁdelibus</strong></span> <span class='ocrx_word' id='word_1_102' title='bbox 1787 1253 1901 1309; x_wconf 90' lang='lat' dir='ltr'><strong>suis</strong></span> <span class='ocrx_word' id='word_1_103' title='bbox 1930 1260 2164 1307; x_wconf 79' lang='lat' dir='ltr'><strong>tractare</strong></span> 
     </span>
    </p>
   </div>
   <div class='ocr_carea' id='block_1_12' title="bbox 589 1340 2162 1420">
    <p class='ocr_par' dir='ltr' id='par_1_12' title="bbox 589 1340 2162 1420">
     <span class='ocr_line' id='line_1_12' title="bbox 589 1340 2162 1420; baseline -0.007 -15"><span class='ocrx_word' id='word_1_104' title='bbox 589 1350 777 1420; x_wconf 63' lang='lat' dir='ltr'><strong>coepit,</strong></span> <span class='ocrx_word' id='word_1_105' title='bbox 797 1355 854 1403; x_wconf 91' lang='lat' dir='ltr'><strong>et</strong></span> <span class='ocrx_word' id='word_1_106' title='bbox 882 1356 942 1402; x_wconf 90' lang='lat' dir='ltr'><strong>ut</strong></span> <span class='ocrx_word' id='word_1_107' title='bbox 967 1346 1068 1403; x_wconf 90' lang='lat' dir='ltr'><strong>sibi</strong></span> <span class='ocrx_word' id='word_1_108' title='bbox 1091 1346 1321 1415; x_wconf 87' lang='lat' dir='ltr'><strong>aliquem</strong></span> <span class='ocrx_word' id='word_1_109' title='bbox 1349 1347 1416 1401; x_wconf 89' lang='lat' dir='ltr'><strong>ad</strong></span> <span class='ocrx_word' id='word_1_110' title='bbox 1441 1345 1545 1400; x_wconf 88' lang='lat' dir='ltr'><strong>tale</strong></span> <span class='ocrx_word' id='word_1_111' title='bbox 1569 1359 1705 1415; x_wconf 84' lang='lat' dir='ltr'><strong>Opus</strong></span> <span class='ocrx_word' id='word_1_112' title='bbox 1725 1351 1780 1397; x_wconf 91' lang='lat' dir='ltr'><strong>et</strong></span> <span class='ocrx_word' id='word_1_113' title='bbox 1803 1340 2162 1399; x_wconf 89' lang='lat' dir='ltr'><strong>voluntarium</strong></span> 
     </span>
    </p>
   </div>
   <div class='ocr_carea' id='block_1_13' title="bbox 590 1432 2081 1508">
    <p class='ocr_par' dir='ltr' id='par_1_13' title="bbox 590 1432 2081 1508">
     <span class='ocr_line' id='line_1_13' title="bbox 590 1432 2081 1508; baseline -0.006 -14"><span class='ocrx_word' id='word_1_114' title='bbox 590 1446 646 1494; x_wconf 82' lang='lat' dir='ltr'><strong>et</strong></span> <span class='ocrx_word' id='word_1_115' title='bbox 667 1438 992 1508; x_wconf 89' lang='lat' dir='ltr'><strong>condignum</strong></span> <span class='ocrx_word' id='word_1_116' title='bbox 1013 1435 1337 1502; x_wconf 88' lang='lat' dir='ltr'><strong>invenirent,</strong></span> <span class='ocrx_word' id='word_1_117' title='bbox 1353 1432 1632 1490; x_wconf 88' lang='lat' dir='ltr'><strong>sollicitius</strong></span> <span class='ocrx_word' id='word_1_118' title='bbox 1659 1448 1847 1489; x_wconf 90' lang='lat' dir='ltr'><strong>omnes</strong></span> <span class='ocrx_word' id='word_1_119' title='bbox 1875 1445 2081 1501; x_wconf 83' lang='lat' dir='ltr'><strong>rogare.</strong></span> 
     </span>
    </p>
   </div>
   <div class='ocr_carea' id='block_1_14' title="bbox 664 1539 2092 1666">
    <p class='ocr_par' dir='ltr' id='par_1_14' title="bbox 664 1539 2092 1666">
     <span class='ocr_line' id='line_1_14' title="bbox 664 1539 2092 1666; baseline -0.004 -67"><span class='ocrx_word' id='word_1_120' title='bbox 664 1544 841 1616; x_wconf 81' lang='lat' dir='ltr'><strong>Hujus</strong></span> <span class='ocrx_word' id='word_1_121' title='bbox 865 1543 1359 1625; x_wconf 64' lang='lat' dir='ltr'><strong>peregrinationem,</strong></span> <span class='ocrx_word' id='word_1_122' title='bbox 1386 1540 1547 1666; x_wconf 55' lang='grc' dir='ltr'><strong>ἷγαέα</strong></span> <span class='ocrx_word' id='word_1_123' title='bbox 1587 1549 1865 1606; x_wconf 79' lang='lat' dir='ltr'><strong>annuente,</strong></span> <span class='ocrx_word' id='word_1_124' title='bbox 1908 1539 2092 1609; x_wconf 70' lang='lat' dir='ltr'><strong>fratre,</strong></span> 
     </span>
     <span class='ocr_line' id='line_1_15' title="bbox 1072 1626 1528 1666; baseline 0 0"><span class='ocrx_word' id='word_1_125' title='bbox 1072 1659 1085 1666; x_wconf 86' lang='lat'><strong>-</strong></span> <span class='ocrx_word' id='word_1_126' title='bbox 1215 1626 1381 1666; x_wconf 67' lang='lat' dir='ltr'><strong>immo</strong></span> <span class='ocrx_word' id='word_1_127' title='bbox 1418 1628 1485 1666; x_wconf 85' lang='lat' dir='ltr'><strong>an</strong></span> <span class='ocrx_word' id='word_1_128' title='bbox 1512 1651 1528 1666; x_wconf 95' lang='lat'><strong>.</strong></span> 
     </span>
    </p>
   </div>
   <div class='ocr_carea' id='block_1_15' title="bbox 1215 1626 1528 1684">
    <p class='ocr_par' dir='ltr' id='par_1_15' title="bbox 1215 1626 1528 1684">
     <span class='ocr_line' id='line_1_16' title="bbox 1215 1626 1528 1684; baseline 0 -18"><span class='ocrx_word' id='word_1_129' title='bbox 1215 1626 1528 1684; x_wconf 68' lang='lat' dir='ltr'><strong>improoant.</strong></span> 
     </span>
    </p>
   </div>
   <div class='ocr_carea' id='block_1_16' title="bbox 664 1719 2166 1793">
    <p class='ocr_par' dir='ltr' id='par_1_16' title="bbox 664 1719 2166 1793">
     <span class='ocr_line' id='line_1_17' title="bbox 664 1719 2166 1793; baseline -0.004 -12"><span class='ocrx_word' id='word_1_130' title='bbox 664 1724 753 1781; x_wconf 79' lang='grc'><strong>11.</strong></span> <span class='ocrx_word' id='word_1_131' title='bbox 779 1722 931 1792; x_wconf 84' lang='lat' dir='ltr'><strong>Quod</strong></span> <span class='ocrx_word' id='word_1_132' title='bbox 957 1737 1082 1779; x_wconf 91' lang='lat' dir='ltr'><strong>cum</strong></span> <span class='ocrx_word' id='word_1_133' title='bbox 1109 1722 1346 1778; x_wconf 81' lang='lat' dir='ltr'><strong>universi</strong></span> <span class='ocrx_word' id='word_1_134' title='bbox 1395 1722 1725 1793; x_wconf 86' lang='lat' dir='ltr'><strong>abnuerent,</strong></span> <span class='ocrx_word' id='word_1_135' title='bbox 1777 1719 2079 1776; x_wconf 87' lang='lat' dir='ltr'><strong>nullatenus</strong></span> <span class='ocrx_word' id='word_1_136' title='bbox 2107 1734 2166 1775; x_wconf 89' lang='lat' dir='ltr'><strong>se</strong></span> 
     </span>
    </p>
   </div>
   <div class='ocr_carea' id='block_1_17' title="bbox 2256 714 3893 785">
    <p class='ocr_par' dir='ltr' id='par_1_17' title="bbox 2256 714 3893 785">
     <span class='ocr_line' id='line_1_18' title="bbox 2256 714 3893 785; baseline 0.004 -17"><span class='ocrx_word' id='word_1_137' title='bbox 2256 714 2489 784; x_wconf 90' lang='lat' dir='ltr'><strong>quadam</strong></span> <span class='ocrx_word' id='word_1_138' title='bbox 2514 714 2671 768; x_wconf 89' lang='lat' dir='ltr'><strong>vinea</strong></span> <span class='ocrx_word' id='word_1_139' title='bbox 2699 725 2722 753; x_wconf 70' lang='grc' dir='ltr'><strong>υ</strong></span> <span class='ocrx_word' id='word_1_140' title='bbox 2749 715 2903 785; x_wconf 81' lang='lat' dir='ltr'><strong>juxta</strong></span> <span class='ocrx_word' id='word_1_141' title='bbox 2943 714 3118 785; x_wconf 89' lang='lat' dir='ltr'><strong>posita</strong></span> <span class='ocrx_word' id='word_1_142' title='bbox 3162 714 3467 771; x_wconf 88' lang='lat' dir='ltr'><strong>solitarium</strong></span> <span class='ocrx_word' id='word_1_143' title='bbox 3517 718 3634 773; x_wconf 88' lang='lat' dir='ltr'><strong>sibi</strong></span> <span class='ocrx_word' id='word_1_144' title='bbox 3684 718 3893 775; x_wconf 72' lang='lat' dir='ltr'><strong>locum</strong></span> 
     </span>
    </p>
   </div>
   <div class='ocr_carea' id='block_1_18' title="bbox 2257 802 3337 873">
    <p class='ocr_par' dir='ltr' id='par_1_18' title="bbox 2257 802 3337 873">
     <span class='ocr_line' id='line_1_19' title="bbox 2257 802 3337 873; baseline 0.002 -16"><span class='ocrx_word' id='word_1_145' title='bbox 2257 802 2478 873; x_wconf 89' lang='lat' dir='ltr'><strong>eligens,</strong></span> <span class='ocrx_word' id='word_1_146' title='bbox 2506 802 2735 857; x_wconf 86' lang='lat' dir='ltr'><strong>orationi</strong></span> <span class='ocrx_word' id='word_1_147' title='bbox 2767 811 2820 858; x_wconf 90' lang='lat' dir='ltr'><strong>et</strong></span> <span class='ocrx_word' id='word_1_148' title='bbox 2852 803 3068 860; x_wconf 90' lang='lat' dir='ltr'><strong>lectioni</strong></span> <span class='ocrx_word' id='word_1_149' title='bbox 3094 806 3337 860; x_wconf 53' lang='lat' dir='ltr'><strong>vacabat.</strong></span> 
     </span>
    </p>
   </div>
   <div class='ocr_carea' id='block_1_19' title="bbox 2645 910 3427 985">
    <p class='ocr_par' dir='ltr' id='par_1_19' title="bbox 2645 910 3427 985">
     <span class='ocr_line' id='line_1_20' title="bbox 2645 910 3427 985; baseline 0.006 -21"><span class='ocrx_word' id='word_1_150' title='bbox 2645 910 2928 967; x_wconf 79' lang='lat' dir='ltr'><strong>Autbertus</strong></span> <span class='ocrx_word' id='word_1_151' title='bbox 2965 912 3066 983; x_wconf 80' lang='lat' dir='ltr'><strong>ipsi</strong></span> <span class='ocrx_word' id='word_1_152' title='bbox 3099 913 3427 985; x_wconf 77' lang='lat' dir='ltr'><strong>adiungitur.</strong></span> 
     </span>
    </p>
   </div>
   <div class='ocr_carea' id='block_1_20' title="bbox 2331 1018 3883 1086">
    <p class='ocr_par' dir='ltr' id='par_1_20' title="bbox 2331 1018 3883 1086">
     <span class='ocr_line' id='line_1_21' title="bbox 2331 1018 3883 1086; baseline 0.007 -11"><span class='ocrx_word' id='word_1_153' title='bbox 2331 1020 2417 1075; x_wconf 70' lang='grc' dir='ltr'><strong>η.</strong></span> <span class='ocrx_word' id='word_1_154' title='bbox 2449 1020 2580 1076; x_wconf 85' lang='lat' dir='ltr'><strong>Erat</strong></span> <span class='ocrx_word' id='word_1_155' title='bbox 2623 1029 2803 1076; x_wconf 89' lang='lat' dir='ltr'><strong>autem</strong></span> <span class='ocrx_word' id='word_1_156' title='bbox 2843 1018 3008 1078; x_wconf 90' lang='lat' dir='ltr'><strong>etiam</strong></span> <span class='ocrx_word' id='word_1_157' title='bbox 3055 1024 3184 1079; x_wconf 89' lang='lat' dir='ltr'><strong>tunc</strong></span> <span class='ocrx_word' id='word_1_158' title='bbox 3217 1032 3343 1081; x_wconf 85' lang='lat' dir='ltr'><strong>cum</strong></span> <span class='ocrx_word' id='word_1_159' title='bbox 3391 1024 3611 1084; x_wconf 82' lang='lat' dir='ltr'><strong>domno</strong></span> <span class='ocrx_word' id='word_1_160' title='bbox 3667 1028 3883 1086; x_wconf 74' lang='lat' dir='ltr'><strong>abbate</strong></span> 
     </span>
    </p>
   </div>
   <div class='ocr_carea' id='block_1_21' title="bbox 2260 1111 3867 1180">
    <p class='ocr_par' dir='ltr' id='par_1_21' title="bbox 2260 1111 3867 1180">
     <span class='ocr_line' id='line_1_22' title="bbox 2260 1111 3867 1180; baseline 0.007 -17"><span class='ocrx_word' id='word_1_161' title='bbox 2260 1111 2476 1180; x_wconf 88' lang='lat' dir='ltr'><strong>quidam</strong></span> <span class='ocrx_word' id='word_1_162' title='bbox 2524 1111 2692 1166; x_wconf 79' lang='lat' dir='ltr'><strong>frater</strong></span> <span class='ocrx_word' id='word_1_163' title='bbox 2732 1111 3045 1167; x_wconf 86' lang='lat' dir='ltr'><strong>monasterii</strong></span> <span class='ocrx_word' id='word_1_164' title='bbox 3100 1113 3301 1179; x_wconf 78' lang='lat' dir='ltr'><strong>vestri,</strong></span> <span class='ocrx_word' id='word_1_165' title='bbox 3348 1116 3578 1173; x_wconf 85' lang='lat' dir='ltr'><strong>nomine</strong></span> <span class='ocrx_word' id='word_1_166' title='bbox 3632 1117 3867 1174; x_wconf 77' lang='lat' dir='ltr'><strong>Autber</strong></span> 
     </span>
    </p>
   </div>
   <div class='ocr_carea' id='block_1_22' title="bbox 2263 1202 3879 1276">
    <p class='ocr_par' dir='ltr' id='par_1_22' title="bbox 2263 1202 3879 1276">
     <span class='ocr_line' id='line_1_23' title="bbox 2263 1202 3879 1276; baseline 0.007 -21"><span class='ocrx_word' id='word_1_167' title='bbox 2263 1210 2368 1269; x_wconf 91' lang='lat' dir='ltr'><strong>tus,</strong></span> <span class='ocrx_word' id='word_1_168' title='bbox 2396 1202 2487 1272; x_wconf 92' lang='lat' dir='ltr'><strong>qui</strong></span> <span class='ocrx_word' id='word_1_169' title='bbox 2537 1217 2662 1257; x_wconf 92' lang='lat' dir='ltr'><strong>cum</strong></span> <span class='ocrx_word' id='word_1_170' title='bbox 2708 1218 2833 1258; x_wconf 89' lang='lat' dir='ltr'><strong>eum</strong></span> <span class='ocrx_word' id='word_1_171' title='bbox 2862 1203 3149 1260; x_wconf 89' lang='lat' dir='ltr'><strong>sollicitum</strong></span> <span class='ocrx_word' id='word_1_172' title='bbox 3197 1205 3361 1262; x_wconf 85' lang='lat' dir='ltr'><strong>nimis</strong></span> <span class='ocrx_word' id='word_1_173' title='bbox 3406 1222 3474 1263; x_wconf 89' lang='lat' dir='ltr'><strong>ac</strong></span> <span class='ocrx_word' id='word_1_174' title='bbox 3513 1208 3787 1276; x_wconf 82' lang='lat' dir='ltr'><strong>tristem,</strong></span> <span class='ocrx_word' id='word_1_175' title='bbox 3826 1221 3879 1267; x_wconf 86' lang='lat' dir='ltr'><strong>et</strong></span> 
     </span>
    </p>
   </div>
   <div class='ocr_carea' id='block_1_23' title="bbox 2263 1293 3881 1362">
    <p class='ocr_par' dir='ltr' id='par_1_23' title="bbox 2263 1293 3881 1362">
     <span class='ocr_line' id='line_1_24' title="bbox 2263 1293 3881 1362; baseline 0.007 -16"><span class='ocrx_word' id='word_1_176' title='bbox 2263 1294 2504 1362; x_wconf 92' lang='lat' dir='ltr'><strong>quotidie</strong></span> <span class='ocrx_word' id='word_1_177' title='bbox 2526 1293 2790 1350; x_wconf 87' lang='lat' dir='ltr'><strong>secretius</strong></span> <span class='ocrx_word' id='word_1_178' title='bbox 2811 1294 2915 1349; x_wconf 88' lang='lat' dir='ltr'><strong>sibi</strong></span> <span class='ocrx_word' id='word_1_179' title='bbox 2938 1294 3235 1351; x_wconf 71' lang='lat' dir='ltr'><strong>consistam</strong></span> <span class='ocrx_word' id='word_1_180' title='bbox 3262 1304 3319 1351; x_wconf 89' lang='lat' dir='ltr'><strong>et</strong></span> <span class='ocrx_word' id='word_1_181' title='bbox 3344 1296 3554 1353; x_wconf 87' lang='lat' dir='ltr'><strong>nullius</strong></span> <span class='ocrx_word' id='word_1_182' title='bbox 3576 1302 3881 1358; x_wconf 79' lang='lat' dir='ltr'><strong>consortio</strong></span> 
     </span>
    </p>
   </div>
   <div class='ocr_carea' id='block_1_24' title="bbox 2260 1382 3875 1460">
    <p class='ocr_par' dir='ltr' id='par_1_24' title="bbox 2260 1382 3875 1460">
     <span class='ocr_line' id='line_1_25' title="bbox 2260 1382 3875 1460; baseline 0.004 -22"><span class='ocrx_word' id='word_1_183' title='bbox 2260 1382 2634 1452; x_wconf 89' lang='lat' dir='ltr'><strong>velcolloquio</strong></span> <span class='ocrx_word' id='word_1_184' title='bbox 2654 1383 2734 1437; x_wconf 91' lang='lat' dir='ltr'><strong>uti</strong></span> <span class='ocrx_word' id='word_1_185' title='bbox 2763 1382 2991 1450; x_wconf 89' lang='lat' dir='ltr'><strong>videret,</strong></span> <span class='ocrx_word' id='word_1_186' title='bbox 3019 1384 3185 1455; x_wconf 73' lang='lat' dir='ltr'><strong>cmpit</strong></span> <span class='ocrx_word' id='word_1_187' title='bbox 3223 1385 3274 1439; x_wconf 91' lang='lat' dir='ltr'><strong>ei</strong></span> <span class='ocrx_word' id='word_1_188' title='bbox 3303 1387 3570 1456; x_wconf 86' lang='lat' dir='ltr'><strong>compati.</strong></span> <span class='ocrx_word' id='word_1_189' title='bbox 3623 1388 3707 1444; x_wconf 77' lang='lat' dir='ltr'><strong>Et</strong></span> <span class='ocrx_word' id='word_1_190' title='bbox 3746 1406 3875 1460; x_wconf 81' lang='lat' dir='ltr'><strong>qna-</strong></span> 
     </span>
    </p>
   </div>
   <div class='ocr_carea' id='block_1_25' title="bbox 2262 1469 3875 1545">
    <p class='ocr_par' dir='ltr' id='par_1_25' title="bbox 2262 1469 3875 1545">
     <span class='ocr_line' id='line_1_26' title="bbox 2262 1469 3875 1545; baseline 0.005 -20"><span class='ocrx_word' id='word_1_191' title='bbox 2262 1469 2386 1525; x_wconf 91' lang='lat' dir='ltr'><strong>dam</strong></span> <span class='ocrx_word' id='word_1_192' title='bbox 2418 1470 2503 1526; x_wconf 91' lang='lat' dir='ltr'><strong>die</strong></span> <span class='ocrx_word' id='word_1_193' title='bbox 2536 1485 2769 1543; x_wconf 79' lang='lat' dir='ltr'><strong>pergens</strong></span> <span class='ocrx_word' id='word_1_194' title='bbox 2792 1471 2858 1526; x_wconf 93' lang='lat' dir='ltr'><strong>ad</strong></span> <span class='ocrx_word' id='word_1_195' title='bbox 2881 1471 3082 1538; x_wconf 91' lang='lat' dir='ltr'><strong>locum,</strong></span> <span class='ocrx_word' id='word_1_196' title='bbox 3118 1472 3208 1527; x_wconf 93' lang='lat' dir='ltr'><strong>ubi</strong></span> <span class='ocrx_word' id='word_1_197' title='bbox 3237 1473 3294 1529; x_wconf 88' lang='lat' dir='ltr'><strong>in</strong></span> <span class='ocrx_word' id='word_1_198' title='bbox 3336 1476 3679 1545; x_wconf 84' lang='lat' dir='ltr'><strong>supradicta</strong></span> <span class='ocrx_word' id='word_1_199' title='bbox 3717 1479 3875 1533; x_wconf 77' lang='lat' dir='ltr'><strong>vinea</strong></span> 
     </span>
    </p>
   </div>
   <div class='ocr_carea' id='block_1_26' title="bbox 2263 1560 3875 1632">
    <p class='ocr_par' dir='ltr' id='par_1_26' title="bbox 2263 1560 3875 1632">
     <span class='ocr_line' id='line_1_27' title="bbox 2263 1560 3875 1632; baseline 0.007 -17"><span class='ocrx_word' id='word_1_200' title='bbox 2263 1560 2410 1615; x_wconf 90' lang='lat' dir='ltr'><strong>solus</strong></span> <span class='ocrx_word' id='word_1_201' title='bbox 2432 1560 2672 1627; x_wconf 88' lang='lat' dir='ltr'><strong>sedebat,</strong></span> <span class='ocrx_word' id='word_1_202' title='bbox 2695 1561 2857 1630; x_wconf 65' lang='lat' dir='ltr'><strong>coepit</strong></span> <span class='ocrx_word' id='word_1_203' title='bbox 2877 1562 2945 1619; x_wconf 86' lang='lat' dir='ltr'><strong>ab</strong></span> <span class='ocrx_word' id='word_1_204' title='bbox 2967 1577 3033 1618; x_wconf 85' lang='lat' dir='ltr'><strong>eo</strong></span> <span class='ocrx_word' id='word_1_205' title='bbox 3053 1562 3346 1632; x_wconf 91' lang='lat' dir='ltr'><strong>inquirere,</strong></span> <span class='ocrx_word' id='word_1_206' title='bbox 3369 1572 3565 1621; x_wconf 89' lang='lat' dir='ltr'><strong>utrum</strong></span> <span class='ocrx_word' id='word_1_207' title='bbox 3588 1570 3875 1625; x_wconf 74' lang='lat' dir='ltr'><strong>veraciter</strong></span> 
     </span>
    </p>
   </div>
   <div class='ocr_carea' id='block_1_27' title="bbox 2262 1651 3870 1730">
    <p class='ocr_par' dir='ltr' id='par_1_27' title="bbox 2262 1651 3870 1730">
     <span class='ocr_line' id='line_1_28' title="bbox 2262 1651 3870 1730; baseline 0.007 -25"><span class='ocrx_word' id='word_1_208' title='bbox 2262 1651 2752 1722; x_wconf 82' lang='lat' dir='ltr'><strong>peregrinationem</strong></span> <span class='ocrx_word' id='word_1_209' title='bbox 2792 1652 2879 1706; x_wconf 90' lang='lat' dir='ltr'><strong>illa</strong></span> <span class='ocrx_word' id='word_1_210' title='bbox 2926 1653 3090 1708; x_wconf 88' lang='lat' dir='ltr'><strong>vellet</strong></span> <span class='ocrx_word' id='word_1_211' title='bbox 3135 1655 3438 1727; x_wconf 85' lang='lat' dir='ltr'><strong>suscipere.</strong></span> <span class='ocrx_word' id='word_1_212' title='bbox 3486 1656 3603 1725; x_wconf 88' lang='lat' dir='ltr'><strong>Qui</strong></span> <span class='ocrx_word' id='word_1_213' title='bbox 3635 1673 3870 1730; x_wconf 75' lang='lat' dir='ltr'><strong>sperans</strong></span> 
     </span>
    </p>
   </div>
   <div class='ocr_carea' id='block_1_28' title="bbox 2265 1743 3868 1818">
    <p class='ocr_par' dir='ltr' id='par_1_28' title="bbox 2265 1743 3868 1818">
     <span class='ocr_line' id='line_1_29' title="bbox 2265 1743 3868 1818; baseline 0.007 -22"><span class='ocrx_word' id='word_1_214' title='bbox 2265 1752 2386 1796; x_wconf 87' lang='lat' dir='ltr'><strong>eum</strong></span> <span class='ocrx_word' id='word_1_215' title='bbox 2409 1743 2512 1797; x_wconf 88' lang='lat' dir='ltr'><strong>hoc</strong></span> <span class='ocrx_word' id='word_1_216' title='bbox 2534 1756 2641 1798; x_wconf 91' lang='lat' dir='ltr'><strong>non</strong></span> <span class='ocrx_word' id='word_1_217' title='bbox 2685 1743 2755 1798; x_wconf 92' lang='lat' dir='ltr'><strong>ob</strong></span> <span class='ocrx_word' id='word_1_218' title='bbox 2788 1745 3239 1814; x_wconf 89' lang='lat' dir='ltr'><strong>compassionem,</strong></span> <span class='ocrx_word' id='word_1_219' title='bbox 3290 1747 3389 1802; x_wconf 83' lang='lat' dir='ltr'><strong>sed</strong></span> <span class='ocrx_word' id='word_1_220' title='bbox 3430 1757 3684 1818; x_wconf 83' lang='lat' dir='ltr'><strong>propter</strong></span> <span class='ocrx_word' id='word_1_221' title='bbox 3726 1761 3868 1807; x_wconf 78' lang='lat' dir='ltr'><strong>astu-</strong></span> 
     </span>
    </p>
   </div>
   <div class='ocr_carea' id='block_1_29' title="bbox 595 1796 2170 1907">
    <p class='ocr_par' dir='ltr' id='par_1_29' title="bbox 595 1810 2166 1886">
     <span class='ocr_line' id='line_1_30' title="bbox 595 1810 2166 1886; baseline -0.004 -15"><span class='ocrx_word' id='word_1_222' title='bbox 595 1829 920 1886; x_wconf 89' lang='lat' dir='ltr'><strong>quemquam</strong></span> <span class='ocrx_word' id='word_1_223' title='bbox 947 1812 1086 1869; x_wconf 86' lang='lat' dir='ltr'><strong>scire</strong></span> <span class='ocrx_word' id='word_1_224' title='bbox 1114 1820 1279 1868; x_wconf 72' lang='lat' dir='ltr'><strong>tanta:</strong></span> <span class='ocrx_word' id='word_1_225' title='bbox 1314 1812 1614 1868; x_wconf 86' lang='lat' dir='ltr'><strong>devotionis</strong></span> <span class='ocrx_word' id='word_1_226' title='bbox 1653 1811 1849 1877; x_wconf 92' lang='lat' dir='ltr'><strong>virum,</strong></span> <span class='ocrx_word' id='word_1_227' title='bbox 1879 1810 1971 1881; x_wconf 93' lang='lat' dir='ltr'><strong>qui</strong></span> <span class='ocrx_word' id='word_1_228' title='bbox 2011 1824 2166 1880; x_wconf 90' lang='lat' dir='ltr'><strong>pere-</strong></span> 
     </span>
    </p>
   </div>
   <div class='ocr_carea' id='block_1_30' title="bbox 2269 1796 3863 1907">
    <p class='ocr_par' dir='ltr' id='par_1_30' title="bbox 2269 1796 3863 1907">
     <span class='ocr_line' id='line_1_31' title="bbox 2269 1796 3863 1907; baseline 0.008 -21"><span class='ocrx_word' id='word_1_229' title='bbox 2269 1833 2398 1887; x_wconf 92' lang='lat' dir='ltr'><strong>tiam</strong></span> <span class='ocrx_word' id='word_1_230' title='bbox 2426 1834 2595 1905; x_wconf 83' lang='lat' dir='ltr'><strong>magis</strong></span> <span class='ocrx_word' id='word_1_231' title='bbox 2635 1796 2933 1904; x_wconf 65' lang='lat' dir='ltr'><strong>inquirere:</strong></span> <span class='ocrx_word' id='word_1_232' title='bbox 2974 1837 3253 1907; x_wconf 89' lang='lat' dir='ltr'><strong>respondit</strong></span> <span class='ocrx_word' id='word_1_233' title='bbox 3290 1796 3478 1904; x_wconf 47' lang='lat' dir='ltr'><strong>:Q’uiii</strong></span> <span class='ocrx_word' id='word_1_234' title='bbox 3512 1796 3687 1897; x_wconf 59' lang='lat' dir='ltr'><strong>vbbis</strong></span> <span class='ocrx_word' id='word_1_235' title='bbox 3729 1855 3863 1898; x_wconf 69' lang='lat' dir='ltr'><strong>cur:</strong></span> 
     </span>
    </p>
   </div>
   <div class='ocr_carea' id='block_1_31' title="bbox 592 1900 2167 1976">
    <p class='ocr_par' dir='ltr' id='par_1_31' title="bbox 592 1900 2167 1976">
     <span class='ocr_line' id='line_1_32' title="bbox 592 1900 2167 1976; baseline -0.003 -16"><span class='ocrx_word' id='word_1_236' title='bbox 592 1904 949 1976; x_wconf 85' lang='lat' dir='ltr'><strong>grinationem</strong></span> <span class='ocrx_word' id='word_1_237' title='bbox 995 1910 1106 1957; x_wconf 89' lang='lat' dir='ltr'><strong>tam</strong></span> <span class='ocrx_word' id='word_1_238' title='bbox 1149 1902 1512 1973; x_wconf 88' lang='lat' dir='ltr'><strong>periculosam</strong></span> <span class='ocrx_word' id='word_1_239' title='bbox 1552 1916 1652 1973; x_wconf 90' lang='lat' dir='ltr'><strong>pro</strong></span> <span class='ocrx_word' id='word_1_240' title='bbox 1698 1900 1900 1957; x_wconf 87' lang='lat' dir='ltr'><strong>Christi</strong></span> <span class='ocrx_word' id='word_1_241' title='bbox 1946 1900 2167 1955; x_wconf 88' lang='lat' dir='ltr'><strong>nomine</strong></span> 
     </span>
    </p>
   </div>
   <div class='ocr_carea' id='block_1_32' title="bbox 593 1992 2168 2065">
    <p class='ocr_par' dir='ltr' id='par_1_32' title="bbox 593 1992 2168 2065">
     <span class='ocr_line' id='line_1_33' title="bbox 593 1992 2168 2065; baseline -0.002 -13"><span class='ocrx_word' id='word_1_242' title='bbox 593 1996 873 2065; x_wconf 89' lang='lat' dir='ltr'><strong>suscipere</strong></span> <span class='ocrx_word' id='word_1_243' title='bbox 902 1992 1095 2061; x_wconf 90' lang='lat' dir='ltr'><strong>vellet;</strong></span> <span class='ocrx_word' id='word_1_244' title='bbox 1142 1995 1355 2050; x_wconf 81' lang='lat' dir='ltr'><strong>exstitit</strong></span> <span class='ocrx_word' id='word_1_245' title='bbox 1387 2003 1516 2051; x_wconf 92' lang='lat' dir='ltr'><strong>tunc</strong></span> <span class='ocrx_word' id='word_1_246' title='bbox 1547 1994 1802 2065; x_wconf 85' lang='lat' dir='ltr'><strong>temporis</strong></span> <span class='ocrx_word' id='word_1_247' title='bbox 1844 1992 2168 2049; x_wconf 89' lang='lat' dir='ltr'><strong>venerabilis</strong></span> 
     </span>
    </p>
   </div>
   <div class='ocr_carea' id='block_1_33' title="bbox 596 2084 2169 2156">
    <p class='ocr_par' dir='ltr' id='par_1_33' title="bbox 596 2084 2169 2156">
     <span class='ocr_line' id='line_1_34' title="bbox 596 2084 2169 2156; baseline -0.002 -15"><span class='ocrx_word' id='word_1_248' title='bbox 596 2088 768 2142; x_wconf 85' lang='lat' dir='ltr'><strong>abbas</strong></span> <span class='ocrx_word' id='word_1_249' title='bbox 794 2084 1111 2142; x_wconf 87' lang='lat' dir='ltr'><strong>monasterii</strong></span> <span class='ocrx_word' id='word_1_250' title='bbox 1137 2086 1307 2142; x_wconf 88' lang='lat' dir='ltr'><strong>vestri</strong></span> <span class='ocrx_word' id='word_1_251' title='bbox 1328 2085 1511 2152; x_wconf 87' lang='lat' dir='ltr'><strong>Wala,</strong></span> <span class='ocrx_word' id='word_1_252' title='bbox 1540 2086 1633 2156; x_wconf 92' lang='lat' dir='ltr'><strong>qui</strong></span> <span class='ocrx_word' id='word_1_253' title='bbox 1673 2093 1974 2141; x_wconf 89' lang='lat' dir='ltr'><strong>memorato</strong></span> <span class='ocrx_word' id='word_1_254' title='bbox 2001 2084 2169 2155; x_wconf 82' lang='lat' dir='ltr'><strong>impe-</strong></span> 
     </span>
    </p>
   </div>
   <div class='ocr_carea' id='block_1_34' title="bbox 590 2174 2166 2242">
    <p class='ocr_par' dir='ltr' id='par_1_34' title="bbox 590 2174 2166 2242">
     <span class='ocr_line' id='line_1_35' title="bbox 590 2174 2166 2242; baseline -0.003 -10"><span class='ocrx_word' id='word_1_255' title='bbox 590 2175 762 2241; x_wconf 82' lang='lat' dir='ltr'><strong>ratori</strong></span> <span class='ocrx_word' id='word_1_256' title='bbox 793 2174 947 2242; x_wconf 83' lang='lat' dir='ltr'><strong>dixit,</strong></span> <span class='ocrx_word' id='word_1_257' title='bbox 982 2190 1151 2230; x_wconf 91' lang='lat' dir='ltr'><strong>unum</strong></span> <span class='ocrx_word' id='word_1_258' title='bbox 1174 2191 1234 2230; x_wconf 89' lang='lat' dir='ltr'><strong>se</strong></span> <span class='ocrx_word' id='word_1_259' title='bbox 1263 2175 1405 2231; x_wconf 89' lang='lat' dir='ltr'><strong>scire</strong></span> <span class='ocrx_word' id='word_1_260' title='bbox 1440 2174 1766 2230; x_wconf 87' lang='lat' dir='ltr'><strong>monachum</strong></span> <span class='ocrx_word' id='word_1_261' title='bbox 1791 2175 1847 2229; x_wconf 89' lang='lat' dir='ltr'><strong>in</strong></span> <span class='ocrx_word' id='word_1_262' title='bbox 1890 2181 2166 2229; x_wconf 85' lang='lat' dir='ltr'><strong>monaste-</strong></span> 
     </span>
    </p>
   </div>
   <div class='ocr_carea' id='block_1_35' title="bbox 592 2260 2167 2335">
    <p class='ocr_par' dir='ltr' id='par_1_35' title="bbox 592 2260 2167 2335">
     <span class='ocr_line' id='line_1_36' title="bbox 592 2260 2167 2335; baseline -0.002 -15"><span class='ocrx_word' id='word_1_263' title='bbox 592 2265 677 2320; x_wconf 90' lang='lat' dir='ltr'><strong>rio</strong></span> <span class='ocrx_word' id='word_1_264' title='bbox 704 2265 734 2305; x_wconf 70' lang='grc' dir='ltr'><strong>ι»</strong></span> <span class='ocrx_word' id='word_1_265' title='bbox 757 2279 877 2330; x_wconf 91' lang='lat' dir='ltr'><strong>suo,</strong></span> <span class='ocrx_word' id='word_1_266' title='bbox 918 2264 1010 2335; x_wconf 92' lang='lat' dir='ltr'><strong>qui</strong></span> <span class='ocrx_word' id='word_1_267' title='bbox 1041 2264 1211 2319; x_wconf 90' lang='lat' dir='ltr'><strong>multo</strong></span> <span class='ocrx_word' id='word_1_268' title='bbox 1235 2264 1431 2320; x_wconf 87' lang='lat' dir='ltr'><strong>ardore</strong></span> <span class='ocrx_word' id='word_1_269' title='bbox 1469 2264 1613 2320; x_wconf 90' lang='lat' dir='ltr'><strong>circa</strong></span> <span class='ocrx_word' id='word_1_270' title='bbox 1661 2260 1898 2318; x_wconf 86' lang='lat' dir='ltr'><strong>divinam</strong></span> <span class='ocrx_word' id='word_1_271' title='bbox 1949 2262 2167 2334; x_wconf 83' lang='lat' dir='ltr'><strong>religio-</strong></span> 
     </span>
    </p>
   </div>
   <div class='ocr_carea' id='block_1_36' title="bbox 592 2350 2171 2424">
    <p class='ocr_par' dir='ltr' id='par_1_36' title="bbox 592 2350 2171 2424">
     <span class='ocr_line' id='line_1_37' title="bbox 592 2350 2171 2424; baseline -0.001 -16"><span class='ocrx_word' id='word_1_272' title='bbox 592 2367 718 2408; x_wconf 86' lang='lat' dir='ltr'><strong>nem</strong></span> <span class='ocrx_word' id='word_1_273' title='bbox 743 2351 995 2423; x_wconf 81' lang='lat' dir='ltr'><strong>ferveret,</strong></span> <span class='ocrx_word' id='word_1_274' title='bbox 1021 2363 1086 2408; x_wconf 81' lang='lat' dir='ltr'><strong>ae</strong></span> <span class='ocrx_word' id='word_1_275' title='bbox 1123 2367 1222 2424; x_wconf 91' lang='lat' dir='ltr'><strong>pro</strong></span> <span class='ocrx_word' id='word_1_276' title='bbox 1266 2353 1360 2408; x_wconf 90' lang='lat' dir='ltr'><strong>Dei</strong></span> <span class='ocrx_word' id='word_1_277' title='bbox 1416 2352 1632 2407; x_wconf 90' lang='lat' dir='ltr'><strong>nomine</strong></span> <span class='ocrx_word' id='word_1_278' title='bbox 1675 2351 1845 2407; x_wconf 90' lang='lat' dir='ltr'><strong>multa</strong></span> <span class='ocrx_word' id='word_1_279' title='bbox 1889 2350 2001 2422; x_wconf 91' lang='lat' dir='ltr'><strong>pati</strong></span> <span class='ocrx_word' id='word_1_280' title='bbox 2029 2350 2171 2406; x_wconf 88' lang='lat' dir='ltr'><strong>desi-</strong></span> 
     </span>
    </p>
   </div>
   <div class='ocr_carea' id='block_1_37' title="bbox 596 2424 2170 2514">
    <p class='ocr_par' dir='ltr' id='par_1_37' title="bbox 596 2424 2170 2514">
     <span class='ocr_line' id='line_1_38' title="bbox 596 2424 2170 2514; baseline 0.001 -17"><span class='ocrx_word' id='word_1_281' title='bbox 596 2442 815 2498; x_wconf 85' lang='lat' dir='ltr'><strong>deraret</strong></span> <span class='ocrx_word' id='word_1_282' title='bbox 862 2424 1163 2514; x_wconf 82' lang='lat' dir='ltr'><strong>:cujusque</strong></span> <span class='ocrx_word' id='word_1_283' title='bbox 1208 2442 1414 2512; x_wconf 89' lang='lat' dir='ltr'><strong>pariter</strong></span> <span class='ocrx_word' id='word_1_284' title='bbox 1461 2441 1852 2497; x_wconf 87' lang='lat' dir='ltr'><strong>institutionem</strong></span> <span class='ocrx_word' id='word_1_285' title='bbox 1899 2457 1963 2496; x_wconf 90' lang='lat' dir='ltr'><strong>ac</strong></span> <span class='ocrx_word' id='word_1_286' title='bbox 1990 2456 2170 2498; x_wconf 87' lang='lat' dir='ltr'><strong>mores</strong></span> 
     </span>
    </p>
   </div>
   <div class='ocr_carea' id='block_1_38' title="bbox 597 2518 2172 2603">
    <p class='ocr_par' dir='ltr' id='par_1_38' title="bbox 597 2518 2172 2603">
     <span class='ocr_line' id='line_1_39' title="bbox 597 2518 2172 2603; baseline 0.004 -20"><span class='ocrx_word' id='word_1_287' title='bbox 597 2518 858 2596; x_wconf 90' lang='lat' dir='ltr'><strong>laudavit,</strong></span> <span class='ocrx_word' id='word_1_288' title='bbox 890 2538 945 2586; x_wconf 91' lang='lat' dir='ltr'><strong>et</strong></span> <span class='ocrx_word' id='word_1_289' title='bbox 975 2532 1118 2601; x_wconf 90' lang='lat' dir='ltr'><strong>quod</strong></span> <span class='ocrx_word' id='word_1_290' title='bbox 1153 2531 1220 2586; x_wconf 88' lang='lat' dir='ltr'><strong>ad</strong></span> <span class='ocrx_word' id='word_1_291' title='bbox 1263 2533 1367 2588; x_wconf 90' lang='lat' dir='ltr'><strong>hoc</strong></span> <span class='ocrx_word' id='word_1_292' title='bbox 1414 2547 1549 2603; x_wconf 92' lang='lat' dir='ltr'><strong>opus</strong></span> <span class='ocrx_word' id='word_1_293' title='bbox 1595 2533 1729 2588; x_wconf 83' lang='lat' dir='ltr'><strong>satis</strong></span> <span class='ocrx_word' id='word_1_294' title='bbox 1764 2541 1909 2588; x_wconf 88' lang='lat' dir='ltr'><strong>esset</strong></span> <span class='ocrx_word' id='word_1_295' title='bbox 1948 2532 2172 2590; x_wconf 89' lang='lat' dir='ltr'><strong>idoneus</strong></span> 
     </span>
    </p>
   </div>
   <div class='ocr_carea' id='block_1_39' title="bbox 597 2619 2172 2695">
    <p class='ocr_par' dir='ltr' id='par_1_39' title="bbox 597 2619 2172 2695">
     <span class='ocr_line' id='line_1_40' title="bbox 597 2619 2172 2695; baseline 0.002 -21"><span class='ocrx_word' id='word_1_296' title='bbox 597 2619 878 2685; x_wconf 90' lang='lat' dir='ltr'><strong>indicavit,</strong></span> <span class='ocrx_word' id='word_1_297' title='bbox 902 2636 961 2677; x_wconf 92' lang='lat' dir='ltr'><strong>se</strong></span> <span class='ocrx_word' id='word_1_298' title='bbox 989 2628 1171 2676; x_wconf 88' lang='lat' dir='ltr'><strong>tamen</strong></span> <span class='ocrx_word' id='word_1_299' title='bbox 1220 2621 1436 2695; x_wconf 86' lang='lat' dir='ltr'><strong>nescire</strong></span> <span class='ocrx_word' id='word_1_300' title='bbox 1479 2629 1704 2676; x_wconf 90' lang='lat' dir='ltr'><strong>testatus</strong></span> <span class='ocrx_word' id='word_1_301' title='bbox 1743 2628 1845 2686; x_wconf 90' lang='lat' dir='ltr'><strong>est,</strong></span> <span class='ocrx_word' id='word_1_302' title='bbox 1876 2630 2056 2676; x_wconf 89' lang='lat' dir='ltr'><strong>utrum</strong></span> <span class='ocrx_word' id='word_1_303' title='bbox 2102 2621 2172 2677; x_wconf 92' lang='lat' dir='ltr'><strong>ad</strong></span> 
     </span>
    </p>
   </div>
   <div class='ocr_carea' id='block_1_40' title="bbox 596 2708 2169 2782">
    <p class='ocr_par' dir='ltr' id='par_1_40' title="bbox 596 2708 2169 2782">
     <span class='ocr_line' id='line_1_41' title="bbox 596 2708 2169 2782; baseline 0.004 -19"><span class='ocrx_word' id='word_1_304' title='bbox 596 2708 740 2764; x_wconf 87' lang='lat' dir='ltr'><strong>hanc</strong></span> <span class='ocrx_word' id='word_1_305' title='bbox 765 2710 1252 2782; x_wconf 76' lang='lat' dir='ltr'><strong>peregrinationem</strong></span> <span class='ocrx_word' id='word_1_306' title='bbox 1283 2712 1619 2768; x_wconf 89' lang='lat' dir='ltr'><strong>tolerandam</strong></span> <span class='ocrx_word' id='word_1_307' title='bbox 1646 2712 1978 2769; x_wconf 83' lang='lat' dir='ltr'><strong>voluntarius</strong></span> <span class='ocrx_word' id='word_1_308' title='bbox 2006 2721 2169 2769; x_wconf 79' lang='lat' dir='ltr'><strong>esset.</strong></span> 
     </span>
    </p>
   </div>
   <div class='ocr_carea' id='block_1_41' title="bbox 597 2796 2172 2872">
    <p class='ocr_par' dir='ltr' id='par_1_41' title="bbox 597 2796 2172 2872">
     <span class='ocr_line' id='line_1_42' title="bbox 597 2796 2172 2872; baseline 0.004 -20"><span class='ocrx_word' id='word_1_309' title='bbox 597 2796 736 2865; x_wconf 84' lang='lat' dir='ltr'><strong>Quid</strong></span> <span class='ocrx_word' id='word_1_310' title='bbox 759 2798 912 2869; x_wconf 91' lang='lat' dir='ltr'><strong>plura</strong></span> <span class='ocrx_word' id='word_1_311' title='bbox 934 2801 957 2853; x_wconf 77' lang='lat' dir='ltr'><strong>‘i</strong></span> <span class='ocrx_word' id='word_1_312' title='bbox 978 2798 1211 2857; x_wconf 83' lang='lat' dir='ltr'><strong>Jubente</strong></span> <span class='ocrx_word' id='word_1_313' title='bbox 1235 2817 1362 2872; x_wconf 88' lang='lat' dir='ltr'><strong>rege</strong></span> <span class='ocrx_word' id='word_1_314' title='bbox 1394 2811 1649 2858; x_wconf 89' lang='lat' dir='ltr'><strong>evocatus</strong></span> <span class='ocrx_word' id='word_1_315' title='bbox 1686 2804 1866 2858; x_wconf 86' lang='lat' dir='ltr'><strong>est-ad</strong></span> <span class='ocrx_word' id='word_1_316' title='bbox 1911 2802 2172 2872; x_wconf 88' lang='lat' dir='ltr'><strong>palatium</strong></span> 
     </span>
    </p>
   </div>
   <div class='ocr_carea' id='block_1_42' title="bbox 597 2886 2169 2961">
    <p class='ocr_par' dir='ltr' id='par_1_42' title="bbox 597 2886 2169 2961">
     <span class='ocr_line' id='line_1_43' title="bbox 597 2886 2169 2961; baseline 0.004 -20"><span class='ocrx_word' id='word_1_317' title='bbox 597 2886 954 2953; x_wconf 83' lang='lat' dir='ltr'><strong>Anscbarius,</strong></span> <span class='ocrx_word' id='word_1_318' title='bbox 976 2889 1063 2943; x_wconf 91' lang='lat' dir='ltr'><strong>cui</strong></span> <span class='ocrx_word' id='word_1_319' title='bbox 1087 2889 1254 2945; x_wconf 88' lang='lat' dir='ltr'><strong>abbas</strong></span> <span class='ocrx_word' id='word_1_320' title='bbox 1283 2903 1477 2946; x_wconf 88' lang='lat' dir='ltr'><strong>cuncta</strong></span> <span class='ocrx_word' id='word_1_321' title='bbox 1500 2904 1619 2961; x_wconf 79' lang='lat' dir='ltr'><strong>qua:</strong></span> <span class='ocrx_word' id='word_1_322' title='bbox 1645 2901 1764 2946; x_wconf 88' lang='lat' dir='ltr'><strong>acta</strong></span> <span class='ocrx_word' id='word_1_323' title='bbox 1788 2900 1932 2955; x_wconf 91' lang='lat' dir='ltr'><strong>sunt,</strong></span> <span class='ocrx_word' id='word_1_324' title='bbox 1967 2893 2169 2959; x_wconf 86' lang='lat' dir='ltr'><strong>retulit,</strong></span> 
     </span>
    </p>
   </div>
   <div class='ocr_carea' id='block_1_43' title="bbox 599 2976 2174 3049">
    <p class='ocr_par' dir='ltr' id='par_1_43' title="bbox 599 2976 2174 3049">
     <span class='ocr_line' id='line_1_44' title="bbox 599 2976 2174 3049; baseline 0.004 -19"><span class='ocrx_word' id='word_1_325' title='bbox 599 2982 656 3030; x_wconf 91' lang='lat' dir='ltr'><strong>et</strong></span> <span class='ocrx_word' id='word_1_326' title='bbox 683 2976 751 3031; x_wconf 88' lang='lat' dir='ltr'><strong>ad</strong></span> <span class='ocrx_word' id='word_1_327' title='bbox 772 2976 902 3049; x_wconf 87' lang='lat' dir='ltr'><strong>quid</strong></span> <span class='ocrx_word' id='word_1_328' title='bbox 928 2985 1235 3042; x_wconf 88' lang='lat' dir='ltr'><strong>vocaretur,</strong></span> <span class='ocrx_word' id='word_1_329' title='bbox 1281 2979 1509 3048; x_wconf 89' lang='lat' dir='ltr'><strong>aperuit.</strong></span> <span class='ocrx_word' id='word_1_330' title='bbox 1535 2979 1636 3044; x_wconf 92' lang='lat' dir='ltr'><strong>Qui</strong></span> <span class='ocrx_word' id='word_1_331' title='bbox 1677 2994 1735 3033; x_wconf 89' lang='lat' dir='ltr'><strong>se</strong></span> <span class='ocrx_word' id='word_1_332' title='bbox 1772 2978 1838 3034; x_wconf 90' lang='lat' dir='ltr'><strong>ad</strong></span> <span class='ocrx_word' id='word_1_333' title='bbox 1882 2982 1974 3036; x_wconf 89' lang='lat' dir='ltr'><strong>Dei</strong></span> <span class='ocrx_word' id='word_1_334' title='bbox 2003 2982 2174 3041; x_wconf 72' lang='lat' dir='ltr'><strong>servi-</strong></span> 
     </span>
    </p>
   </div>
   <div class='ocr_carea' id='block_1_44' title="bbox 601 3064 2173 3141">
    <p class='ocr_par' dir='ltr' id='par_1_44' title="bbox 601 3064 2173 3141">
     <span class='ocr_line' id='line_1_45' title="bbox 601 3064 2173 3141; baseline 0.004 -23"><span class='ocrx_word' id='word_1_335' title='bbox 601 3064 737 3118; x_wconf 91' lang='lat' dir='ltr'><strong>tium</strong></span> <span class='ocrx_word' id='word_1_336' title='bbox 769 3065 822 3119; x_wconf 93' lang='lat' dir='ltr'><strong>in</strong></span> <span class='ocrx_word' id='word_1_337' title='bbox 848 3065 1120 3130; x_wconf 84' lang='lat' dir='ltr'><strong>omnibus,</strong></span> <span class='ocrx_word' id='word_1_338' title='bbox 1152 3081 1270 3135; x_wconf 65' lang='lat' dir='ltr'><strong>qua:</strong></span> <span class='ocrx_word' id='word_1_339' title='bbox 1297 3067 1348 3121; x_wconf 93' lang='lat' dir='ltr'><strong>in</strong></span> <span class='ocrx_word' id='word_1_340' title='bbox 1371 3081 1533 3122; x_wconf 88' lang='lat' dir='ltr'><strong>causa</strong></span> <span class='ocrx_word' id='word_1_341' title='bbox 1580 3067 1897 3124; x_wconf 63' lang='lat' dir='ltr'><strong>obedientim</strong></span> <span class='ocrx_word' id='word_1_342' title='bbox 1934 3067 2173 3141; x_wconf 77' lang='lat' dir='ltr'><strong>iniunge-</strong></span> 
     </span>
    </p>
   </div>
   <div class='ocr_carea' id='block_1_45' title="bbox 2267 1926 3858 2002">
    <p class='ocr_par' dir='ltr' id='par_1_45' title="bbox 2267 1926 3858 2002">
     <span class='ocr_line' id='line_1_46' title="bbox 2267 1926 3858 2002; baseline 0.006 -23"><span class='ocrx_word' id='word_1_343' title='bbox 2267 1931 2350 1980; x_wconf 86' lang='lat' dir='ltr'><strong>est</strong></span> <span class='ocrx_word' id='word_1_344' title='bbox 2369 1936 2529 1994; x_wconf 88' lang='lat' dir='ltr'><strong>super</strong></span> <span class='ocrx_word' id='word_1_345' title='bbox 2552 1926 2690 1980; x_wconf 87' lang='lat' dir='ltr'><strong>hoc?</strong></span> <span class='ocrx_word' id='word_1_346' title='bbox 2719 1926 2886 1981; x_wconf 91' lang='lat' dir='ltr'><strong>nolite</strong></span> <span class='ocrx_word' id='word_1_347' title='bbox 2916 1936 3152 1982; x_wconf 88' lang='lat' dir='ltr'><strong>mentem</strong></span> <span class='ocrx_word' id='word_1_348' title='bbox 3170 1943 3347 1984; x_wconf 87' lang='lat' dir='ltr'><strong>meam</strong></span> <span class='ocrx_word' id='word_1_349' title='bbox 3372 1928 3469 1984; x_wconf 84' lang='lat' dir='ltr'><strong>tali</strong></span> <span class='ocrx_word' id='word_1_350' title='bbox 3494 1931 3858 2002; x_wconf 76' lang='lat' dir='ltr'><strong>inquisitione</strong></span> 
     </span>
    </p>
   </div>
   <div class='ocr_carea' id='block_1_46' title="bbox 2267 2014 3855 2093">
    <p class='ocr_par' dir='ltr' id='par_1_46' title="bbox 2267 2014 3855 2093">
     <span class='ocr_line' id='line_1_47' title="bbox 2267 2014 3855 2093; baseline 0.006 -24"><span class='ocrx_word' id='word_1_351' title='bbox 2267 2014 2608 2070; x_wconf 87' lang='lat' dir='ltr'><strong>conturbare.</strong></span> <span class='ocrx_word' id='word_1_352' title='bbox 2637 2015 2716 2070; x_wconf 91' lang='lat' dir='ltr'><strong>llli</strong></span> <span class='ocrx_word' id='word_1_353' title='bbox 2738 2031 2864 2071; x_wconf 89' lang='lat' dir='ltr'><strong>vero</strong></span> <span class='ocrx_word' id='word_1_354' title='bbox 2906 2016 3040 2071; x_wconf 88' lang='lat' dir='ltr'><strong>nihil</strong></span> <span class='ocrx_word' id='word_1_355' title='bbox 3078 2018 3299 2075; x_wconf 90' lang='lat' dir='ltr'><strong>omnino</strong></span> <span class='ocrx_word' id='word_1_356' title='bbox 3343 2035 3405 2075; x_wconf 88' lang='lat' dir='ltr'><strong>se</strong></span> <span class='ocrx_word' id='word_1_357' title='bbox 3430 2021 3855 2093; x_wconf 79' lang='lat' dir='ltr'><strong>deceptionisin</strong></span> 
     </span>
    </p>
   </div>
   <div class='ocr_carea' id='block_1_47' title="bbox 2267 2105 3853 2193">
    <p class='ocr_par' dir='ltr' id='par_1_47' title="bbox 2267 2105 3853 2193">
     <span class='ocr_line' id='line_1_48' title="bbox 2267 2105 3853 2193; baseline 0.006 -32"><span class='ocrx_word' id='word_1_358' title='bbox 2267 2105 2370 2161; x_wconf 87' lang='lat' dir='ltr'><strong>hac</strong></span> <span class='ocrx_word' id='word_1_359' title='bbox 2396 2121 2456 2161; x_wconf 91' lang='lat' dir='ltr'><strong>re</strong></span> <span class='ocrx_word' id='word_1_360' title='bbox 2500 2105 2821 2177; x_wconf 84' lang='lat' dir='ltr'><strong>protendere</strong></span> <span class='ocrx_word' id='word_1_361' title='bbox 2861 2109 3198 2175; x_wconf 88' lang='lat' dir='ltr'><strong>testabatur;</strong></span> <span class='ocrx_word' id='word_1_362' title='bbox 3238 2110 3336 2165; x_wconf 87' lang='lat' dir='ltr'><strong>sed</strong></span> <span class='ocrx_word' id='word_1_363' title='bbox 3362 2112 3553 2193; x_wconf 80' lang='lat' dir='ltr'><strong>magis</strong></span> <span class='ocrx_word' id='word_1_364' title='bbox 3599 2116 3853 2170; x_wconf 79' lang='lat' dir='ltr'><strong>veraciter</strong></span> 
     </span>
    </p>
   </div>
   <div class='ocr_carea' id='block_1_48' title="bbox 2268 2195 3827 2275">
    <p class='ocr_par' dir='ltr' id='par_1_48' title="bbox 2268 2195 3827 2275">
     <span class='ocr_line' id='line_1_49' title="bbox 2268 2195 3827 2275; baseline 0.006 -26"><span class='ocrx_word' id='word_1_365' title='bbox 2268 2196 2408 2250; x_wconf 87' lang='lat' dir='ltr'><strong>scire</strong></span> <span class='ocrx_word' id='word_1_366' title='bbox 2432 2195 2592 2262; x_wconf 91' lang='lat' dir='ltr'><strong>velle,</strong></span> <span class='ocrx_word' id='word_1_367' title='bbox 2622 2204 2802 2251; x_wconf 90' lang='lat' dir='ltr'><strong>utrum</strong></span> <span class='ocrx_word' id='word_1_368' title='bbox 2849 2196 2939 2253; x_wconf 90' lang='lat' dir='ltr'><strong>ille</strong></span> <span class='ocrx_word' id='word_1_369' title='bbox 2968 2196 3022 2252; x_wconf 90' lang='lat' dir='ltr'><strong>in</strong></span> <span class='ocrx_word' id='word_1_370' title='bbox 3052 2198 3328 2275; x_wconf 86' lang='lat' dir='ltr'><strong>proposita</strong></span> <span class='ocrx_word' id='word_1_371' title='bbox 3357 2200 3657 2257; x_wconf 81' lang='lat' dir='ltr'><strong>voluntate</strong></span> <span class='ocrx_word' id='word_1_372' title='bbox 3687 2204 3827 2275; x_wconf 81' lang='lat' dir='ltr'><strong>dispo</strong></span> 
     </span>
    </p>
   </div>
   <div class='ocr_carea' id='block_1_49' title="bbox 2269 2284 3846 2363">
    <p class='ocr_par' dir='ltr' id='par_1_49' title="bbox 2269 2284 3846 2363">
     <span class='ocr_line' id='line_1_50' title="bbox 2269 2284 3846 2363; baseline 0.008 -26"><span class='ocrx_word' id='word_1_373' title='bbox 2269 2292 2422 2338; x_wconf 85' lang='lat' dir='ltr'><strong>neret</strong></span> <span class='ocrx_word' id='word_1_374' title='bbox 2449 2296 2821 2352; x_wconf 88' lang='lat' dir='ltr'><strong>perseverare.</strong></span> <span class='ocrx_word' id='word_1_375' title='bbox 2852 2284 3005 2344; x_wconf 87' lang='lat' dir='ltr'><strong>Tunc</strong></span> <span class='ocrx_word' id='word_1_376' title='bbox 3039 2288 3153 2359; x_wconf 87' lang='lat' dir='ltr'><strong>ipse</strong></span> <span class='ocrx_word' id='word_1_377' title='bbox 3177 2290 3583 2360; x_wconf 87' lang='lat' dir='ltr'><strong>congratulans</strong></span> <span class='ocrx_word' id='word_1_378' title='bbox 3627 2294 3744 2363; x_wconf 83' lang='lat' dir='ltr'><strong>ejus</strong></span> <span class='ocrx_word' id='word_1_379' title='bbox 3768 2296 3846 2349; x_wconf 85' lang='lat' dir='ltr'><strong>be-</strong></span> 
     </span>
    </p>
   </div>
   <div class='ocr_carea' id='block_1_50' title="bbox 2271 2372 3847 2455">
    <p class='ocr_par' dir='ltr' id='par_1_50' title="bbox 2271 2372 3847 2455">
     <span class='ocr_line' id='line_1_51' title="bbox 2271 2372 3847 2455; baseline 0.008 -27"><span class='ocrx_word' id='word_1_380' title='bbox 2271 2372 2615 2441; x_wconf 71' lang='lat' dir='ltr'><strong>nevolentizr,</strong></span> <span class='ocrx_word' id='word_1_381' title='bbox 2643 2377 2960 2446; x_wconf 88' lang='lat' dir='ltr'><strong>respondit:</strong></span> <span class='ocrx_word' id='word_1_382' title='bbox 2989 2377 3102 2449; x_wconf 84' lang='lat' dir='ltr'><strong>Ego</strong></span> <span class='ocrx_word' id='word_1_383' title='bbox 3128 2378 3496 2451; x_wconf 74' lang='lat' dir='ltr'><strong>interrogatus</strong></span> <span class='ocrx_word' id='word_1_384' title='bbox 3528 2398 3659 2438; x_wconf 86' lang='lat' dir='ltr'><strong>sum</strong></span> <span class='ocrx_word' id='word_1_385' title='bbox 3700 2385 3744 2439; x_wconf 87' lang='lat' dir='ltr'><strong>si</strong></span> <span class='ocrx_word' id='word_1_386' title='bbox 3764 2401 3847 2455; x_wconf 74' lang='lat' dir='ltr'><strong>pro</strong></span> 
     </span>
    </p>
   </div>
   <div class='ocr_carea' id='block_1_51' title="bbox 2270 2456 3848 2541">
    <p class='ocr_par' dir='ltr' id='par_1_51' title="bbox 2270 2456 3848 2541">
     <span class='ocr_line' id='line_1_52' title="bbox 2270 2456 3848 2541; baseline 0.009 -28"><span class='ocrx_word' id='word_1_387' title='bbox 2270 2456 2363 2514; x_wconf 90' lang='lat' dir='ltr'><strong>Dei</strong></span> <span class='ocrx_word' id='word_1_388' title='bbox 2398 2461 2615 2516; x_wconf 89' lang='lat' dir='ltr'><strong>nomine</strong></span> <span class='ocrx_word' id='word_1_389' title='bbox 2640 2462 2830 2518; x_wconf 79' lang='lat' dir='ltr'><strong>vellem</strong></span> <span class='ocrx_word' id='word_1_390' title='bbox 2860 2464 2913 2517; x_wconf 92' lang='lat' dir='ltr'><strong>in</strong></span> <span class='ocrx_word' id='word_1_391' title='bbox 2937 2474 3125 2535; x_wconf 81' lang='lat' dir='ltr'><strong>gentes</strong></span> <span class='ocrx_word' id='word_1_392' title='bbox 3154 2468 3476 2538; x_wconf 85' lang='lat' dir='ltr'><strong>peregrinas</strong></span> <span class='ocrx_word' id='word_1_393' title='bbox 3501 2470 3591 2526; x_wconf 90' lang='lat' dir='ltr'><strong>ire</strong></span> <span class='ocrx_word' id='word_1_394' title='bbox 3619 2473 3692 2526; x_wconf 88' lang='lat' dir='ltr'><strong>ad</strong></span> <span class='ocrx_word' id='word_1_395' title='bbox 3731 2489 3848 2541; x_wconf 64' lang='lat' dir='ltr'><strong>prie-</strong></span> 
     </span>
    </p>
   </div>
   <div class='ocr_carea' id='block_1_52' title="bbox 2271 2549 3844 2635">
    <p class='ocr_par' dir='ltr' id='par_1_52' title="bbox 2271 2549 3844 2635">
     <span class='ocr_line' id='line_1_53' title="bbox 2271 2549 3844 2635; baseline 0.009 -30"><span class='ocrx_word' id='word_1_396' title='bbox 2271 2549 2556 2605; x_wconf 87' lang='lat' dir='ltr'><strong>dicandum</strong></span> <span class='ocrx_word' id='word_1_397' title='bbox 2601 2551 2950 2623; x_wconf 89' lang='lat' dir='ltr'><strong>Evangelium</strong></span> <span class='ocrx_word' id='word_1_398' title='bbox 2980 2554 3206 2622; x_wconf 89' lang='lat' dir='ltr'><strong>Christi,</strong></span> <span class='ocrx_word' id='word_1_399' title='bbox 3235 2559 3322 2612; x_wconf 93' lang='lat' dir='ltr'><strong>cui</strong></span> <span class='ocrx_word' id='word_1_400' title='bbox 3361 2563 3733 2631; x_wconf 80' lang='lat' dir='ltr'><strong>propositioni</strong></span> <span class='ocrx_word' id='word_1_401' title='bbox 3762 2579 3844 2635; x_wconf 75' lang='lat' dir='ltr'><strong>ego</strong></span> 
     </span>
    </p>
   </div>
   <div class='ocr_carea' id='block_1_53' title="bbox 2272 2645 3844 2715">
    <p class='ocr_par' dir='ltr' id='par_1_53' title="bbox 2272 2645 3844 2715">
     <span class='ocr_line' id='line_1_54' title="bbox 2272 2645 3844 2715; baseline 0.009 -19"><span class='ocrx_word' id='word_1_402' title='bbox 2272 2657 2611 2713; x_wconf 87' lang='lat' dir='ltr'><strong>nequaquam</strong></span> <span class='ocrx_word' id='word_1_403' title='bbox 2662 2645 2819 2699; x_wconf 87' lang='lat' dir='ltr'><strong>reniti</strong></span> <span class='ocrx_word' id='word_1_404' title='bbox 2866 2662 3028 2702; x_wconf 91' lang='lat' dir='ltr'><strong>ausus</strong></span> <span class='ocrx_word' id='word_1_405' title='bbox 3083 2664 3236 2715; x_wconf 87' lang='lat' dir='ltr'><strong>sum,</strong></span> <span class='ocrx_word' id='word_1_406' title='bbox 3312 2650 3423 2706; x_wconf 87' lang='lat' dir='ltr'><strong>imo</strong></span> <span class='ocrx_word' id='word_1_407' title='bbox 3470 2654 3611 2708; x_wconf 83' lang='lat' dir='ltr'><strong>totis</strong></span> <span class='ocrx_word' id='word_1_408' title='bbox 3659 2656 3844 2711; x_wconf 76' lang='lat' dir='ltr'><strong>viribus</strong></span> 
     </span>
    </p>
   </div>
   <div class='ocr_carea' id='block_1_54' title="bbox 2271 2732 3848 2808">
    <p class='ocr_par' dir='ltr' id='par_1_54' title="bbox 2271 2732 3848 2808">
     <span class='ocr_line' id='line_1_55' title="bbox 2271 2732 3848 2808; baseline 0.01 -25"><span class='ocrx_word' id='word_1_409' title='bbox 2271 2739 2491 2800; x_wconf 84' lang='lat' dir='ltr'><strong>exopto,</strong></span> <span class='ocrx_word' id='word_1_410' title='bbox 2520 2739 2582 2786; x_wconf 92' lang='lat' dir='ltr'><strong>ut</strong></span> <span class='ocrx_word' id='word_1_411' title='bbox 2618 2732 2748 2787; x_wconf 90' lang='lat' dir='ltr'><strong>mihi</strong></span> <span class='ocrx_word' id='word_1_412' title='bbox 2780 2734 2846 2788; x_wconf 90' lang='lat' dir='ltr'><strong>ad</strong></span> <span class='ocrx_word' id='word_1_413' title='bbox 2876 2736 2978 2791; x_wconf 92' lang='lat' dir='ltr'><strong>hoc</strong></span> <span class='ocrx_word' id='word_1_414' title='bbox 3015 2736 3173 2792; x_wconf 91' lang='lat' dir='ltr'><strong>detur</strong></span> <span class='ocrx_word' id='word_1_415' title='bbox 3214 2739 3367 2808; x_wconf 90' lang='lat' dir='ltr'><strong>copia</strong></span> <span class='ocrx_word' id='word_1_416' title='bbox 3406 2742 3577 2796; x_wconf 90' lang='lat' dir='ltr'><strong>eundi</strong></span> <span class='ocrx_word' id='word_1_417' title='bbox 3608 2761 3624 2797; x_wconf 83' lang='lat'><strong>:</strong></span> <span class='ocrx_word' id='word_1_418' title='bbox 3658 2744 3848 2800; x_wconf 78' lang='lat' dir='ltr'><strong>nullus-</strong></span> 
     </span>
    </p>
   </div>
   <div class='ocr_carea' id='block_1_55' title="bbox 2272 2816 3845 2896">
    <p class='ocr_par' dir='ltr' id='par_1_55' title="bbox 2272 2816 3845 2896">
     <span class='ocr_line' id='line_1_56' title="bbox 2272 2816 3845 2896; baseline 0.01 -24"><span class='ocrx_word' id='word_1_419' title='bbox 2272 2833 2378 2888; x_wconf 90' lang='lat' dir='ltr'><strong>que</strong></span> <span class='ocrx_word' id='word_1_420' title='bbox 2415 2820 2483 2874; x_wconf 92' lang='lat' dir='ltr'><strong>ab</strong></span> <span class='ocrx_word' id='word_1_421' title='bbox 2531 2821 2633 2875; x_wconf 89' lang='lat' dir='ltr'><strong>hac</strong></span> <span class='ocrx_word' id='word_1_422' title='bbox 2686 2821 2981 2896; x_wconf 80' lang='lat' dir='ltr'><strong>iptentione</strong></span> <span class='ocrx_word' id='word_1_423' title='bbox 3025 2816 3262 2883; x_wconf 85' lang='lat' dir='ltr'><strong>mentem</strong></span> <span class='ocrx_word' id='word_1_424' title='bbox 3320 2844 3502 2884; x_wconf 89' lang='lat' dir='ltr'><strong>meam</strong></span> <span class='ocrx_word' id='word_1_425' title='bbox 3562 2833 3845 2887; x_wconf 81' lang='lat' dir='ltr'><strong>immutare</strong></span> 
     </span>
    </p>
   </div>
   <div class='ocr_carea' id='block_1_56' title="bbox 2271 2907 3848 2993">
    <p class='ocr_par' dir='ltr' id='par_1_56' title="bbox 2271 2907 3848 2993">
     <span class='ocr_line' id='line_1_57' title="bbox 2271 2907 3848 2993; baseline 0.011 -33"><span class='ocrx_word' id='word_1_426' title='bbox 2271 2908 2490 2978; x_wconf 90' lang='lat' dir='ltr'><strong>poterit.</strong></span> <span class='ocrx_word' id='word_1_427' title='bbox 2523 2907 2673 2964; x_wconf 93' lang='lat' dir='ltr'><strong>Tunc</strong></span> <span class='ocrx_word' id='word_1_428' title='bbox 2706 2910 2960 2980; x_wconf 72' lang='lat' dir='ltr'><strong>prmfatus</strong></span> <span class='ocrx_word' id='word_1_429' title='bbox 3002 2913 3171 2970; x_wconf 85' lang='lat' dir='ltr'><strong>frater</strong></span> <span class='ocrx_word' id='word_1_430' title='bbox 3203 2915 3254 2970; x_wconf 88' lang='lat' dir='ltr'><strong>ei</strong></span> <span class='ocrx_word' id='word_1_431' title='bbox 3292 2917 3567 2987; x_wconf 83' lang='lat' dir='ltr'><strong>reSpondit</strong></span> <span class='ocrx_word' id='word_1_432' title='bbox 3600 2941 3615 2973; x_wconf 86' lang='lat'><strong><em>:</em></strong></span> <span class='ocrx_word' id='word_1_433' title='bbox 3643 2921 3717 2976; x_wconf 79' lang='lat' dir='ltr'><strong>Et</strong></span> <span class='ocrx_word' id='word_1_434' title='bbox 3754 2938 3848 2993; x_wconf 76' lang='lat' dir='ltr'><strong>ego</strong></span> 
     </span>
    </p>
   </div>
   <div class='ocr_carea' id='block_1_57' title="bbox 2275 3000 3845 3084">
    <p class='ocr_par' dir='ltr' id='par_1_57' title="bbox 2275 3000 3845 3084">
     <span class='ocr_line' id='line_1_58' title="bbox 2275 3000 3845 3084; baseline 0.011 -34"><span class='ocrx_word' id='word_1_435' title='bbox 2275 3004 2327 3051; x_wconf 88' lang='lat' dir='ltr'><strong>te</strong></span> <span class='ocrx_word' id='word_1_436' title='bbox 2352 3012 2626 3067; x_wconf 89' lang='lat' dir='ltr'><strong>nunquam</strong></span> <span class='ocrx_word' id='word_1_437' title='bbox 2655 3000 2831 3068; x_wconf 87' lang='lat' dir='ltr'><strong>patiar</strong></span> <span class='ocrx_word' id='word_1_438' title='bbox 2853 3001 3025 3056; x_wconf 90' lang='lat' dir='ltr'><strong>solum</strong></span> <span class='ocrx_word' id='word_1_439' title='bbox 3059 3002 3158 3070; x_wconf 92' lang='lat' dir='ltr'><strong>ire,</strong></span> <span class='ocrx_word' id='word_1_440' title='bbox 3186 3005 3279 3060; x_wconf 86' lang='lat' dir='ltr'><strong>sed</strong></span> <span class='ocrx_word' id='word_1_441' title='bbox 3307 3019 3401 3084; x_wconf 80' lang='lat' dir='ltr'><strong>pro</strong></span> <span class='ocrx_word' id='word_1_442' title='bbox 3425 3009 3513 3062; x_wconf 85' lang='lat' dir='ltr'><strong>Dei</strong></span> <span class='ocrx_word' id='word_1_443' title='bbox 3537 3024 3729 3064; x_wconf 87' lang='lat' dir='ltr'><strong>amore</strong></span> <span class='ocrx_word' id='word_1_444' title='bbox 3763 3022 3845 3067; x_wconf 78' lang='lat' dir='ltr'><strong>te-</strong></span> 
     </span>
    </p>
   </div>
   <div class='ocr_carea' id='block_1_58' title="bbox 2273 3087 3833 3160">
    <p class='ocr_par' dir='ltr' id='par_1_58' title="bbox 2273 3087 3833 3160">
     <span class='ocr_line' id='line_1_59' title="bbox 2273 3087 3833 3160; baseline 0.011 -21"><span class='ocrx_word' id='word_1_445' title='bbox 2273 3100 2396 3140; x_wconf 90' lang='lat' dir='ltr'><strong>cum</strong></span> <span class='ocrx_word' id='word_1_446' title='bbox 2425 3087 2693 3157; x_wconf 89' lang='lat' dir='ltr'><strong>proﬁcisci</strong></span> <span class='ocrx_word' id='word_1_447' title='bbox 2713 3090 2901 3160; x_wconf 91' lang='lat' dir='ltr'><strong>cupio,</strong></span> <span class='ocrx_word' id='word_1_448' title='bbox 2934 3101 3139 3147; x_wconf 88' lang='lat' dir='ltr'><strong>tantum</strong></span> <span class='ocrx_word' id='word_1_449' title='bbox 3170 3103 3229 3148; x_wconf 90' lang='lat' dir='ltr'><strong>ut</strong></span> <span class='ocrx_word' id='word_1_450' title='bbox 3254 3097 3420 3152; x_wconf 89' lang='lat' dir='ltr'><strong>domni</strong></span> <span class='ocrx_word' id='word_1_451' title='bbox 3436 3099 3635 3153; x_wconf 71' lang='lat' dir='ltr'><strong>abbat’s</strong></span> <span class='ocrx_word' id='word_1_452' title='bbox 3657 3100 3833 3155; x_wconf 84' lang='lat' dir='ltr'><strong>licen—</strong></span> 
     </span>
    </p>
   </div>
   <div class='ocr_carea' id='block_1_59' title="bbox 598 3144 3829 3255">
    <p class='ocr_par' dir='ltr' id='par_1_59' title="bbox 598 3144 3829 3255">
     <span class='ocr_line' id='line_1_60' title="bbox 598 3144 3829 3255; baseline 0.007 -32"><span class='ocrx_word' id='word_1_453' title='bbox 598 3159 807 3219; x_wconf 70' lang='grc' dir='ltr'><strong>τθιιιυνν</strong></span> <span class='ocrx_word' id='word_1_454' title='bbox 837 3162 1083 3255; x_wconf 62' lang='grc' dir='ltr'><strong>Ρατδιιξηι</strong></span> <span class='ocrx_word' id='word_1_455' title='bbox 1108 3169 1230 3212; x_wconf 77' lang='lat' dir='ltr'><strong>esse</strong></span> <span class='ocrx_word' id='word_1_456' title='bbox 1257 3144 1551 3255; x_wconf 56' lang='lat' dir='ltr'><strong>respondit</strong></span> <span class='ocrx_word' id='word_1_457' title='bbox 1582 3155 1854 3255; x_wconf 48' lang='lat' dir='ltr'><strong>Peduqlus</strong></span> <span class='ocrx_word' id='word_1_458' title='bbox 1889 3159 2070 3229; x_wconf 67' lang='lat' dir='ltr'><strong>itaque</strong></span> <span class='ocrx_word' id='word_1_459' title='bbox 2107 3160 2175 3216; x_wconf 80' lang='lat' dir='ltr'><strong>ad</strong></span> <span class='ocrx_word' id='word_1_460' title='bbox 2200 3158 2246 3221; x_wconf 88' lang='lat' dir='ltr'><strong>C</strong></span> <span class='ocrx_word' id='word_1_461' title='bbox 2277 3175 2409 3229; x_wconf 90' lang='lat' dir='ltr'><strong>tiam</strong></span> <span class='ocrx_word' id='word_1_462' title='bbox 2425 3144 2565 3231; x_wconf 60' lang='lat' dir='ltr'><strong>inihi</strong></span> <span class='ocrx_word' id='word_1_463' title='bbox 2598 3144 2900 3247; x_wconf 32' lang='lat' dir='ltr'><strong>impetres:</strong></span> <span class='ocrx_word' id='word_1_464' title='bbox 2928 3181 3169 3237; x_wconf 83' lang='lat' dir='ltr'><strong>Firmata</strong></span> <span class='ocrx_word' id='word_1_465' title='bbox 3217 3185 3393 3255; x_wconf 87' lang='lat' dir='ltr'><strong>itaque</strong></span> <span class='ocrx_word' id='word_1_466' title='bbox 3430 3187 3566 3241; x_wconf 68' lang='grc' dir='ltr'><strong>ῑιιιετ</strong></span> <span class='ocrx_word' id='word_1_467' title='bbox 3596 3204 3687 3245; x_wconf 81' lang='lat' dir='ltr'><strong>eos</strong></span> <span class='ocrx_word' id='word_1_468' title='bbox 3726 3191 3829 3246; x_wconf 85' lang='lat' dir='ltr'><strong>hac</strong></span> 
     </span>
    </p>
   </div>
   <div class='ocr_carea' id='block_1_60' title="bbox 599 3243 2175 3321">
    <p class='ocr_par' dir='ltr' id='par_1_60' title="bbox 599 3243 2175 3321">
     <span class='ocr_line' id='line_1_61' title="bbox 599 3243 2175 3321; baseline 0.004 -23"><span class='ocrx_word' id='word_1_469' title='bbox 599 3244 946 3314; x_wconf 75' lang='lat' dir='ltr'><strong>praesentiam</strong></span> <span class='ocrx_word' id='word_1_470' title='bbox 991 3243 1239 3315; x_wconf 80' lang='lat' dir='ltr'><strong>Augusti,</strong></span> <span class='ocrx_word' id='word_1_471' title='bbox 1291 3261 1416 3303; x_wconf 92' lang='lat' dir='ltr'><strong>cum</strong></span> <span class='ocrx_word' id='word_1_472' title='bbox 1462 3247 1532 3303; x_wconf 90' lang='lat' dir='ltr'><strong>ab</strong></span> <span class='ocrx_word' id='word_1_473' title='bbox 1580 3248 1699 3319; x_wconf 90' lang='lat' dir='ltr'><strong>ipso</strong></span> <span class='ocrx_word' id='word_1_474' title='bbox 1746 3248 2175 3321; x_wconf 81' lang='lat' dir='ltr'><strong>interrogaretur</strong></span> 
     </span>
    </p>
   </div>
   <div class='ocr_carea' id='block_1_61' title="bbox 598 3332 2173 3419">
    <p class='ocr_par' dir='ltr' id='par_1_61' title="bbox 598 3332 2173 3419">
     <span class='ocr_line' id='line_1_62' title="bbox 598 3332 2173 3419; baseline 0.008 -34"><span class='ocrx_word' id='word_1_475' title='bbox 598 3341 777 3386; x_wconf 88' lang='lat' dir='ltr'><strong>utrum</strong></span> <span class='ocrx_word' id='word_1_476' title='bbox 798 3348 897 3402; x_wconf 91' lang='lat' dir='ltr'><strong>pro</strong></span> <span class='ocrx_word' id='word_1_477' title='bbox 928 3332 1018 3388; x_wconf 90' lang='lat' dir='ltr'><strong>Dei</strong></span> <span class='ocrx_word' id='word_1_478' title='bbox 1043 3335 1281 3403; x_wconf 89' lang='lat' dir='ltr'><strong>nomine,</strong></span> <span class='ocrx_word' id='word_1_479' title='bbox 1327 3351 1488 3392; x_wconf 89' lang='lat' dir='ltr'><strong>causa</strong></span> <span class='ocrx_word' id='word_1_480' title='bbox 1525 3338 1581 3393; x_wconf 90' lang='lat' dir='ltr'><strong>in</strong></span> <span class='ocrx_word' id='word_1_481' title='bbox 1611 3339 1861 3409; x_wconf 83' lang='lat' dir='ltr'><strong>gentibus</strong></span> <span class='ocrx_word' id='word_1_482' title='bbox 1902 3340 2173 3419; x_wconf 78' lang='lat' dir='ltr'><strong>Danorum</strong></span> 
     </span>
    </p>
   </div>
   <div class='ocr_carea' id='block_1_62' title="bbox 598 3423 2170 3500">
    <p class='ocr_par' dir='ltr' id='par_1_62' title="bbox 598 3423 2170 3500">
     <span class='ocr_line' id='line_1_63' title="bbox 598 3423 2170 3500; baseline 0.007 -21"><span class='ocrx_word' id='word_1_483' title='bbox 598 3423 945 3495; x_wconf 84' lang='lat' dir='ltr'><strong>Evangelium</strong></span> <span class='ocrx_word' id='word_1_484' title='bbox 968 3427 1313 3495; x_wconf 68' lang='lat' dir='ltr'><strong>praedicandi,</strong></span> <span class='ocrx_word' id='word_1_485' title='bbox 1345 3444 1528 3487; x_wconf 90' lang='lat' dir='ltr'><strong>comes</strong></span> <span class='ocrx_word' id='word_1_486' title='bbox 1556 3430 1673 3486; x_wconf 89' lang='lat' dir='ltr'><strong>ﬁeri</strong></span> <span class='ocrx_word' id='word_1_487' title='bbox 1708 3432 1870 3488; x_wconf 90' lang='lat' dir='ltr'><strong>vellet</strong></span> <span class='ocrx_word' id='word_1_488' title='bbox 1910 3432 2170 3500; x_wconf 85' lang='lat' dir='ltr'><strong>Herioldi,</strong></span> 
     </span>
    </p>
   </div>
   <div class='ocr_carea' id='block_1_63' title="bbox 599 3514 2174 3590">
    <p class='ocr_par' dir='ltr' id='par_1_63' title="bbox 599 3514 2174 3590">
     <span class='ocr_line' id='line_1_64' title="bbox 599 3514 2174 3590; baseline 0.005 -20"><span class='ocrx_word' id='word_1_489' title='bbox 599 3514 818 3571; x_wconf 88' lang='lat' dir='ltr'><strong>omnino</strong></span> <span class='ocrx_word' id='word_1_490' title='bbox 840 3529 897 3570; x_wconf 90' lang='lat' dir='ltr'><strong>se</strong></span> <span class='ocrx_word' id='word_1_491' title='bbox 927 3515 1062 3571; x_wconf 89' lang='lat' dir='ltr'><strong>velle</strong></span> <span class='ocrx_word' id='word_1_492' title='bbox 1082 3525 1392 3574; x_wconf 89' lang='lat' dir='ltr'><strong>constanter</strong></span> <span class='ocrx_word' id='word_1_493' title='bbox 1414 3521 1711 3590; x_wconf 88' lang='lat' dir='ltr'><strong>respondit.</strong></span> <span class='ocrx_word' id='word_1_494' title='bbox 1738 3520 1837 3577; x_wconf 91' lang='lat' dir='ltr'><strong>Cui</strong></span> <span class='ocrx_word' id='word_1_495' title='bbox 1863 3522 2026 3577; x_wconf 88' lang='lat' dir='ltr'><strong>etiam</strong></span> <span class='ocrx_word' id='word_1_496' title='bbox 2051 3539 2174 3579; x_wconf 91' lang='lat' dir='ltr'><strong>eum</strong></span> 
     </span>
    </p>
   </div>
   <div class='ocr_carea' id='block_1_64' title="bbox 600 3605 2176 3685">
    <p class='ocr_par' dir='ltr' id='par_1_64' title="bbox 600 3605 2176 3685">
     <span class='ocr_line' id='line_1_65' title="bbox 600 3605 2176 3685; baseline 0.008 -26"><span class='ocrx_word' id='word_1_497' title='bbox 600 3605 768 3661; x_wconf 86' lang='lat' dir='ltr'><strong>abbas</strong></span> <span class='ocrx_word' id='word_1_498' title='bbox 801 3606 1090 3675; x_wconf 88' lang='lat' dir='ltr'><strong>intulisset,</strong></span> <span class='ocrx_word' id='word_1_499' title='bbox 1123 3609 1429 3679; x_wconf 88' lang='lat' dir='ltr'><strong>nullatenus</strong></span> <span class='ocrx_word' id='word_1_500' title='bbox 1453 3626 1512 3668; x_wconf 85' lang='lat' dir='ltr'><strong>se</strong></span> <span class='ocrx_word' id='word_1_501' title='bbox 1545 3621 1755 3668; x_wconf 90' lang='lat' dir='ltr'><strong>tantum</strong></span> <span class='ocrx_word' id='word_1_502' title='bbox 1783 3629 1918 3670; x_wconf 87' lang='lat' dir='ltr'><strong>unus</strong></span> <span class='ocrx_word' id='word_1_503' title='bbox 1940 3616 2176 3685; x_wconf 88' lang='lat' dir='ltr'><strong>jubendo</strong></span> 
     </span>
    </p>
   </div>
   <div class='ocr_carea' id='block_1_65' title="bbox 600 3696 2173 3780">
    <p class='ocr_par' dir='ltr' id='par_1_65' title="bbox 600 3696 2173 3780">
     <span class='ocr_line' id='line_1_66' title="bbox 600 3696 2173 3780; baseline 0.007 -30"><span class='ocrx_word' id='word_1_504' title='bbox 600 3696 675 3750; x_wconf 93' lang='lat' dir='ltr'><strong>illi</strong></span> <span class='ocrx_word' id='word_1_505' title='bbox 698 3698 1006 3775; x_wconf 87' lang='lat' dir='ltr'><strong>imponere;</strong></span> <span class='ocrx_word' id='word_1_506' title='bbox 1029 3701 1071 3755; x_wconf 89' lang='lat' dir='ltr'><strong>si</strong></span> <span class='ocrx_word' id='word_1_507' title='bbox 1096 3700 1209 3770; x_wconf 85' lang='lat' dir='ltr'><strong>ipse</strong></span> <span class='ocrx_word' id='word_1_508' title='bbox 1231 3710 1437 3758; x_wconf 88' lang='lat' dir='ltr'><strong>tantum</strong></span> <span class='ocrx_word' id='word_1_509' title='bbox 1465 3705 1569 3760; x_wconf 90' lang='lat' dir='ltr'><strong>hoc</strong></span> <span class='ocrx_word' id='word_1_510' title='bbox 1593 3720 1689 3761; x_wconf 89' lang='lat' dir='ltr'><strong>sua</strong></span> <span class='ocrx_word' id='word_1_511' title='bbox 1714 3714 1904 3778; x_wconf 91' lang='lat' dir='ltr'><strong>sponte</strong></span> <span class='ocrx_word' id='word_1_512' title='bbox 1928 3709 2173 3780; x_wconf 84' lang='lat' dir='ltr'><strong>eligeret,</strong></span> 
     </span>
    </p>
   </div>
   <div class='ocr_carea' id='block_1_66' title="bbox 605 3785 2174 3857">
    <p class='ocr_par' dir='ltr' id='par_1_66' title="bbox 605 3785 2174 3857">
     <span class='ocr_line' id='line_1_67' title="bbox 605 3785 2174 3857; baseline 0.009 -16"><span class='ocrx_word' id='word_1_513' title='bbox 605 3785 707 3841; x_wconf 90' lang='lat' dir='ltr'><strong>sibi</strong></span> <span class='ocrx_word' id='word_1_514' title='bbox 737 3795 948 3857; x_wconf 87' lang='lat' dir='ltr'><strong>gratum</strong></span> <span class='ocrx_word' id='word_1_515' title='bbox 987 3804 1132 3857; x_wconf 90' lang='lat' dir='ltr'><strong>csse,</strong></span> <span class='ocrx_word' id='word_1_516' title='bbox 1175 3799 1232 3847; x_wconf 91' lang='lat' dir='ltr'><strong>et</strong></span> <span class='ocrx_word' id='word_1_517' title='bbox 1275 3808 1386 3848; x_wconf 70' lang='lat' dir='ltr'><strong>sum</strong></span> <span class='ocrx_word' id='word_1_518' title='bbox 1429 3796 1769 3853; x_wconf 89' lang='lat' dir='ltr'><strong>auctoritatis</strong></span> <span class='ocrx_word' id='word_1_519' title='bbox 1805 3797 1857 3852; x_wconf 91' lang='lat' dir='ltr'><strong>ei</strong></span> <span class='ocrx_word' id='word_1_520' title='bbox 1904 3797 2174 3855; x_wconf 89' lang='lat' dir='ltr'><strong>licentiam</strong></span> 
     </span>
    </p>
   </div>
   <div class='ocr_carea' id='block_1_67' title="bbox 601 3874 2176 3960">
    <p class='ocr_par' dir='ltr' id='par_1_67' title="bbox 601 3874 2176 3960">
     <span class='ocr_line' id='line_1_68' title="bbox 601 3874 2176 3960; baseline 0.014 -34"><span class='ocrx_word' id='word_1_521' title='bbox 601 3874 747 3937; x_wconf 89' lang='lat' dir='ltr'><strong>dare,</strong></span> <span class='ocrx_word' id='word_1_522' title='bbox 780 3877 923 3945; x_wconf 92' lang='lat' dir='ltr'><strong>quod</strong></span> <span class='ocrx_word' id='word_1_523' title='bbox 951 3877 1039 3932; x_wconf 89' lang='lat' dir='ltr'><strong>ille</strong></span> <span class='ocrx_word' id='word_1_524' title='bbox 1066 3880 1235 3936; x_wconf 91' lang='lat' dir='ltr'><strong>nihilo</strong></span> <span class='ocrx_word' id='word_1_525' title='bbox 1277 3882 1458 3940; x_wconf 90' lang='lat' dir='ltr'><strong>minus</strong></span> <span class='ocrx_word' id='word_1_526' title='bbox 1486 3900 1546 3942; x_wconf 89' lang='lat' dir='ltr'><strong>se</strong></span> <span class='ocrx_word' id='word_1_527' title='bbox 1581 3894 1637 3942; x_wconf 88' lang='lat' dir='ltr'><strong>et</strong></span> <span class='ocrx_word' id='word_1_528' title='bbox 1659 3887 1878 3960; x_wconf 81' lang='lat' dir='ltr'><strong>eligere,</strong></span> <span class='ocrx_word' id='word_1_529' title='bbox 1904 3899 1959 3945; x_wconf 93' lang='lat' dir='ltr'><strong>et</strong></span> <span class='ocrx_word' id='word_1_530' title='bbox 2002 3891 2176 3948; x_wconf 90' lang='lat' dir='ltr'><strong>modis</strong></span> 
     </span>
    </p>
   </div>
   <div class='ocr_carea' id='block_1_68' title="bbox 602 3965 2173 4052">
    <p class='ocr_par' dir='ltr' id='par_1_68' title="bbox 602 3965 2173 4052">
     <span class='ocr_line' id='line_1_69' title="bbox 602 3965 2173 4052; baseline 0.016 -36"><span class='ocrx_word' id='word_1_531' title='bbox 602 3965 853 4021; x_wconf 86' lang='lat' dir='ltr'><strong>omnibus</strong></span> <span class='ocrx_word' id='word_1_532' title='bbox 898 3968 1160 4037; x_wconf 85' lang='lat' dir='ltr'><strong>perﬁcere</strong></span> <span class='ocrx_word' id='word_1_533' title='bbox 1208 3974 1346 4048; x_wconf 84' lang='lat' dir='ltr'><strong>velle</strong></span> <span class='ocrx_word' id='word_1_534' title='bbox 1397 3980 1693 4048; x_wconf 83' lang='lat' dir='ltr'><strong>respondit.</strong></span> <span class='ocrx_word' id='word_1_535' title='bbox 1754 3983 1991 4052; x_wconf 87' lang='lat' dir='ltr'><strong>Denique</strong></span> <span class='ocrx_word' id='word_1_536' title='bbox 2050 4001 2173 4041; x_wconf 92' lang='lat' dir='ltr'><strong>cum</strong></span> 
     </span>
    </p>
   </div>
   <div class='ocr_carea' id='block_1_69' title="bbox 604 4052 2175 4141">
    <p class='ocr_par' dir='ltr' id='par_1_69' title="bbox 604 4052 2175 4141">
     <span class='ocr_line' id='line_1_70' title="bbox 604 4052 2175 4141; baseline 0.017 -36"><span class='ocrx_word' id='word_1_537' title='bbox 604 4052 720 4107; x_wconf 79' lang='lat' dir='ltr'><strong>lnec</strong></span> <span class='ocrx_word' id='word_1_538' title='bbox 740 4055 952 4123; x_wconf 83' lang='lat' dir='ltr'><strong>publice</strong></span> <span class='ocrx_word' id='word_1_539' title='bbox 971 4067 1418 4130; x_wconf 89' lang='lat' dir='ltr'><strong>protestarentur,</strong></span> <span class='ocrx_word' id='word_1_540' title='bbox 1442 4077 1689 4138; x_wconf 89' lang='lat' dir='ltr'><strong>essetque</strong></span> <span class='ocrx_word' id='word_1_541' title='bbox 1708 4073 1981 4141; x_wconf 86' lang='lat' dir='ltr'><strong>cognitum</strong></span> <span class='ocrx_word' id='word_1_542' title='bbox 2003 4077 2175 4131; x_wconf 85' lang='lat' dir='ltr'><strong>omni-</strong></span> 
     </span>
    </p>
   </div>
   <div class='ocr_carea' id='block_1_70' title="bbox 602 4142 2177 4239">
    <p class='ocr_par' dir='ltr' id='par_1_70' title="bbox 602 4142 2177 4239">
     <span class='ocr_line' id='line_1_71' title="bbox 602 4142 2177 4239; baseline 0.016 -43"><span class='ocrx_word' id='word_1_543' title='bbox 602 4142 703 4198; x_wconf 92' lang='lat' dir='ltr'><strong>bus</strong></span> <span class='ocrx_word' id='word_1_544' title='bbox 731 4144 821 4214; x_wconf 92' lang='lat' dir='ltr'><strong>qui</strong></span> <span class='ocrx_word' id='word_1_545' title='bbox 860 4145 913 4200; x_wconf 90' lang='lat' dir='ltr'><strong>in</strong></span> <span class='ocrx_word' id='word_1_546' title='bbox 942 4147 1100 4203; x_wconf 92' lang='lat' dir='ltr'><strong>domo</strong></span> <span class='ocrx_word' id='word_1_547' title='bbox 1143 4154 1600 4211; x_wconf 88' lang='lat' dir='ltr'><strong>conversabantur</strong></span> <span class='ocrx_word' id='word_1_548' title='bbox 1631 4159 1860 4228; x_wconf 87' lang='lat' dir='ltr'><strong>abbatis,</strong></span> <span class='ocrx_word' id='word_1_549' title='bbox 1900 4174 2177 4239; x_wconf 70' lang='lat' dir='ltr'><strong>coeperunt</strong></span> 
     </span>
    </p>
   </div>
   <div class='ocr_carea' id='block_1_71' title="bbox 603 4230 2174 4323">
    <p class='ocr_par' dir='ltr' id='par_1_71' title="bbox 603 4230 2174 4323">
     <span class='ocr_line' id='line_1_72' title="bbox 603 4230 2174 4323; baseline 0.017 -40"><span class='ocrx_word' id='word_1_550' title='bbox 603 4230 758 4286; x_wconf 89' lang='lat' dir='ltr'><strong>multi</strong></span> <span class='ocrx_word' id='word_1_551' title='bbox 806 4240 1012 4289; x_wconf 90' lang='lat' dir='ltr'><strong>tantam</strong></span> <span class='ocrx_word' id='word_1_552' title='bbox 1047 4237 1164 4308; x_wconf 88' lang='lat' dir='ltr'><strong>ejus</strong></span> <span class='ocrx_word' id='word_1_553' title='bbox 1202 4240 1460 4298; x_wconf 88' lang='lat' dir='ltr'><strong>admirari</strong></span> <span class='ocrx_word' id='word_1_554' title='bbox 1506 4244 1935 4305; x_wconf 89' lang='lat' dir='ltr'><strong>immutationem</strong></span> <span class='ocrx_word' id='word_1_555' title='bbox 1966 4230 2002 4306; x_wconf 42' lang='grc' dir='ltr'><strong>ς-</strong></span> <span class='ocrx_word' id='word_1_556' title='bbox 2033 4234 2174 4323; x_wconf 81' lang='lat' dir='ltr'><strong>quod</strong></span> 
     </span>
    </p>
   </div>
   <div class='ocr_carea' id='block_1_72' title="bbox 603 4323 2172 4408">
    <p class='ocr_par' dir='ltr' id='par_1_72' title="bbox 603 4323 2172 4408">
     <span class='ocr_line' id='line_1_73' title="bbox 603 4323 2172 4408; baseline 0.015 -32"><span class='ocrx_word' id='word_1_557' title='bbox 603 4323 808 4380; x_wconf 87' lang='lat' dir='ltr'><strong>scilicet</strong></span> <span class='ocrx_word' id='word_1_558' title='bbox 836 4325 1025 4383; x_wconf 85' lang='lat' dir='ltr'><strong>relicta</strong></span> <span class='ocrx_word' id='word_1_559' title='bbox 1069 4331 1266 4400; x_wconf 89' lang='lat' dir='ltr'><strong>patria,</strong></span> <span class='ocrx_word' id='word_1_560' title='bbox 1317 4341 1372 4388; x_wconf 89' lang='lat' dir='ltr'><strong>et</strong></span> <span class='ocrx_word' id='word_1_561' title='bbox 1413 4336 1730 4407; x_wconf 87' lang='lat' dir='ltr'><strong>propinquis</strong></span> <span class='ocrx_word' id='word_1_562' title='bbox 1772 4341 1907 4408; x_wconf 89' lang='lat' dir='ltr'><strong>suis,</strong></span> <span class='ocrx_word' id='word_1_563' title='bbox 1943 4341 2172 4399; x_wconf 81' lang='lat' dir='ltr'><strong>fratrum</strong></span> 
     </span>
    </p>
   </div>
   <div class='ocr_carea' id='block_1_73' title="bbox 601 4417 2172 4497">
    <p class='ocr_par' dir='ltr' id='par_1_73' title="bbox 601 4417 2172 4497">
     <span class='ocr_line' id='line_1_74' title="bbox 601 4417 2172 4497; baseline 0.015 -32"><span class='ocrx_word' id='word_1_564' title='bbox 601 4426 812 4482; x_wconf 88' lang='lat' dir='ltr'><strong>quoque</strong></span> <span class='ocrx_word' id='word_1_565' title='bbox 835 4430 958 4470; x_wconf 91' lang='lat' dir='ltr'><strong>cum</strong></span> <span class='ocrx_word' id='word_1_566' title='bbox 986 4417 1181 4487; x_wconf 89' lang='lat' dir='ltr'><strong>quibus</strong></span> <span class='ocrx_word' id='word_1_567' title='bbox 1204 4421 1465 4497; x_wconf 79' lang='lat' dir='ltr'><strong>educatus</strong></span> <span class='ocrx_word' id='word_1_568' title='bbox 1492 4424 1694 4494; x_wconf 81' lang='lat' dir='ltr'><strong>fuerat,</strong></span> <span class='ocrx_word' id='word_1_569' title='bbox 1735 4429 2051 4487; x_wconf 84' lang='lat' dir='ltr'><strong>dulcissima</strong></span> <span class='ocrx_word' id='word_1_570' title='bbox 2091 4433 2172 4488; x_wconf 90' lang='lat' dir='ltr'><strong>af-</strong></span> 
     </span>
    </p>
   </div>
   <div class='ocr_carea' id='block_1_74' title="bbox 601 4501 2244 4587">
    <p class='ocr_par' dir='ltr' id='par_1_74' title="bbox 601 4501 2244 4587">
     <span class='ocr_line' id='line_1_75' title="bbox 601 4501 2244 4587; baseline 0.016 -31"><span class='ocrx_word' id='word_1_571' title='bbox 601 4501 855 4572; x_wconf 89' lang='lat' dir='ltr'><strong>fectione,</strong></span> <span class='ocrx_word' id='word_1_572' title='bbox 899 4507 1103 4565; x_wconf 89' lang='lat' dir='ltr'><strong>alienas</strong></span> <span class='ocrx_word' id='word_1_573' title='bbox 1136 4523 1388 4583; x_wconf 80' lang='lat' dir='ltr'><strong>expetere</strong></span> <span class='ocrx_word' id='word_1_574' title='bbox 1424 4516 1585 4572; x_wconf 90' lang='lat' dir='ltr'><strong>vellet</strong></span> <span class='ocrx_word' id='word_1_575' title='bbox 1623 4521 1889 4587; x_wconf 90' lang='lat' dir='ltr'><strong>nationes,</strong></span> <span class='ocrx_word' id='word_1_576' title='bbox 1937 4533 1993 4578; x_wconf 89' lang='lat' dir='ltr'><strong>et</strong></span> <span class='ocrx_word' id='word_1_577' title='bbox 2040 4540 2164 4582; x_wconf 92' lang='lat' dir='ltr'><strong>cum</strong></span> <span class='ocrx_word' id='word_1_578' title='bbox 2192 4509 2244 4570; x_wconf 84' lang='grc' dir='ltr'>Ῑ)</span> 
     </span>
    </p>
   </div>
   <div class='ocr_carea' id='block_1_75' title="bbox 601 4592 2162 4682">
    <p class='ocr_par' dir='ltr' id='par_1_75' title="bbox 601 4592 2162 4682">
     <span class='ocr_line' id='line_1_76' title="bbox 601 4592 2162 4682; baseline 0.016 -36"><span class='ocrx_word' id='word_1_579' title='bbox 601 4592 798 4664; x_wconf 84' lang='lat' dir='ltr'><strong>ignotis</strong></span> <span class='ocrx_word' id='word_1_580' title='bbox 828 4597 1177 4655; x_wconf 85' lang='lat' dir='ltr'><strong>ac&#39;barbaris</strong></span> <span class='ocrx_word' id='word_1_581' title='bbox 1206 4608 1536 4662; x_wconf 88' lang='lat' dir='ltr'><strong>conversari.</strong></span> <span class='ocrx_word' id='word_1_582' title='bbox 1578 4608 1726 4665; x_wconf 88' lang='lat' dir='ltr'><strong>Multi</strong></span> <span class='ocrx_word' id='word_1_583' title='bbox 1781 4627 1992 4682; x_wconf 88' lang='lat' dir='ltr'><strong>quoque</strong></span> <span class='ocrx_word' id='word_1_584' title='bbox 2038 4630 2162 4671; x_wconf 84' lang='lat' dir='ltr'><strong>eum</strong></span> 
     </span>
    </p>
   </div>
   <div class='ocr_carea' id='block_1_76' title="bbox 601 4686 2166 4779">
    <p class='ocr_par' dir='ltr' id='par_1_76' title="bbox 601 4686 2166 4779">
     <span class='ocr_line' id='line_1_77' title="bbox 601 4686 2166 4779; baseline 0.019 -43"><span class='ocrx_word' id='word_1_585' title='bbox 601 4699 762 4753; x_wconf 88' lang='lat' dir='ltr'><strong>super</strong></span> <span class='ocrx_word' id='word_1_586' title='bbox 787 4686 889 4742; x_wconf 93' lang='lat' dir='ltr'><strong>hoc</strong></span> <span class='ocrx_word' id='word_1_587' title='bbox 914 4688 1191 4757; x_wconf 78' lang='lat' dir='ltr'><strong>detestari,</strong></span> <span class='ocrx_word' id='word_1_588' title='bbox 1235 4703 1289 4749; x_wconf 91' lang='lat' dir='ltr'><strong>et</strong></span> <span class='ocrx_word' id='word_1_589' title='bbox 1330 4696 1669 4769; x_wconf 82' lang='lat' dir='ltr'><strong>improperiis</strong></span> <span class='ocrx_word' id='word_1_590' title='bbox 1713 4702 2008 4772; x_wconf 90' lang='lat' dir='ltr'><strong>lacessere;</strong></span> <span class='ocrx_word' id='word_1_591' title='bbox 2048 4711 2166 4779; x_wconf 80' lang='lat' dir='ltr'><strong>qui—</strong></span> 
     </span>
    </p>
   </div>
   <div class='ocr_carea' id='block_1_77' title="bbox 602 4773 2167 4855">
    <p class='ocr_par' dir='ltr' id='par_1_77' title="bbox 602 4773 2167 4855">
     <span class='ocr_line' id='line_1_78' title="bbox 602 4773 2167 4855; baseline 0.017 -28"><span class='ocrx_word' id='word_1_592' title='bbox 602 4773 727 4828; x_wconf 88' lang='lat' dir='ltr'><strong>dam</strong></span> <span class='ocrx_word' id='word_1_593' title='bbox 758 4791 787 4828; x_wconf 88' lang='lat' dir='ltr'><strong>a</strong></span> <span class='ocrx_word' id='word_1_594' title='bbox 812 4779 1088 4847; x_wconf 89' lang='lat' dir='ltr'><strong>proposito</strong></span> <span class='ocrx_word' id='word_1_595' title='bbox 1113 4796 1367 4840; x_wconf 89' lang='lat' dir='ltr'><strong>revocare</strong></span> <span class='ocrx_word' id='word_1_596' title='bbox 1414 4790 1763 4847; x_wconf 89' lang='lat' dir='ltr'><strong>conabantur.</strong></span> <span class='ocrx_word' id='word_1_597' title='bbox 1812 4794 1918 4850; x_wconf 87' lang='lat' dir='ltr'><strong>Sed</strong></span> <span class='ocrx_word' id='word_1_598' title='bbox 1962 4798 2045 4851; x_wconf 92' lang='lat' dir='ltr'><strong>vir</strong></span> <span class='ocrx_word' id='word_1_599' title='bbox 2065 4773 2167 4855; x_wconf 79' lang='lat' dir='ltr'><strong>Dei</strong></span> 
     </span>
    </p>
   </div>
   <div class='ocr_carea' id='block_1_78' title="bbox 673 4903 2165 4993">
    <p class='ocr_par' dir='ltr' id='par_1_78' title="bbox 673 4903 2165 4993">
     <span class='ocr_line' id='line_1_79' title="bbox 673 4903 2165 4993; baseline 0.019 -37"><span class='ocrx_word' id='word_1_600' title='bbox 673 4903 930 4993; x_wconf 45' lang='lat' dir='ltr'><strong>:Jlflempe</strong></span> <span class='ocrx_word' id='word_1_601' title='bbox 957 4907 1273 4993; x_wconf 46' lang='grc' dir='ltr'><strong>κείρειῑίθώ</strong></span> <span class='ocrx_word' id='word_1_602' title='bbox 1309 4915 1363 4971; x_wconf 90' lang='lat' dir='ltr'><strong>in</strong></span> <span class='ocrx_word' id='word_1_603' title='bbox 1409 4922 1738 4993; x_wconf 69' lang='lat' dir='ltr'><strong>monasterio</strong></span> <span class='ocrx_word' id='word_1_604' title='bbox 1767 4921 1823 4979; x_wconf 89' lang='lat' dir='ltr'><strong>S.</strong></span> <span class='ocrx_word' id='word_1_605' title='bbox 1855 4925 2068 4993; x_wconf 83' lang='lat' dir='ltr'><strong>Albani,</strong></span> <span class='ocrx_word' id='word_1_606' title='bbox 2111 4936 2165 4985; x_wconf 88' lang='lat' dir='ltr'><strong>et</strong></span> 
     </span>
    </p>
   </div>
   <div class='ocr_carea' id='block_1_79' title="bbox 596 4973 2163 5124">
    <p class='ocr_par' dir='ltr' id='par_1_79' title="bbox 596 4973 2163 5124">
     <span class='ocr_line' id='line_1_80' title="bbox 596 4973 2163 5060; baseline 0.021 -37"><span class='ocrx_word' id='word_1_607' title='bbox 596 4973 821 5037; x_wconf 81' lang='lat' dir='ltr'><strong>quidem</strong></span> <span class='ocrx_word' id='word_1_608' title='bbox 850 4973 992 5033; x_wconf 77' lang='lat' dir='ltr'><strong>anno</strong></span> <span class='ocrx_word' id='word_1_609' title='bbox 1021 4973 1156 5046; x_wconf 53' lang='lat'><strong>8&#39;26,</strong></span> <span class='ocrx_word' id='word_1_610' title='bbox 1183 4992 1243 5038; x_wconf 91' lang='lat' dir='ltr'><strong>ut</strong></span> <span class='ocrx_word' id='word_1_611' title='bbox 1264 4996 1475 5041; x_wconf 87' lang='lat' dir='ltr'><strong>constat</strong></span> <span class='ocrx_word' id='word_1_612' title='bbox 1497 5004 1562 5043; x_wconf 85' lang='lat' dir='ltr'><strong>ex</strong></span> <span class='ocrx_word' id='word_1_613' title='bbox 1579 4973 2081 5060; x_wconf 34' lang='grc' dir='ltr'><strong>ίεέίῆιιᾶιὲἆῖἓῖὲὲ</strong></span> <span class='ocrx_word' id='word_1_614' title='bbox 2106 4973 2163 5055; x_wconf 64' lang='lat' dir='ltr'><strong>li:</strong></span> 
     </span>
     <span class='ocr_line' id='line_1_81' title="bbox 604 5041 2163 5124; baseline 0.022 -32"><span class='ocrx_word' id='word_1_615' title='bbox 604 5041 704 5094; x_wconf 87' lang='lat' dir='ltr'><strong>bro</strong></span> <span class='ocrx_word' id='word_1_616' title='bbox 725 5044 790 5096; x_wconf 91' lang='lat' dir='ltr'><strong>de</strong></span> <span class='ocrx_word' id='word_1_617' title='bbox 808 5044 925 5099; x_wconf 85' lang='lat' dir='ltr'><strong>Vita</strong></span> <span class='ocrx_word' id='word_1_618' title='bbox 948 5047 1201 5107; x_wconf 89' lang='lat' dir='ltr'><strong>Ludovici</strong></span> <span class='ocrx_word' id='word_1_619' title='bbox 1221 5053 1323 5121; x_wconf 85' lang='lat' dir='ltr'><strong>Pii,</strong></span> <span class='ocrx_word' id='word_1_620' title='bbox 1346 5056 1434 5111; x_wconf 92' lang='lat' dir='ltr'><strong>ubi</strong></span> <span class='ocrx_word' id='word_1_621' title='bbox 1450 5057 1733 5117; x_wconf 83' lang='lat' dir='ltr'><strong>Herioldus</strong></span> <span class='ocrx_word' id='word_1_622' title='bbox 1749 5079 1869 5119; x_wconf 92' lang='lat' dir='ltr'><strong>cum</strong></span> <span class='ocrx_word' id='word_1_623' title='bbox 1887 5082 2054 5124; x_wconf 80' lang='lat' dir='ltr'><strong>uxore</strong></span> <span class='ocrx_word' id='word_1_624' title='bbox 2067 5070 2163 5124; x_wconf 88' lang='lat' dir='ltr'><strong>Da-</strong></span> 
     </span>
    </p>
   </div>
   <div class='ocr_carea' id='block_1_80' title="bbox 606 5075 2166 5212">
    <p class='ocr_par' dir='ltr' id='par_1_80' title="bbox 606 5075 2166 5212">
     <span class='ocr_line' id='line_1_82' title="bbox 606 5075 2166 5124; baseline 0.021 -30"><span class='ocrx_word' id='word_1_625' title='bbox 606 5075 704 5094; x_wconf 81' lang='grc' dir='ltr'><strong>υ...</strong></span> <span class='ocrx_word' id='word_1_626' title='bbox 725 5075 790 5096; x_wconf 69' lang='grc' dir='ltr'><strong>υς</strong></span> <span class='ocrx_word' id='word_1_627' title='bbox 820 5075 840 5099; x_wconf 90' lang='lat' dir='ltr'><strong>v</strong></span> <span class='ocrx_word' id='word_1_628' title='bbox 854 5075 925 5099; x_wconf 74' lang='grc' dir='ltr'><strong>ηε.</strong></span> <span class='ocrx_word' id='word_1_629' title='bbox 948 5075 1201 5107; x_wconf 72' lang='grc' dir='ltr'><strong>υυυυνιυι</strong></span> <span class='ocrx_word' id='word_1_630' title='bbox 1221 5075 1323 5121; x_wconf 82' lang='lat' dir='ltr'><strong>ru,</strong></span> <span class='ocrx_word' id='word_1_631' title='bbox 1346 5075 1434 5111; x_wconf 85' lang='lat' dir='ltr'><strong>uut</strong></span> <span class='ocrx_word' id='word_1_632' title='bbox 1452 5075 1733 5117; x_wconf 85' lang='lat' dir='ltr'><strong>uenomus</strong></span> <span class='ocrx_word' id='word_1_633' title='bbox 1749 5079 1869 5119; x_wconf 92' lang='lat' dir='ltr'><strong>cum</strong></span> <span class='ocrx_word' id='word_1_634' title='bbox 1887 5082 2054 5124; x_wconf 80' lang='lat' dir='ltr'><strong>uxore</strong></span> <span class='ocrx_word' id='word_1_635' title='bbox 2067 5075 2166 5124; x_wconf 88' lang='lat' dir='ltr'><strong>Da-</strong></span> 
     </span>
     <span class='ocr_line' id='line_1_83' title="bbox 606 5125 2163 5212; baseline 0.01 0"><span class='ocrx_word' id='word_1_636' title='bbox 606 5125 1030 5212; x_wconf 50' lang='lat' dir='ltr'><strong>mnarat?</strong></span> <span class='ocrx_word' id='word_1_637' title='bbox 1047 5135 1379 5212; x_wconf 57' lang='lat' dir='ltr'><strong>ratem</strong></span> <span class='ocrx_word' id='word_1_638' title='bbox 1402 5126 1890 5212; x_wconf 57' lang='grc' dir='ltr'><strong>ωρευςιιίπίρρυα</strong></span> 
     </span>
    </p>
   </div>
   <div class='ocr_carea' id='block_1_81' title="bbox 602 5177 2166 5330">
    <p class='ocr_par' dir='ltr' id='par_1_81' title="bbox 602 5177 2166 5330">
     <span class='ocr_line' id='line_1_84' title="bbox 602 5177 2166 5276; baseline 0.021 -45"><span class='ocrx_word' id='word_1_639' title='bbox 602 5177 1017 5265; x_wconf 64' lang='lat' dir='ltr'><strong>Albanuincum</strong></span> <span class='ocrx_word' id='word_1_640' title='bbox 1046 5177 1157 5245; x_wconf 64' lang='lat' dir='ltr'><strong>Suis</strong></span> <span class='ocrx_word' id='word_1_641' title='bbox 1177 5177 2166 5276; x_wconf 54' lang='lat' dir='ltr'><strong>omnihil5&#39;535iigr33m&#39;55d3&quot;§2}?35</strong></span> 
     </span>
     <span class='ocr_line' id='line_1_85' title="bbox 605 5249 2166 5330; baseline 0.02 -30"><span class='ocrx_word' id='word_1_642' title='bbox 605 5263 719 5330; x_wconf 69' lang='lat' dir='ltr'><strong>sus,</strong></span> <span class='ocrx_word' id='word_1_643' title='bbox 751 5249 1101 5330; x_wconf 59' lang='lat' dir='ltr'><strong>plurimisque</strong></span> <span class='ocrx_word' id='word_1_644' title='bbox 1139 5265 1456 5321; x_wconf 87' lang='lat' dir='ltr'><strong>muneribus</strong></span> <span class='ocrx_word' id='word_1_645' title='bbox 1494 5271 1562 5323; x_wconf 90' lang='lat' dir='ltr'><strong>ab</strong></span> <span class='ocrx_word' id='word_1_646' title='bbox 1585 5270 1910 5330; x_wconf 77' lang='lat' dir='ltr'><strong>imperatore</strong></span> <span class='ocrx_word' id='word_1_647' title='bbox 1937 5277 2166 5330; x_wconf 87' lang='lat' dir='ltr'><strong>donatus</strong></span> 
     </span>
    </p>
   </div>
   <div class='ocr_carea' id='block_1_82' title="bbox 668 5283 2167 5340">
    <p class='ocr_par' dir='ltr' id='par_1_82' title="bbox 668 5283 2167 5340">
     <span class='ocr_line' id='line_1_86' title="bbox 668 5283 2167 5340; baseline 0.02 -37"><span class='ocrx_word' id='word_1_648' title='bbox 668 5283 1101 5340; x_wconf 31' lang='lat' dir='ltr'><strong>ig‘lpiu‘l‘s‘t?:nt!uu</strong></span> <span class='ocrx_word' id='word_1_649' title='bbox 1139 5283 1456 5321; x_wconf 78' lang='lat' dir='ltr'><strong>muneribus</strong></span> <span class='ocrx_word' id='word_1_650' title='bbox 1494 5283 1562 5340; x_wconf 78' lang='lat' dir='ltr'><strong>ab</strong></span> <span class='ocrx_word' id='word_1_651' title='bbox 1585 5283 1910 5340; x_wconf 77' lang='lat' dir='ltr'><strong>Imperatore</strong></span> <span class='ocrx_word' id='word_1_652' title='bbox 1937 5283 2167 5334; x_wconf 88' lang='lat' dir='ltr'><strong>donatus</strong></span> 
     </span>
    </p>
   </div>
   <div class='ocr_carea' id='block_1_83' title="bbox 603 5317 2168 5496">
    <p class='ocr_par' dir='ltr' id='par_1_83' title="bbox 603 5317 2168 5496">
     <span class='ocr_line' id='line_1_87' title="bbox 605 5317 2168 5405; baseline 0.022 -36"><span class='ocrx_word' id='word_1_653' title='bbox 605 5317 772 5400; x_wconf 78' lang='lat' dir='ltr'><strong>fuisse</strong></span> <span class='ocrx_word' id='word_1_654' title='bbox 790 5317 1120 5402; x_wconf 75' lang='lat' dir='ltr'><strong>perhibetur,</strong></span> <span class='ocrx_word' id='word_1_655' title='bbox 1150 5317 1381 5403; x_wconf 70' lang='lat' dir='ltr'><strong>accepto</strong></span> <span class='ocrx_word' id='word_1_656' title='bbox 1398 5317 1571 5405; x_wconf 54' lang='lat' dir='ltr'><strong>quoila</strong></span> <span class='ocrx_word' id='word_1_657' title='bbox 1579 5317 1640 5393; x_wconf 58' lang='lat' dir='ltr'><strong>ni</strong></span> <span class='ocrx_word' id='word_1_658' title='bbox 1644 5317 1916 5397; x_wconf 52' lang='lat'><strong>&quot;56531313</strong></span> 
     </span>
     <span class='ocr_line' id='line_1_88' title="bbox 603 5395 2163 5496; baseline 0.002 0"><span class='ocrx_word' id='word_1_659' title='bbox 603 5395 1238 5496; x_wconf 51' lang='lat' dir='ltr'><strong>meaemeae;</strong></span> <span class='ocrx_word' id='word_1_660' title='bbox 1254 5412 1342 5496; x_wconf 62' lang='lat' dir='ltr'><strong>es</strong></span> <span class='ocrx_word' id='word_1_661' title='bbox 1365 5404 1640 5496; x_wconf 60' lang='grc' dir='ltr'><strong>ιξρξξιξεμέίο,</strong></span> <span class='ocrx_word' id='word_1_662' title='bbox 1670 5410 1955 5496; x_wconf 51' lang='lat' dir='ltr'><strong>“eam</strong></span> <span class='ocrx_word' id='word_1_663' title='bbox 1993 5416 2163 5496; x_wconf 53' lang='lat' dir='ltr'><strong>add&quot;.</strong></span> 
     </span>
    </p>
   </div>
   <div class='ocr_carea' id='block_1_84' title="bbox 603 5473 2167 5669">
    <p class='ocr_par' dir='ltr' id='par_1_84' title="bbox 603 5473 2167 5669">
     <span class='ocr_line' id='line_1_89' title="bbox 605 5473 2167 5587; baseline 0.019 -74"><span class='ocrx_word' id='word_1_664' title='bbox 605 5474 846 5528; x_wconf 79' lang='lat' dir='ltr'><strong>reginam</strong></span> <span class='ocrx_word' id='word_1_665' title='bbox 874 5475 991 5587; x_wconf 50' lang='lat' dir='ltr'><strong>efus</strong></span> <span class='ocrx_word' id='word_1_666' title='bbox 1019 5480 1246 5552; x_wconf 80' lang='lat' dir='ltr'><strong>uxorem</strong></span> <span class='ocrx_word' id='word_1_667' title='bbox 1278 5473 1346 5527; x_wconf 93' lang='lat' dir='ltr'><strong>ab</strong></span> <span class='ocrx_word' id='word_1_668' title='bbox 1377 5473 1594 5558; x_wconf 77' lang='lat' dir='ltr'><strong>Juditha</strong></span> <span class='ocrx_word' id='word_1_669' title='bbox 1615 5473 1968 5561; x_wconf 42' lang='lat' dir='ltr'><strong>.impet&#39;vatrice</strong></span> <span class='ocrx_word' id='word_1_670' title='bbox 1989 5486 2057 5540; x_wconf 90' lang='lat' dir='ltr'><strong>de</strong></span> <span class='ocrx_word' id='word_1_671' title='bbox 2080 5473 2167 5541; x_wconf 52' lang='lat' dir='ltr'><strong>sa:-</strong></span> 
     </span>
     <span class='ocr_line' id='line_1_90' title="bbox 603 5526 2167 5669; baseline 0.021 -89"><span class='ocrx_word' id='word_1_672' title='bbox 603 5526 1124 5669; x_wconf 49' lang='grc' dir='ltr'><strong>ἓὲἒῆοὲἒξρὲἔέηιίω</strong></span> <span class='ocrx_word' id='word_1_673' title='bbox 1173 5537 1359 5597; x_wconf 78' lang='lat' dir='ltr'><strong>fuisse.</strong></span> <span class='ocrx_word' id='word_1_674' title='bbox 1395 5541 1627 5659; x_wconf 75' lang='lat' dir='ltr'><strong>Hei-told:</strong></span> <span class='ocrx_word' id='word_1_675' title='bbox 1663 5548 1882 5659; x_wconf 83' lang='lat' dir='ltr'><strong>fratrem</strong></span> <span class='ocrx_word' id='word_1_676' title='bbox 1928 5555 2167 5613; x_wconf 79' lang='lat' dir='ltr'><strong>Adamus</strong></span> 
     </span>
    </p>
   </div>
   <div class='ocr_carea' id='block_1_85' title="bbox 678 5652 2164 5768">
    <p class='ocr_par' dir='ltr' id='par_1_85' title="bbox 678 5652 2164 5768">
     <span class='ocr_line' id='line_1_91' title="bbox 678 5652 2164 5768; baseline 0.021 -45"><span class='ocrx_word' id='word_1_677' title='bbox 678 5652 705 5708; x_wconf 60' lang='grc' dir='ltr'><strong>ὖ</strong></span> <span class='ocrx_word' id='word_1_678' title='bbox 732 5652 793 5724; x_wconf 75' lang='lat' dir='ltr'><strong>1d</strong></span> <span class='ocrx_word' id='word_1_679' title='bbox 817 5652 1225 5732; x_wconf 48' lang='lat' dir='ltr'><strong>edin—Elimea</strong></span> <span class='ocrx_word' id='word_1_680' title='bbox 1270 5681 1465 5745; x_wconf 86' lang='lat' dir='ltr'><strong>veteri,</strong></span> <span class='ocrx_word' id='word_1_681' title='bbox 1508 5652 1574 5740; x_wconf 86' lang='lat' dir='ltr'><strong>ad</strong></span> <span class='ocrx_word' id='word_1_682' title='bbox 1598 5654 1758 5756; x_wconf 85' lang='lat' dir='ltr'><strong>quam</strong></span> <span class='ocrx_word' id='word_1_683' title='bbox 1788 5693 2013 5760; x_wconf 87' lang='lat' dir='ltr'><strong>proinde</strong></span> <span class='ocrx_word' id='word_1_684' title='bbox 2050 5695 2164 5768; x_wconf 84' lang='lat' dir='ltr'><strong>jam</strong></span> 
     </span>
    </p>
   </div>
   <div class='ocr_carea' id='block_1_86' title="bbox 2277 3265 3839 3349">
    <p class='ocr_par' dir='ltr' id='par_1_86' title="bbox 2277 3265 3839 3349">
     <span class='ocr_line' id='line_1_92' title="bbox 2277 3265 3839 3349; baseline 0.01 -29"><span class='ocrx_word' id='word_1_685' title='bbox 2277 3265 2528 3337; x_wconf 89' lang='lat' dir='ltr'><strong>religiosa</strong></span> <span class='ocrx_word' id='word_1_686' title='bbox 2556 3270 2924 3337; x_wconf 90' lang='lat' dir='ltr'><strong>contentione,</strong></span> <span class='ocrx_word' id='word_1_687' title='bbox 2956 3272 3213 3329; x_wconf 82' lang='lat' dir='ltr'><strong>redeunti</strong></span> <span class='ocrx_word' id='word_1_688' title='bbox 3266 3277 3447 3332; x_wconf 77' lang='lat' dir='ltr'><strong>abbati</strong></span> <span class='ocrx_word' id='word_1_689' title='bbox 3498 3279 3611 3349; x_wconf 83' lang='lat' dir='ltr'><strong>ipse</strong></span> <span class='ocrx_word' id='word_1_690' title='bbox 3654 3280 3839 3336; x_wconf 82' lang='lat' dir='ltr'><strong>obvius</strong></span> 
     </span>
    </p>
   </div>
   <div class='ocr_carea' id='block_1_87' title="bbox 2203 3355 3837 3445">
    <p class='ocr_par' dir='ltr' id='par_1_87' title="bbox 2203 3355 3837 3445">
     <span class='ocr_line' id='line_1_93' title="bbox 2203 3355 3837 3445; baseline 0.015 -38"><span class='ocrx_word' id='word_1_691' title='bbox 2203 3409 2222 3430; x_wconf 42' lang='grc' dir='ltr'>θ</span> <span class='ocrx_word' id='word_1_692' title='bbox 2275 3355 2504 3445; x_wconf 82' lang='lat' dir='ltr'><strong>adstitit,</strong></span> <span class='ocrx_word' id='word_1_693' title='bbox 2534 3366 2590 3412; x_wconf 92' lang='lat' dir='ltr'><strong>et</strong></span> <span class='ocrx_word' id='word_1_694' title='bbox 2614 3360 2759 3427; x_wconf 92' lang='lat' dir='ltr'><strong>quod</strong></span> <span class='ocrx_word' id='word_1_695' title='bbox 2789 3361 2890 3417; x_wconf 89' lang='lat' dir='ltr'><strong>sibi</strong></span> <span class='ocrx_word' id='word_1_696' title='bbox 2918 3364 3126 3420; x_wconf 87' lang='lat' dir='ltr'><strong>socium</strong></span> <span class='ocrx_word' id='word_1_697' title='bbox 3155 3367 3433 3425; x_wconf 90' lang='lat' dir='ltr'><strong>inventum</strong></span> <span class='ocrx_word' id='word_1_698' title='bbox 3470 3370 3722 3439; x_wconf 82' lang='lat' dir='ltr'><strong>haberet,</strong></span> <span class='ocrx_word' id='word_1_699' title='bbox 3752 3377 3837 3445; x_wconf 82' lang='lat' dir='ltr'><strong>qui</strong></span> 
     </span>
    </p>
   </div>
   <div class='ocr_carea' id='block_1_88' title="bbox 2274 3442 3837 3529">
    <p class='ocr_par' dir='ltr' id='par_1_88' title="bbox 2274 3442 3837 3529">
     <span class='ocr_line' id='line_1_94' title="bbox 2274 3442 3837 3529; baseline 0.014 -31"><span class='ocrx_word' id='word_1_700' title='bbox 2274 3442 2432 3513; x_wconf 88' lang='lat' dir='ltr'><strong>hujus</strong></span> <span class='ocrx_word' id='word_1_701' title='bbox 2460 3445 2810 3516; x_wconf 87' lang='lat' dir='ltr'><strong>profectionis</strong></span> <span class='ocrx_word' id='word_1_702' title='bbox 2842 3466 3024 3509; x_wconf 90' lang='lat' dir='ltr'><strong>comes</strong></span> <span class='ocrx_word' id='word_1_703' title='bbox 3048 3470 3170 3511; x_wconf 87' lang='lat' dir='ltr'><strong>esse</strong></span> <span class='ocrx_word' id='word_1_704' title='bbox 3195 3456 3534 3518; x_wconf 85' lang='lat' dir='ltr'><strong>voluntarius</strong></span> <span class='ocrx_word' id='word_1_705' title='bbox 3565 3463 3745 3529; x_wconf 79' lang='lat' dir='ltr'><strong>vellet,</strong></span> <span class='ocrx_word' id='word_1_706' title='bbox 3767 3442 3837 3519; x_wconf 80' lang='lat' dir='ltr'><strong>in-</strong></span> 
     </span>
    </p>
   </div>
   <div class='ocr_carea' id='block_1_89' title="bbox 2276 3535 3834 3623">
    <p class='ocr_par' dir='ltr' id='par_1_89' title="bbox 2276 3535 3834 3623">
     <span class='ocr_line' id='line_1_95' title="bbox 2276 3535 3834 3623; baseline 0.015 -33"><span class='ocrx_word' id='word_1_707' title='bbox 2276 3535 2490 3592; x_wconf 85' lang='lat' dir='ltr'><strong>dicavit.</strong></span> <span class='ocrx_word' id='word_1_708' title='bbox 2526 3538 2688 3607; x_wconf 86' lang='lat' dir='ltr'><strong>Cujus</strong></span> <span class='ocrx_word' id='word_1_709' title='bbox 2715 3555 3003 3612; x_wconf 89' lang='lat' dir='ltr'><strong>personam</strong></span> <span class='ocrx_word' id='word_1_710' title='bbox 3045 3561 3170 3601; x_wconf 91' lang='lat' dir='ltr'><strong>cum</strong></span> <span class='ocrx_word' id='word_1_711' title='bbox 3204 3548 3374 3606; x_wconf 86' lang='lat' dir='ltr'><strong>abbas</strong></span> <span class='ocrx_word' id='word_1_712' title='bbox 3418 3556 3754 3623; x_wconf 84' lang='lat' dir='ltr'><strong>requireret,</strong></span> <span class='ocrx_word' id='word_1_713' title='bbox 3787 3565 3834 3612; x_wconf 87' lang='lat' dir='ltr'><strong>et</strong></span> 
     </span>
    </p>
   </div>
   <div class='ocr_carea' id='block_1_90' title="bbox 2275 3627 3834 3708">
    <p class='ocr_par' dir='ltr' id='par_1_90' title="bbox 2275 3627 3834 3708">
     <span class='ocr_line' id='line_1_96' title="bbox 2275 3627 3834 3708; baseline 0.015 -27"><span class='ocrx_word' id='word_1_714' title='bbox 2275 3627 2365 3683; x_wconf 89' lang='lat' dir='ltr'><strong>ille</strong></span> <span class='ocrx_word' id='word_1_715' title='bbox 2392 3627 2614 3686; x_wconf 88' lang='lat' dir='ltr'><strong>fratrem</strong></span> <span class='ocrx_word' id='word_1_716' title='bbox 2642 3632 2965 3692; x_wconf 85' lang='lat' dir='ltr'><strong>Autbertum</strong></span> <span class='ocrx_word' id='word_1_717' title='bbox 2993 3641 3335 3708; x_wconf 89' lang='lat' dir='ltr'><strong>nominaret,</strong></span> <span class='ocrx_word' id='word_1_718' title='bbox 3376 3644 3558 3700; x_wconf 90' lang='lat' dir='ltr'><strong>multo</strong></span> <span class='ocrx_word' id='word_1_719' title='bbox 3598 3648 3834 3703; x_wconf 73' lang='lat' dir='ltr'><strong>miraculo</strong></span> 
     </span>
    </p>
   </div>
   <div class='ocr_carea' id='block_1_91' title="bbox 2275 3721 3834 3810">
    <p class='ocr_par' dir='ltr' id='par_1_91' title="bbox 2275 3721 3834 3810">
     <span class='ocr_line' id='line_1_97' title="bbox 2275 3721 3834 3810; baseline 0.017 -35"><span class='ocrx_word' id='word_1_720' title='bbox 2275 3721 2568 3794; x_wconf 86' lang='lat' dir='ltr'><strong>obstupuit,</strong></span> <span class='ocrx_word' id='word_1_721' title='bbox 2616 3741 2957 3800; x_wconf 84' lang='lat' dir='ltr'><strong>nequaquam</strong></span> <span class='ocrx_word' id='word_1_722' title='bbox 2989 3743 3185 3803; x_wconf 90' lang='lat' dir='ltr'><strong>putans</strong></span> <span class='ocrx_word' id='word_1_723' title='bbox 3229 3751 3384 3805; x_wconf 90' lang='lat' dir='ltr'><strong>eum,</strong></span> <span class='ocrx_word' id='word_1_724' title='bbox 3425 3740 3617 3810; x_wconf 82' lang='lat' dir='ltr'><strong>quiet</strong></span> <span class='ocrx_word' id='word_1_725' title='bbox 3666 3745 3834 3802; x_wconf 75' lang='lat' dir='ltr'><strong>nobilis</strong></span> 
     </span>
    </p>
   </div>
   <div class='ocr_carea' id='block_1_92' title="bbox 2274 3814 3837 3899">
    <p class='ocr_par' dir='ltr' id='par_1_92' title="bbox 2274 3814 3837 3899">
     <span class='ocr_line' id='line_1_98' title="bbox 2274 3814 3837 3899; baseline 0.019 -35"><span class='ocrx_word' id='word_1_726' title='bbox 2274 3814 2538 3883; x_wconf 68' lang='lat' dir='ltr'><strong>prosapiae</strong></span> <span class='ocrx_word' id='word_1_727' title='bbox 2561 3814 2614 3870; x_wconf 87' lang='lat' dir='ltr'><strong>in</strong></span> <span class='ocrx_word' id='word_1_728' title='bbox 2637 3819 2855 3885; x_wconf 67' lang='lat' dir='ltr'><strong>saaculo,</strong></span> <span class='ocrx_word' id='word_1_729' title='bbox 2878 3829 2934 3876; x_wconf 91' lang='lat' dir='ltr'><strong>et</strong></span> <span class='ocrx_word' id='word_1_730' title='bbox 2960 3827 3103 3893; x_wconf 88' lang='lat' dir='ltr'><strong>apud</strong></span> <span class='ocrx_word' id='word_1_731' title='bbox 3127 3840 3252 3882; x_wconf 92' lang='lat' dir='ltr'><strong>eum</strong></span> <span class='ocrx_word' id='word_1_732' title='bbox 3285 3837 3412 3886; x_wconf 86' lang='lat' dir='ltr'><strong>tunc</strong></span> <span class='ocrx_word' id='word_1_733' title='bbox 3444 3829 3749 3899; x_wconf 78' lang='lat' dir='ltr'><strong>familiaris,</strong></span> <span class='ocrx_word' id='word_1_734' title='bbox 3784 3852 3837 3891; x_wconf 77' lang='lat' dir='ltr'><strong>ac</strong></span> 
     </span>
    </p>
   </div>
   <div class='ocr_carea' id='block_1_93' title="bbox 2273 3906 3833 3994">
    <p class='ocr_par' dir='ltr' id='par_1_93' title="bbox 2273 3906 3833 3994">
     <span class='ocr_line' id='line_1_99' title="bbox 2273 3906 3833 3994; baseline 0.02 -41"><span class='ocrx_word' id='word_1_735' title='bbox 2273 3909 2396 3994; x_wconf 80' lang='lat' dir='ltr'><strong>post</strong></span> <span class='ocrx_word' id='word_1_736' title='bbox 2432 3915 2555 3957; x_wconf 88' lang='lat' dir='ltr'><strong>eum</strong></span> <span class='ocrx_word' id='word_1_737' title='bbox 2606 3906 2798 3964; x_wconf 89' lang='lat' dir='ltr'><strong>domus</strong></span> <span class='ocrx_word' id='word_1_738' title='bbox 2842 3909 2958 3979; x_wconf 88' lang='lat' dir='ltr'><strong>ejus</strong></span> <span class='ocrx_word' id='word_1_739' title='bbox 2999 3928 3317 3984; x_wconf 84' lang='lat' dir='ltr'><strong>procurator</strong></span> <span class='ocrx_word' id='word_1_740' title='bbox 3356 3922 3689 3994; x_wconf 82' lang='lat' dir='ltr'><strong>habebatur,</strong></span> <span class='ocrx_word' id='word_1_741' title='bbox 3731 3928 3833 3983; x_wconf 80' lang='lat' dir='ltr'><strong>talia</strong></span> 
     </span>
    </p>
   </div>
   <div class='ocr_carea' id='block_1_94' title="bbox 2274 3992 3832 4089">
    <p class='ocr_par' dir='ltr' id='par_1_94' title="bbox 2274 3992 3832 4089">
     <span class='ocr_line' id='line_1_100' title="bbox 2274 3992 3832 4089; baseline 0.019 -44"><span class='ocrx_word' id='word_1_742' title='bbox 2274 3992 2433 4058; x_wconf 91' lang='lat' dir='ltr'><strong>velle,</strong></span> <span class='ocrx_word' id='word_1_743' title='bbox 2459 3996 2782 4055; x_wconf 85' lang='lat' dir='ltr'><strong>advocatum</strong></span> <span class='ocrx_word' id='word_1_744' title='bbox 2808 4008 2988 4058; x_wconf 89' lang='lat' dir='ltr'><strong>tamen</strong></span> <span class='ocrx_word' id='word_1_745' title='bbox 3010 4020 3132 4061; x_wconf 89' lang='lat' dir='ltr'><strong>eum</strong></span> <span class='ocrx_word' id='word_1_746' title='bbox 3158 4024 3319 4080; x_wconf 91' lang='lat' dir='ltr'><strong>super</strong></span> <span class='ocrx_word' id='word_1_747' title='bbox 3343 4013 3450 4069; x_wconf 87' lang='lat' dir='ltr'><strong>hoc</strong></span> <span class='ocrx_word' id='word_1_748' title='bbox 3482 3992 3832 4089; x_wconf 76' lang='lat' dir='ltr'><strong>interrogavit.</strong></span> 
     </span>
    </p>
   </div>
   <div class='ocr_carea' id='block_1_95' title="bbox 2275 4081 3834 4172">
    <p class='ocr_par' dir='ltr' id='par_1_95' title="bbox 2275 4081 3834 4172">
     <span class='ocr_line' id='line_1_101' title="bbox 2275 4081 3834 4172; baseline 0.017 -36"><span class='ocrx_word' id='word_1_749' title='bbox 2275 4081 2379 4148; x_wconf 92' lang='lat' dir='ltr'><strong>Qui</strong></span> <span class='ocrx_word' id='word_1_750' title='bbox 2406 4088 2685 4161; x_wconf 86' lang='lat' dir='ltr'><strong>respondit</strong></span> <span class='ocrx_word' id='word_1_751' title='bbox 2710 4105 2770 4145; x_wconf 87' lang='lat' dir='ltr'><strong>se</strong></span> <span class='ocrx_word' id='word_1_752' title='bbox 2790 4106 3131 4166; x_wconf 87' lang='lat' dir='ltr'><strong>nequaquam</strong></span> <span class='ocrx_word' id='word_1_753' title='bbox 3154 4102 3266 4170; x_wconf 87' lang='lat' dir='ltr'><strong>pati</strong></span> <span class='ocrx_word' id='word_1_754' title='bbox 3295 4118 3479 4172; x_wconf 87' lang='lat' dir='ltr'><strong>posse,</strong></span> <span class='ocrx_word' id='word_1_755' title='bbox 3513 4117 3579 4162; x_wconf 84' lang='lat' dir='ltr'><strong>ut</strong></span> <span class='ocrx_word' id='word_1_756' title='bbox 3610 4081 3834 4166; x_wconf 47' lang='lat' dir='ltr'><strong>ilie&#39;solus</strong></span> 
     </span>
    </p>
   </div>
   <div class='ocr_carea' id='block_1_96' title="bbox 2273 4172 3832 4255">
    <p class='ocr_par' dir='ltr' id='par_1_96' title="bbox 2273 4172 3832 4255">
     <span class='ocr_line' id='line_1_102' title="bbox 2273 4172 3832 4255; baseline 0.017 -30"><span class='ocrx_word' id='word_1_757' title='bbox 2273 4172 2414 4228; x_wconf 90' lang='lat' dir='ltr'><strong>iret:</strong></span> <span class='ocrx_word' id='word_1_758' title='bbox 2458 4175 2553 4230; x_wconf 89' lang='lat' dir='ltr'><strong>sed</strong></span> <span class='ocrx_word' id='word_1_759' title='bbox 2597 4192 2697 4247; x_wconf 88' lang='lat' dir='ltr'><strong>pro</strong></span> <span class='ocrx_word' id='word_1_760' title='bbox 2740 4179 2940 4239; x_wconf 86' lang='lat' dir='ltr'><strong>Christi</strong></span> <span class='ocrx_word' id='word_1_761' title='bbox 2968 4188 3188 4244; x_wconf 88' lang='lat' dir='ltr'><strong>nomine</strong></span> <span class='ocrx_word' id='word_1_762' title='bbox 3226 4205 3288 4248; x_wconf 89' lang='lat' dir='ltr'><strong>se</strong></span> <span class='ocrx_word' id='word_1_763' title='bbox 3312 4192 3455 4250; x_wconf 88' lang='lat' dir='ltr'><strong>velle</strong></span> <span class='ocrx_word' id='word_1_764' title='bbox 3491 4197 3543 4253; x_wconf 94' lang='lat' dir='ltr'><strong>ei</strong></span> <span class='ocrx_word' id='word_1_765' title='bbox 3576 4200 3757 4255; x_wconf 76' lang='lat' dir='ltr'><strong>solatio</strong></span> <span class='ocrx_word' id='word_1_766' title='bbox 3788 4208 3832 4252; x_wconf 77' lang='lat' dir='ltr'><strong>et</strong></span> 
     </span>
    </p>
   </div>
   <div class='ocr_carea' id='block_1_97' title="bbox 2272 4265 3830 4351">
    <p class='ocr_par' dir='ltr' id='par_1_97' title="bbox 2272 4265 3830 4351">
     <span class='ocr_line' id='line_1_103' title="bbox 2272 4265 3830 4351; baseline 0.017 -32"><span class='ocrx_word' id='word_1_767' title='bbox 2272 4265 2542 4335; x_wconf 89' lang='lat' dir='ltr'><strong>adjutorio</strong></span> <span class='ocrx_word' id='word_1_768' title='bbox 2563 4270 2769 4341; x_wconf 45' lang='lat' dir='ltr'><strong>fieripsi</strong></span> <span class='ocrx_word' id='word_1_769' title='bbox 2797 4278 2951 4335; x_wconf 89' lang='lat' dir='ltr'><strong>suam</strong></span> <span class='ocrx_word' id='word_1_770' title='bbox 2975 4291 3031 4337; x_wconf 93' lang='lat' dir='ltr'><strong>et</strong></span> <span class='ocrx_word' id='word_1_771' title='bbox 3051 4282 3280 4342; x_wconf 87' lang='lat' dir='ltr'><strong>fratrum</strong></span> <span class='ocrx_word' id='word_1_772' title='bbox 3298 4288 3535 4347; x_wconf 90' lang='lat' dir='ltr'><strong>haberet</strong></span> <span class='ocrx_word' id='word_1_773' title='bbox 3552 4293 3830 4351; x_wconf 65' lang='lat' dir='ltr'><strong>licentiam.</strong></span> 
     </span>
    </p>
   </div>
   <div class='ocr_carea' id='block_1_98' title="bbox 2271 4353 3833 4449">
    <p class='ocr_par' dir='ltr' id='par_1_98' title="bbox 2271 4353 3833 4449">
     <span class='ocr_line' id='line_1_104' title="bbox 2271 4353 3833 4449; baseline 0.018 -40"><span class='ocrx_word' id='word_1_774' title='bbox 2271 4353 2368 4411; x_wconf 84' lang='lat' dir='ltr'><strong>Cui</strong></span> <span class='ocrx_word' id='word_1_775' title='bbox 2415 4357 2643 4417; x_wconf 88' lang='lat' dir='ltr'><strong>domnus</strong></span> <span class='ocrx_word' id='word_1_776' title='bbox 2681 4364 2857 4433; x_wconf 80' lang='lat' dir='ltr'><strong>abbas</strong></span> <span class='ocrx_word' id='word_1_777' title='bbox 2902 4382 2962 4423; x_wconf 89' lang='lat' dir='ltr'><strong>se</strong></span> <span class='ocrx_word' id='word_1_778' title='bbox 2998 4370 3249 4430; x_wconf 88' lang='lat' dir='ltr'><strong>daturum</strong></span> <span class='ocrx_word' id='word_1_779' title='bbox 3302 4376 3632 4449; x_wconf 87' lang='lat' dir='ltr'><strong>licentiam,</strong></span> <span class='ocrx_word' id='word_1_780' title='bbox 3679 4384 3719 4439; x_wconf 82' lang='lat' dir='ltr'><strong>si</strong></span> <span class='ocrx_word' id='word_1_781' title='bbox 3760 4382 3833 4436; x_wconf 85' lang='lat' dir='ltr'><strong>ille</strong></span> 
     </span>
    </p>
   </div>
   <div class='ocr_carea' id='block_1_99' title="bbox 2272 4449 3833 4543">
    <p class='ocr_par' dir='ltr' id='par_1_99' title="bbox 2272 4449 3833 4543">
     <span class='ocr_line' id='line_1_105' title="bbox 2272 4449 3833 4543; baseline 0.021 -45"><span class='ocrx_word' id='word_1_782' title='bbox 2272 4454 2566 4543; x_wconf 77' lang='lat' dir='ltr'><strong>spontanee</strong></span> <span class='ocrx_word' id='word_1_783' title='bbox 2612 4449 2753 4508; x_wconf 86' lang='lat' dir='ltr'><strong>hanc</strong></span> <span class='ocrx_word' id='word_1_784' title='bbox 2788 4456 3175 4525; x_wconf 88' lang='lat' dir='ltr'><strong>profectionem</strong></span> <span class='ocrx_word' id='word_1_785' title='bbox 3218 4463 3477 4536; x_wconf 87' lang='lat' dir='ltr'><strong>eligeret,</strong></span> <span class='ocrx_word' id='word_1_786' title='bbox 3531 4472 3833 4543; x_wconf 79' lang='lat' dir='ltr'><strong>respondit.</strong></span> 
     </span>
    </p>
   </div>
   <div class='ocr_carea' id='block_1_100' title="bbox 2268 4535 3838 4635">
    <p class='ocr_par' dir='ltr' id='par_1_100' title="bbox 2268 4535 3838 4635">
     <span class='ocr_line' id='line_1_106' title="bbox 2268 4535 3838 4635; baseline 0.02 -47"><span class='ocrx_word' id='word_1_787' title='bbox 2268 4535 2473 4591; x_wconf 92' lang='lat' dir='ltr'><strong>nullum</strong></span> <span class='ocrx_word' id='word_1_788' title='bbox 2506 4546 2685 4596; x_wconf 89' lang='lat' dir='ltr'><strong>tamen</strong></span> <span class='ocrx_word' id='word_1_789' title='bbox 2712 4543 2791 4600; x_wconf 91' lang='lat' dir='ltr'><strong>eis</strong></span> <span class='ocrx_word' id='word_1_790' title='bbox 2814 4560 2880 4601; x_wconf 85' lang='lat' dir='ltr'><strong>ex</strong></span> <span class='ocrx_word' id='word_1_791' title='bbox 2909 4546 3111 4606; x_wconf 88' lang='lat' dir='ltr'><strong>familia</strong></span> <span class='ocrx_word' id='word_1_792' title='bbox 3139 4569 3235 4609; x_wconf 88' lang='lat' dir='ltr'><strong>sua</strong></span> <span class='ocrx_word' id='word_1_793' title='bbox 3262 4535 3520 4614; x_wconf 85' lang='lat' dir='ltr'><strong>comitem</strong></span> <span class='ocrx_word' id='word_1_794' title='bbox 3567 4535 3838 4635; x_wconf 53' lang='lat' dir='ltr'><strong>deputata.</strong></span> 
     </span>
    </p>
   </div>
   <div class='ocr_carea' id='block_1_101' title="bbox 2267 4629 3837 4724">
    <p class='ocr_par' dir='ltr' id='par_1_101' title="bbox 2267 4629 3837 4724">
     <span class='ocr_line' id='line_1_107' title="bbox 2267 4629 3837 4724; baseline 0.02 -44"><span class='ocrx_word' id='word_1_795' title='bbox 2267 4642 2387 4724; x_wconf 78' lang='lat' dir='ltr'><strong>rum</strong></span> <span class='ocrx_word' id='word_1_796' title='bbox 2410 4629 2478 4685; x_wconf 88' lang='lat' dir='ltr'><strong>ad</strong></span> <span class='ocrx_word' id='word_1_797' title='bbox 2502 4630 2820 4702; x_wconf 87' lang='lat' dir='ltr'><strong>obsequium</strong></span> <span class='ocrx_word' id='word_1_798' title='bbox 2860 4642 3104 4698; x_wconf 89' lang='lat' dir='ltr'><strong>servitii:</strong></span> <span class='ocrx_word' id='word_1_799' title='bbox 3139 4645 3243 4701; x_wconf 88' lang='lat' dir='ltr'><strong>nisi</strong></span> <span class='ocrx_word' id='word_1_800' title='bbox 3272 4647 3410 4704; x_wconf 89' lang='lat' dir='ltr'><strong>forte</strong></span> <span class='ocrx_word' id='word_1_801' title='bbox 3458 4651 3565 4721; x_wconf 88' lang='lat' dir='ltr'><strong>ipsi</strong></span> <span class='ocrx_word' id='word_1_802' title='bbox 3627 4629 3837 4724; x_wconf 64' lang='lat' dir='ltr'><strong>aliqua</strong></span> 
     </span>
    </p>
   </div>
   <div class='ocr_carea' id='block_1_102' title="bbox 2269 4717 3841 4808">
    <p class='ocr_par' dir='ltr' id='par_1_102' title="bbox 2269 4717 3841 4808">
     <span class='ocr_line' id='line_1_108' title="bbox 2269 4717 3841 4808; baseline 0.017 -37"><span class='ocrx_word' id='word_1_803' title='bbox 2269 4717 2466 4808; x_wconf 81' lang='lat' dir='ltr'><strong>adhoc</strong></span> <span class='ocrx_word' id='word_1_804' title='bbox 2497 4734 2791 4789; x_wconf 86' lang='lat' dir='ltr'><strong>provocare</strong></span> <span class='ocrx_word' id='word_1_805' title='bbox 2818 4740 3060 4798; x_wconf 86' lang='lat' dir='ltr'><strong>possent,</strong></span> <span class='ocrx_word' id='word_1_806' title='bbox 3095 4743 3156 4789; x_wconf 91' lang='lat' dir='ltr'><strong>ut</strong></span> <span class='ocrx_word' id='word_1_807' title='bbox 3174 4750 3271 4792; x_wconf 85' lang='lat' dir='ltr'><strong>sua</strong></span> <span class='ocrx_word' id='word_1_808' title='bbox 3292 4717 3497 4808; x_wconf 73' lang='lat' dir='ltr'><strong>sponte</strong></span> <span class='ocrx_word' id='word_1_809' title='bbox 3517 4756 3655 4799; x_wconf 86' lang='lat' dir='ltr'><strong>curn</strong></span> <span class='ocrx_word' id='word_1_810' title='bbox 3773 4744 3841 4798; x_wconf 83' lang='lat' dir='ltr'><strong>ire</strong></span> 
     </span>
    </p>
   </div>
   <div class='ocr_carea' id='block_1_103' title="bbox 2268 4806 3841 4889">
    <p class='ocr_par' dir='ltr' id='par_1_103' title="bbox 2268 4806 3841 4889">
     <span class='ocr_line' id='line_1_109' title="bbox 2268 4806 3841 4889; baseline 0.017 -28"><span class='ocrx_word' id='word_1_811' title='bbox 2268 4806 2447 4863; x_wconf 87' lang='lat' dir='ltr'><strong>vellet.</strong></span> <span class='ocrx_word' id='word_1_812' title='bbox 2489 4808 2602 4866; x_wconf 82' lang='lat' dir='ltr'><strong>Hoc</strong></span> <span class='ocrx_word' id='word_1_813' title='bbox 2625 4821 2806 4870; x_wconf 90' lang='lat' dir='ltr'><strong>autem</strong></span> <span class='ocrx_word' id='word_1_814' title='bbox 2841 4823 3163 4880; x_wconf 85' lang='lat' dir='ltr'><strong>venerabilis</strong></span> <span class='ocrx_word' id='word_1_815' title='bbox 3207 4806 3376 4884; x_wconf 75' lang='lat' dir='ltr'><strong>abbas</strong></span> <span class='ocrx_word' id='word_1_816' title='bbox 3416 4845 3528 4885; x_wconf 90' lang='lat' dir='ltr'><strong>non</strong></span> <span class='ocrx_word' id='word_1_817' title='bbox 3571 4833 3650 4889; x_wconf 87' lang='lat' dir='ltr'><strong>de</strong></span> <span class='ocrx_word' id='word_1_818' title='bbox 3673 4826 3841 4887; x_wconf 58' lang='lat' dir='ltr'><strong>inade—</strong></span> 
     </span>
    </p>
   </div>
   <div class='ocr_carea' id='block_1_104' title="bbox 2271 4943 3841 5020">
    <p class='ocr_par' dir='ltr' id='par_1_104' title="bbox 2271 4943 3841 5020">
     <span class='ocr_line' id='line_1_110' title="bbox 2271 4943 3841 5020; baseline 0.018 -31"><span class='ocrx_word' id='word_1_819' title='bbox 2271 4950 2329 4991; x_wconf 89' lang='lat' dir='ltr'><strong>se</strong></span> <span class='ocrx_word' id='word_1_820' title='bbox 2358 4949 2636 5020; x_wconf 79' lang='lat' dir='ltr'><strong>receperat</strong></span> <span class='ocrx_word' id='word_1_821' title='bbox 2666 4943 3027 5020; x_wconf 71' lang='lat' dir='ltr'><strong>_Anscliarius,</strong></span> <span class='ocrx_word' id='word_1_822' title='bbox 3061 4964 3185 5012; x_wconf 89' lang='lat' dir='ltr'><strong>ante</strong></span> <span class='ocrx_word' id='word_1_823' title='bbox 3215 4957 3420 5020; x_wconf 82' lang='lat' dir='ltr'><strong>aliquot</strong></span> <span class='ocrx_word' id='word_1_824' title='bbox 3462 4977 3648 5020; x_wconf 83' lang='lat' dir='ltr'><strong>annos</strong></span> <span class='ocrx_word' id='word_1_825' title='bbox 3680 4966 3731 5020; x_wconf 89' lang='lat' dir='ltr'><strong>in</strong></span> <span class='ocrx_word' id='word_1_826' title='bbox 3761 4979 3841 5017; x_wconf 85' lang='lat' dir='ltr'><strong>no-</strong></span> 
     </span>
    </p>
   </div>
   <div class='ocr_carea' id='block_1_105' title="bbox 2268 5009 3841 5092">
    <p class='ocr_par' dir='ltr' id='par_1_105' title="bbox 2268 5009 3841 5092">
     <span class='ocr_line' id='line_1_111' title="bbox 2268 5009 3841 5092; baseline 0.02 -34"><span class='ocrx_word' id='word_1_827' title='bbox 2268 5020 2389 5092; x_wconf 70' lang='lat' dir='ltr'><strong>vam</strong></span> <span class='ocrx_word' id='word_1_828' title='bbox 2413 5009 2621 5092; x_wconf 71' lang='lat' dir='ltr'><strong>missus</strong></span> <span class='ocrx_word' id='word_1_829' title='bbox 2649 5014 2873 5092; x_wconf 64' lang='lat' dir='ltr'><strong>docendi</strong></span> <span class='ocrx_word' id='word_1_830' title='bbox 2893 5090 2904 5092; x_wconf 10' lang='grc' dir='ltr'><em>ῃ</em></span> <span class='ocrx_word' id='word_1_831' title='bbox 2921 5009 3095 5092; x_wconf 78' lang='lat' dir='ltr'><strong>gratia</strong></span> <span class='ocrx_word' id='word_1_832' title='bbox 3121 5009 3148 5080; x_wconf 15' lang='lat'><strong>:7</strong></span> 
     </span>
    </p>
   </div>
   <div class='ocr_carea' id='block_1_106' title="bbox 2265 5076 3492 5163">
    <p class='ocr_par' dir='ltr' id='par_1_106' title="bbox 2265 5076 3492 5163">
     <span class='ocr_line' id='line_1_112' title="bbox 2265 5076 3492 5163; baseline 0.021 -34"><span class='ocrx_word' id='word_1_833' title='bbox 2265 5076 2700 5163; x_wconf 58' lang='lat' dir='ltr'><strong>abbatemortuo</strong></span> <span class='ocrx_word' id='word_1_834' title='bbox 2727 5103 2756 5140; x_wconf 91' lang='lat' dir='ltr'><strong>a</strong></span> <span class='ocrx_word' id='word_1_835' title='bbox 2776 5076 2952 5163; x_wconf 35' lang='lat' dir='ltr'><strong>.Wala&#39;</strong></span> <span class='ocrx_word' id='word_1_836' title='bbox 2969 5076 3492 5155; x_wconf 60' lang='lat' dir='ltr'><strong>cnﬁde&#39;Eévdéiiﬁé&#39;.</strong></span> 
     </span>
    </p>
   </div>
   <div class='ocr_carea' id='block_1_107' title="bbox 2342 5144 3840 5235">
    <p class='ocr_par' dir='ltr' id='par_1_107' title="bbox 2342 5144 3840 5235">
     <span class='ocr_line' id='line_1_113' title="bbox 2342 5144 3840 5235; baseline 0.017 -35"><span class='ocrx_word' id='word_1_837' title='bbox 2342 5144 2457 5235; x_wconf 42' lang='lat' dir='ltr'><strong>in;</strong></span> <span class='ocrx_word' id='word_1_838' title='bbox 2470 5147 2715 5235; x_wconf 63' lang='lat' dir='ltr'><strong>intelligo</strong></span> <span class='ocrx_word' id='word_1_839' title='bbox 2758 5144 3492 5235; x_wconf 46' lang='lat' dir='ltr'><strong>ae_vmq¥’i§5nn8&#39;£5313;</strong></span> <span class='ocrx_word' id='word_1_840' title='bbox 3521 5185 3639 5228; x_wconf 81' lang='lat' dir='ltr'><strong>non</strong></span> <span class='ocrx_word' id='word_1_841' title='bbox 3671 5173 3737 5228; x_wconf 88' lang='lat' dir='ltr'><strong>de</strong></span> <span class='ocrx_word' id='word_1_842' title='bbox 3771 5173 3840 5225; x_wconf 77' lang='lat' dir='ltr'><strong>vi-</strong></span> 
     </span>
    </p>
   </div>
   <div class='ocr_carea' id='block_1_108' title="bbox 2271 5214 3833 5320">
    <p class='ocr_par' dir='ltr' id='par_1_108' title="bbox 2271 5214 3833 5320">
     <span class='ocr_line' id='line_1_114' title="bbox 2271 5214 3833 5320; baseline 0.019 -54"><span class='ocrx_word' id='word_1_843' title='bbox 2271 5214 2899 5320; x_wconf 46' lang='lat' dir='ltr'><strong>neis‘otipzb‘e‘iée&#39;nveteris.</strong></span> <span class='ocrx_word' id='word_1_844' title='bbox 2940 5214 3249 5320; x_wconf 38' lang='lat' dir='ltr'><strong>nequibas:</strong></span> 
     </span>
    </p>
   </div>
   <div class='ocr_carea' id='block_1_109' title="bbox 2270 5284 3836 5382">
    <p class='ocr_par' dir='ltr' id='par_1_109' title="bbox 2270 5284 3836 5382">
     <span class='ocr_line' id='line_1_115' title="bbox 2270 5284 3836 5382; baseline -0.002 0"><span class='ocrx_word' id='word_1_845' title='bbox 2270 5284 3836 5382; x_wconf 55' lang='grc' dir='ltr'><strong>ἐξὲὶθῗῗῖιέῗιίίέξιίδυε.θέοιεεὲέξδᾶἶδξίέἷιέἷεῖῖέιιιῗὲῖιὲῐ</strong></span> 
     </span>
    </p>
   </div>
   <div class='ocr_carea' id='block_1_110' title="bbox 2274 5358 3834 5441">
    <p class='ocr_par' dir='ltr' id='par_1_110' title="bbox 2274 5358 3834 5441">
     <span class='ocr_line' id='line_1_116' title="bbox 2274 5358 3834 5441; baseline 0.024 -38"><span class='ocrx_word' id='word_1_846' title='bbox 2274 5358 2593 5441; x_wconf 68' lang='lat' dir='ltr'><strong>ninmtomo</strong></span> <span class='ocrx_word' id='word_1_847' title='bbox 2632 5358 2676 5413; x_wconf 90' lang='lat' dir='ltr'><strong>ll</strong></span> <span class='ocrx_word' id='word_1_848' title='bbox 2709 5378 2721 5415; x_wconf 92' lang='lat'>:</span> <span class='ocrx_word' id='word_1_849' title='bbox 2756 5381 2775 5412; x_wconf 76' lang='grc' dir='ltr'><strong><em>ι</em></strong></span> <span class='ocrx_word' id='word_1_850' title='bbox 2807 5358 3290 5441; x_wconf 78' lang='lat' dir='ltr'><strong>Appendebantad</strong></span> <span class='ocrx_word' id='word_1_851' title='bbox 3315 5358 3834 5441; x_wconf 46' lang='lat' dir='ltr'><strong>CBiBeiS&#39;iﬁkiJéaE.</strong></span> 
     </span>
    </p>
   </div>
   <div class='ocr_carea' id='block_1_111' title="bbox 2268 5437 3838 5544">
    <p class='ocr_par' dir='ltr' id='par_1_111' title="bbox 2268 5437 3838 5544">
     <span class='ocr_line' id='line_1_117' title="bbox 2268 5437 3838 5544; baseline 0.017 -66"><span class='ocrx_word' id='word_1_852' title='bbox 2268 5437 2385 5544; x_wconf 56' lang='lat' dir='ltr'><strong>quae</strong></span> <span class='ocrx_word' id='word_1_853' title='bbox 2409 5439 2553 5478; x_wconf 78' lang='lat' dir='ltr'><strong>eirea</strong></span> <span class='ocrx_word' id='word_1_854' title='bbox 2580 5437 2958 5510; x_wconf 75' lang='lat' dir='ltr'><strong>monasterium</strong></span> <span class='ocrx_word' id='word_1_855' title='bbox 2979 5452 3155 5508; x_wconf 89' lang='lat' dir='ltr'><strong>erant,</strong></span> <span class='ocrx_word' id='word_1_856' title='bbox 3180 5446 3522 5503; x_wconf 86' lang='lat' dir='ltr'><strong>continentes</strong></span> <span class='ocrx_word' id='word_1_857' title='bbox 3550 5453 3604 5505; x_wconf 92' lang='lat' dir='ltr'><strong>in</strong></span> <span class='ocrx_word' id='word_1_858' title='bbox 3629 5468 3695 5507; x_wconf 90' lang='lat' dir='ltr'><strong>se</strong></span> <span class='ocrx_word' id='word_1_859' title='bbox 3716 5437 3838 5506; x_wconf 42' lang='lat' dir='ltr'><strong>duo;</strong></span> 
     </span>
     <span class='ocr_line' id='line_1_118' title="bbox 2270 5494 3813 5544; baseline 0 0"><span class='ocrx_word' id='word_1_860' title='bbox 2270 5508 2440 5544; x_wconf 71' lang='grc' dir='ltr'><strong>(θειηι</strong></span> <span class='ocrx_word' id='word_1_861' title='bbox 2473 5494 2695 5544; x_wconf 78' lang='lat' dir='ltr'><strong>bnnarm</strong></span> <span class='ocrx_word' id='word_1_862' title='bbox 2729 5510 2887 5544; x_wconf 66' lang='grc' dir='ltr'><strong>ιρι-ναι</strong></span> <span class='ocrx_word' id='word_1_863' title='bbox 2938 5518 2988 5544; x_wconf 75' lang='lat' dir='ltr'><strong>m</strong></span> <span class='ocrx_word' id='word_1_864' title='bbox 3019 5512 3243 5544; x_wconf 70' lang='grc' dir='ltr'><strong>σιω-ιπηο</strong></span> <span class='ocrx_word' id='word_1_865' title='bbox 3272 5531 3286 5544; x_wconf 90' lang='grc'><strong>.</strong></span> <span class='ocrx_word' id='word_1_866' title='bbox 3320 5517 3408 5544; x_wconf 82' lang='lat' dir='ltr'><strong>..I.:</strong></span> <span class='ocrx_word' id='word_1_867' title='bbox 3449 5529 3705 5544; x_wconf 52' lang='lat' dir='ltr'><strong>h-.-..-_.</strong></span> <span class='ocrx_word' id='word_1_868' title='bbox 3747 5519 3813 5544; x_wconf 55' lang='lat'><strong>-4</strong></span> 
     </span>
    </p>
   </div>
   <div class='ocr_carea' id='block_1_112' title="bbox 2270 5494 3835 5586">
    <p class='ocr_par' dir='ltr' id='par_1_112' title="bbox 2270 5494 3835 5586">
     <span class='ocr_line' id='line_1_119' title="bbox 2270 5494 3835 5586; baseline 0.02 -42"><span class='ocrx_word' id='word_1_869' title='bbox 2270 5494 2710 5586; x_wconf 40' lang='lat' dir='ltr'><strong>itepimbpgnaria</strong></span> <span class='ocrx_word' id='word_1_870' title='bbox 2729 5510 2908 5586; x_wconf 69' lang='lat' dir='ltr'><strong>terrae,</strong></span> <span class='ocrx_word' id='word_1_871' title='bbox 2922 5518 2988 5586; x_wconf 31' lang='lat' dir='ltr'><strong>‘et</strong></span> <span class='ocrx_word' id='word_1_872' title='bbox 3019 5494 3835 5586; x_wconf 45' lang='lat' dir='ltr'><strong>q’m‘p’naééiﬁiﬁd&#39;am&#39;55s</strong></span> 
     </span>
    </p>
   </div>
   <div class='ocr_carea' id='block_1_113' title="bbox 2268 5560 3832 5655">
    <p class='ocr_par' dir='ltr' id='par_1_113' title="bbox 2268 5560 3832 5655">
     <span class='ocr_line' id='line_1_120' title="bbox 2268 5560 3832 5655; baseline -0.003 -10"><span class='ocrx_word' id='word_1_873' title='bbox 2268 5560 2873 5655; x_wconf 42' lang='grc' dir='ltr'><strong>[ίὲξηἮὲξίίξ-ξξφθείηιίι</strong></span> <span class='ocrx_word' id='word_1_874' title='bbox 2895 5560 2969 5655; x_wconf 64' lang='grc' dir='ltr'><strong>’ὀᾷ</strong></span> 
     </span>
    </p>
   </div>
   <div class='ocr_carea' id='block_1_114' title="bbox 2270 5636 3833 5768">
    <p class='ocr_par' dir='ltr' id='par_1_114' title="bbox 2270 5636 3833 5768">
     <span class='ocr_line' id='line_1_121' title="bbox 2270 5636 3833 5768; baseline 0.017 -83"><span class='ocrx_word' id='word_1_875' title='bbox 2270 5636 2795 5768; x_wconf 48' lang='grc' dir='ltr'><strong>ἰῇξὲἑιὲιὲιξιιέιιιιωίη</strong></span> <span class='ocrx_word' id='word_1_876' title='bbox 2829 5648 2995 5705; x_wconf 89' lang='lat' dir='ltr'><strong>cessit</strong></span> <span class='ocrx_word' id='word_1_877' title='bbox 3038 5636 3335 5726; x_wconf 15' lang='lat' dir='ltr'><strong>totu&#39;siager</strong></span> <span class='ocrx_word' id='word_1_878' title='bbox 3355 5636 3833 5714; x_wconf 42' lang='lat' dir='ltr'><strong>Bib&#39;disﬁiﬁsii</strong></span> 
     </span>
    </p>
   </div>
  </div>
