4020 6338
203 351 310 409 969

1745 331 1926 390 γιΤΑ.

3361 335 3467 394 070

184 469 367 526 ctione
383 456 755 527 taciebat,-sed
775 458 900 530 quia
927 455 1288 513 abominabile
1320 461 1376 511 et
1396 452 1656 525 injustum
1686 451 1762 506 vi-

1878 459 2065 516 pueros
2094 456 2340 516 quaerere
2373 459 2510 517 quos
2538 452 2822 511 emerent,
2866 452 2924 500 et
2951 445 3021 501 ad
3054 443 3150 502 Dei
3177 449 3464 506 servitium

183 557 439 620 debatur,
473 562 533 608 ut
579 552 702 624 quis
744 551 945 606 invitus
985 549 1128 607 inter
1169 562 1413 620 paganos
1454 541 1770 600 conversari

183 645 500 720 cogeretur.’

183 775 352 830 Ambo
384 774 613 829 Daniam
653 782 830 843 petunt
877 789 994 827 cum
1041 771 1314 827 Herioldo.
1357 769 1592 827 Colonia
1648 769 1772 825 bene

361 845 577 914 accepti.
604 845 686 898 Ad
712 843 941 914 conﬁnia
967 843 1240 898 Danorum
1267 845 1592 914 perveniunt.

261 952 346 1010 l3.
372 953 506 1011 Post
534 953 648 1010 haec
672 954 853 1025 itaque
877 954 1035 1009 ambo
1055 953 1393 1010 deducuntur
1433 952 1498 1009 ad
1544 967 1725 1026 regem
1751 973 1768 1010 :

182 1059 420 1116 quorum
467 1043 727 1098 voluntati
773 1051 828 1097 et
870 1043 1137 1098 desiderio
1189 1043 1611 1109 condelectatus,
1657 1044 1774 1114 ipse

181 1134 336 1191 dedit
359 1135 438 1190 eis
466 1143 524 1189 et
549 1133 918 1189 ecclesiastica
944 1146 972 1175 ι
1003 1135 1324 1201 ministeria,
1359 1145 1415 1190 et
1449 1135 1649 1190 scrinia
1691 1143 1774 1190 at-

180 1242 294 1299 que
319 1225 570 1290 tentoria,
595 1233 900 1294 caateraque
933 1226 1196 1292 subsidia,
1231 1242 1352 1297 qua:
1398 1236 1547 1282 tanto
1589 1227 1772 1284 itineri

179 1319 512 1374 videbantur
539 1319 846 1373 necessaria
874 1335 888 1371 :
917 1326 972 1372 et
995 1333 1118 1372 eum
1149 1317 1372 1387 praefato
1399 1317 1652 1374 Heriolclo
1692 1319 1773 1372 ire

179 1407 465 1479 praecepit,
492 1405 837 1471 denuntians,
863 1415 919 1460 ut
945 1405 1062 1476 ejus
1095 1405 1218 1462 fidei
1241 1407 1533 1462 maximam
1566 1407 1773 1477 impen-

181 1499 377 1554 derent
417 1496 858 1560 sollicitudinem,
909 1511 1143 1566 eumque
1193 1505 1249 1552 et
1291 1513 1436 1564 suos,
1479 1497 1571 1566 qui
1610 1496 1774 1553 simul

181 1604 311 1644 cum
352 1602 419 1643 eo
463 1586 726 1657 baptizati
775 1585 1012 1653 fuerant,
1054 1587 1144 1657 pia
1172 1588 1579 1654 exhortatione,
1605 1601 1674 1642 ne
1703 1587 1773 1642 ad

178 1681 445 1752 pristinos
495 1663 890 1736 reducerentur
933 1679 1146 1736 diabolo
1191 1680 1483 1751 instigante
1521 1694 1768 1745 errores,

180 1773 443 1828 continue
462 1771 809 1837 laborarent;
837 1769 1104 1840 simulque
1135 1770 1299 1825 etiam
1330 1769 1465 1825 alios
1493 1770 1562 1825 ad
1597 1769 1772 1826 susci-

177 1863 439 1935 piendam
483 1861 948 1918 Christianitatem
993 1861 1160 1916 verbo
1184 1860 1585 1931 pmdicationis
1631 1871 1774 1916 stre-

182 1971 296 2011 nue
338 1963 766 2011 commonerent.
821 1953 1039 2009 Dimissi
1086 1953 1269 2023 itaque
1315 1955 1384 2008 ab
1443 1953 1775 2024 imperatore

182 2045 394 2102 nullum
423 2046 732 2102 habuerunt
775 2045 1007 2111 socium,
1056 2045 1150 2114 qui
1189 2046 1271 2100 eis
1315 2045 1521 2113 aliquid
1568 2044 1775 2100 servitii

185 2141 526 2212 impenderet
553 2155 569 2193 :
601 2139 856 2210 quoniam
885 2151 1046 2192 nemo
1073 2151 1141 2192 ex
1167 2135 1370 2191 familia
1413 2137 1626 2192 abbatis
1651 2151 1776 2192 cum

184 2233 268 2288 eis
301 2248 399 2288 sua
426 2239 618 2302 sponte
646 2232 746 2296 ire,
779 2245 883 2285 nec
913 2229 1004 2284 ille
1047 2243 1373 2299 quemquam
1410 2229 1477 2283 ad
1506 2229 1610 2284 hoc
1639 2228 1778 2283 invi-

185 2338 304 2382 tum
332 2339 526 2395 cogere
554 2323 788 2380 volebat.
814 2321 1102 2378 lierioldus
1122 2337 1359 2393 quoque,
1385 2321 1472 2376 cui
1498 2320 1774 2377 commissi

185 2413 425 2481 fuerant,
450 2413 627 2468 adhuc
661 2412 812 2468 rudis
839 2419 896 2468 et
936 2411 1264 2483 neopbytus,
1291 2409 1576 2482 ignorabat
1601 2411 1777 2482 quali-

185 2513 275 2559 ter
311 2504 451 2559 servi
489 2503 586 2560 Dei
631 2503 857 2559 tractari
906 2502 1238 2558 debuissent.
1272 2501 1367 2557 Sui
1395 2515 1609 2572 quoque
1649 2513 1777 2558 tunc

183 2610 362 2666 nuper
389 2595 659 2661 conversi,
689 2606 745 2651 et
771 2594 931 2667 longe
973 2594 1131 2650 aliter
1173 2594 1409 2659 educati,
1454 2609 1563 2650 non
1607 2594 1776 2650 multa

184 2702 353 2757 super
384 2701 481 2742 eos
507 2701 640 2742 cura
676 2684 1046 2742 intendebant.
1081 2684 1216 2740 Cum
1263 2685 1414 2757 gravi
1442 2685 1626 2754 itaque
1665 2683 1775 2742 dif-

187 2779 429 2837 ﬁcultate
474 2781 612 2834 hanc
640 2778 997 2849 suscipientes
1045 2776 1556 2848 peregrinationem,
1584 2790 1776 2848 perve-

185 2878 392 2928 nerunt
438 2869 738 2935 Coloniam,
784 2868 878 2923 ubi
938 2876 1068 2922 tunc
1117 2866 1376 2936 temporis
1435 2867 1775 2922 venerandus

187 2965 418 3022 antistes
445 2962 790 3020 Hadelbodus
834 2961 1171 3033 eompatiens
1197 2974 1386 3016 eorum
1432 2960 1770 3026 necessitati,

183 3058 340 3116 dedit
358 3057 439 3114 eis
483 3071 677 3113 navem
721 3056 1004 3128 optimam,
1050 3054 1144 3110 ubi
1189 3070 1286 3110 sua
1318 3063 1664 3125 reponerent,
1715 3055 1770 3111 in

187 3165 298 3223 qua
323 3159 480 3206 erant
497 3150 618 3206 dure
644 3146 1028 3205 mansiunculze
1061 3147 1195 3203 satis
1212 3146 1414 3217 optime
1432 3139 1766 3217 praeparatis.
1799 3167 1846 3232 ρ

188 3240 346 3299 lianc
366 3244 548 3315 itaque
573 3241 865 3312 pradietus
882 3237 1168 3294 Herioldns
1201 3237 1566 3308 conspiciens,
1611 3237 1774 3310 elegit

189 3335 250 3393 in
272 3335 461 3390 eadem
490 3334 614 3390 navi
633 3347 756 3390 cum
794 3331 901 3388 illis
928 3344 1170 3411 manere,
1205 3339 1267 3385 ut
1288 3329 1405 3400 ipse
1443 3345 1569 3394 una,
1601 3339 1654 3384 et
1698 3329 1774 3384 illi

189 3427 499 3502 potirentur
522 3426 696 3482 altera
717 3421 1113 3487 mansiuncula,
1144 3421 1333 3491 sicque
1367 3421 1511 3476 inter
1552 3435 1646 3476 eos
1689 3419 1773 3474 fa-

190 3519 483 3576 miliaritas
504 3518 673 3589 capit
698 3526 754 3572 et
779 3513 1151 3572 benevolentia
1187 3527 1474 3568 crescere:
1511 3512 1594 3567 sui
1636 3526 1772 3582 quo-

191 3628 302 3686 que
335 3612 531 3669 exhinc
575 3610 856 3667 servitium
895 3609 976 3665 eis
1014 3606 1326 3680 diligentius
1367 3605 1772 3676 impendebant.

191 3704 326 3763 Inde
355 3703 585 3775 ingressi
605 3716 703 3773 per
741 3700 1052 3756 Dorstatum
1083 3699 1130 3762 δ,
1161 3706 1219 3753 et
1261 3697 1436 3752 vicina
1478 3694 1774 3751 Fresonum

191 3805 574 3860 transeuntes,
606 3793 674 3848 ad
713 3791 948 3848 conﬁnia
982 3798 1346 3864 pervenerunt
1374 3789 1664 3844 Danorum.
1708 3787 1778 3844 Et

189 3885 322 3958 quia
360 3883 628 3941 interdum
668 3880 894 3952 paciliee
920 3880 976 3935 in
1014 3895 1181 3952 regno
1211 3894 1309 3935 suo
1347 3878 1634 3935 Herioldus
1679 3894 1778 3934 rex

190 3975 499 4034 consistere
524 3988 632 4028 non
656 3979 890 4044 poterat,
913 3969 1059 4026 dedit
1082 3971 1133 4026 ei
1152 3979 1482 4026 memoratus
1500 3969 1777 4042 Augustus

189 4065 338 4120 ultra
357 4062 569 4118 Albiam
590 4060 932 4125 beneficium,
957 4071 1018 4115 ut
1036 4059 1083 4115 si
1101 4059 1317 4130 quando
1337 4059 1386 4116 ei
1409 4059 1775 4116 necessarium

191 4164 364 4222 esset,
394 4154 467 4210 ibi
496 4151 793 4209 subsistere
815 4157 1023 4224 posset.

194 4290 444 4362 Paganos
470 4287 740 4354 erudiunt,
761 4285 1168 4412 ρὲεζῗθῖἓιιῖῗπ
1193 4287 1458 4356 aperiunt.
1488 4285 1775 4341 Autbertue

1876 539 2187 595 educarent.
2241 537 2501 595 Praafatus
2539 555 2756 612 quoque
2788 538 3076 598 Herioldus
3107 554 3173 595 ex
3206 540 3320 596 suis
3365 541 3467 597 ali-

1876 647 2012 702 quos
2038 631 2138 688 sub
2165 647 2352 686 eorum
2389 647 2518 686 cura
2565 632 2892 688 erudiendos
2938 633 3140 703 posuit,
3169 634 3355 703 sicque
3385 634 3464 689 fa-
3525 637 3528 640 ’

1875 731 2022 776 ctum
2049 729 2152 786 est,
2183 732 2240 774 ut
2269 719 2508 775 scholam
2539 718 2670 776 inibi
2706 735 2874 789 parvo
2903 730 3145 791 tempore
3175 722 3468 777 statuerint

1876 811 2158 867 duodecim
2213 817 2306 864 aut
2353 811 2418 864 eo
2467 810 2696 880 amplius
2739 803 3052 880 puerorum.
3119 811 3268 866 Alios
3325 827 3465 880 quo-

1876 913 1982 972 que
2013 902 2140 956 hinc
2167 901 2289 956 inde
2341 900 2443 955 sibi
2475 901 2825 955 adsciverunt
2851 903 3140 957 servitores
3169 911 3224 956 et
3249 903 3465 974 adjuto-

1875 1008 2002 1048 res:
2033 993 2305 1062 ctepitque
2331 1006 2516 1048 eorum
2549 991 2692 1045 fama
2720 1001 2776 1047 et
2808 993 2998 1063 religio
3027 993 3081 1048 in
3111 993 3204 1048 Dei
3249 996 3468 1051 nomine

1876 1084 2206 1141 fructuosius
2229 1099 2495 1140 crescere.
2526 1083 2660 1138 Cum
2685 1083 2865 1154 itaque
2896 1086 2948 1140 in
2983 1087 3086 1142 hoc
3117 1097 3308 1142 sancto
3341 1102 3467 1156 pro-

1875 1176 2052 1249 posito
2101 1176 2320 1232 biennio
2357 1182 2449 1229 aut
2477 1191 2542 1232 eo
2569 1176 2802 1246 amplius
2845 1191 3214 1244 morarentur,
3242 1181 3467 1251 contigit

1870 1272 1984 1343 jam
2039 1271 2242 1326 dictum
2308 1270 2534 1325 fratrem
2578 1271 2901 1327 Autbertum
2960 1274 3292 1331 infirmitatis
3341 1293 3468 1347 gra-

1875 1360 1994 1415 vari
2023 1360 2290 1416 molestia.
2314 1359 2430 1427 Qua
2455 1359 2524 1416 de
2543 1376 2706 1416 causa
2729 1361 2856 1417 inde
2885 1362 2952 1416 ad
2975 1364 3464 1421 nOVamCorbeiam

1875 1450 2162 1512 deductus,
2195 1449 2452 1520 languore
2487 1450 2695 1506 diutino
2727 1452 3158 1523 ingravescente,
3201 1454 3342 1509 felici
3386 1457 3470 1526 (ut

1875 1535 2169 1608 credimus)
2202 1537 2431 1592 transitu
2461 1536 2514 1590 in
2545 1546 2786 1608 tempore
2816 1538 3059 1605 Pascha},
3099 1541 3256 1596 sicuti
3288 1553 3342 1597 et
3367 1545 3465 1613 ipsi

1877 1637 2037 1684 antea
2063 1645 2095 1684 a
2125 1629 2356 1684 Domino
2384 1629 2680 1686 revelatum
2710 1629 2908 1698 fuerat,
2941 1632 3084 1688 diem
3115 1633 3244 1688 inihi
3271 1634 3468 1690 clausit

1876 1729 2197 1776 extremum.

1799 1810 1849 1871 Β
1877 1835 2063 1891 Suecis
2097 1835 2386 1906 petentibus
2404 1837 2798 1905 prwdicatores,
2845 1840 3166 1894 ..nscnarius
3209 1858 3242 1893 a
3283 1840 3466 1896 Ludo-

1945 1907 2060 1960 vico
2085 1907 2334 1978 dirigitur
2361 1907 2430 1978 nd
2462 1907 2620 1976 ipsos,
2651 1908 2910 1962 desiderio
2937 1909 3170 1978 patiendi
3201 1912 3466 1967 animatus

1949 1993 2014 2030 ex
2051 1977 2163 2030 viso
2195 1975 2409 2030 calcati.

1949 2087 2038 2142 15.
2068 2088 2288 2144 Interim
2311 2105 2441 2145 vero
2467 2090 2696 2161 contigit
2721 2089 2929 2163 legatos
2957 2089 3233 2147 Sueonum
3259 2093 3324 2146 ad
3351 2109 3468 2149 nie-

1878 2188 2148 2236 moratum
2183 2181 2395 2236 venisse
2423 2192 2444 2221 ¢
2481 2181 2837 2248 Ludovicum,
2894 2183 2985 2254 qui
3015 2184 3156 2238 inter
3186 2183 3291 2238 alia
3318 2183 3466 2254 lega-

1880 2270 2043 2325 tionis
2065 2286 2177 2326 suze
2218 2271 2470 2326 mandata
2513 2271 2937 2328 clementissimo
2981 2273 3180 2329 Caesari
3216 2274 3466 2330 innotue-

1877 2371 2024 2429 runt,
2052 2376 2172 2418 esse
2195 2363 2465 2418 multosin
2497 2372 2655 2434 gente
2685 2379 2800 2428 sua,
2850 2365 2940 2434 qui
2970 2363 3293 2420 Christianae
3339 2365 3468 2420 reli-

1878 2453 2055 2524 gionis
2071 2453 2280 2509 cultum
2310 2455 2588 2525 suscipere
2617 2455 3004 2511 desiderarent.
3066 2456 3228 2528 Regis
3254 2473 3470 2528 quoque
3537 2528 3540 2530 γ

1879 2545 1963 2600 sui
1996 2545 2237 2600 animum
2263 2545 2332 2600 ad
2363 2546 2466 2602 hoc
2507 2547 2640 2601 satis
2660 2545 3004 2614 benevolum,
3035 2557 3094 2602 ut
3114 2548 3187 2604 ibi
3209 2550 3468 2606 sacerdo-

1880 2647 1964 2691 tes
1990 2635 2086 2692 Dei
2133 2651 2252 2693 esse
2279 2637 2622 2708 permitteret
2650 2657 2663 2692 :
2706 2647 2912 2694 tantum
2943 2641 3060 2712 ejus
3097 2641 3468 2697 munificentia

1879 2737 2239 2795 mererentur,
2288 2737 2351 2783 ut
2378 2730 2458 2784 eis
2485 2729 2870 2800 praedicatores
2897 2731 3199 2787 destinaret
3221 2731 3466 2788 idoneos.

1878 2819 2026 2887 Quos
2075 2821 2518 2891 religiosissimus
2546 2822 2772 2878 audiens
2803 2822 3120 2894 imperator,
3173 2824 3468 2894 plurimum

1877 2912 2234 2976 exhilaratus,
2262 2915 2439 2970 denuo
2467 2927 2712 2984 quaerere
2752 2914 2918 2983 ctepit
2948 2929 3083 2984 quos
3110 2915 3163 2970 in
3193 2914 3311 2970 illas
3343 2930 3472 2985 par-

1877 3012 1962 3059 tes
1991 3003 2270 3075 dirigeret,
2304 3005 2397 3074 qui
2440 3004 2734 3074 probarent
2784 3015 2966 3060 utrum
3011 3006 3240 3078 populus
3272 3006 3362 3063 ille
3400 3008 3470 3064 ad

1879 3096 2208 3152 credendum
2234 3106 2454 3167 paratus
2481 3105 2653 3163 esset,
2701 3096 2860 3152 sicuti
2908 3097 3058 3152 missi
3082 3097 3156 3152 illi
3185 3099 3472 3157 intimave-

1878 3197 2022 3253 rant,
2069 3197 2124 3244 et
2172 3187 2372 3244 cultum
2413 3189 2735 3244 Christianae
2789 3189 3063 3259 religionis
3102 3190 3207 3246 illis
3254 3191 3470 3248 tradere

1877 3277 2201 3348 inciperent.
2237 3277 2389 3333 Unde
2420 3277 2623 3332 factum
2651 3286 2753 3344 est,
2785 3287 2846 3333 ut
2872 3280 3065 3334 iterum
3093 3295 3216 3335 cum
3257 3296 3464 3336 memo-

1875 3378 1998 3424 rato
2022 3368 2216 3424 abbate
2258 3377 2438 3425 vestro
2467 3369 2850 3426 serenissimus
2905 3371 3200 3440 imperator
3230 3381 3468 3428 tractare

1873 3464 2124 3535 cmperit,
2173 3465 2217 3520 si
2259 3479 2420 3535 quem
2470 3463 2608 3521 forte
2633 3466 2699 3521 de
2724 3467 2838 3522 suis
2887 3467 3172 3522 monachis
3222 3467 3468 3525 invenire

1874 3563 2077 3625 posset,
2113 3556 2204 3626 qui
2232 3570 2332 3627 pro
2350 3555 2548 3612 Christi
2573 3557 2794 3612 nomine
2817 3557 2870 3611 in
2897 3556 3015 3612 illas
3039 3567 3218 3628 partes
3249 3558 3328 3614 ire
3354 3559 3468 3615 vel-

1875 3641 1992 3698 let:
2031 3651 2125 3698 aut
2167 3653 2314 3699 certe
2341 3645 2457 3714 -qui
2511 3661 2633 3699 cum
2680 3645 2934 3702 Herioldo
2966 3657 3290 3712 moraretur,
3328 3659 3384 3705 et
3418 3651 3466 3705 is

1876 3732 1968 3802 qui
1996 3748 2120 3788 cum
2149 3748 2214 3788 eo
2239 3744 2379 3799 erat,
2407 3749 2596 3790 servus
2621 3736 2714 3790 Dei
2744 3735 3077 3792 Anseharius
3120 3737 3265 3793 illam
3289 3741 3463 3796 susci-

1876 3833 2033 3897 peret
2057 3824 2399 3897 legationem.
2449 3825 2564 3894 Qua
2599 3826 2665 3882 de
2688 3842 2745 3884 re
2777 3828 3002 3899 contigit
3037 3837 3096 3884 ut
3137 3831 3286 3899 regio
3305 3829 3464 3900 jussu

1875 3916 2077 3972 abhinc
2104 3916 2170 3970 ad
2193 3915 2451 3986 palatium
2480 3926 2785 3973 vocaretur.
2836 3917 3042 3988 Cuique
3086 3919 3465 3976 denuntiatum

1876 4016 1979 4071 est,
2035 4021 2104 4062 ne
2152 4021 2212 4063 se
2241 4006 2505 4063 raderet!1
2538 4016 2826 4078 antequam
2875 4011 2942 4063 ad
2989 4010 3333 4082 praesentiam
3365 4012 3468 4067 im-

1874 4099 2144 4171 peratoris
2181 4099 2410 4154 veniret.
2443 4096 2540 4154 Vir
2563 4107 2742 4153 autem
2771 4098 2868 4155 Dei
2895 4099 2963 4155 ad
3007 4102 3152 4171 quod
3178 4113 3467 4157 vocaretur

1874 4191 2097 4246 omnino
2138 4205 2504 4260 pramoscens,
2551 4191 2716 4261 ccepit
2763 4198 2878 4246 toto
2925 4193 3104 4248 cordis
3158 4193 3371 4249 fervore
3407 4195 3462 4249 in

1875 4295 2060 4338 amore
2113 4281 2210 4337 Dei
2263 4283 2634 4347 exardescere,
2679 4290 2735 4336 et
2769 4297 2931 4338 omne
2970 4285 3221 4354 gaudium
3272 4287 3464 4352 existi-

1877 4387 2060 4439 mare,
2117 4372 2164 4428 si
2195 4372 2468 4428 lucrandis
2511 4371 2614 4426 sibi
2644 4372 2930 4426 animabus
2958 4373 3149 4428 liceret
3190 4375 3461 4430 insistere.

270 4470 357 4526 l4.
383 4467 599 4526 Praefati
645 4467 830 4538 itaque
875 4466 1019 4521 servi
1051 4466 1147 4522 Dei
1195 4479 1320 4521 cum
1375 4479 1442 4521 eo
1488 4464 1650 4538 positi
1679 4465 1780 4521 ali-
1805 4518 1854 4538 ﬁ
1880 4463 1938 4520 Si
1968 4463 2095 4533 quid
2125 4477 2337 4534 quoque
2366 4463 2420 4516 in
2461 4459 2762 4530 huiusmodi
2798 4460 3132 4530 profectione
3162 4465 3465 4521 contrarie-

195 4562 413 4636 quando
464 4561 606 4616 inter
635 4558 987 4623 Christianos,
1017 4557 1305 4627 aliquando
1356 4557 1498 4612 inter
1543 4572 1780 4629 paganos

194 4652 498 4720 constituti,
535 4657 815 4722 coeperunt
839 4649 1007 4704 verbo
1035 4647 1130 4704 Dei
1177 4648 1456 4714 insistere;
1494 4656 1552 4703 et
1577 4648 1781 4719 quosli-

194 4749 293 4805 bet
334 4753 586 4818 poterant
611 4743 681 4799 ad
707 4743 848 4798 viam
898 4741 1142 4796 veritatis
1165 4754 1408 4796 monere.
1457 4739 1605 4796 Multi
1634 4741 1780 4796 enim

197 4837 447 4910 exemplo
492 4846 549 4893 et
587 4833 832 4892 doctrina
872 4848 1060 4888 eorum
1091 4833 1159 4887 ad
1207 4831 1366 4888 fidem
1391 4831 1784 4888 converteban-

198 4941 310 4996 tur,
356 4936 412 4984 et
435 4927 754 4984 crescebant
781 4923 1021 4996 quotidie
1053 4924 1145 4994 qui
1175 4923 1310 4978 salvi
1337 4922 1529 4978 fierent
1569 4923 1626 4978 in
1676 4923 1781 4979 Do-

199 5019 369 5079 mino.
405 5017 510 5091 Ipsi
534 5031 746 5089 quoque
768 5015 951 5070 divino
980 5014 1226 5084 iuspirati
1247 5027 1433 5069 amore
1454 5014 1522 5070 ad
1541 5013 1778 5084 promul-

199 5113 431 5188 gandam
455 5108 752 5169 devotionis
777 5123 886 5164 suae
905 5105 1238 5176 religionem,
1263 5113 1542 5176 coeperunt
1566 5105 1780 5162 curiose

277 5282 305 5311 ι
328 5268 385 5325 id
413 5275 497 5324 est
520 5263 940 5324 ecclesiasticam
969 5262 1382 5334 supellectilem,
1405 5261 1651 5329 calicem,
1683 5278 1776 5319 or-

203 5351 460 5398 Iumenta
484 5345 541 5393 et
559 5346 754 5392 caetera
781 5336 848 5389 ad
886 5349 1038 5389 usum
1083 5334 1303 5401 altaris,
1333 5350 1453 5405 qua:
1481 5349 1589 5390 uno
1621 5350 1779 5390 voca-

203 5410 334 5471 bulo
351 5408 618 5481 capellam
645 5407 946 5481 nominant.

281 5482 310 5522 δ
333 5475 596 5549 Oppidum
631 5485 716 5549 est
762 5475 1084 5549 Batavorum
1118 5475 1184 5530 ad
1222 5476 1492 5549 Rhenum,
1537 5491 1646 5546 quo
1691 5490 1780 5531 se-

206 5545 622 5610 cundo'llumine
648 5546 981 5601 Anscharius
1008 5561 1131 5600 cum
1157 5547 1270 5600 suis
1296 5547 1348 5600 in
1389 5545 1688 5613 Oceanum,
1719 5563 1784 5603 ac

209 5622 401 5679 deinde
431 5621 484 5674 in
516 5618 737 5674 Daniam
772 5625 956 5669 vectus
983 5625 1064 5670 est
1084 5630 1222 5670 anno
1257 5616 1378 5671 827.

284 5702 307 5730 ε
335 5690 490 5746 Anno
523 5689 728 5742 scilicet
758 5686 886 5758 829,
929 5685 1192 5758 siquidem
1228 5687 1443 5742 biennio
1478 5688 1591 5758 jam
1642 5688 1782 5758 apud

210 5763 389 5820 Danos
419 5767 656 5815 moratus
679 5765 798 5811 erat
832 5755 1160 5810 Anscharius
1185 5772 1251 5812 ex
1275 5773 1422 5812 num.
1457 5755 1542 5825 ﬂ,
1570 5755 1784 5816 tametsi

613 5851 885 5910 ΡΛτιιοι..
919 5849 1204 5913 CXVIII.

1803 4518 1856 4580 D

1883 4553 2011 4608 tatis
2031 4553 2143 4608 sive
2167 4552 2513 4608 adversitatis
2559 4551 2610 4605 ei
2656 4553 2919 4622 powisset
2962 4554 3229 4622 accidere,
3271 4572 3465 4626 propo-

1881 4645 1992 4701 suit
2019 4645 2200 4700 animo
2226 4645 2494 4715 patienter
2523 4660 2622 4715 pro
2657 4644 2872 4701 Christo
2908 4645 3138 4702 tolerare
3166 4665 3180 4704 :
3223 4649 3467 4719 nihilque

1881 4734 2172 4790 dubietatis
2201 4736 2255 4789 in
2279 4736 2440 4790 corde
2464 4751 2560 4806 pro
2613 4737 2705 4791 tali
2731 4738 2954 4808 gerebat
2975 4753 3160 4808 opere,
3207 4742 3462 4810 quoniam

1879 4825 2104 4880 visionis
2132 4824 2344 4892 divinae,
2377 4841 2540 4896 quam
2577 4835 2702 4882 ante
2729 4830 3050 4898 praevideat
3083 4831 3466 4890 consolabatur

1883 4930 2126 4972 munere.
2158 4915 2434 4987 Siquidem
2488 4920 2798 4990 supradicto
2848 4932 3105 4992 tempore,
3156 4940 3279 4981 cum
3319 4931 3461 4998 apud

1881 5023 1979 5066 vos
2001 5018 2262 5077 maneret,
2312 5020 2368 5066 et
2396 5009 2513 5080 jam
2544 5013 2754 5068 duabus
2789 5013 3088 5072 visionibus
3131 5017 3346 5075 caelitus
3377 5022 3464 5076 ἰηι-

1881 5101 2118 5173 spiratus
2164 5103 2492 5171 haberetur,
2549 5103 2782 5174 quadam
2833 5115 2992 5164 nocte
3038 5107 3215 5164 visum
3260 5119 3346 5167 est
3389 5113 3465 5180 ei,

1880 5260 2344 5337 bujuslegationis
2365 5263 2568 5320 mentio
2589 5262 2738 5337 nulla
2757 5273 2841 5320 est
2859 5266 2996 5337 apud
3019 5265 3136 5335 ejus
3157 5268 3254 5322 aevi
3281 5279 3466 5323 aucto-

1882 5347 2006 5406 res._
2036 5333 2178 5406 sane
2200 5335 2258 5406 id
2287 5333 2486 5389 factum
2531 5335 2769 5403 oportuit
2797 5333 2921 5390 ante
2951 5333 3150 5392 annum
3187 5338 3310 5398 850,
3357 5355 3464 5406 quo

1887 5402 2115 5476 Walach
2162 5405 2351 5476 abbas,
2390 5419 2515 5461 cum
2561 5402 2670 5475 quo
2712 5406 3004 5476 imperator
3033 5409 3134 5462 hac
3160 5408 3226 5461 de
3265 5423 3324 5460 re
3353 5402 3464 5461 tra-

1887 5475 2074 5538 ctavit,
2125 5475 2194 5529 ab
2233 5490 2298 5530 eo
2319 5474 2505 5544 jussus
2538 5474 2620 5530 est
2670 5476 2735 5530 ad
2764 5474 3150 5533 monasterium
3195 5492 3350 5530 suum
3381 5493 3466 5532 re-

1887 5545 2025 5617 dire,
2057 5546 2236 5617 ibique
2267 5546 2584 5617 regulariter
2605 5545 2906 5614 obversari,
2937 5557 2996 5602 ut
3017 5547 3256 5616 loquitur
3276 5558 3467 5602 auctor

1887 5615 2000 5688 ille,
2027 5617 2120 5686 qui
2153 5615 2607 5688 VitamLudoviei
2632 5618 2862 5688 scripsit.

1958 5685 1986 5725 τι
2024 5685 2237 5758 Ergone
2275 5687 2440 5740 moris
2478 5697 2598 5742 erat
2649 5698 2709 5741 ut
2740 5685 2990 5743 monachi
3025 5701 3205 5756 regem
3267 5687 3464 5745 adituri

1893 5765 2173 5812 tonsuram
2203 5767 2545 5828 renovarent,
2578 5768 2636 5813 ut
2657 5767 2978 5831 apparerent
3019 5758 3388 5828 comptiores?

2953 5849 3025 5926 ³1
