4020 6338
624 286 722 345 971

1552 277 1610 334 S.
1648 272 2017 334 ANSCHARII
2054 261 2590 351 HAMBURGENSIS
2628 271 2940 331 EPISCOPI

3380 213 3385 217 .
3460 191 3488 210 δ
3542 198 3551 204 ’

3826 274 3928 333 9⁸η

621 399 767 471 qu‘od
794 398 1027 457 venisset
1052 398 1107 452 in
1158 393 1445 465 quamdam
1476 390 1727 471 domum,
1781 389 1871 445 ubi
1916 388 2098 459 plures
2126 400 2195 441 ex
2220 391 2275 452 Α
2297 386 2424 456 quin
2448 385 2628 455 potius
2656 386 2709 440 in
2757 386 2850 440 Dei
2876 401 3079 455 ponens
3124 386 3345 449 arbitrio
3387 390 3520 458 qutd
3550 386 3651 443 illi
3692 389 3926 444 contin-

622 470 810 553 ordine
837 492 1252 549 Praedicatorum
1281 487 1348 541 ad
1374 470 1694 556 praedicandi
1722 480 1951 537 ofﬁcium
1980 493 2194 550 praepa—

623 591 727 646 rati
757 588 1006 644 astabant
1035 601 1048 637 :
1077 597 1261 639 coram
1291 580 1487 650 quibus
1512 577 1688 633 subito
1718 576 1771 630 in
1798 589 2020 631 excessu
2046 587 2196 626 men-

621 683 690 737 tis
718 686 918 749 raptus,
947 674 1163 730 videbat
1182 671 1428 726 immensi
1458 667 1679 724 luminis
1696 666 1999 722 claritatem
2033 662 2198 733 super

621 772 750 830 solis
798 767 1007 823 radium
1053 765 1119 820 de
1163 762 1301 819 ctelo
1348 761 1600 818 emissam
1650 772 1707 826 se
1753 753 2193 813 circumfulsisse.

619 861 864 929 Cumque
926 855 1214 910 miraretur
1261 851 1390 922 quid
1443 850 1547 905 hoc
1594 855 1768 913 esset;
1822 861 1927 902 vox
1982 838 2197 915 quoque

624 964 761 1021 pene
801 946 991 1004 similis
1020 944 1117 1009 illi,
1169 958 1332 1015 quam
1362 940 1416 995 in
1440 939 1613 1010 prima
1644 937 1851 993 visione
1899 950 1956 991 se
1982 934 2199 989 audisse
2278 976 2284 981 η

617 1020 967 1104 narraverat,
1004 1037 1150 1092 facta
1178 1044 1262 1091 est
1282 1037 1347 1090 ad
1374 1047 1520 1098 eum,
1546 1031 1766 1086 dicens:
1801 1028 2090 1083 Dimissum
2115 1020 2200 1081 est

616 1145 895 1208 peccatum
930 1143 1097 1188 tuum.
1145 1129 1243 1186 Cui
1294 1127 1381 1182 ille
1405 1125 1604 1190 divino,
1635 1133 1693 1178 ut
1722 1121 2013 1185 credimus,
2044 1118 2197 1174 allla-

582 1242 587 1248 '
616 1236 703 1282 tus
731 1223 959 1294 Spiritu.
1001 1219 1296 1292 respondit,
1323 1216 1542 1273 dicens:
1593 1212 1835 1276 Domine,
1877 1208 2003 1281 quid
2034 1210 2115 1265 vis
2140 1216 2199 1264 ut

580 1328 585 1333 '
614 1312 854 1370 faciam?
878 1312 944 1366 Et
973 1310 1165 1365 iterum
1192 1322 1296 1361 vox
1330 1304 1530 1368 sonuit,
1557 1302 1742 1357 dicens
1768 1320 1781 1355 :
1824 1299 1968 1356 Vade
1996 1308 2051 1354 et
2099 1314 2197 1352 an-

615 1404 802 1460 nuntia
835 1401 1083 1470 gentibus
1110 1398 1331 1451 verbum
1364 1394 1480 1450 Dei.
1540 1391 1691 1447 Hanc
1726 1393 1908 1461 itaque
1936 1388 2196 1443 visionem

614 1509 805 1552 servus
849 1492 945 1548 Dei
991 1497 1329 1561 pertractans
1374 1484 1557 1540 animo
1582 1525 1597 1551 ,
1635 1483 1789 1538 laetus
1826 1477 2093 1557 gaudebat
2143 1475 2199 1532 ih

614 1587 863 1651 Domino,
889 1583 1077 1639 videns
1108 1579 1221 1650 jam
1251 1595 1319 1635 ex
1343 1585 1502 1649 parte
1547 1575 1846 1646 impletum,
1900 1570 2044 1643 quod
2094 1568 2197 1625 sibi

613 1681 937 1750 imperatum
967 1676 1171 1741 fuerat,
1203 1681 1257 1729 et
1297 1672 1364 1726 ad
1394 1668 1653 1738 majorem
1680 1666 1880 1722 laboris
1901 1663 1985 1719 sul
2011 1672 2198 1718 cumu-

616 1772 726 1827 lum
757 1770 962 1843 jgetiam
1013 1764 1314 1822 Sueonibus
1359 1764 1581 1819 verbum
1640 1760 1735 1817 Dei
1796 1757 2049 1814 nuntiare
2095 1772 2192 1813 cu-
2219 1750 2271 1815 Β

612 1865 788 1938 piens.

614 2018 934 2075 Witmarum
1000 2016 1198 2071 socium
1251 2014 1497 2077 sortitur,
1543 2007 1834 2065 Gislemaro
1893 2008 1950 2062 in
2008 2006 2194 2062 Daniu

962 2086 1264 2142 substituto.
1288 2084 1333 2138 Α
1357 2083 1542 2154 piratis
1562 2079 1838 2151 spoliatur.

685 2220 773 2276 l6.
806 2218 940 2274 Cum
992 2218 1173 2288 itaque
1224 2222 1350 2270 ante
1384 2212 1726 2283 praesentiam
1752 2209 1979 2267 Caesaris
2027 2208 2194 2264 addu-

613 2322 750 2375 ctus,
784 2313 1150 2380 interrogatus
1191 2307 1259 2361 ab
1286 2320 1351 2360 eo
1398 2302 1607 2365 fuisset,
1657 2312 1842 2356 utrum
1871 2298 2192 2372 legationem

613 2402 771 2471 istam
803 2399 1079 2468 suscipere
1108 2394 1287 2459 vellet,
1318 2392 1487 2448 libera
1517 2406 1650 2447 voce
1682 2389 1978 2462 respondit,
2011 2404 2069 2444 se
2100 2404 2195 2458 pa-

613 2501 789 2548 ratum
822 2492 889 2546 ad
934 2488 1115 2544 omnia
1145 2500 1266 2556 qua:
1312 2483 1387 2540 illi
1433 2498 1532 2554 pro
1579 2481 1781 2538 Christi
1832 2479 2050 2534 nomine
2097 2493 2194 2533 sua

614 2582 938 2638 auctoritate
992 2578 1320 2634 decrevisset
1355 2574 1650 2646 injungere.
1702 2572 1852 2627 Tunc
1883 2571 1973 2626 Dei
2016 2570 2196 2640 provi-

614 2670 797 2726 dentia
844 2669 1051 2724 socium
1097 2666 1172 2721 illi
1205 2680 1270 2721 ex
1299 2672 1478 2721 vestra
1509 2662 1846 2718 fraternitate
1872 2658 2196 2715 venerabilis

615 2761 782 2815 abbas
804 2758 1009 2813 invenit
1036 2771 1276 2811 nonnum
1310 2768 1337 2796 ι
1376 2753 1720 2817 Witmarum,
1761 2760 1911 2807 tanto
1931 2751 2081 2823 Operi
2105 2766 2193 2805 sa-

603 2853 685 2908 tis
709 2851 1031 2920 condignum
1070 2857 1125 2903 et
1153 2846 1533 2902 voluntarium.
1585 2846 1755 2900 Porro
1782 2860 1905 2899 cum
1942 2843 2196 2900 Herioldo

615 2958 737 2999 esse
776 2941 1038 3010 disposuit
1086 2940 1303 2995 Patrem
1360 2938 1764 2993 devotissimum
1813 2935 2193 3002 Gislemarum,

617 3033 722 3087 lide
751 3039 807 3086 et
832 3030 1086 3100 operibus
1132 3028 1288 3083 bonis
1331 3027 1634 3099 probatum,
1664 3037 1825 3098 atque
1868 3029 1922 3082 in
1950 3028 2070 3083 zelo
2101 3029 2195 3084 Dei

617 3122 1090 3179 ferventissimum.
1149 3118 1402 3191 Suscepit
1446 3119 1625 3190 itaque
1667 3118 1985 3190 legationem
2037 3120 2134 3175 sibi
2165 3134 2195 3176 a
2224 3105 2273 3174 C

615 3216 829 3271 Caesare
870 3212 1185 3283 iniunctam,
1223 3220 1282 3266 ut
1325 3212 1380 3267 in
1427 3219 1608 3281 partes
1660 3211 1765 3267 iret
1810 3209 2104 3276 Sueonnm,
2145 3221 2200 3267 et

614 3307 868 3378 probaret
891 3315 1070 3359 utrum
1101 3303 1330 3374 populus
1369 3303 1459 3358 ille
1493 3303 1560 3358 ad
1605 3303 1931 3359 credendum
1977 3312 2197 3373 paratus

614 3407 796 3462 esset,
845 3396 1003 3452 sicuti
1050 3396 1203 3451 missi
1245 3395 1540 3466 supradicti
1587 3396 1951 3451 innotuerant.
1997 3395 2054 3450 ln
2093 3410 2199 3466 qua

615 3492 916 3563 legatione,
968 3499 1199 3560 quanta,
1256 3503 1526 3560 quamque
1570 3490 1756 3561 gravia
1805 3502 2094 3561 perpessus
2132 3490 2201 3545 sit

617 3583 780 3648 mala,
826 3582 1017 3638 melius
1073 3583 1205 3652 ipse,
1249 3581 1340 3650 qui
1390 3579 1669 3647 interfuit,
1698 3582 1988 3652 prmdictus
2039 3580 2202 3636 Pater

615 3673 912 3728 Witmarus
941 3674 969 3714 δ
996 3673 1251 3727 intimare
1274 3672 1490 3741 poterit.
1524 3670 1691 3727 Nobis
1714 3673 1818 3728 hoc
1843 3681 2050 3727 tantum
2077 3688 2202 3727 nar-

617 3778 767 3819 rasse
795 3762 1045 3828 sufﬁciat,
1081 3761 1223 3833 quod
1265 3762 1391 3816 dum
1436 3761 1489 3815 in
1520 3761 1698 3816 medio
1726 3760 1839 3817 fere
1884 3768 2067 3817 essent
2112 3758 2201 3814 iti-

617 3867 767 3916 nere,
811 3852 867 3905 in
915 3852 1117 3922 piratas
1154 3850 1509 3906 offenderunt.
1556 3850 1623 3905 Et
1661 3865 1780 3905 cum
1812 3851 2199 3923 negotiatores,

618 3942 854 4012 quicum
884 3942 965 3996 eis
996 3941 1164 4007 ibant,
1192 3956 1249 3996 se
1273 3942 1502 3996 viriliter
1541 3940 1898 4008 defenderint,
1945 3951 2000 3996 et
2023 3941 2199 4011 primo

618 4032 834 4101 quidem
881 4030 1162 4085 victoriam
1219 4031 1498 4099 ceperint;
1546 4031 1600 4083 in
1652 4033 1886 4087 secundo
1927 4040 2101 4085 tamen
2132 4032 2200 4085 ab

618 4121 807 4177 iisdem
836 4120 1029 4191 piratis
1055 4121 1249 4175 devicti
1282 4135 1343 4173 ac
1384 4120 1618 4188 superati
1655 4128 1797 4184 sunt,
1830 4121 1904 4174 ita
1943 4129 2000 4174 ut
2035 4134 2201 4176 naves

618 4221 674 4269 et
699 4213 877 4267 omnia
910 4226 1029 4281 qum
1055 4211 1347 4276 habebant,
1375 4211 1457 4264 eis
1501 4209 1735 4275 tulerint,
1764 4220 1819 4263 et
1854 4210 1954 4279 ipsi
1976 4211 2062 4263 vix
2109 4225 2200 4280 pe-

620 4307 776 4362 dibus
801 4305 869 4359 ad
910 4313 1109 4360 terram
1160 4302 1424 4375 fugientes
1457 4302 1749 4357 evaserint.
1799 4302 1878 4357 lbi
1925 4302 2104 4372 itaque
2145 4311 2202 4357 et

620 4413 842 4455 munera
872 4397 1038 4467 regia,
1071 4412 1191 4466 quae
1229 4396 1356 4451 illuc
1385 4394 1596 4450 deferre
1634 4395 1951 4461 debuerant,
1995 4404 2050 4450 et
2084 4411 2201 4450 om—

2298 483 2465 544 geret,
2494 490 2831 545 nequaquam
2862 476 3035 531 redire
3082 477 3360 547 disposuit,
3393 486 3731 547 antequam
3793 490 3923 535 nata

2300 566 2391 621 Dei
2417 566 2773 635 dignosceret,
2817 574 2993 622 utrum
3016 566 3069 621 in
3101 566 3205 622 illis
3233 568 3478 639 partibus
3500 568 3768 625 licentia
3793 584 3926 641 pr:-

2304 657 2507 681 J:--_.s:
2541 658 2657 681 11-..:
2691 666 2868 681 μη-.

2300 657 2509 713 dicandi
2541 658 2658 713 ﬁeri
2691 666 2891 729 posset.

2299 790 2342 847 Α
2369 788 2612 847 Sueoniw
2650 768 2764 861 rege
2789 788 3004 862 benigne
3034 799 3313 862 exceptus,
3341 791 3780 845 conversionem
3807 808 3918 862 ges-

2452 878 2457 883 ’
2708 859 2720 861 ⁷
2757 859 2825 913 tis
2849 859 3164 930 aggreditur
3175 859 3414 929 feliciter.

2373 973 2457 1029 ΓΙ.
2487 973 2619 1029 Cum
2643 970 2795 1045 gravi
2830 972 3012 1041 itaque
3032 970 3340 1028 dimcultate
3373 970 3625 1043 pedibus
3654 980 3798 1043 post
3826 974 3917 1031 hoc

2299 1079 2397 1136 per
2433 1062 2794 1133 longissimam
2840 1062 2984 1116 viam
3015 1062 3345 1127 incedentes,
3376 1070 3453 1127 et,
3486 1061 3587 1116 ubi
3640 1078 3911 1134 congrue-

2282 1152 2415 1219 ‘bat,
2461 1151 2833 1221 interjacentia
2872 1152 3045 1206 maria
3087 1152 3302 1224 navigio
3344 1159 3766 1218 transeuntes,
3812 1164 3912 1208 tan-

2302 1245 2422 1301 dem
2453 1244 2517 1300 ad
2559 1254 2771 1315 portum
2812 1245 2961 1317 regni
3008 1244 3246 1314 ipsorum
3276 1286 3293 1312 ,
3339 1246 3432 1317 qui
3466 1247 3668 1318 Byrca
3701 1248 3905 1313 dicitur,

2301 1346 2701 1406 pervenerunt:
2727 1336 2814 1390 ubi
2838 1336 3068 1408 benigne
3092 1352 3125 1391 ει
3165 1351 3289 1408 rege
3309 1350 3529 1402 eorum,
3561 1337 3678 1407 qui
3728 1337 3864 1391 Bern
3886 1349 3904 1375 ι

2303 1429 2621 1495 vocabatur,
2670 1429 2903 1498 suscepti
2950 1438 3097 1491 sunt,
3137 1429 3316 1483 missis
3342 1427 3464 1497 ejus
3511 1427 3901 1492 refer-antibus.

2301 1536 2407 1591 qua
2458 1522 2523 1577 de
2564 1536 2728 1577 causa
2755 1521 3090 1577 advenerint.
3132 1514 3372 1592 Cognita
3404 1522 3607 1593 itaque
3645 1522 3901 1596 legatione

2301 1625 2508 1675 eorum,
2561 1619 2765 1668 etcum
2793 1612 2906 1667 suis
2955 1612 3023 1667 de
3063 1611 3373 1682 hujusmodi
3414 1597 3658 1686 negotio
3702 1624 3894 1686 pertra-

2302 1712 2457 1759 ctans
2488 1704 2755 1770 fidelibus,
2811 1704 3054 1760 omnium
3096 1704 3211 1776 pari
3249 1715 3375 1763 voto
3415 1714 3599 1777 atque
3646 1724 3892 1764 consensa

2297 1796 2440 1854 dedit
2466 1798 2741 1855 licentiam
2763 1799 2843 1855 eis
2864 1799 2936 1855 ibi
2964 1799 3217 1855 manendi
3240 1808 3295 1854 et
3315 1799 3693 1872 Evangelium
3712 1801 3887 1858 Christi

2293 1889 2644 1959 praedicandi,
2697 1905 2957 1946 concessa
3000 1890 3288 1956 libertate,
3325 1900 3385 1945 ut
3433 1892 3770 1963 quicunque
3798 1892 3885 1947 rel-

2284 1975 2445 2045 ‘lent,
2500 1992 2687 2035 eorum
2738 1979 3041 2037 doctrinam
3097 1988 3439 2053 expeterent.
3497 1977 3705 2049 Itaque
3740 1980 3879 2036 alacri

2293 2067 2458 2124 corde
2498 2068 2642 2124 servi
2666 2068 2785 2133 Dei,
2836 2067 3080 2123 videntes
3131 2081 3391 2138 prospere
3435 2083 3505 2122 ea
3540 2084 3672 2138 quae
3694 2081 3874 2140 aptare.

2288 2168 2452 2223 rant,
2507 2159 2872 2223 successisse,
2928 2157 3137 2229 populis
3180 2156 3253 2213 ibi
3302 2158 3636 2215 constitutis
3688 2161 3871 2214 verbum

2294 2251 2483 2308 salutis
2511 2251 2835 2306 annuntiare
2873 2258 3174 2321 caeperunt.
3220 2248 3417 2306 Plures
3452 2267 3685 2322 quoque
3725 2260 3869 2316 emt,

2294 2345 2385 2416 qui
2416 2358 2604 2400 eorum
2634 2344 2887 2415 legationi
2927 2343 3204 2400 favebant.
3238 2342 3392 2398 Multi
3437 2343 3616 2399 etiam
3646 2345 3779 2415 apud
3797 2358 3871 2399 eos

2296 2434 2493 2504 captivi
2520 2433 2888 2489 .habebantur
2921 2432 3235 2497 Christiani,
3293 2434 3385 2502 qui
3428 2435 3748 2505 gaudebant
3777 2433 3868 2502 jan

2294 2522 2525 2587 tandem,
2552 2537 2611 2578 se
2640 2521 2912 2593 mysteriis
2941 2536 3101 2591 posse
3152 2522 3472 2593 participari
3505 2541 3521 2576 :
3576 2526 3865 2594 probatum-

2294 2628 2401 2685 que
2433 2622 2517 2669 est
2543 2612 2723 2668 omnia
2779 2612 2854 2666 ita
2896 2612 3165 2668 veraciter
3211 2622 3491 2680 constare,
3548 2614 3714 2670 sicuti
3749 2613 3869 2669 nisi

2298 2707 2538 2776 ipsorum
2561 2704 2912 2760 serenissima
2933 2703 3133 2759 Caesari
3156 2702 3537 2770 innotuerunt,
3566 2714 3623 2759 et
3644 2702 3869 2776 baptismi

2298 2796 2526 2867 gratiam
2554 2792 2791 2849 nonnulli
2821 2793 3013 2848 devote
3040 2793 3384 2863 expetebant.
3429 2792 3583 2848 Inter
3599 2809 3736 2865 quos
3756 2808 3872 2863 pra:-

2295 2886 2472 2939 fectus
2524 2882 2629 2939 vici
2667 2883 2835 2954 ipsius
2884 2892 2940 2939 et
2978 2881 3325 2938 consiliarius
3369 2884 3541 2953 regis,
3602 2884 3875 2938 admodum

2300 2977 2373 3032 illi
2415 2975 2695 3041 amabilis,
2725 2974 3040 3046 Herigarius
3084 2974 3326 3040 nomine,
3378 2974 3515 3029 sacri
3538 2973 3875 3043 baptismatis

2300 3070 2499 3127 donum
2532 3068 2788 3139 suscepit,
2836 3077 2997 3137 atque
3030 3067 3084 3121 in
3114 3065 3222 3120 ﬁde
3256 3064 3499 3120 catholica
3521 3062 3872 3117 firmissimus

2302 3162 2499 3217 extitit.
2552 3161 2669 3230 lpse
2714 3171 2947 3228 namque
2998 3158 3053 3212 in
3099 3157 3409 3213 haneditate
3449 3169 3541 3209 sua
3584 3153 3872 3208 ecclesiam

2303 3254 2608 3320 fabricavit,
2651 3262 2706 3309 et
2750 3254 2804 3307 in
2839 3251 2931 3306 Dei
2959 3249 3182 3306 servitio
3213 3248 3558 3319 semetipsum

2302 3345 2436 3398 sime
2480 3342 2740 3398 exercuit.
2788 3340 2955 3410 Hujus
2989 3338 3091 3393 viri
3126 3339 3339 3393 diversa
3370 3344 3588 3392 exstant
3630 3333 3861 3403 insignis,

2301 3445 2358 3490 et
2385 3431 2501 3502 ejus
2540 3432 2754 3488 invicta:
2805 3431 2931 3487 ﬁdei
2975 3430 3143 3486 multa
3182 3430 3490 3500 probantur
3516 3426 3727 3491 indicia,
3760 3435 3863 3495 qua

2302 3523 2357 3578 in
2391 3523 2741 3593 sequentibus
2768 3520 3070 3577 evidentius
3105 3533 3460 3591 exponemus.

2504 3638 2635 3695 Rem
2662 3640 2730 3693 ad
2758 3640 3121 3708 imperatorem
3151 3635 3306 3704 refert
3334 3633 3685 3688 Anscltariu.

2374 3755 2460 3810 18.
2492 3721 2717 3809 Peracto
2749 3752 2930 3822 itaque
2969 3747 3110 3821 apud
3128 3762 3223 3827 eos
3254 3746 3429 3802 altero
3454 3745 3680 3801 dimidio
3718 3756 3857 3808 anno,

2302 3844 2514 3929 praefati
2538 3844 2681 3899 servi
2723 3841 2820 3897 Dei
2848 3856 2971 3897 cum
2992 3847 3143 3895 certo
3182 3853 3292 3895 sua:
3341 3835 3639 3907 legationis
3687 3831 3859 3903 experi-

2303 3927 2510 4002 mento,
2537 3943 2746 3992 etcum
2793 3932 2987 3987 litteris
3039 3930 3187 4001 regia
3235 3944 3398 3983 manu
3444 3942 3606 3982 more
3662 3927 3856 3996 ipsorum

2304 4025 2641 4090 deformatis,
2664 4022 2731 4079 ad
2754 4020 3156 4079 serenissimum
3186 4017 3387 4074 reversi
3406 4025 3536 4072 sunt
3560 4016 3854 4088 Augustam;

2303 4116 2394 4186 qui
2439 4114 2733 4169 honorifice
2750 4121 2807 4167 et
2841 4126 2963 4166 cum
2990 4110 3225 4193 maxima
3268 4106 3484 4178 pietatis
3516 4102 3856 4162 benevolentis

2304 4210 2371 4264 ab
2399 4224 2464 4263 eo
2492 4207 2763 4276 suscepti,
2799 4210 3157 4258 narraverunt
3192 4209 3393 4271 quanta
3419 4199 3693 4255 Dominus
3711 4208 3856 4252 seatln

2303 4300 2494 4372 egerit,
2519 4307 2573 4354 et
2596 4299 2737 4368 quod
2764 4297 2961 4352 ostium
3009 4294 3137 4349 lldei
3164 4292 3218 4348 in
3249 4291 3356 4347 illis
3381 4291 3645 4361 partibus
3684 4289 3745 4343 ad
3780 4298 3859 4339 ve-

2306 4391 2572 4446 cationem
2603 4388 2843 4460 gentium
2883 4385 3209 4457 patefactum
3232 4382 3411 4438 fuerit;
3445 4380 3567 4436 Hoc
3597 4377 3856 4449 itaquede-

619 4491 708 4546 nia
758 4503 878 4560 qua:
913 4466 1254 4552 habuerant,
1303 4485 1688 4556 perdiderunt,
1740 4495 1965 4555 excepto
2009 4500 2201 4555 parum
2230 4484 2281 4548 υ
2307 4478 2616 4536 votissimus
2645 4478 2868 4533 audiens
2920 4478 3233 4547 imperator,
3262 4466 3530 4529 immenso

619 4582 771 4652 quid,
796 4580 939 4651 quod
959 4576 1097 4635 forte
1121 4578 1462 4650 prosilienteS
1490 4593 1523 4633 e
1544 4578 1669 4632 navi
1694 4592 1878 4633 secum
1901 4576 2116 4631 auferre
2144 4585 2199 4631 et

620 4684 898 4745 asportare
940 4682 1208 4745 poterant.
1258 4674 1404 4728 Inter
1429 4688 1548 4742 quae
1592 4682 1648 4728 et
1673 4689 1811 4744 pene
1840 4672 2199 4745 quadraginta

622 4767 809 4832 libros,
861 4783 996 4836 quos
1026 4768 1100 4822 ad
1149 4765 1432 4822 servitium
1479 4764 1572 4820 Dei
1615 4765 1717 4831 sibi
1755 4774 2196 4838 aggregaverant,

623 4857 726 4911 illis
753 4858 1127 4926 diripientibus
1165 4857 1483 4911 amiserunt.
1537 4854 1651 4910 Hoc
1680 4855 1861 4924 itaque
1886 4855 2031 4911 facto
2073 4848 2199 4909 cuni

624 4946 838 5013 quidam
862 4949 1078 5013 reverti,
1100 4948 1315 5019 quidam
1343 4947 1396 5001 in
1420 4953 1577 5001 antea
1600 4945 1681 5001 ire
1705 4946 2069 5015 disponerent,
2091 4960 2201 5001 ser-

625 5054 723 5094 vus
766 5040 858 5095 Dei
889 5057 919 5095 a
947 5050 1125 5111 coepto
1154 5042 1348 5097 itinere
1403 5038 1545 5094 nulla
1586 5039 1796 5094 ratione
1835 5037 1977 5095 ﬂecti
2003 5039 2197 5110 potuit,

698 5201 725 5230 ι
761 5188 819 5244 S.
864 5188 1182 5261 Benedictus
1229 5190 1471 5261 praecipit
1511 5190 1758 5261 abbatem
1807 5190 2056 5245 damnum
2107 5205 2202 5246 vo-

624 5261 762 5331 cari,
794 5260 1003 5331 priores
1030 5258 1247 5331 annuos,
1280 5261 1418 5331 quod
1468 5258 1778 5329 intelligitur
1812 5270 2031 5330 paterna
2059 5270 2202 5316 reae-

626 5326 814 5394 rentia,
842 5326 896 5384 in
924 5326 1139 5400 Regulae
1157 5345 1273 5397 cap.
1292 5326 1388 5384 ⁷65.

700 5401 726 5440 ι)
756 5400 897 5471 Ergo
928 5400 980 5453 in
1007 5397 1150 5453 Vivis
1180 5399 1340 5453 etiam
1370 5408 1494 5471 tum
1522 5406 1942 5471 supersteserat
1965 5399 2202 5471 _Witma—

628 5486 741 5534 rus,
806 5468 858 5525 in
912 5480 1167 5532 veterem,
1226 5475 1283 5525 ut
1333 5468 1914 5534 videturfCorbeiam
1954 5468 2071 5539 jam
2114 5486 2204 5529 re-

628 5556 835 5597 VCI‘SUS.

701 5622 723 5648 ο
754 5611 910 5665 Biorn
942 5606 1358 5680 vocatnAAdamus
1400 5607 1453 5680 in
1488 5607 1737 5680 ﬂisiwria!
1760 5609 1852 5666 lib.
1890 5625 1926 5671 ι,
1957 5624 2075 5680 cap.
2109 5610 2194 5665 i6.

631 5681 719 5751 qui
735 5690 939 5745 auctor,
957 5695 1076 5753 cap.
1100 5677 1190 5745 50,
1215 5687 1367 5735 notat
1390 5676 1551 5735 situm
1571 5679 1741 5737 Bimae
1767 5680 1946 5751 oppidi
1974 5676 2071 5735 his
2088 5696 2200 5736 ver-

2303 4584 2391 4629 tur
2412 4572 2605 4644 gaudio
2637 4590 2649 4625 :
2685 4571 2996 4642 pariterque
3018 4568 3282 4632 recolens,
3306 4581 3425 4636 quae
3443 4566 3562 4637 jam
3599 4566 3729 4622 olim
3749 4559 3863 4633 apud

2303 4664 2481 4718 Dauos
2504 4663 2648 4718 circa
2688 4661 2782 4718 Dei
2810 4661 3015 4716 cultum
3042 4668 3300 4728 concepta
3326 4656 3567 4722 fuerant,
3620 4666 3679 4712 et
3709 4653 3865 4710 lauda

2302 4762 2359 4808 et
2382 4755 2581 4825 gratias
2606 4751 2959 4821 omnipotenti
2983 4750 3208 4807 Domino
3248 4747 3513 4813 referens,
3542 4742 3866 4803 ηειωῆἀέ

2300 4860 2589 4903 succensus
2611 4859 2855 4915 quaerere
2872 4844 3057 4916 erepit,
3075 4842 3345 4913 quomodo
3368 4842 3424 4897 in
3450 4841 3707 4912 pertibu
3724 4837 3870 4909 Aqui-

2303 4936 2463 5001 lonis,
2499 4937 2554 4992 in
2607 4936 2713 4992 line
2760 4934 3010 4991 videlicet
3054 4932 3264 5003 imperii
3312 4932 3414 4999 sui,
3453 4932 3649 4987 sedem
3693 4926 3871 4987 consli-

2306 5039 2457 5085 tnere
2509 5035 2693 5100 posset
2737 5025 3095 5098 episcopalem
3145 5042 3161 5079 :
3210 5022 3353 5080 unde
3395 5036 3706 5094 canym
3747 5023 3870 5077 αα

2304 5186 2390 5242 bis
2412 5202 2424 5238 :
2447 5204 2466 5237 ι
2488 5183 2640 5240 Birca
2662 5164 2749 5256 est
2766 5179 3018 5256 oppidum
3043 5176 3342 5256 Gothopum
3368 5174 3630 5256 mima-ﬁ?

2375 5257 2559 5318 situm.
2582 5268 2693 5327 non
2716 5243 2873 5327 ιοιὶεἱε
2898 5247 3058 5327 δῦρο
3083 5246 3282 5327 templo
3302 5245 3445 5327 (1⁸³9εέ

2581 5272 2873 5383 item“
3084 5272 3867 5392 issam

2304 5383 2569 5465 quo_loco
2615 5391 3018 5465 sinus__quidam
3068 5386 3186 5465 ejus
3222 5386 3379 5451 freti,
3435 5384 3579 5453 quod

2306 5459 2720 5537 velBarbarum
2749 5459 2966 5537 dicitur,
2997 5459 3051 5515 in
3095 5459 3319 5537 boream
3371 5468 3630 5537 versetis:

2309 5533 2437 5590 facit
2460 5531 2704 5604 barbaris
2730 5520 2998 5604 gentibus,
3042 5543 3167 5604 qua;
3199 5526 3304 5604 hoc}
3328 5520 3495 5604 mals—

2309 5614 2443 5667 tant,
2482 5591 2794 5667 optabilem.
2847 5591 3122 5663 Hactenus
3152 5596 3342 5656 insula
3388 5592 3647 5651 relictum
3694 5591 3867 5649 Diom

2304 5675 2642 5733 vocabulum.
2678 5691 2699 5726 ι
