4020 6338
225 259 352 327 9.75~

1779 254 1956 310 VITA.

3366 266 3476 324 9η

225 373 498 443 episcopo.
530 371 600 425 ibi
652 373 965 429 consistenti
1012 386 1174 426 causa
1221 348 1623 444 praedicationis
1674 369 1794 425 illas
1814 370 1870 444 _A
1896 367 2247 424 Anscltarium
2278 364 2562 450 prtedietus
2616 373 2908 444 imperator
2940 373 3258 432 solemniter
3283 392 3478 434 conse-

228 467 564 535 frequentius
589 461 737 540 adire
759 477 958 535 partes,
981 475 1036 520 et
1067 465 1206 520 unde
1255 465 1421 519 etiam
1463 479 1650 526 omnes
1701 461 1804 514 illa:

227 555 473 607 bat-banc
500 555 742 609 nationes
766 545 974 609 facilius
1001 556 1325 625 uberiusque
1347 569 1539 623 capere
1562 552 1804 605 valerent

225 643 395 697 divini
429 645 664 714 mysterii
689 655 1046 700 sacramenta.
1087 645 1218 701 Cum
1265 645 1445 714 itaque
1481 658 1578 712 pro
1618 634 1824 712 hujus?

227 733 375 786 modi
402 733 758 803 sollicitudine
777 749 906 790 cura
933 735 1172 807 vigilanti
1198 736 1458 798 instaret,
1484 731 1804 803 quibusdam

231 819 477 877 ﬁdelibus
497 823 609 878 suis
637 823 991 880 referentibus
1015 826 1064 881 ei
1096 825 1326 880 innotuit
1355 825 1499 894 quod
1532 839 1652 878 eum
1688 823 1804 893 glo-

229 912 390 976 riosat
419 916 688 972 memorias
707 925 860 985 pater
885 932 1016 972 suus
1045 916 1268 972 Carolus
1295 917 1568 988 Augustus
1587 931 1816 972 omnem.

232 1002 523 1058 Saxoniam
552 1004 698 1060 ferro
725 1007 1079 1075 perdomitam
1109 1015 1164 1062 et
1197 1007 1328 1078 iugo
1373 1006 1574 1062 Christi
1627 1007 1810 1062 subdi-

234 1103 345 1149 tam
369 1109 466 1164 per
488 1095 827 1166 episcopatus
867 1097 1072 1162 divisit,
1111 1098 1356 1153 ultimam
1401 1110 1609 1168 partem
1638 1099 1808 1169 ipsius

230 1185 546 1254 provinciae,
565 1201 685 1255 quae
721 1197 841 1242 erat
872 1189 926 1244 in
947 1189 1210 1259 Aquilone
1255 1189 1395 1248 ultra
1432 1191 1664 1255 Albiam,
1707 1205 1820 1244 tte—-

231 1277 360 1332 mini
409 1279 779 1348 episcoporum
827 1282 1076 1337 tuendam
1118 1283 1416 1347 commisit,
1447 1283 1542 1338 sed
1588 1283 1657 1337 ad
1706 1285 1814 1339 hoc

230 1381 514 1422 reservare
547 1371 820 1434 decrevit,
855 1383 912 1426 ut
943 1372 1013 1428 ibi
1051 1373 1559 1442 archiepiscopalem
1615 1373 1812 1428 consti-

233 1465 411 1512 tueret
432 1459 652 1514 sedem:
681 1476 746 1516 ex
767 1477 872 1530 qua
901 1463 1114 1519 Domini
1143 1465 1316 1534 gratia
1339 1463 1606 1518 tribuente
1645 1464 1810 1519 etiam

233 1549 506 1604 successio
534 1551 654 1604 lidei
684 1553 736 1606 in
763 1561 975 1609 exteras
996 1554 1280 1624 proliceret
1305 1557 1568 1612 nationes.
1599 1555 1712 1622 Qua
1743 1557 1815 1612 de

235 1655 296 1695 re
316 1641 561 1709 primitus
582 1644 746 1700 etiam
771 1645 844 1699 ibi
871 1646 1155 1702 ecclesiam
1177 1662 1274 1716 per
1295 1649 1580 1717 quemdam
1602 1649 1812 1718 episco-

1907 459 2050 514 crari
2081 470 2102 497 ο
2152 459 2278 536 fecit
2325 461 2806 533 archiepiscopum,
2833 461 3162 538 permanus
3210 467 3476 538 Drogonis

1907 551 2158 606 Metensis
2183 547 2422 624 praesulis
2445 564 2498 608 et
2520 539 2740 612 summae
2778 565 3084 628 sancteque
3123 558 3374 629 palatina:
3397 559 3479 617 di-

1905 642 2128 720 gnitatis
2172 653 2294 698 tunc
2324 645 2767 715 archicapellani,
2792 649 3092 702 astantibus
3121 650 3482 720 archiepisco-

1908 732 2009 800 pis,
2039 715 2220 787 Elione
2271 733 2580 798 Rbemensi,
2607 735 2750 791 Hetti
2793 737 3131 803 Treverensi,
3161 747 3216 794 et
3259 715 3482 811 Oigario

1908 811 2346 892 Magontiaceusi,
2379 841 2483 878 ttna
2517 841 2638 880 cum
2684 825 2927 897 pluribus
2953 829 3092 894 aliis,
3125 831 3178 884 in
3213 841 3481 885 conventu

1909 913 2135 982 imperii,
2165 915 2479 984 praesulibus
2529 917 2900 987 congregatis;
2934 919 3308 974 assistentibus
3349 936 3486 990 quo-

1907 1020 2047 1076 que,
2077 1015 2128 1059 et
2173 1008 2628 1062 consentientibus
2694 1023 2757 1060 ac
2793 1011 2994 1076 pariter
3045 1012 3486 1066 consecrantibus

1909 1091 2238 1166 Helingando
2273 1108 2326 1152 et
2369 1099 2646 1154 Willerico
2691 1100 2956 1169 episcopis
2997 1119 3011 1154 :
3055 1118 3086 1154 a
3135 1103 3330 1170 quibus
3368 1099 3484 1171 jam

1909 1181 2079 1244 dictas
2107 1191 2372 1258 parochiae
2405 1191 2544 1246 illitis
2570 1201 2749 1261 partes
2780 1195 3179 1248 commcndatas
3220 1204 3483 1264 cmperal.

1908 1279 1976 1334 Et
1999 1281 2122 1348 quia
2145 1279 2396 1335 dimcesis
2429 1281 2514 1334 illa
2547 1281 2598 1334 in
2629 1281 2944 1350 periculosis
2981 1281 3160 1338 fuerat
3194 1284 3326 1340 locis
3356 1301 3485 1338 con-

1909 1369 2118 1442 stituta,
2134 1375 2201 1424 n‘e
2222 1378 2442 1442 propter
2458 1369 2804 1424 barbarorum
2829 1371 3194 1427 imminentem
3224 1375 3504 1428 saevitiam.

1911 1457 2089 1526 aliquo
2110 1459 2266 1512 modo
2291 1458 2580 1528 deperiret,
2595 1469 2651 1514 et
2676 1461 2798 1528 quia
2829 1463 3150 1517 omnimodis
3172 1479 3332 1531 parva
3347 1474 3485 1523 erat.

1911 1549 2198 1619 quamdam
2245 1549 2434 1604 cellam
2482 1551 2534 1604 in
2565 1549 2738 1606 Gallia
2758 1591 2774 1615 ,
2807 1550 3072 1606 Turholtd
3105 1561 3380 1618 vocatam,
3421 1556 3490 1610 ad

1909 1645 2155 1699 eamdem
2183 1644 2367 1699 sedem
2408 1655 2664 1714 perpetuo
2697 1645 3026 1704 servituram
3074 1645 3190 1714 ejus
3239 1647 3490 1718 legationi

234 1747 362 1802 pum
393 1733 577 1790 Galliae
596 1775 611 1800 ,
647 1736 980 1792 Atnalarium
1004 1749 1031 1778 ι
1061 1740 1298 1803 nomine,
1334 1741 1637 1795 consecrari
1661 1740 1808 1796 fecit.
1841 1718 1888 1777 Β
1917 1735 2156 1792 tradidit.

233 1823 428 1882 Postea
456 1825 617 1880 etiam
645 1826 814 1896 ipsam
835 1828 1148 1896 parochiam
1181 1830 1514 1902 presbytero,
1547 1832 1814 1888 lleridacb

236 1915 485 1980 nomine,
535 1917 840 1986 specialiter
886 1919 1290 1988 gubernandam
1337 1923 1609 1977 commisit
1653 1941 1664 1974 :
1716 1935 1817 1976 nec

235 2005 454 2060 omnino
476 2007 644 2061 voluit
669 2015 727 2064 ut
748 2007 911 2062 vicini
938 2008 1174 2078 episcopi
1201 2009 1401 2078 aliquid
1428 2013 1706 2079 potestatis
1727 2027 1818 2066 suo

235 2112 335 2167 per
385 2113 506 2152 eum
545 2098 719 2152 locum
767 2099 1047 2152 haberent.
1105 2099 1278 2166 Quem
1328 2101 1490 2155 etiam
1543 2104 1818 2173 presbyte-

239 2203 357 2244 rum
389 2189 696 2242 consecrari
755 2190 1091 2259 disposuerat
1140 2192 1476 2263 episcopum.
1522 2195 1615 2249 sed
1670 2195 1818 2250 velo-

239 2277 358 2331 cior
381 2278 499 2346 ejus
522 2277 588 2332 de
617 2278 716 2334 hac
743 2278 864 2336 luce
899 2281 1160 2338 transitus
1188 2282 1294 2338 hoc
1329 2299 1398 2338 ne
1438 2285 1611 2349 fieret,
1644 2284 1818 2359 impe-

237 2367 389 2422 divit.
574 2366 602 2394 ‘

239 2501 429 2558 Sedem
459 2503 841 2581 Hammqbttrgi
868 2527 899 2564 a
927 2507 1118 2564 Carolo
1141 2511 1465 2581 designatum
1493 2530 1524 2566 α
1560 2511 1821 2568 Ludovico

379 2585 601 2630 erectam
626 2579 836 2632 obtinet.
866 2579 1294 2650 Arcltiept'scoptts
1319 2595 1673 2636 consecratur.

311 2685 395 2739 l9.
429 2683 559 2740 Post
582 2685 789 2742 obitum
834 2689 1014 2760 itaque
1065 2699 1225 2746 tantm
1273 2693 1544 2746 memoriae
1573 2693 1819 2762 Augusti,

237 2776 350 2831 lilio
380 2778 512 2847 ejus,
544 2779 854 2846 supradicto
879 2781 1129 2836 videlicet
1169 2783 1496 2850 imperatore
1523 2783 1818 2849 Ludovico,

237 2869 295 2924 in
333 2870 456 2924 sedc
514 2870 661 2940 regni
695 2870 810 2938 ejus
843 2873 1104 2928 collocato
1141 2877 1550 2944 suggerentibus
1599 2877 1819 2944 quibus-

240 2959 385 3021 dam.
406 2967 612 3028 partem
637 2959 779 3015 illam
809 2963 1120 3032 provinciae,
1143 2980 1263 3033 quae
1287 2966 1423 3019 ttltra
1446 2965 1652 3020 Albiatn
1677 2976 1814 3034 erat,

1916 1869 1958 1923 Α
1986 1867 2237 1940 Gregorio
2263 1867 2290 1921 I
2309 1866 2349 1920 V
2371 1867 2731 1940 conﬁrmatus,
2779 1866 3114 1940 constituitur
3156 1867 3354 1938 legatus
3398 1867 3494 1925 Se-

2473 1935 2913 2005 ptetttrionalium.

1987 2047 2078 2102 20.
2109 2046 2178 2100 Et
2225 2054 2283 2100 ut
2311 2047 2426 2100 haac
2468 2046 2645 2100 omnia
2684 2053 2999 2114 perpetuum
3030 2060 3140 2100 sua:
3187 2047 3496 2104 stabilitatis

1918 2139 2215 2194 retinerent
2258 2136 2520 2206 vigorem,
2551 2151 2670 2190 eum
2700 2136 3084 2190 honorabiliter
3113 2137 3178 2192 ad
3208 2138 3388 2192 sedem
3417 2139 3496 2191 tli-

1919 2231 2060 2285 rexit
2107 2227 2499 2298 apostolicam,
2526 2233 2581 2282 et
2603 2239 2698 2296 per
2745 2227 2938 2280 missos
2990 2242 3116 2280 suos
3162 2211 3496 2282 venerabiles

1917 2319 2242 2374 Bernoldum
2265 2327 2320 2373 et
2347 2317 2634 2372 Batoldum
2655 2317 2956 2388 episcopos,
2982 2333 3044 2372 ac
3064 2317 3350 2372 Geroldum
3383 2319 3500 2373 illu-

1919 2409 2242 2465 strissimum
2264 2409 2514 2462 comitem
2547 2418 2592 2470 ο,
2621 2421 2834 2460 ornem
2861 2407 3001 2461 hanc
3051 2407 3310 2462 rationem
3369 2423 3498 2463 san-

1921 2501 2188 2555 ctissimos
2231 2514 2379 2568 papcc
2412 2498 2672 2568 Gregorio
2717 2497 2950 2552 intimari
2997 2497 3126 2553 fecit
3175 2500 3502 2556 confirmanJ

1922 2595 2067 2650 dam.
2097 2596 2248 2662 Quod
2281 2595 2445 2649 etiam
2499 2595 2612 2664 ipse
2638 2602 2748 2647 tam
2793 2593 2995 2647 decreti
3043 2594 3123 2648 sui
3153 2595 3498 2662 auctoritate,

1921 2702 2082 2756 quam
2137 2687 2300 2740 etiam
2345 2684 2486 2754 pallii
2533 2685 2780 2749 datione,
2839 2697 2988 2738 more
3043 2685 3500 2754 prtcdccessorum

1921 2793 2140 2834 suorum
2173 2777 2462 2838 roboravit,
2493 2785 2660 2844 atque
2689 2776 2863 2844 ipsum
2892 2775 2944 2828 in
2974 2775 3262 2846 praesentia
3305 2775 3502 2831 consti-

1923 2879 2094 2925 tutum
2143 2870 2378 2941 legatum
2409 2869 2462 2922 in
2488 2869 2737 2922 omnibus
2784 2869 3206 2938 circumquaque
3253 2868 3501 2936 gentibus

1925 2961 2196 3018 Sueonum
2227 2962 2340 3016 sive
2373 2961 2674 3024 Danorum,
2705 2973 2912 3014 necnon
2961 2961 3122 3014 etiam
3159 2957 3500 3024 Sclavorum,

237 3051 296 3104 in
333 3051 438 3105 dtto
471 3052 684 3116 divisit,
713 3060 766 3106 et
809 3051 1016 3106 duobus
1037 3053 1230 3108 vicinis
1255 3055 1520 3124 episcopis
1549 3055 1574 3092 b
1606 3057 1820 3110 interim
1849 3074 1894 3135 ο
1925 3053 2256 3121 aliarumque
2278 3052 2330 3104 in
2355 3050 2632 3118 Aquilonis
2657 3051 2897 3120 partibus
2922 3051 3160 3118 gentium
3185 3051 3504 3104 constituta-

237 3141 654 3198 commendavit.
681 3138 800 3197 Non
835 3143 980 3198 enim
1008 3143 1141 3198 satis
1165 3145 1393 3198 attendit
1420 3147 1588 3212 patris
1619 3146 1699 3200 sui
1727 3161 1818 3200 su-

238 3247 336 3304 per
361 3233 460 3287 hoc
487 3233 948 3298 constitutionem,
982 3242 1074 3288 aut
1107 3243 1253 3288 certe
1293 3235 1617 3290 omnimodis
1665 3236 1816 3305 igno-

240 3325 398 3378 rarit.
429 3324 504 3378 ita
532 3339 661 3378 vero
689 3323 827 3378 facta
845 3324 1150 3388 occasione,
1178 3340 1281 3394 qtta
1300 3325 1414 3395 jam
1447 3327 1579 3381 lides
1614 3325 1822 3382 Chriéti

239 3415 296 3468 in
333 3416 574 3484 partibus
602 3415 871 3470 Danornm
917 3426 1080 3485 atque
1125 3417 1398 3470 Sueonum
1446 3431 1544 3487 per
1588 3419 1822 3488 gratiam

240 3504 337 3558 Dei
371 3505 696 3562 fructificare
725 3515 982 3575 coeperat,
1008 3506 1222 3577 cognito
1250 3507 1417 3576 patris
1445 3509 1525 3562 sui
1567 3518 1720 3572 voto,
1753 3524 1822 3564 ne

237 3595 368 3664 quid
417 3596 532 3666 ejus
569 3593 728 3652 studii
779 3595 1157 3666 imperfectum
1209 3605 1534 3660 remaneret,
1565 3613 1667 3652 ttna
1701 3613 1821 3652 cum

239 3703 507 3744 consensu
537 3690 912 3759 episcoporum
957 3705 1020 3744 ac
1048 3689 1278 3760 plurimo
1308 3689 1494 3760 synodi
1531 3699 1821 3755 conventu,

237 3783 298 3836 in
327 3781 542 3852 przei'ula
574 3781 758 3835 ultima
787 3780 1037 3836 Saxonire
1079 3781 1298 3849 regione
1325 3790 1474 3836 trans
1501 3781 1738 3846 Albiam,
1765 3781 1822 3836 in

240 3873 460 3928 civitate
497 3871 854 3942 Hammaburg
881 3872 1061 3926 sedem
1091 3873 1367 3926 constituit
1393 3873 1826 3942 archiepiscopa-

241 3962 372 4023 lem,
388 3962 470 4015 cui
485 3962 786 4029 subiaceret
800 3961 1043 4015 universa
1067 3960 1548 4032 Nordalbingorum
1562 3961 1822 4028 Ecclesia,

242 4061 294 4104 et
323 4053 387 4104 ad
413 4067 571 4121 quam
615 4051 908 4120 pertineret
953 4055 1190 4106 omnium
1243 4052 1518 4121 regionum
1547 4051 1828 4120 aquilona-

245 4141 373 4194 lium
406 4149 660 4210 pntestas,
697 4143 760 4194 ad
796 4141 1202 4196 constituendos
1229 4144 1510 4211 episcopos
1550 4145 1664 4196 sive
1707 4157 1828 4212 pre-

246 4233 490 4302 sbyteros
518 4233 568 4284 in
601 4231 717 4285 illas
745 4241 926 4301 partes
959 4247 1059 4300 pro
1087 4232 1286 4285 Christi
1311 4233 1532 4284 nomine
1556 4233 1828 4286 destinan-

227 4339 237 4343 ν
249 4321 364 4376 dos.
381 4321 461 4374 Ad
483 4321 621 4373 hanc
641 4334 768 4388 ergo
793 4320 972 4373 sedem
995 4321 1249 4372 domuum
1271 4328 1327 4373 et
1351 4318 1568 4374 Patrem
1585 4330 1826 4374 nostrum

323 4487 348 4518 α
383 4475 760 4530 Trevirensem
799 4472 1034 4536 scilicet,
1069 4473 1123 4526 ni
1150 4471 1334 4533 fallor,
1375 4472 1537 4526 alium
1570 4473 1638 4526 ab
1665 4473 1826 4528 Ama-

252 4545 386 4600 lario
409 4545 670 4614 scriptore
691 4545 951 4597 librorum
974 4543 1039 4596 de
1071 4541 1264 4614 divinis
1284 4539 1505 4614 Officiis,
1529 4543 1618 4612 qui
1641 4553 1828 4599 ιιιιε-ιοι-

251 4615 475 4670 Romam
507 4612 779 4684 profectus
805 4622 889 4684 est
923 4627 1064 4666 anno
1088 4613 1211 4675 851,
1248 4627 1314 4666 ex
1341 4612 1479 4684 libro
1530 4615 1594 4668 de
1641 4614 1829 4684 ordine

226 4687 628 4752 'Antiphonarii
653 4699 770 4754 cap.
811 4683 912 4747 58;
953 4697 1058 4751 quo
1085 4692 1328 4752 tempore
1355 4683 1598 4754 ecclesia:
1646 4683 1830 4738 Trevi—

255 4759 398 4817 rensi
446 4763 516 4812 ab
567 4753 729 4822 anno
766 4754 992 4819 decimo
1029 4754 1350 4823 praesidebat
1379 4753 1532 4823 Allctti
1567 4754 1828 4820 Atnalarji

255 4831 564 4890 successer,
595 4828 659 4881 dc
683 4821 790 4896 Quo
815 4821 1043 4878 nuntero
1069 4825 1332 4896 sequenti.
1377 4821 1696 4896 Ludovicus
1718 4823 1828 4896 Au-

255 4905 440 4966 gustus
464 4898 515 4966 in
544 4889 810 4966 praecepto
849 4910 946 4948 suo
973 4889 1161 4963 postea
1182 4889 1830 4966 referendolPuJ'ojogite

255 4961 379 5018 iam.
405 4961 643 5037 CI‘Vfait
669 4961 1285 5037 episcoptttnquetndam
1311 4977 1386 5037 erg
1407 4964 1616 5037 remotis
1645 4961 1833 5037 Gellia:

226 5057 234 5066 ·
253 5036 507 5106 partibus,
526 5031 753 5090 nomine
773 5031 1124 5106 Amalarittm,
1148 5031 1525 5106 ﬂammabat-gi
1551 5033 1831 5088 ecclesiam

256 5100 626 5172 consecrasse,
656 5107 796 5160 nulla
821 5107 965 5160 sedis
989 5101 1105 5170 ejus
1140 5103 1411 5172 mentione
1439 5100 1598 5172 facta.

329 5175 358 5214 δ
388 5171 651 5231 Nimirum
709 5175 982 5228 Bremensi
1039 5181 1096 5227 et
1141 5171 1417 5236 Ferdensi,
1448 5171 1722 5227 Willerico
1775 5185 1808 5225 e

222 5261 230 5272 '
260 5243 574 5314 ﬂeiigaudo,
606 5246 672 5300 de
695 5245 895 5316 quibus
909 5243 1084 5316 infra.
1203 5313 1217 5316 _
1495 5311 1507 5316 Α
1576 5312 1585 5316 _
1627 5311 1638 5316 Α
1795 5267 1800 5274 ·

331 5326 355 5356 ε
386 5311 440 5387 Μ
466 5311 689 5387 contigit
713 5311 855 5368 anno
874 5312 1012 5379 8-52,
1061 5313 1315 5387 mendose
1368 5311 1508 5380 apud
1561 5311 1824 5387 Adamnan

259 5399 402 5442 anno
423 5386 548 5450 855,
566 5383 846 5455 εἱῖιυίιιθω
865 5393 1094 5455 testante
1119 5384 1306 5437 eodem
1331 5391 1569 5442 auctore,
1592 5383 1832 5455 Anscha-

262 5456 376 5512 rius
420 5457 555 5512 obiit
601 5453 746 5510 anno
801 5454 925 5519 865,
959 5453 1320 5523 episcopatus
1376 5467 1518 5506 anno
1575 5453 1832 5506 vicesimo

261 5537 472 5596 quarto.
615 5595 622 5596 ί
706 5595 709 5596 ν
917 5595 923 5596 7
1317 5557 1332 5596 ς
1352 5593 1363 5596 _
1518 5591 1575 5596 ___
1701 5592 1713 5596 _
1787 5557 1796 5568 ο

331 5596 360 5638 δ
393 5597 537 5652 Cella
585 5595 960 5651 Turholtensis
987 5633 1000 5660 ,
1035 5607 1177 5647 nunc
1206 5593 1458 5660 oppidum
1516 5591 1830 5646 Thumltani

262 5669 548 5724 minitatus
567 5675 728 5737 caput
748 5665 1012 5719 Flandria:
1033 5664 1364 5734 contiguum.
1389 5662 1687 5716 Anschal'io
1709 5675 1834 5718 con-

1856 4441 1908 4500 D

1927 3157 2070 3206 rum,
2099 3157 2204 3195 una
2232 3155 2353 3195 cum
2392 3139 2574 3194 Ebone
2603 3138 2891 3193 Rbemcnsi
2941 3139 3368 3208 archiepiscopo,
3409 3139 3506 3210 qui

1925 3232 2098 3302 ipsam
2125 3229 2445 3300 legationem
2483 3237 2606 3282 ante
2633 3237 2960 3298 susceperat,
2995 3228 3278 3298 delegavit,
3303 3238 3358 3282 et
3377 3237 3506 3283 ante

1925 3337 2121 3394 corpus
2163 3330 2220 3376 ct
2245 3320 2635 3375 confessionem
2673 3319 2843 3374 sancti
2883 3318 3026 3372 Petri
3069 3318 3290 3388 apostoli
3325 3319 3503 3389 publi-

1927 3429 2044 3470 cam
2084 3411 2486 3482 evangelizandi
2541 3409 2726 3463 tribuit
2773 3411 3168 3475 auctoritatem,
3196 3417 3251 3464 et
3293 3425 3360 3464 ne
3401 3411 3502 3465 ho-

1927 3513 2046 3560 rum
2072 3505 2362 3574 quidquam
2384 3503 2436 3556 in
2463 3501 2702 3556 futurum
2729 3502 2940 3556 irritum
2968 3503 3136 3564 fieret,
3169 3518 3380 3558 omnem
3417 3517 3504 3556 re-

1925 3601 2202 3654 sistentem
2233 3609 2287 3654 et
2323 3599 2812 3662 contradicenlem,
2843 3598 2926 3652 vel
2953 3597 3188 3666 quolibet
3219 3597 3374 3653 modo
3420 3597 3506 3653 his

1929 3689 2134 3745 sanctis
2161 3691 2354 3745 studiis
2375 3689 2601 3759 piissimi
2629 3689 2966 3758 imperatoris
2989 3689 3350 3755 insidiantem,
3377 3704 3508 3744 ana-

1933 3781 2184 3834 tltematis
2209 3795 2462 3834 mucrone
2497 3778 2779 3848 percussit,
2813 3787 2974 3847 atque
2999 3787 3254 3848 perpetua
3303 3778 3506 3834 ultione

1931 3886 2081 3926 reum
2113 3869 2376 3924 diabolica
2422 3877 2566 3923 sorte
2605 3868 2898 3922 damnavit.
2931 3867 3121 3932 Porro,
3151 3876 3208 3922 ut
3238 3869 3506 3938 prtemisi-

1931 3975 2084 4025 mus,
2139 3961 2328 4014 eadem
2377 3958 2574 4027 legatio
2621 3959 2942 4014 auctoritate
2987 3957 3263 4015 Paschalis
3307 3959 3502 4031 papat

1929 4051 2101 4106 Eboni
2147 4050 2440 4105 Rhemensi
2493 4051 2900 4120 archiepiscopo
2943 4051 3092 4119 prius
3134 4052 3508 4106 commendata

1931 4142 2124 4195 fuerat.
2173 4142 2448 4210 Siquidem
2480 4141 2593 4210 ipse
2639 4141 2719 4207 (ut
2745 4140 3036 4211 credimus)
3087 4142 3269 4196 divino
3298 4140 3510 4195 alllatus

1933 4232 2158 4301 Spiritu,
2187 4247 2286 4300 pro
2316 4233 2594 4286 vocatione
2623 4232 2880 4298 gentium,
2903 4240 2957 4284 et.
2982 4231 3213 4284 niaximc
3235 4231 3508 4284 Danorum

1915 4335 2068 4390 quos
2094 4321 2148 4374 in
2179 4320 2378 4389 palatio
2400 4320 2592 4387 sapius
2623 4318 2850 4382 viderat,
2878 4326 2932 4372 et
2959 4317 3223 4372 diaboltco
3252 4319 3510 4387 deceptos

1933 4493 2085 4532 cessa
2113 4485 2195 4531 est
2219 4489 2359 4530 anno
2378 4474 2500 4536 835,
2530 4481 2758 4527 testante
2781 4471 3054 4525 Adamoin
3083 4469 3174 4523 lib.
3202 4485 3240 4534 ι,
3269 4485 3387 4538 cap.
3418 4471 3507 4534 Π.

1933 4546 2094 4602 Ccllre
2123 4547 2277 4600 istius
2305 4545 2363 4597 lit
2391 4545 2592 4597 mentio
2613 4543 2664 4596 in
2697 4542 2813 4595 Vita
2847 4539 2904 4596 S.
2935 4539 3188 4602 Bavonis,
3216 4541 3410 4595 saeculo
3445 4557 3508 4596 ll.

2010 4615 2225 4684 eCujus
2276 4613 2400 4675 loci,
2453 4614 2738 4684 incertum.
2789 4611 2976 4684 Exstat
3011 4611 3226 4684 quidem
3283 4611 3512 4684 epistola

1935 4680 2160 4740 formata
2187 4684 2502 4746 Wolfeonis,
2533 4681 2956 4738 Constantiensis
2984 4681 3217 4750 episcopi
3235 4721 3250 4742 ,
3279 4683 3343 4733 ad
3377 4680 3512 4734 Ber.

1913 4758 2140 4812 -naltum
2166 4795 2182 4818 ,
2228 4756 2698 4824 Argentariensem
2739 4752 3068 4824 episcopum,
3097 4750 3513 4824 apud_Sirtn_on-

1938 4828 2063 4880 dum
2098 4827 2148 4878 in
2176 4819 2332 4880 torno.
2356 4824 2414 4877 Ill
2447 4819 2806 4878 Conciliorutit
2845 4821 3028 4876 Galliae
3061 4839 3072 4871 :
3107 4821 3197 4888 qui
3231 4819 3510 4878 Bernaltus

1938 4898 2078 4966 apud
2106 4895 2521 4966 Guillimannutn
2566 4893 2850 4966 on‘tittitur.
2879 4891 2963 4966 ᾼι⁸
2992 4891 3366 4966 (ξιξιιιέερὶδῳιίι
3409 4891 3510 4965 illa

1938 4958 2062 5019 data
2090 4967 2159 5020 sit
2180 4979 2320 5018 anno
2352 4965 2474 5028 817,
2500 4972 2554 5017 et
2577 4962 2734 5025 Utho,
2765 4963 2905 5014 haud
2935 4961 3090 5012 dubie
3120 4958 3358 5015 Bct'nalti
3383 4959 3508 5017 sitc-

1913 5051 2140 5098 'cessor,
2164 5035 2387 5089 consilio
2409 5031 2827 5102 Aquisgranensi
2849 5045 2988 5084 anno
3003 5029 3534 5102 829sttbs0t'ipsisse.

1935 5107 2165 5171 dicatur,
2199 5107 2264 5160 de
2286 5106 2390 5159 alio
2411 5101 2672 5157 Bernolth
2701 5102 2786 5154 hic
2816 5101 2964 5171 locus
2989 5101 3376 5171 intelligendus
3408 5109 3510 5156 est.

1934 5168 2196 5230 Geroldus
2221 5189 2403 5230 eomes
2423 5183 2540 5228 erat
2567 5171 2858 5242 Pannonici
2891 5168 3079 5224 limitis
3109 5168 3411 5242 praefectus,
3443 5186 3513 5226 ex

1910 5246 2240 5314 "Egiultartlo
2268 5245 2334 5297 ad
2358 5259 2556 5299 annum
2585 5240 2708 5314 8'26.

2009 5315 2028 5354 ι
2060 5314 2336 5368 Paschalis
2371 5315 2474 5368 hac
2509 5314 2574 5367 dc
2629 5311 2893 5381 legatione
2926 5308 3344 5381 Iitterasgrcfert
3393 5307 3515 5381 Plii-

1937 5385 2109 5454 lippus
2132 5385 2331 5445 Ct'csar,
2365 5392 2419 5438 et
2443 5399 2508 5454 ex
2537 5399 2602 5436 eo
2637 5377 3028 5454 lletzschcnius,
3053 5379 3248 5454 quibus
3272 5377 3510 5454 pontifex

1937 5445 2108 5510 ΕἸίοηὶ
2139 5463 2456 5522 potestatem
2474 5453 2610 5506 .facit
2632 5455 2682 5506 in
2708 5454 2950 5520 partibus
2976 5445 3252 5522 Aqtiilouis
3274 5445 3516 5522 dissemi:

1939 5525 2095 5594 nandi
2140 5517 2409 5594 Evangelii
2445 5541 2544 5576 una
2579 5517 3328 5594 eum'llalitgarin'n‘tinistro.
3363 5517 3514 5585 Quo“

1937 5593 2201 5650 Barnnius
2229 5593 2440 5650 revocat
2469 5595 2533 5648 ad
2563 5609 2760 5646 unntnu
2788 5593 2908 5644 8'25.
