4020 6338
546 327 654 386 975

1483 320 1544 376 8.
1583 316 1954 376 ANSCHARII
1990 311 2527 372 HAMBURGENSIS
2561 312 2870 374 EPISCOPl

545 454 736 498 errore
767 437 1009 504 dolebat;
1059 435 1455 492 ferventissimo
1478 432 1704 489 ardebat
1743 431 2012 488 desiderio
2035 470 2050 495 ,
2078 437 2134 484 et
2159 432 2211 495 Α
2233 427 2424 486 vitium
2475 427 2571 483 Dei
2612 429 2886 484 educaret.
2927 427 3168 495 Quorum
3203 429 3470 500 quosdam
3518 428 3602 484 ad
3651 427 3889 485 cellam

546 549 649 606 pro
694 533 894 588 Christi
939 529 1157 586 nomine
1196 543 1255 584 se
1296 541 1501 596 suaque
1551 526 1734 581 omnia
1793 525 1861 580 ad
1909 523 2136 578 salutem

549 627 792 699 gentium
828 624 1042 680 tradere
1065 623 1335 694 cupiebat.
1364 621 1463 677 Cui
1487 623 1650 676 etiam
1697 620 1928 675 domnus
1962 618 2136 687 impe-

546 730 705 778 rator
729 720 907 775 locum
928 733 1094 773 unum
1125 717 1264 772 ultra
1293 715 1502 770 Albiam
1528 756 1540 779 ,
1571 713 1662 785 qui
1691 722 1917 768 vocatur
1955 711 2140 766 Wela—

545 829 653 869 nao
677 824 730 878 ι,
757 811 996 874 dederat,
1027 817 1087 862 ut
1113 807 1324 878 quoties
1374 805 1494 860 illas
1539 803 1593 858 iu
1635 813 1819 874 partes
1867 809 2136 872 pergeret,

544 903 728 965 locum
749 899 1076 957 subsistendi
1111 897 1182 951 ibi
1211 896 1456 951 haberet.
1515 892 1786 948 Multoties
1816 891 1996 960 itaque
2027 891 2140 960 ipse

546 994 614 1050 ad
645 992 894 1049 eumdem
923 991 1072 1046 venit
1094 989 1304 1053 locum,
1334 996 1390 1043 et
1418 1003 1516 1059 pro
1553 985 1827 1041 lucrandis
1856 984 2138 1038 animabus

548 1083 722 1150 multa
753 1083 807 1137 in
833 1080 1118 1152 Aquilonis
1143 1079 1387 1148 partibus
1413 1076 1770 1148 dispensavit.
1799 1089 1863 1131 ac
1881 1074 2143 1145 plurimos

551 1175 802 1247 religioni
839 1172 1277 1230 Christianorum
1319 1168 1583 1238 adiunxit,
1611 1178 1772 1238 atque
1812 1167 1868 1221 in
1900 1165 2005 1221 ﬁde
2051 1180 2142 1220 ca-

551 1266 751 1322 tholica
779 1264 1074 1322 roboravit.

555 1393 910 1450 Gauzbertum
941 1394 1233 1464 episcopum
1260 1392 1555 1464 udjtttorem
1578 1390 1796 1462 accipit,
1826 1388 2058 1461 aliosque
2077 1405 2142 1444 ea:

1144 1463 1363 1518 Corbem
1385 1462 1559 1517 veleri.

627 1577 717 1631 21.
751 1575 950 1630 Verum
980 1580 1103 1644 post
1127 1573 1520 1629 ordinationem
1551 1571 1731 1628 domui
1767 1579 1822 1627 et
1848 1571 2025 1627 Patris
2048 1585 2144 1626 no-

557 1668 656 1725 stri
705 1666 988 1722 Anscharii
1032 1665 1284 1735 superius
1330 1665 1808 1734 comprehensam,
1840 1663 2016 1718 visum
2061 1669 2144 1716 est

555 1759 684 1826 illis,
718 1759 784 1814 de
809 1758 996 1813 eadem
1028 1757 1295 1830 legatione
1317 1756 1461 1810 inter
1499 1771 1560 1812 se
1606 1755 2008 1811 conferentibus
2051 1772 2144 1812 ne—

556 1851 858 1908 cessarinm
897 1864 1054 1913 esse,
1088 1857 1148 1903 ut
1175 1847 1371 1917 aliquis
1413 1847 1486 1902 illi
1535 1848 1884 1903 ordinaretur
1909 1847 2142 1917 adjutor,

557 1943 651 2015 qui
687 1943 740 1998 in
790 1941 1034 2012 partibus
1067 1938 1341 1996 Sueonum
1384 1938 1669 1996 ministerii
1710 1939 2030 2011 episcopalis
2067 1938 2148 1995 of-

557 2035 684 2092 ﬁcio
712 2034 1025 2105 fungeretur
1051 2049 1064 2085 :
1089 2031 1344 2102 quoniam
1367 2030 1422 2085 in
1454 2031 1672 2103 regione
1713 2040 1821 2085 tam
1863 2031 2021 2102 longe
2049 2045 2147 2100 po-

559 2127 665 2184 sita
697 2140 936 2197 prmsens
973 2125 1164 2180 adesse
1195 2124 1415 2180 deberet
1458 2122 1722 2195 pontifex,
1763 2134 1818 2180 et
1858 2124 1973 2195 ipse
2001 2125 2149 2180 solus

559 2217 630 2274 ad
650 2226 942 2286 utrumque
967 2216 1143 2271 locum
1181 2216 1362 2270 minus
1392 2215 1681 2270 sulliceret.
1715 2215 1850 2271 Cum
1880 2231 2147 2272 consensu

557 2313 744 2385 itaque
772 2323 828 2368 et
855 2311 1132 2368 voluntate
1155 2311 1396 2381 praedicti
1429 2310 1770 2379 imperatoris
1787 2351 1801 2376 ,
1826 2311 2150 2366 venerabilis

561 2403 679 2461 Ebo
707 2405 992 2474 quemdam
1019 2403 1378 2474 propinquum
1403 2417 1559 2458 suum
1578 2444 1592 2465 ,
1617 2401 1982 2458 Gauzbertum
2027 2402 2148 2474 [al.,

560 2491 942 2566 Gautbertum]
975 2493 1210 2555 nomine,
1242 2493 1309 2548 ad
1340 2493 1442 2548 hoc
1466 2507 1602 2563 Opus
1640 2493 1894 2559 electum,
1922 2502 1977 2549 et
2018 2509 2152 2563 pon-

561 2585 750 2642 tiﬁcali
779 2585 1092 2656 insignitum
1120 2585 1451 2648 honore,ad
1499 2595 1680 2654 partes
1735 2585 1930 2639 direxit
1985 2583 2154 2638 Suco-

560 2692 726 2743 num;
758 2676 954 2747 cuique
980 2676 1277 2731 ministeria
1314 2675 1682 2731 ecclesiastica
1731 2685 1785 2732 et
1813 2676 2154 2731 necessarios

563 2776 811 2839 sumptus
842 2775 950 2822 tam
982 2783 1048 2823 ex
1091 2782 1188 2823 sua
1218 2783 1381 2839 quam
1430 2782 1495 2823 ex
1526 2768 1740 2822 datione
1768 2767 1914 2838 regia
1943 2766 2154 2822 abunde

565 2860 776 2922 tribuit,
808 2874 1038 2928 eumque
1065 2861 1221 2928 quasi
1249 2859 1365 2913 vice
1391 2874 1488 2912 sua
1525 2859 1553 2897 δ
1582 2859 1673 2927 qui
1721 2858 1920 2912 ibidem
1961 2856 2154 2928 prwdi-

566 2951 726 3006 candi
757 2947 990 3004 ollieium
1018 2951 1169 3019 prius
1195 2949 1519 3004 auctoritate
1553 2949 1846 3018 apostolica
1887 2950 2156 3019 suscepis-

568 3051 672 3108 set,
695 3042 929 3111 legatum
969 3041 1023 3096 in
1053 3040 1305 3112 gentibus
1354 3039 1631 3096 Sueonum
1682 3056 1802 3096 esse
1848 3041 2151 3108 constituit,

2235 521 2548 590 praedictam
2592 519 2806 574 Turholt
2845 521 3165 578 nutriendos
3197 522 3378 594 posuit

2237 627 2361 667 cum
2399 627 2464 668 eo
2494 613 2581 668 hic
2609 627 2676 667 ex
2703 613 2960 669 societate
2997 623 3175 670 vestra
3203 618 3374 672 sancti
3417 615 3628 672 Patres
3672 620 3883 672 nostri

2237 714 2293 760 et
2322 705 2585 777 magistri,
2615 721 2844 778 quorum
2875 707 3120 763 doctrina
3165 716 3220 764 et
3265 708 3625 765 institutione
3671 707 3882 766 felici—

2240 803 2324 851 ter
2348 797 2627 852 nobiscum
2656 797 2930 869 religionis
2957 798 3152 854 divina:
3179 800 3345 856 crevit
3376 801 3600 872 opinio.

2241 927 2636 1000 ﬂammaburgo
2655 947 2687 984 a
2713 931 2897 1003 piratis
2923 941 3147 995 vastato,
3177 935 3410 988 omnium
3453 950 3652 988 rerum
3671 933 3881 1003 jactu-

2596 1017 2709 1054 ram
2732 1001 2830 1071 fert
2848 1004 3105 1072 patienter
3125 1003 3470 1060 Amcltaritts.

2310 1108 2400 1163 22.
2436 1106 2630 1164 Verum
2662 1125 2786 1165 cum
2809 1109 2927 1167 haec
2955 1112 3009 1167 in
3046 1122 3274 1183 utraque
3299 1124 3458 1185 parte
3489 1114 3880 1173 laudabiliter

2241 1207 2298 1255 et
2326 1200 2437 1255 Deo
2470 1201 2629 1273 digne
2659 1213 2970 1273 agerentur,
3017 1205 3242 1276 contigit
3287 1221 3352 1261 ex
3403 1207 3739 1277 improviso
3783 1210 3868 1278 pi-

2243 1300 2392 1345 ratas
2438 1292 2788 1349 advenientes
2818 1293 3372 1367 llammaburgensem
3403 1296 3716 1352 civitatem
3778 1315 3874 1353 na-

2242 1383 2387 1454 vigio
2406 1385 2844 1443 circumdedisse.
2871 1387 3022 1456 Quod
3039 1404 3161 1444 cum
3179 1390 3456 1460 inopinate
3479 1400 3537 1446 et
3557 1392 3867 1448 subitam»:

2245 1477 2555 1541 accidisset,
2585 1479 2818 1549 spatium
2857 1495 2963 1536 non
2995 1479 3099 1536 fuit
3124 1497 3389 1553 pagenses
3427 1484 3862 1554 congregandi;

2245 1573 2442 1644 quippe
2481 1589 2603 1629 cum
2636 1584 2690 1630 et
2718 1589 2920 1641 comes,
2971 1576 3062 1645 qui
3091 1591 3158 1632 eo
3186 1586 3428 1647 tempore
3455 1575 3858 1647 praefecturam

2244 1665 2347 1718 loci
2377 1664 2518 1721 illius
2546 1667 2782 1730 tenebat,
2822 1666 3222 1723 illustrissimus
3267 1669 3354 1723 vir
3381 1667 3703 1724 Bernarius
3735 1677 3858 1726 tunc

2251 1756 2462 1813 deesset
2487 1774 2502 1823 ;
2529 1759 2759 1814 domnus
2785 1773 2914 1814 vero
2959 1759 3244 1830 episcopus
3269 1760 3342 1816 ibi
3371 1762 3593 1832 positus
3621 1777 3753 1816 cum
3778 1763 3854 1818 his

2252 1849 2342 1918 qui
2370 1849 2598 1905 aderant
2621 1851 2676 1905 in
2721 1849 2854 1905 urbe
2879 1849 3018 1921 ipsa,
3049 1849 3134 1906 vel
3183 1851 3236 1906 in
3280 1852 3552 1907 suburbio
3582 1854 3853 1908 manenti-

2249 1939 2373 2007 bus,
2413 1941 2590 2012 primo
2630 1941 2848 2012 quidem
2903 1942 3089 1998 audito
3134 1943 3370 1999 adventu
3423 1959 3633 2000 eorum
3683 1945 3844 2000 leam

2249 2031 2423 2104 ipsum
2453 2034 2730 2088 continere
2757 2033 2947 2100 voluit,
2995 2034 3166 2091 donec
3213 2034 3390 2105 majus
3432 2037 3666 2091 veniret
3707 2039 3843 2091 auxi-

2249 2123 2416 2189 lium;
2477 2124 2571 2180 sed
2603 2123 3002 2194 impellentibus
3050 2125 3297 2196 paganis,
3351 2134 3411 2182 et
3459 2127 3697 2181 civitate
3742 2126 3839 2195 jar:

2249 2215 2492 2279 obsessa,
2515 2231 2640 2271 cum
2658 2216 2738 2271 eis
2760 2216 2938 2272 resisti
2958 2231 3064 2271 non
3086 2231 3241 2286 posse
3259 2218 3562 2289 conspicit,
3588 2219 3839 2288 quomodo

2249 2307 2477 2377 pignora
2533 2315 2845 2362 sanctarum
2899 2307 3250 2378 reliquiarum
3305 2307 3335 2348 ει
3387 2318 3836 2380 asportarenutr.

2250 2397 2596 2468 praeparavit.
2639 2398 2839 2469 Sicque
2869 2399 2984 2470 ipse
3034 2398 3246 2455 clericis
3291 2401 3402 2455 huc
3449 2409 3511 2455 et
3559 2401 3686 2456 illuc
3730 2401 3840 2470 fuga

2253 2489 2534 2558 dispersis,
2566 2489 2728 2543 etiam
2777 2488 2895 2544 sine
2939 2503 3107 2559 cappa
3149 2505 3247 2544 sua
3302 2491 3393 2544 vix
3433 2491 3639 2562 evasit.
3669 2491 3839 2562 Populi

2253 2594 2467 2650 quoque
2504 2595 2534 2632 a
2563 2578 2679 2634 loco
2712 2578 2828 2648 ipso
2872 2588 3133 2634 exeuntes
3159 2588 3216 2635 et
3242 2579 3345 2635 hac
3373 2561 3619 2650 illacqrie

2257 2681 2358 2734 tes,
2387 2671 2634 2740 plurimis
2679 2670 3102 2742 aufugientibns,
3150 2671 3370 2741 quidam
3401 2673 3577 2743 capti,
3608 2672 3837 2744 plerique

2255 2765 2417 2817 etiam
2444 2761 2710 2832 perempti
2737 2770 2884 2816 sunt.
2914 2762 3156 2832 Denique
3193 2763 3378 2819 hostes
3422 2764 3635 2835 direpta
3661 2775 3683 2804 ε
3711 2764 3839 2820 civi-

2259 2864 2394 2920 tate,
2420 2863 2474 2910 et
2502 2855 2754 2911 omnibus
2801 2869 2922 2925 qua:
2953 2855 3006 2910 in
3059 2869 3124 2910 ea
3177 2855 3263 2910 vel
3319 2856 3374 2912 in
3422 2857 3540 2913 vico
3589 2857 3841 2928 proximo

2256 2958 2414 3003 erant
2440 2948 2714 3017 spoliatis,
2744 2964 2870 3004 cum
2917 2948 3232 3019 vespertino
3269 2958 3498 3022 tempore
3532 2964 3600 3004 eo
3625 2947 3835 3003 adren-

2261 3048 2488 3105 tassent,
2519 3052 2730 3096 noctem
2756 3042 2924 3112 ipsam
2953 3057 3076 3096 cum
3107 3043 3350 3113 sequenti
3369 3042 3448 3096 die
3470 3050 3524 3096 et
3556 3049 3718 3095 nocte
3748 3039 3826 3094 ibi

567 3133 655 3188 cui
701 3133 865 3187 etiam
906 3140 1093 3202 postea
1140 3131 1596 3187 clementissimus
1634 3131 1939 3204 Augustus,
1964 3148 2158 3204 sugge-
2183 3159 2230 3222 C
2259 3133 2651 3189 consederunt:
2682 3133 2866 3204 sicque
2897 3134 3176 3190 succensis
3214 3133 3458 3189 omnibus
3491 3148 3555 3187 ac
3579 3133 3828 3202 direptis,

567 3232 724 3282 rente
748 3223 936 3278 eodem
969 3223 1263 3279 venerabili
1295 3223 1522 3294 praesule
1539 3223 1752 3290 Ebone,
1775 3225 1966 3280 cellam
1993 3242 2154 3296 quam
2265 3229 2464 3297 egressi
2489 3236 2633 3282 sunt.
2660 3226 2734 3281 lbi
2766 3226 2993 3282 ecclesia
3016 3227 3156 3282 miro
3191 3241 3354 3298 opere
3401 3225 3714 3297 magisterio
3743 3227 3834 3296 do-

566 3316 763 3386 ipsein
798 3315 914 3371 loco
946 3324 1245 3371 memorato
1276 3316 1534 3373 Welauao
1559 3327 1974 3384 construxerat,
2001 3319 2157 3389 quasi

567 3406 747 3464 locum
795 3407 1058 3478 refrigerii
1107 3408 1342 3470 tradidit,
1375 3418 1433 3462 ut
1470 3409 1676 3465 scilicet
1705 3411 1772 3464 ad
1797 3411 1966 3479 ipsius
2000 3409 2159 3464 mini-

568 3497 793 3552 sterium
836 3495 996 3552 olﬁcii
1025 3508 1279 3568 perpetua
1307 3499 1605 3556 stabilitate
1649 3501 1967 3557 deserviret.
2008 3500 2158 3556 Prte-

570 3587 746 3642 dictus
774 3587 956 3658 itaque
976 3587 1333 3654 Gauzbertus,
1352 3606 1510 3661 quem
1537 3592 1638 3662 ipsi
1663 3602 2046 3649 consecrantes
2063 3593 2160 3649 bo-

571 3694 707 3737 nore
734 3681 1016 3751 apostolici
1057 3683 1292 3738 nominis
1330 3685 1606 3741 Simonem
1634 3699 1656 3725 υ
1690 3699 2040 3757 vocaverunt,
2089 3689 2158 3746 ad

571 3783 754 3844 partes
776 3775 994 3830 veniens
1024 3773 1297 3832 Sueonum
1319 3818 1334 3840 ,
1359 3778 1658 3834 honoriﬁce
1699 3788 1754 3834 et
1788 3795 1819 3834 a
1863 3796 1990 3854 rege
2024 3790 2079 3835 et
2126 3797 2159 3836 a

571 3864 770 3935 populo
791 3877 1073 3938 susceptus
1099 3877 1206 3934 est,
1236 3869 1508 3940 capitque
1541 3885 1664 3925 cum
1691 3870 2066 3928 benevolentia
2104 3883 2161 3929 et

574 3955 935 4011 unanimitate
979 3959 1220 4012 omnium
1271 3960 1558 4016 ecclesiam
1609 3962 1739 4018 inibi
1785 3963 2077 4031 fabricare,
2106 3975 2162 4022 et

574 4044 792 4121 publice
819 4047 1165 4118 Evangelium
1195 4047 1318 4104 ﬁdei
1347 4051 1643 4121 praedicare
1675 4071 1687 4107 :
1724 4054 1991 4127 ﬁebatque
2033 4073 2163 4128 gau-

543 4213 546 4216 .
577 4136 728 4192 dium
750 4137 940 4192 salutis
967 4139 1286 4194 Christianis
1314 4142 1385 4196 ibi
1416 4143 1768 4216 degentibus,
1805 4157 1861 4204 et
1898 4150 1964 4206 de
1991 4151 2078 4207 die
2105 4153 2160 4210 in

579 4229 721 4285 dicm
750 4245 1004 4286 numerus
1037 4233 1371 4289 credentium
1417 4237 1732 4308 augebatur.
1777 4240 1999 4298 Interim
2029 4261 2164 4316 quo-

579 4339 686 4396 que
713 4325 943 4380 domnus
969 4335 1021 4381 et
1061 4337 1245 4396 pastor
1286 4338 1472 4385 noster
1501 4330 1554 4384 in
1602 4332 1820 4388 ditecesi
1870 4334 1970 4390 sibi
2008 4352 2160 4392 com-

579 4416 745 4470 missa
771 4425 824 4471 et
868 4417 921 4472 in
949 4419 1193 4489 partibus
1225 4419 1501 4475 Danorum
1529 4431 1750 4479 strenue
1781 4439 1937 4480 suum
1981 4425 2164 4498 imple-

2262 3319 2374 3373 mni
2399 3317 2635 3387 episcopi
2685 3327 3017 3382 constructa,
3049 3334 3151 3372 una
3201 3334 3324 3373 cum
3365 3316 3623 3373 claustris
3661 3332 3832 3370 mona-

2263 3409 2415 3464 sterii
2445 3409 2667 3463 miriﬁce
2690 3410 3027 3478 compositis,
3056 3410 3164 3482 igni
3193 3424 3458 3466 succensa
3504 3417 3614 3464 est.
3657 3407 3730 3462 lbi
3757 3408 3829 3462 bi-

2260 3498 2547 3562 hliotheca,
2579 3515 2741 3570 quam
2768 3500 3148 3556 serenissimus
3174 3511 3511 3556 memoratus
3557 3501 3831 3572 imperator

2261 3591 2436 3648 eidem
2471 3591 2617 3647 Patri
2665 3601 2850 3648 nostro
2894 3592 3217 3659 contulerat,
3269 3594 3481 3664 optime
3508 3593 3825 3662 conscripta.

2263 3701 2368 3741 una
2390 3701 2513 3740 cum
2548 3685 2790 3755 pluribus
2814 3685 2935 3741 aliis
2964 3685 3137 3750 libris,
3180 3685 3284 3755 igni
3327 3686 3624 3756 disperiit;
3665 3685 3826 3753 sicque

2261 3779 2462 3842 omnia,
2495 3793 2615 3847 quae
2663 3777 2792 3833 inibi
2823 3785 2919 3832 aut
2958 3777 3012 3832 in
3058 3777 3450 3833 ecclesiasticis
3505 3776 3828 3840 ministeriis,

2265 3879 2360 3925 aut
2394 3871 2448 3926 in
2478 3869 2601 3926 aliis
2631 3870 2901 3924 thesauris
2924 3878 2979 3924 et
3024 3868 3372 3925 facultatibus
3399 3868 3712 3934 habuerat;
3754 3875 3829 3921 aut

2259 3963 2591 4036 prtedatione
2621 3971 2715 4017 aut
2752 3963 2897 4033 igne,
2929 3961 3108 4017 hostili
3135 3962 3338 4032 impetu
3368 3962 3589 4033 direpta
3627 3970 3766 4025 sunt,
3784 3968 3830 4012 ut

2261 4055 2416 4127 quasi
2439 4055 2639 4109 nudum
2662 4069 2786 4108 eum
2810 4052 3134 4108 dimiserint.
3161 4052 3370 4123 Quippe
3392 4068 3520 4108 cum
3566 4067 3708 4120 pene
3723 4047 3828 4104 nihil

2262 4147 2458 4203 exinde
2507 4147 2657 4217 prius
2708 4146 2910 4202 elatum
2940 4146 3032 4212 sit,
3090 4161 3194 4201 nec
3241 4154 3369 4201 tunc
3395 4146 3630 4215 quidem
3662 4141 3826 4213 aliquid

2263 4241 2604 4304 subventum,
2627 4239 2731 4294 nisi
2753 4240 2894 4310 quod
2921 4239 3153 4310 quisque
3182 4238 3392 4308 fugiens
3410 4252 3546 4292 casu
3578 4245 3830 4307 arreptum

2263 4345 2450 4387 secum
2494 4329 2720 4386 forsitan
2771 4340 3063 4401 exportare
3110 4330 3303 4400 potuit.
3361 4328 3471 4383 Pro
3509 4329 3717 4399 quibus
3738 4340 3830 4380 oza-

2264 4422 2427 4478 nibus
2449 4421 2680 4478 domnus
2721 4430 2775 4476 et
2802 4421 2966 4478 Pater
3007 4423 3386 4478 sauctissimus
3429 4420 3747 4476 nullatenus
3768 4414 3835 4470 rei

577 4507 672 4562 bat
699 4507 954 4572 ollicinm,
982 4518 1036 4572 et
1065 4510 1311 4581 exemplo
1337 4513 1488 4567 bona:
1513 4517 1939 4572 conversationis
1963 4521 2161 4576 multos
2189 4526 2238 4587 Ι)
2266 4514 2446 4570 (illiillo
2477 4513 2885 4578 IIIOleslabalﬂl‘.
2935 4516 3020 4570 Vel
3067 4515 3226 4570 labiis
3270 4514 3551 4584 Ρθεαινίις
3617 4514 3711 4570 δαί
3734 4525 3837 4568 ειη

579 4599 648 4654 ad
673 4598 794 4654 ﬁdei
823 4601 1051 4671 gratiam
1080 4606 1430 4673 provocabat.
1461 4606 1639 4677 C(Bpil
1662 4625 1878 4682 quoque
1905 4627 1972 4667 ex
2005 4624 2166 4685 gente

579 4685 853 4744 Dauornm
881 4699 1046 4760 atque
1074 4690 1390 4750 Sclavorutu
1418 4699 1706 4756 nonnullos
1732 4717 1916 4759 emere
1944 4721 2160 4776 pueros,

578 4777 788 4848 aliquos
811 4780 974 4834 etiam
1008 4795 1075 4836 ex
1103 4783 1417 4849 captivitate
1449 4789 1749 4859 redimere,
1781 4808 1916 4864 quos
1944 4794 2015 4851 ad
2043 4810 2162 4852 ser-

652 4960 680 5038 :
709 4948 882 5038 χρικρ
910 4951 1067 5007 Wehl
1090 4970 1186 5038 seu
1218 4955 1402 5038 Wetlel
1437 4961 2089 5038 infra‘ljammaburgum.

651 5017 682 5058 δ
706 5017 1023 5106 ῌοιιῖξξιιιεη
1043 5028 1259 5106 assidue
1286 5031 1354 5083 ab
1376 5046 1518 5087 anno
1542 5033 1648 5090 825
1664 5017 1929 5106 usque-ad
1941 5017 2162 5096 (id-tem-

575 5104 680 5160 pus
719 5092 773 5169 in
826 5092 931 5172 illis
961 5096 1629 5172 partibtts‘perseveraxit
1689 5092 1838 5161 Ευύί
1881 5092 2161 5168 (Ζθι’ἶ‹έ“ἶη

577 5176 696 5249 sua:
958 5163 1246 5249 lilretnensi
1265 5163 1593 5249 'versabatur
1613 5191 1754 5231 anno
1773 5163 1905 5243 827,7
1927 5163 2034 5249 quo
2062 5163 2166 5237 Lu:

576 5231 802 5285 dovicus
846 5233 1114 5303 Augustus
1151 5253 1277 5310 cum
1321 5246 1467 5298 misit
1506 5247 1573 5299 ad
1613 5231 2166 5310 intortaster'iujtnvD—eré

578 5311 926 5390 vensegtnnc
948 5321 978 5385 ες
1002 5306 1353 5390 surcularibus
1381 5313 1596 5373 clericis
1623 5329 1970 5390 occupatum,
2000 5306 2064 5377 ut
2089 5306 2166 5380 di-

575 5368 807 5459 ligenter
827 5374 1196 5459 consideraret
1219 5395 1287 5434 an
1328 5368 1479 5459 locus
1497 5368 2164 5459 '.};u.-}"e}§;i'iii’niénii.

575 5445 1032 5538 ricini-ordinent
1053 5447 1429 5508 observandum
1445 5496 1460 5521 ,
1491 5445 1556 5513 ut'
1582 5471 1733 5532 patet
1757 5445 1825 5520 es
1871 5445 2165 5538 diplomate

575 5507 834 5596 Ludovici
863 5519 1052 5588 ipsrus.

651 5583 844 5680 illinc
868 5583 1210 5680 patet‘moris
1234 5594 1528 5666 aliquando
1557 5608 1669 5659 tum
1710 5603 1901 5672 fuisse,
1949 5617 2010 5664 ut
2050 5609 2167 5680 epi-

579 5665 759 5741 scopis
783 5665 1281 5741 iu‘sot-Isecratione
1324 5665 1420 5722 sua
1450 5683 1664 5741 _r_tomen
1711 5665 2032 5740 mutaretur.
2085 5665 2164 5737 sic

575 5733 802 5784 sanctus
833 5726 1186 5790 Willibrodus
1213 5751 1243 5790 a
1272 5753 1410 5809 papa
1436 5726 1685 5798 Clemens
1712 5726 2017 5811 aiéiasfééi.

2266 4609 2448 4666 omnia
2470 4607 2605 4675 fere,
2631 4623 2754 4679 qua:
2793 4607 2862 4662 ab
2889 4606 3044 4663 initio
3078 4608 3423 4679 episcOpatus
3450 4620 3754 4678 aggregare
3772 4602 3841 4658 vel

2265 4700 2321 4758 in
2367 4701 2629 4756 fabricam
2659 4699 3013 4756 aediﬁciorum
3063 4714 3390 4772 componere
3439 4708 3723 4770 potuerat,
3753 4711 3841 4752 uno

2264 4793 2412 4850 velut
2432 4803 2708 4850 momento
2743 4793 3001 4864 perdidit,
3032 4792 3164 4849 illud
3189 4794 3334 4849 beati
3372 4791 3474 4848 Job
3505 4793 3713 4863 sapius
3732 4803 3842 4842 ver-

2337 4967 2362 5008 d
2391 4969 2597 5042 Nempe
2612 4976 2938 5042 sanctorum
2990 4968 3146 5042 Xysti
3181 4978 3237 5042 et
3259 4967 3843 5042 rSiriciiAconfessoru

2263 5038 2578 5114 pontiﬁcum
2608 5040 3014 5114 Rhet‘nensium,
3040 5038 3137 5096 'ex
3187 5039 3396 5114 Adamo
3448 5039 3504 5093 in
3534 5038 3638 5092 lib.
3670 5053 3710 5101 I,
3739 5047 3843 5114 cap.

2263 5107 2356 5173 93.
2387 5113 2440 5167 in
2475 5128 2705 5182 quorum
2737 5111 2996 5166 honorem
3029 5111 3335 5182 coenobium
3363 5107 3845 5182 posteaconstituil

2265 5185 2320 5240 in
2349 5175 2551 5255 praedio
2578 5183 2922 5245 Rarnsolano,
2947 5185 3091 5307 guod
3123 5181 3234 5236 lkia
3279 5175 3525 5235 matrona
3556 5177 3666 5260 ipsi
3695 5175 3844 5231 tradi-

2267 5255 2439 5307 derat.
2472 5255 2613 5307 haud
2648 5253 2805 5307 lunae
2843 5253 2911 5307 ab
3000 5255 3372 5307 ammaburno.
3416 5251 3702 5307 ιὶειιαιιιειδ
3729 5257 3843 5299 istas

2267 5251 2439 5314 derat.
2472 5255 2613 5308 haud
2648 5253 2805 5324 longe
2843 5253 2911 5307 ab
2950 5251 3372 5322 ﬂammaburgo.
3416 5251 3702 5318 Reliquias
3729 5257 3843 5299 istas

2265 5325 2599 5395 Anscharius
2625 5328 2694 5378 ab
2725 5325 2908 5379 liboue
2953 5335 3415 5395 acceperat,_uua
3455 5337 3578 5395 cum
3637 5327 3844 5394 corpore

2268 5396 2441 5452 sancti
2474 5394 2805 5466 Martiniani,
2834 5396 2978 5466 quod
3013 5393 3153 5466 apud
3196 5393 3546 5466 Helingastad
3575 5393 3842 5466 reposuit;

2269 5476 2325 5538 et
2361 5466 2578 5521 cimiliis
2607 5466 2750 5538 beati
2777 5461 3202 5538 lte'tnigiifquze
3245 5461 3381 5519 cuni
3413 5461 3622 5535 ingenti
3663 5462 3843 5515 honore

2266 5536 2477 5595 Bremae
2498 5535 2752 5594 servavit.

2344 5620 2370 5650 ο
2392 5609 2450 5664 ld
2478 5624 2620 5664 anno
2639 5606 2744 5663 845
2774 5615 3042 5678 reponunt
3069 5606 3308 5678 Annales
3328 5604 3628 5678 Fuldenses
3651 5609 3706 5655 et
3730 5596 3843 5678 ξεν

2269 5663 2472 5755 tenses,
2486 5663 2693 5736 rectius
2715 5663 2879 5749 quam
2900 5678 3138 5737 Adamus
3164 5687 3220 5734 et
3246 5675 3540 5734 Krantzius
3565 5686 3712 5730 anno
3731 5663 3836 5724 840.

3773 316 3895 374 976

3975 161 3980 482 1

3425 542 3438 577 :
3495 522 3891 594 fueruntque
3978 575 3979 590 χ
