4020 6338
223 365 330 426 977

1764 360 1941 418 Vl'l‘A.

3360 367 3464 426 978

226 484 312 549 bis
331 477 921 552 replicabatzbomimu
936 477 1096 544 dedit,
1111 476 1366 532 Dominus
1385 475 1628 539 abstulit;
1651 475 1784 530 sicut
1808 475 1864 538 Α
1885 473 2183 530 sacerdotis
2231 482 2358 529 tunc
2405 473 2538 530 inibi
2583 475 2770 531 deerat
2819 476 3106 545 praesentia
3151 494 3165 544 ;
3215 478 3344 548 quid
3395 480 3465 537 (ιο

225 573 449 630 Domino
477 571 691 642 placuit,
718 572 793 625 ita
827 569 1025 640 factum
1074 577 1149 624 est
1181 583 1198 622 :
1245 568 1313 623 sit
1361 583 1546 622 nomen
1573 564 1790 621 Domini

223 667 543 722 benedictum
573 662 692 735 (Job
719 679 757 727 t,
773 660 887 732 2|).

219 795 543 853 Gauzbertus
574 799 624 850 ἀ
681 795 1254 878 δαιοπὶὺωιυιπαων,
1307 793 1598 850 Nithardus
1653 795 1793 866 peri-

920 877 1098 920 mitur.

289 974 382 1030 23.
411 973 508 1030 His
529 975 708 1044 itaque
737 975 808 1030 ita
829 975 1086 1045 peractis,
1115 989 1238 1030 cum
1261 973 1790 1044 domnus'episcopus

214 1082 342 1124 cum
369 1067 482 1122 suis
519 1067 572 1121 in
599 1065 779 1121 multis
805 1073 950 1121 esset
980 1066 1247 1135 pressuris
1279 1073 1335 1120 et
1371 1063 1786 1129 calamitatibus,

213 1167 274 1213 et
297 1155 493 1213 fratres
518 1156 946 1228 congregationis
991 1153 1106 1224 ejus
1133 1171 1236 1210 una
1284 1171 1409 1211 cum
1435 1153 1790 1210 sanctissimis

210 1249 531 1319 pignoribus
555 1247 702 1302 varia
731 1247 844 1302 loca
870 1245 1248 1303 circumeundo
1299 1246 1405 1302 huc
1442 1245 1673 1315 illucque
1696 1258 1790 1299 va-

205 1349 492 1410 garentur,
517 1346 570 1393 et
590 1353 853 1408 nusquam
879 1338 1126 1394 sederent
1151 1337 1350 1407 quieti;
1372 1337 1790 1407 pnevaleseente

209 1429 383 1499 iniqui
428 1428 822 1484 machinatione
844 1429 1066 1500 contigit
1093 1429 1252 1484 etiam
1285 1427 1549 1483 diabolico
1591 1426 1786 1482 instin-

207 1528 325 1582 ctu,
358 1527 418 1572 ut
459 1519 687 1589 populus
737 1517 1030 1582 Sueonum,
1083 1517 1296 1573 fervore
1355 1517 1452 1573 zeli
1503 1532 1783 1581 accensus,

207 1605 495 1677 praefatum
517 1608 879 1663 Gauzbertum
906 1608 1214 1678 episcopum
1256 1608 1510 1663 insidiose
1535 1606 1785 1678 persequi

209 1697 441 1767 cmperit
469 1714 482 1751 :
525 1696 833 1768 factumque
856 1708 958 1762 est,
991 1706 1051 1751 ut
1075 1698 1142 1754 ad
1165 1697 1404 1763 domum,
1430 1697 1482 1751 in
1518 1713 1623 1768 qua
1673 1711 1784 1750 ma~

206 1787 392 1852 nebat,
432 1789 684 1842 unanima
733 1789 1089 1845 conventione
1135 1803 1264 1858 pars
1287 1789 1533 1858 quaedam
1579 1785 1781 1857 populi,
1816 1811 1862 1872 Β

204 1888 370 1929 causa
391 1875 727 1945 direptionis.
749 1877 987 1937 irruerit.
1010 1886 1065 1931 et
1087 1885 1332 1947 nepotem
1355 1876 1570 1946 quidem
1592 1875 1777 1946 ipsius,

205 1965 527 2024 Nithardum
565 1971 798 2034 nomine,
831 1969 1008 2040 gladio
1046 1969 1356 2039 pet-emerit,
1385 1977 1440 2023 et
1471 1968 1596 2024 odio
1622 1965 1781 2021 Chri-

206 2060 368 2115 stiani
396 2061 627 2115 nominis
658 2074 972 2130 percussum
1005 2059 1100 2113 Dei
1149 2059 1230 2128 (ut
1253 2058 1544 2124 credimus)
1571 2067 1777 2127 marty—

205 2165 324 2206 rem
356 2151 560 2205 fecerit.
594 2150 769 2219 lpsum
799 2164 929 2203 vero
959 2164 1082 2203 cum
1107 2149 1317 2204 caeteris
1367 2149 1550 2213 sociis,
1585 2149 1675 2216 qui
1700 2147 1778 2202 si-

207 2238 321 2295 mul
348 2239 595 2300 aderant,
627 2238 946 2308 ligaverunt,
992 2246 1048 2293 et
1095 2237 1407 2306 diripientes
1450 2237 1630 2293 omnia
1660 2251 1778 2306 qua:

211 2329 350 2400 apud
376 2343 470 2383 eos
493 2329 735 2383 invenire
776 2336 1089 2398 potuerunt,
1134 2326 1458 2383 contumelia
1503 2335 1557 2382 et
1582 2343 1778 2398 oppro-

206 2418 340 2478 briis
368 2421 588 2478 affectos
613 2437 644 2476 a
694 2421 890 2476 finibus
915 2421 1026 2476 suis
1047 2419 1363 2491 expulerunt
1387 2437 1402 2487 ;
1429 2421 1568 2490 quod
1601 2429 1775 2474 tamen

205 2527 312 2567 non
339 2513 485 2582 regio
507 2513 659 2583 jussu
688 2511 908 2575 factum,
937 2512 1030 2567 sed
1063 2511 1306 2590 populari
1335 2519 1539 2567 tantum
1561 2511 1774 2580 conspi-

202 2604 414 2659 ratione
463 2613 546 2660 est
599 2613 983 2676 perpetratum.
1045 2605 1249 2659 Divina:
1299 2619 1427 2658 vero
1481 2601 1778 2671 maiestatis

201 2692 485 2750 clementia
517 2696 619 2751 hoc
647 2712 986 2768 nequaquam
1031 2697 1258 2751 inultum
1285 2698 1435 2752 abire
1474 2713 1628 2767 passa
1653 2705 1772 2752 est:

202 2785 297 2840 sed
321 2799 455 2855 pene
481 2801 670 2841 omnes
688 2787 779 2857 qui
803 2786 1046 2852 adfuere,
1069 2787 1362 2856 quamlibet
1382 2787 1596 2842 diverso
1617 2789 1777 2842 modo

203 2874 258 2929 in
293 2888 459 2945 parvo
490 2885 729 2947 tempore
749 2877 918 2946 puniti
950 2885 1105 2931 sunt:
1131 2877 1198 2931 de
1221 2879 1416 2946 quibus
1462 2877 1627 2932 multa
1671 2878 1774 2932 dici

203 2976 489 3038 peterant;
541 2969 634 3024 sed
680 2985 748 3024 ne
792 2967 1065 3024 fastidium
1113 2968 1411 3040 legentibus
1459 2968 1772 3034 inferamus,

203 3059 362 3114 unius
389 3067 594 3113 tantum
637 3059 964 3114 mentionem
1009 3059 1315 3114 curavimus
1347 3059 1541 3124 facere,
1585 3068 1643 3114 ut
1667 3073 1773 3128 qua

199 3160 358 3218 paena
389 3150 568 3204 caeteri
594 3149 880 3204 evindicati
909 3148 1130 3214 fuerint,
1172 3164 1235 3204 ex
1267 3149 1426 3219 hujus
1471 3149 1772 3219 perditione
1799 3157 1846 3220 ο

200 3237 441 3307 pateﬁat.

630 3429 645 3444 .
701 3351 934 3409 Suconcs
971 3353 1278 3424 puniuntur.

273 3465 361 3520 2i.
391 3465 616 3534 Quidam
643 3481 874 3538 namque
921 3468 974 3522 in
1018 3479 1159 3522 terra
1215 3465 1302 3521 illa
1337 3475 1528 3537 potens
1551 3467 1774 3534 exstitit,

200 3557 358 3625 cujus
388 3557 528 3614 filius
553 3559 607 3614 in
635 3559 822 3614 eadem
868 3559 1266 3630 conspiratione
1291 3574 1412 3614 cum
1443 3557 1561 3613 aliis
1583 3557 1773 3622 fuerat,

199 3654 256 3701 et
285 3661 404 3716 qua:
433 3647 535 3703 sibi
578 3648 646 3702 de
686 3647 870 3718 spoliis
899 3648 1030 3703 inibi
1076 3649 1248 3718 captis
1286 3656 1668 3717 provenerant,
1718 3648 1774 3702 in

201 3738 419 3794 domum
455 3740 624 3810 patris
644 3741 726 3794 sui
762 3739 1004 3794 contulit.
1040 3731 1347 3809 Post-quod
1379 3739 1578 3794 factum
1610 3739 1775 3809 cepit

198 3828 499 3883 substantia
522 3829 664 3884 illius
683 3829 874 3894 minui,
895 3838 950 3885 et
972 3844 1162 3900 pecora
1187 3846 1249 3886 ac
1274 3828 1473 3885 familia
1498 3831 1772 3900 deperire:

195 3918 314 3988 ipse
337 3935 550 3991 quoque
577 3919 716 3976 filius
757 3921 933 3976 divina
965 3921 1168 3976 ultione
1202 3935 1488 3992 percussus
1529 3923 1732 3978 interiit
1758 3940 1771 3978 :

194 4011 297 4066 sed
327 4017 377 4064 et
408 4025 545 4064 uxor
577 4009 694 4080 ejus
731 4026 851 4067 cum
881 4011 992 4066 lilio
1018 4028 1082 4067 ac
1121 4011 1247 4079 ﬁlia,
1286 4027 1391 4068 non
1420 4013 1589 4068 multo
1615 4014 1778 4068 inter-

188 4099 410 4171 jacente
438 4102 631 4173 spatio,
662 4102 813 4158 obiit.
865 4102 1000 4158 Cum
1044 4105 1225 4175 itaque
1264 4120 1346 4170 se,
1395 4115 1620 4176 excepto
1664 4105 1774 4162 filio

193 4193 444 4264 parvulo,
490 4195 740 4249 omnibus
770 4195 923 4250 bonis
947 4195 1059 4250 suis
1109 4195 1482 4252 defraudatum
1544 4197 1768 4262 videret,

197 4284 549 4352 ccpitmiser
584 4285 807 4340 deorum
839 4287 948 4340 iras
977 4301 1356 4355 expavescere,
1397 4297 1454 4342 et
1493 4289 1635 4356 quod
1661 4289 1775 4344 hmc

199 4373 378 4429 omnia
403 4373 628 4443 alicujus
665 4373 756 4427 Dei
786 4372 1076 4430 offensione
1104 4383 1400 4444 pateretur,
1454 4386 1632 4430 mente
1659 4387 1772 4433 tra-

1893 562 2082 620 eodem
2105 562 2242 620 libro
2269 561 2472 620 faceret
2495 566 2815 622 omnimodis
2840 568 3076 635 nescius,
3104 583 3288 625 secum
3311 569 3464 627 illum

1893 654 2104 725 longius
2152 656 2386 711 retinere
2420 655 2723 713 nullatenus
2774 673 2937 714 ausus
2964 668 3065 714 est.
3106 659 3342 716 Tandem
3372 662 3463 718 vix

1893 761 2106 822 renerto
2132 751 2372 814 consilio.
2418 751 2471 806 in
2523 761 2812 821 conspectu
2859 769 2980 808 eum
3018 754 3221 825 populi,
3268 756 3359 825 qui
3407 756 3462 811 in

1891 839 2078 894 eadem
2101 839 2222 894 villa
2247 839 2510 903 manebat,
2540 841 2738 906 attulit,
2766 848 2822 895 et
2867 858 2986 910 quae
3024 857 3214 912 passus
3256 844 3346 908 sit,
3379 857 3466 898 re-

1891 930 2028 985 tulit.
2056 929 2294 1000 Cumque
2321 945 2380 986 se
2396 945 2584 986 omnes
2610 931 2824 998 ignaros
2850 935 3056 990 consilii
3095 950 3256 1006 super
3279 935 3378 991 hac
3403 950 3464 992 re

1890 1019 2154 1086 dicerent,
2192 1029 2246 1075 et
2269 1020 2372 1075 tale
2394 1021 2594 1091 aliquid
2642 1023 2694 1076 in
2741 1024 2898 1079 domo
2944 1041 3039 1080 sua
3094 1027 3333 1096 recipere
3376 1027 3462 1083 vel

1889 1107 2090 1164 habere
2115 1111 2556 1180 pertimescerent
2591 1128 2606 1176 ;
2643 1111 2755 1181 ipse
2801 1129 2924 1168 eum
2965 1115 3162 1170 diutius
3213 1115 3353 1186 apud
3403 1130 3464 1172 se

1888 1198 2122 1255 retinere
2149 1201 2547 1270 obstupescens,
2571 1201 2794 1256 honeste
2813 1204 3165 1273 compositum
3188 1205 3252 1258 ad
3275 1219 3463 1274 quam-

1888 1289 2009 1346 dam
2041 1290 2226 1362 ligavit
2250 1306 2464 1360 saepem,
2496 1291 2816 1347 denuntians
2845 1300 2904 1346 ut
2924 1295 3227 1366 quicunque
3276 1295 3457 1360 vellet,

1887 1394 2007 1434 eum
2040 1379 2164 1434 inde
2202 1389 2460 1444 sumeret,
2489 1388 2543 1435 et
2573 1396 2668 1450 pro
2696 1389 2847 1437 reatu
2897 1384 3183 1440 commisso
3233 1385 3462 1440 Domino

1885 1470 2008 1527 Jesu
2031 1470 2244 1526 Christo
2268 1471 2622 1526 voluntariam
2644 1473 3062 1530 satisfactionem
3093 1478 3256 1532 vovit.
3287 1477 3460 1545 Quem

1885 1559 2079 1615 librum
2137 1561 2353 1630 quidam
2389 1561 2818 1619 Christianorum
2867 1567 3062 1622 exinde
3107 1567 3374 1624 sublatum
3405 1569 3460 1624 in

1883 1664 1978 1705 sua
2015 1652 2227 1706 advexit
2254 1653 2434 1717 domo,
2468 1668 2534 1708 ex
2567 1653 2722 1724 cujus
2747 1671 2842 1712 ore
2865 1658 3028 1712 etiam
3065 1658 3165 1713 ista
3201 1659 3456 1730 cognovi-

1883 1753 2038 1793 mus:
2065 1739 2155 1808 qui
2191 1749 2376 1810 postea
2415 1756 2620 1812 magna:
2647 1743 2770 1797 fidei
2802 1753 2856 1799 et
2904 1745 3204 1801 devotionis
3231 1747 3457 1811 exstitit,

1887 1828 1958 1883 ita
1983 1837 2042 1883 ut
2077 1828 2310 1898 psalmos
2337 1831 2475 1900 apud
2513 1848 2612 1888 nos
2657 1842 2840 1903 postea
2882 1821 3193 1891 memoriter
3235 1837 3350 1892 sine
3377 1837 3462 1892 lit-

1885 1919 2014 1973 teris
2040 1919 2307 1974 dilicerit.
2342 1920 2547 1976 Taliter
2594 1938 2724 1990 ergo
2757 1933 2812 1978 et
2839 1926 3042 1990 caeteri,
3093 1926 3206 1981 sive
3259 1936 3458 1993 morte,

1881 2007 1992 2062 sive
2017 2016 2187 2076 peste,
2221 2019 2275 2062 et
2303 2008 2500 2065 damno
2532 2025 2712 2066 rerum
2745 2027 2962 2067 suarum
2990 2015 3161 2084 puniti
3209 2023 3373 2082 sunt;
3403 2025 3460 2071 et

1879 2096 2081 2167 liquido
2105 2100 2355 2155 omnibus
2387 2103 2582 2172 patuit,
2611 2104 2737 2174 quia
2762 2105 2851 2173 qui
2875 2115 3118 2162 sanctum
3150 2106 3242 2162 Dei
3279 2107 3457 2178 ponti-

1879 2188 2033 2244 ficcm
2085 2199 2138 2244 et
2183 2206 2308 2247 suos
2345 2193 2624 2250 inhoneste
2672 2205 2906 2253 tractare
2948 2208 3002 2254 et
3047 2200 3276 2270 spoliare
3323 2215 3459 2271 prae-

1879 2288 2240 2348 sumpserant,
2269 2283 2644 2352 gravissimam
2668 2285 2876 2342 Domini
2902 2289 3070 2344 nostri
3093 2287 3221 2345 Jesu
3247 2289 3451 2346 Christi

1877 2368 2149 2422 senserint
2171 2369 2445 2427 ultionem.

1877 2475 2004 2532 Post
2052 2495 2218 2535 annos
2285 2492 2474 2554 septem
2525 2484 2841 2556 Ardgarium
2893 2489 2962 2543 ad
3007 2506 3095 2545 eos
3141 2491 3294 2547 mittit
3348 2491 3457 2548 An-

2535 2557 2791 2611 cellarius.

1947 2660 2036 2715 25.
2076 2661 2207 2717 Post
2244 2664 2359 2720 haec
2384 2664 2565 2736 itaque
2608 2668 2756 2724 locus
2785 2669 2872 2727 ille
2899 2679 3104 2741 septem
3132 2671 3244 2728 fere
3293 2671 3455 2727 annis

1877 2752 1993 2807 sine
2040 2755 2356 2811 sacerdotali
2383 2756 2484 2812 fuit
2511 2761 2792 2828 praesentia
2819 2781 2831 2815 :
2863 2778 2962 2832 pro
2987 2777 3092 2834 qua
3118 2777 3176 2818 re
3223 2763 3454 2819 domnus

1877 2849 1930 2894 et
1964 2853 2150 2910 pastor
2180 2854 2362 2900 noster
2405 2846 2735 2904 Anscharius
2779 2851 2946 2906 nimio
2984 2867 3218 2909 niterore
3260 2853 3456 2908 anxius

1877 2929 2199 2987 Christianae
2224 2935 2495 3006 religionis
2537 2938 2696 2993 fidem
2730 2940 2803 2994 ibi
2855 2953 3089 3012 emptam
3136 2945 3316 3014 perire
3347 2959 3453 3000 non

1877 3018 2159 3088 sull‘erens,
2190 3032 2246 3078 et
2271 3026 2506 3082 maxime
2534 3043 2632 3097 pro
2671 3027 2781 3084 filio
2825 3046 2922 3087 suo
2970 3048 3127 3103 quem
3154 3049 3314 3106 supra
3340 3050 3453 3089 me-

1877 3113 2224 3178 moravimus,
2282 3113 2560 3186 Herigario
2610 3119 2930 3186 eondolens,
2988 3125 3274 3192 quemdam
3321 3139 3456 3178 ana-

1875 3200 2176 3267 cboretam,
2196 3201 2517 3274 Ardgarium
2539 3209 2774 3274 nomine,
2794 3210 2914 3266 illas
2946 3212 2998 3266 iu
3024 3223 3206 3282 partes
3232 3215 3452 3281 direxit,

1877 3298 1934 3346 et
1982 3299 2041 3344 ut
2089 3292 2375 3362 specialius
2425 3296 2596 3351 eidem
2651 3298 2953 3356 adhaereret
3004 3303 3277 3374 praecepit.
3334 3303 3454 3375 ipse

1878 3378 2059 3449 itaque
2091 3395 2158 3437 eo
2186 3383 2496 3449 adveniens,
2528 3383 2761 3442 officiose
2793 3402 3072 3460 susceptus
3112 3401 3196 3448 est
3231 3393 3300 3450 ab
3336 3395 3454 3465 ipso

1879 3467 2178 3542 Herigario,
2207 3481 2262 3527 et
2311 3472 2630 3531 Christianis
2681 3478 2771 3546 qui
2819 3479 2890 3534 ibi
2918 3480 3164 3548 aderant,
3200 3497 3453 3556 magnum

1876 3576 1989 3617 sua:
2023 3565 2320 3634 praesentia).
2342 3565 2583 3622 exhibuit
2626 3567 2898 3638 gaudium.
2924 3570 3338 3644 Cmperuntque,
3373 3575 3450 3630 si-

1877 3653 1986 3708 cuti
2015 3654 2188 3723 primo
2213 3653 2473 3721 fecerant,
2497 3672 2559 3712 ea
2586 3673 2704 3728 quae
2744 3659 2836 3715 Dei
2878 3671 3021 3728 sunt,
3084 3662 3274 3720 devote
3305 3679 3452 3734 quae-

1877 3755 2017 3807 rere,
2048 3751 2103 3796 et
2132 3743 2290 3798 ritum
2322 3743 2745 3803 Christianitatis
2797 3749 2998 3805 lubenti
3050 3752 3232 3808 animo
3265 3763 3448 3808 custo-

1878 3830 2014 3887 dire.
2045 3830 2214 3888 Nemo
2239 3849 2449 3905 quoque
2471 3837 2776 3894 incredulus
2798 3839 2911 3908 ejus
2937 3843 3336 3912 prtedicationis
3356 3861 3452 3900 au-

1877 3920 2036 3976 debat
2058 3923 2324 3986 resistere,
2357 3926 2480 3994 quia
2504 3943 2606 3996 qua
2631 3942 2790 3998 pmna
2815 3931 3052 3987 mulctati
3090 3933 3326 4000 fuerunt,
3356 3937 3449 4006 qui

1876 4025 2062 4067 servos
2109 4013 2201 4068 Dei
2242 4013 2363 4069 inde
2390 4017 2732 4088 expulerant,
2769 4031 2946 4076 mente
2975 4024 3164 4092 pavida
3192 4026 3452 4081 memine-

1875 4113 2018 4159 rant.
2043 4105 2391 4176 Suggestione
2417 4123 2627 4179 quoque
2648 4109 2853 4180 prmfati
2882 4111 3166 4184 lierigarii,
3190 4117 3331 4187 regis
3355 4119 3449 4186 qui

1877 4203 2007 4249 tunc
2033 4206 2152 4250 erat
2192 4197 2346 4266 jussu
2373 4205 2425 4252 et
2474 4198 2714 4267 licentia,
2744 4202 2953 4270 publice
2980 4205 3143 4272 cmpit
3181 4207 3270 4260 Dei
3307 4208 3448 4260 cele-

1875 4281 2035 4339 hrare
2061 4287 2336 4354 mysteria.
2369 4286 2468 4353 Qui
2498 4289 2744 4344 videlicet
2774 4291 3117 4347 fidelissimus
3160 4294 3242 4347 vir
3285 4292 3446 4348 Heri-

1877 4375 2080 4444 garius,
2120 4384 2357 4446 tempore
2381 4393 2486 4446 quo
2507 4380 2856 4434 sacerdotalis
2884 4381 2954 4434 ibi
3003 4382 3188 4436 deerat
3215 4399 3446 4452 praesen-

200 4464 384 4519 etavit.
409 4463 525 4530 Qua
553 4464 618 4519 de
649 4479 730 4529 re,
756 4463 897 4518 sicut
920 4463 993 4517 ibi
1023 4465 1188 4518 moris
1211 4475 1316 4530 est,
1340 4465 1626 4537 quemdam
1647 4469 1776 4522 adiit
1803 4493 1854 4552 υ
1881 4464 1974 4529 tia,
2010 4465 2176 4519 multa
2219 4469 2287 4520 ab
2337 4465 2642 4522 infidelibus
2689 4468 2942 4522 sustinuit
2987 4469 3268 4539 opprobria
3294 4488 3308 4525 :
3350 4474 3443 4526 sed

201 4553 462 4619 divinum,
485 4569 704 4625 rogans,
743 4560 801 4607 ut
830 4553 982 4624 cujus
1027 4553 1119 4609 Dei
1143 4554 1398 4610 offensam
1447 4557 1689 4623 haberet,
1719 4568 1776 4613 et

198 4644 435 4714 qualiter
458 4660 582 4700 eum
617 4645 830 4714 placere
867 4644 1108 4708 deberet,
1133 4643 1234 4712 ipsi
1283 4644 1564 4700 indicaret.
1595 4647 1772 4716 Agens

200 4737 385 4806 itaque
429 4737 537 4802 ille,
559 4751 678 4806 quac
717 4736 861 4790 circa
896 4733 1094 4788 cultum
1147 4734 1452 4802 hujusmodi
1484 4740 1774 4794 observare

199 4827 446 4892 solebat,
487 4841 673 4882 omnes
715 4827 844 4882 deos
888 4825 1097 4881 illorum
1146 4828 1245 4896 ipsi
1294 4827 1567 4898 placatos;
1603 4828 1770 4884 Deum

199 4932 333 4973 vero
364 4917 791 4972 Christianorum
833 4914 905 4969 illi
931 4915 1249 4970 omnimodis
1275 4915 1578 4972 infensum:
1614 4916 1770 4973 Chri-

201 5018 338 5073 stus,
365 5011 556 5081 inquit,
576 5009 655 5064 sic
690 5018 742 5064 te
769 5009 930 5064 habet
958 5008 1262 5078 perditum;
1310 5017 1365 5063 et
1404 5009 1529 5078 quia
1559 5010 1769 5080 quodli-

201 5101 296 5158 bet
339 5115 543 5165 eorum,
575 5099 718 5168 quod
763 5098 836 5152 illi
869 5107 1240 5153 consecratum
1279 5095 1473 5161 fuerat,
1513 5099 1568 5154 in
1615 5100 1773 5155 domo

203 5201 295 5248 tua
325 5199 506 5245 manet
529 5188 821 5253 conditum,
860 5187 981 5242 ideo
1019 5195 1280 5242 venerunt
1327 5202 1488 5258 super
1515 5195 1568 5243 te
1594 5187 1774 5243 omnia

203 5279 345 5336 mala
392 5279 526 5342 haec,
552 5292 670 5347 qua:
712 5292 902 5348 passus
923 5292 1020 5331 es:
1070 5292 1171 5332 nec
1206 5277 1408 5346 poteris
1436 5276 1506 5331 ab
1532 5277 1617 5333 his
1644 5276 1777 5333 libe-

205 5373 336 5436 rari,
365 5371 532 5426 donec
553 5369 679 5424 illud
719 5370 774 5424 in
805 5368 962 5423 domo
987 5376 1074 5423 tua
1099 5369 1374 5423 manserit.
1409 5367 1523 5422 Hoc
1571 5367 1658 5424 ille
1684 5384 1778 5422 au-

205 5463 341 5526 dito,
369 5469 548 5516 mente
569 5469 903 5531 pertractans
933 5458 1160 5514 sollicita
1189 5459 1317 5529 quid
1341 5458 1468 5514 illud
1496 5471 1617 5513 esse
1654 5473 1776 5528 pos-

204 5565 311 5618 set,
334 5553 400 5607 de
421 5551 530 5606 filio
552 5566 649 5606 suo
679 5550 990 5605 recordatus
1025 5556 1130 5615 cet,
1173 5549 1313 5618 quod
1353 5563 1421 5603 ex
1472 5549 1657 5619 spoliis
1687 5565 1776 5604 su-

209 5647 462 5718 pradictis
508 5643 791 5714 quemdam
841 5643 1034 5698 librum
1063 5643 1116 5697 in
1164 5644 1377 5698 domum
1424 5659 1574 5699 suam
1617 5644 1775 5701 adve-

211 5739 367 5796 xerit.
399 5737 514 5807 Qua
542 5736 608 5792 de
653 5751 710 5792 re
760 5737 981 5792 horrore
1024 5735 1191 5790 nimio
1234 5750 1545 5806 percussus,
1571 5747 1625 5794 et
1649 5743 1792 5813 quiar

1880 4556 2140 4626 largiente
2167 4557 2343 4611 divina
2374 4558 2567 4628 gratia,
2607 4560 2776 4630 signis
2819 4560 3127 4616 caelestibus
3171 4560 3285 4630 ejus
3314 4564 3447 4632 peti-

1879 4646 2024 4701 tione
2047 4662 2187 4701 verte
2211 4645 2333 4700 fidei
2361 4647 2630 4702 declarata
2651 4657 2775 4703 sunt
2797 4650 3081 4717 praeconia.
3125 4651 3202 4707 Ex
3228 4653 3444 4722 quibus,

1876 4747 1937 4792 ut
1979 4738 2342 4808 promisimus,
2389 4737 2566 4809 aliqua
2619 4739 2706 4794 hic
2751 4740 3071 4796 interserere
3115 4743 3443 4810 curavimus,

1877 4844 1984 4900 quo
2013 4829 2129 4898 ejus
2150 4829 2273 4884 lidei
2297 4829 2526 4885 invictus
2553 4829 2854 4886 declaretur
2883 4831 3114 4887 animus.

1881 5035 1886 5039 ι
1933 4959 2244 5030 Hengarius
2261 4967 2308 5013 et
2329 4959 2437 5024 ipse
2463 4957 2628 5014 multa
2656 4975 2861 5029 passus,
2890 4969 3067 5030 patrat
3100 4961 3380 5018 miracula.

1943 5093 2034 5149 26.
2055 5093 2293 5160 Quadam
2323 5107 2554 5163 namque
2583 5093 2696 5148 vice
2726 5092 2840 5162 ipse
2869 5093 2923 5148 in
2951 5093 3183 5164 quodam
3221 5096 3441 5150 sedebat

1875 5184 2110 5254 placito,
2147 5198 2313 5238 scena
2346 5184 2398 5238 in
2434 5197 2624 5251 campo
2657 5183 2724 5236 ad
2752 5183 3077 5252 colloquium
3108 5196 3294 5255 parata
3325 5188 3437 5242 :ibi

1876 5290 2000 5331 cum
2031 5273 2174 5328 inter
2199 5272 2335 5327 alias
2367 5271 2662 5327 locutiones
2687 5271 2762 5327 illi
2799 5272 2928 5328 deos
2951 5289 3077 5330 suos
3113 5276 3434 5339 laudassent,

1879 5381 2107 5436 quorum
2151 5365 2334 5420 favore
2359 5379 2614 5436 prospera
2642 5365 2743 5419 sibi
2781 5366 2946 5420 multa
2973 5373 3348 5436 provenirent,
3384 5375 3440 5419 et

1877 5454 1976 5522 illi,
2003 5453 2145 5526 quod
2170 5454 2316 5509 solus
2341 5468 2373 5507 a
2402 5454 2672 5508 consortio
2699 5456 2938 5510 omnium
2966 5456 3112 5510 inani
3138 5453 3243 5508 fide
3278 5454 3436 5511 aber-

1876 5558 2053 5614 raret,
2083 5549 2541 5618 improperarent;
2577 5548 2722 5617 ipse,
2752 5557 2810 5602 ut
2835 5557 2954 5602 erat
2981 5547 3173 5616 spiritu
3202 5545 3434 5612 fervens,

1875 5641 2218 5712 respondisse
2256 5640 2455 5694 dicitur
2485 5657 2498 5694 :
2531 5638 2588 5694 Si
2637 5648 2784 5694 tanta
2821 5629 2899 5694 est
2937 5637 3002 5692 de
3043 5637 3224 5691 divina
3267 5635 3436 5706 maje-

1874 5745 2014 5792 state
2034 5733 2280 5788 dubietas
2297 5772 2313 5798 ,
2343 5732 2484 5802 quod
2517 5741 2696 5789 tamen
2721 5729 2939 5787 dubium
2963 5744 3082 5786 esse
3105 5729 3250 5785 nullo
3280 5730 3440 5789 modo
