4020 6338
590 416 595 421 ’
620 408 724 463 979

1632 408 1688 492 _s.
1728 408 2088 492 ANSCHARII
2128 351 2661 465 uAMBmiGENSIs
2701 409 2999 466 EPISCOl’l

3772 382 3871 464 asc

586 520 593 527 ’
621 523 858 585 deberet,
889 521 1173 589 probemus
1193 519 1487 585 miraculis,
1515 520 1633 589 quis
1656 521 1725 575 sit
1756 500 1974 590 majoris
2000 530 2184 591 poten-
2208 520 2380 584 Ajrex
2415 518 2704 584 Sueonum,
2762 520 2974 572 nomine
3022 519 3310 572 Avoumtus
3338 530 3385 581 α,
3427 518 3650 584 eiectus
3696 532 3872 585 regno

621 614 737 677 tiae,
767 613 931 666 vestri
957 612 1106 666 multi
1139 628 1274 681 quos
1301 613 1476 667 dicitis
1506 612 1599 676 dii,
1632 630 1698 666 an
1722 629 1872 668 meus
1891 615 2036 669 solus
2065 602 2183 674 om-

620 703 866 772 nipotens
892 703 1148 757 Dominus
1167 701 1324 758 Iesus
1348 701 1614 757 Christus.
1645 703 1785 757 Ecce
1806 712 2015 773 tempus
2035 706 2187 759 adest

593 790 809 863 'pluviaa
834 791 1119 861 (siquidem
1153 793 1330 862 pluvia
1380 802 1505 848 tunc
1544 794 1897 863 imminebat),
1940 786 2184 850 invocate

617 895 715 936 vos
738 881 953 935 nomina
981 880 1203 936 deorum
1237 893 1539 938 vestrorum
1560 924 1574 949 ,
1602 899 1667 939 ne
1696 885 1875 954 pluvia
1898 900 2059 955 super
2087 901 2183 941 vos

588 972 596 982 '
618 968 930 1035 descendat,
954 980 1009 1026 et
1035 973 1295 1028 invocabo
1308 974 1590 1029 Dominum
1617 991 1791 1030 meum
1817 976 1998 1033 Iesum
2028 976 2184 1034 Chri-

617 1065 779 1122 stum,
809 1074 875 1113 ne
903 1058 1079 1129 aliqua
1103 1061 1242 1114 stilla
1272 1062 1463 1130 pluvia:
1486 1079 1570 1117 me
1589 1066 1881 1135 contingat,
1911 1076 1960 1121 et
1987 1067 2031 1120 si
2061 1068 2183 1137 quis

590 1147 673 1201 ’in
702 1147 804 1202 hac
835 1158 986 1218 parte
1012 1167 1070 1203 se
1092 1152 1403 1206 invocantes
1423 1156 1739 1219 cxaudierit,
1770 1157 1882 1224 ipse
1918 1157 1987 1210 sit
2017 1157 2178 1213 Deus.

594 1233 729 1289 'Hac
758 1236 938 1306 itaque
968 1238 1107 1292 facta
1144 1240 1285 1294 inter
1314 1255 1372 1294 se
1402 1243 1772 1309 conventione,
1803 1261 1925 1299 cum
1957 1246 2029 1299 illi
2061 1262 2180 1300 om-

597 1339 715 1380 «nes
744 1325 798 1380 in
826 1343 929 1381 una
960 1338 1112 1398 parte
1134 1331 1402 1397 sederent,
1428 1333 1540 1402 ipse
1566 1348 1694 1387 vero
1723 1350 1845 1389 cum
1880 1354 1985 1391 uno
2016 1354 2180 1407 puero

616 1416 671 1469 in
698 1416 867 1471 altera
890 1458 905 1482 ,
938 1420 1102 1488 erepit
1127 1422 1493 1492 unusquisque
1520 1439 1707 1479 eorum
1732 1425 1982 1481 invocare
2009 1428 2182 1483 Deum

618 1522 773 1562 suum
795 1549 809 1573 ,
841 1509 926 1564 ille
950 1525 1164 1580 quoque
1193 1512 1473 1567 invocabat
1502 1517 1784 1571 Dominum
1814 1515 1996 1572 Jesum
2028 1517 2183 1574 Chri-

618 1607 781 1653 stum.
820 1599 887 1654 Et
923 1601 1255 1658 descendens
1294 1605 1555 1660 immensa
1593 1608 1659 1662 de
1708 1608 1843 1663 caelo
1887 1610 2061 1678 pluvia
2107 1611 2181 1665 ita

617 1703 806 1743 omnes
849 1691 968 1746 illos
999 1696 1153 1762 aquis
1192 1695 1405 1761 infudit,
1439 1707 1497 1751 ut
1535 1702 1686 1768 quasi
1726 1702 1777 1755 in
1818 1701 2036 1758 ﬂumine
2060 1720 2182 1759 cum

616 1782 951 1838 vestimentis
973 1784 1159 1850 jactati
1190 1788 1533 1855 viderentur,
1567 1791 1728 1844 etiam
1759 1790 1880 1847 folia
1910 1810 2181 1849 ramorum
2220 1824 2227 1833 ο

2268 606 2404 675 'suo,
2437 611 2575 680 apud
2604 610 2785 664 Danos
2808 610 2957 664 exsul
2989 609 3168 662 fuerit.
3200 608 3301 673 Qui
3329 610 3465 662 ﬁnes
3504 607 3678 672 rcjni
3710 624 3877 679 quon-

2285 702 2407 756 dam
2435 703 2513 755 sui
2545 702 2718 755 denuo
2750 708 2990 769 repetere
3017 699 3268 767 Cupiens,
3298 700 3466 767 coepit
3506 702 3578 751 ab
3616 700 3767 764 ipsis
3788 710 3877 748 au-

2268 790 2471 863 Jilium
2507 804 2782 857 quaerere;
2811 788 3080 857 spondens
3106 788 3269 856 quod,
3305 788 3349 843 si
3377 801 3435 841 se
3470 797 3879 855 sequerentur,

2284 880 2449 934 multa
2499 880 2576 934 eis
2627 879 2847 934 donaria
2898 887 3117 946 possent
3161 877 3466 946 provenire.
3518 875 3880 944 Proponebat

2266 972 2425 1029 ,enim
2454 971 2533 1025 eis
2561 970 2734 1024 vicum
2776 969 3106 1023 nominatum
3143 967 3334 1038 Byrca,
3383 966 3532 1035 quod
3582 966 3673 1019 ibi
3734 966 3878 1017 multi

2283 1068 2463 1114 essent
2484 1059 2842 1129 negotiatores
2863 1058 3075 1123 divites,
3098 1066 3153 1111 et
3168 1056 3501 1111 abundantia
3525 1057 3719 1109 totius
3739 1056 3871 1113 boni.

2266 1158 2445 1218 ,atque
2479 1150 2706 1218 pecunia
2734 1148 3107 1211 thesaurorum
3144 1145 3330 1200 multa.
3359 1146 3444 1200 Ad
3490 1146 3665 1199 illum
3704 1146 3874 1213 itaque

2283 1241 2459 1297 vicum
2486 1255 2544 1296 se
2570 1240 2690 1295 illos
2716 1238 3065 1309 promittebat
3092 1238 3398 1302 ducturum,
3435 1238 3537 1292 ubi
3561 1238 3699 1291 sine
3724 1253 3869 1291 eter-

2267 1330 2423 1385 .citus
2451 1331 2532 1393 sui
2570 1331 2794 1393 damno,
2825 1328 2995 1382 multo
3023 1343 3133 1383 suae
3164 1327 3516 1383 necessitatis
3554 1326 3871 1380 fruerentur

2271 1422 2582 1477 commodo.
2602 1420 2679 1474 Illi
2699 1435 2826 1491 ergo
2850 1419 3130 1489 promissis
3151 1419 3467 1477 muneribus
3496 1418 3769 1472 delectati
3784 1459 3800 1482 ,
3824 1429 3867 1471 et

2286 1516 2660 1577 thesaurorum
2681 1512 3035 1582 acquisitione
3055 1511 3228 1577 avidi,
3262 1512 3314 1565 in
3341 1510 3616 1564 auxilium
3645 1509 3769 1577 ejus
3788 1527 3869 1564 ex-

2276 1606 2585 1674 peditorum
2609 1603 2675 1658 ad
2705 1618 2938 1674 pugnam
2965 1602 3243 1658 hominum
3275 1601 3465 1669 viginti
3492 1609 3553 1654 et
3589 1616 3763 1653 unam
3788 1617 3864 1654 na-

2271 1709 2381 1749 .ves
2410 1695 2796 1762 impleverunt,
2828 1701 3024 1747 etcum
3050 1707 3115 1747 eo
3140 1692 3573 1745 destinaverunt.
3606 1689 3734 1759 Ipse
3756 1706 3861 1744 vero

2287 1788 2351 1842 de
2395 1787 2507 1841 suis
2546 1802 2711 1840 naves
2742 1786 2975 1839 habebat
3010 1784 3279 1838 undecim.
3322 1783 3617 1839 Exeuntes
3647 1799 3773 1850 ergo
3805 1784 3859 1836 de

619 1872 684 1926 de
717 1870 1031 1930 umbraculo
1074 1877 1143 1931 ibi
1174 1878 1313 1933 facto
1340 1897 1501 1949 super
1540 1884 1683 1951 ipsos
1712 1887 2009 1941 dccidentia
2031 1929 2044 1951 ,
2075 1890 2181 1943 vir-
2211 1858 2260 1919 Β
2281 1876 2473 1941 panis,
2508 1875 2573 1929 ad
2604 1876 2778 1930 “Cum
2808 1875 3078 1945 insperate
3097 1883 3365 1929 νθυθτυηῑ
3395 1882 3789 1935 memoratum.
3814 1882 3854 1925 α

618 1967 729 2015 tute
756 1961 931 2016 divina
953 1964 1073 2019 illos
1102 1983 1388 2037 oppressos
1415 1974 1791 2040 ostenderent;
1826 1991 1987 2047 super
2008 1979 2180 2047 ipsum

600 2065 744 2105 'vero
769 2062 821 2106 et
850 2069 1075 2122 puerum
1104 2060 1191 2125 qui
1224 2074 1343 2113 cum
1380 2076 1446 2115 eo
1475 2073 1620 2126 erat,
1652 2078 1747 2119 nec
1772 2081 1875 2119 una
1909 2067 2182 2137 descendit

611 2140 807 2211 pluviae
828 2154 995 2213 gutta.
1021 2147 1137 2213 Quo
1151 2148 1291 2204 facto
1310 2150 1661 2208 confusisillis
1682 2165 1738 2209 et
1759 2157 2179 2214 admirantibus:

598 2231 773 2299 Ecce,
804 2234 997 2304 inquit,
1022 2238 1215 2293 videtis
1239 2243 1361 2309 quis
1393 2244 1463 2296 sit
1491 2244 1844 2301 Deus:nolite
1872 2264 1977 2314 me,
2008 2249 2184 2311 infeli-

614 2336 726 2388 ces,
754 2324 822 2379 ab
850 2326 964 2395 ejus
985 2328 1194 2382 cultura
1232 2347 1504 2399 revocare,
1537 2336 1665 2404 quin
1691 2339 1870 2405 potius
1892 2341 1959 2393 ab
1984 2343 2185 2395 errori-

613 2410 713 2465 bus
771 2415 965 2470 vestris
1021 2418 1446 2485 confundamini.
1504 2431 1559 2477 et
1612 2424 1860 2482 veritatis
1907 2429 2049 2483 viam
2103 2431 2185 2485 di-

611 2499 768 2555 scite.
1420 2502 1424 2507 ’
1494 2500 1499 2505 ”

1054 2617 1307 2688 Ejusdem
1337 2623 1444 2678 alia
1466 2626 1742 2682 miracula.
1797 2683 1801 2687 ,

680 2718 771 2772 27.
812 2720 934 2777 Alio
958 2740 1171 2796 quoque
1213 2739 1452 2802 tempore
1482 2738 1736 2809 contigit,
1776 2748 1835 2794 ut
1862 2741 2098 2797 dolorem
2126 2744 2180 2800 in

612 2808 742 2863 tibia
772 2827 865 2866 sua
891 2816 1178 2873 sustineret
1211 2823 1454 2890 nimium,
1484 2828 1558 2881 ita
1584 2838 1642 2885 ut
1672 2845 1775 2884 non
1808 2832 1987 2902 aliquo
2024 2837 2183 2891 modo

614 2914 674 2953 se
702 2915 918 2957 movere
939 2922 968 2957 a
989 2907 1107 2961 loco
1128 2910 1179 2962 in
1205 2927 1311 2978 quo
1338 2923 1472 2978 erat,
1503 2928 1702 2983 posset,
1730 2921 1831 2973 nisi
1855 2931 2177 2989 portaretur.

618 2989 750 3043 Cum
783 2992 919 3048 hanc
947 3011 1078 3065 ergo
1103 3000 1302 3055 diutius
1326 3006 1614 3061 suszineret
1656 3012 1976 3079 molestiam,
2006 3029 2183 3085 cmpe-

616 3088 742 3133 runt
761 3082 911 3136 multi
941 3086 1007 3137 ad
1031 3102 1151 3142 eum
1176 3106 1333 3145 (musa
1362 3093 1610 3151 visitandi
1642 3100 1860 3166 venire;
1882 3110 1936 3156 et
1965 3082 2180 3172 quidam

613 3171 1098 3242 adhortationibus,
1121 3195 1227 3248 quo
1253 3198 1352 3252 pro
1375 3183 1543 3240 salute
1570 3204 1665 3242 sua
1692 3190 1792 3244 diis
1821 3171 2174 3263 sacriﬁcaret,
2204 3222 2249 3284 ρ

612 3273 985 3331 commonere;
1014 3268 1230 3337 quidam
1264 3273 1624 3344 improperiis,
1652 3280 1793 3347 quod
1822 3282 1937 3337 sine
1963 3283 2072 3339 Deo
2092 3299 2179 3340 es-

611 3360 712 3417 set,
759 3353 1046 3423 lacessere,
1094 3369 1148 3415 et
1196 3362 1396 3419 idcirco
1428 3382 1549 3421 eum
1593 3369 1766 3424 salute
1803 3387 2010 3428 carere.
2045 3374 2178 3431 Cum

602 3440 794 3513 itaque
823 3448 937 3503 haec
962 3452 1157 3520 sarpius
1175 3464 1486 3535 agerentur,
1511 3470 1567 3514 et
1594 3461 1707 3530 ipse
1734 3442 2044 3520 constanter
2070 3483 2182 3533 ma-

604 3533 676 3590 ‘lis
717 3550 903 3592 eorum
935 3546 1366 3613 suggestionibus
1400 3533 1708 3617 resisteret;
1760 3563 2033 3623 postremo
2071 3572 2176 3613 non

609 3622 792 3682 ferens
820 3645 1006 3685 eorum
1034 3634 1378 3703 calumniam,
1411 3622 1716 3708 respondit,
1748 3658 2087 3713 nequaquam
2120 3662 2179 3707 se

602 3714 643 3770 'a
664 3720 815 3773 vanis
851 3722 1154 3780 simulacris
1180 3729 1439 3783 auxilium
1470 3740 1653 3800 petere
1686 3734 1843 3801 velle,
1874 3737 1969 3792 sed
2000 3754 2030 3792 a
2069 3738 2178 3795 Do-

609 3809 757 3865 mino
785 3828 882 3868 suo
924 3814 1049 3870 Jesu
1080 3817 1294 3874 Christo
1313 3861 1327 3886 ,
1357 3822 1448 3894 qui
1486 3834 1667 3895 posset
1696 3826 1750 3881 in
1781 3837 2086 3896 momento,
2134 3832 2181 3890 si

612 3900 791 3964 vellet,
819 3920 941 3958 eum
962 3908 1031 3961 ab
1055 3909 1365 3969 inﬁrmitate
1390 3918 1486 3970 Sua
1508 3933 1718 3975 sanare.
1744 3920 1811 3977 Et
1830 3924 2016 3979 accitis
2039 3924 2181 3982 illico

613 3989 921 4047 domesticis
944 3998 1076 4061 suis,
1102 4009 1161 4052 ut
1178 4002 1253 4057 ad
1276 4019 1426 4058 suam
1453 4022 1574 4062 eum
1601 4011 1875 4066 deferrent
1897 4015 2179 4071 ecclesiam

610 4084 895 4151 praecepit;
943 4088 1030 4141 ubi
1060 4092 1267 4157 positus
1310 4110 1489 4150 coram
1534 4102 1743 4157 cunctis
1772 4105 1862 4172 qui
1907 4108 2178 4173 astabant,

611 4176 879 4246 supplices
907 4182 974 4235 ad
1002 4182 1285 4241 Dominum
1335 4204 1526 4259 preces
1568 4191 1786 4258 effudit,
1813 4197 1997 4251 dicens
2028 4217 2038 4251 :
2070 4199 2178 4254 Do-

610 4270 756 4326 mine
800 4276 871 4327 mi
900 4275 1025 4330 Jesu
1052 4276 1295 4345 Christe,
1330 4292 1387 4335 ut
1417 4284 1590 4339 sciant
1636 4285 1688 4339 hi
1726 4288 1944 4354 miseri,
1972 4291 2098 4358 quia
2122 4301 2177 4347 tu

608 4374 667 4415 es
699 4361 840 4420 Deus
877 4366 1051 4434 solus,
1086 4378 1142 4425 et
1178 4386 1283 4426 non
1317 4382 1401 4447 est
1434 4374 1572 4431 alius
1614 4387 1811 4445 praeter
1842 4388 1911 4444 te,
1947 4381 2012 4434 da
2045 4382 2176 4439 mihi

609 4465 770 4535 servo
797 4464 888 4510 tuo
913 4457 967 4512 in
991 4460 1093 4513 hac
1121 4461 1252 4516 hora
1283 4465 1565 4533 pristinam
1588 4470 1831 4539 corporis
1856 4472 2173 4540 sanitatem;

608 4553 667 4599 ut
701 4546 942 4604 videntes
971 4551 1175 4607 inimici
1206 4558 1467 4627 magnalia
1500 4568 1621 4625 tua,
1649 4562 1718 4617 de
1748 4563 1862 4619 suis
1895 4567 2175 4621 erroribus
2203 4583 2258 4641 Β

610 4635 1026 4705 corifuiidantur,
1059 4650 1112 4695 et
1146 4643 1210 4697 ad
1243 4646 1571 4715 agnitionem
1602 4651 1676 4703 tui
1704 4653 1935 4708 nominis
1960 4668 2180 4710 conver-

610 4724 811 4803 tantur.
850 4730 981 4796 Fac,
1014 4748 1214 4801 quaeso,
1244 4740 1386 4813 quod
1412 4749 1538 4809 peto
1566 4751 1785 4811 propter
1822 4760 2016 4801 nomen
2057 4761 2178 4802 san-

609 4829 752 4873 etum
793 4829 947 4896 tuum.
980 4826 1123 4893 quod
1161 4837 1243 4880 est
1286 4827 1624 4886 benedictum
1667 4834 1721 4887 in
1759 4836 2083 4909 szecula;.ne
2108 4838 2180 4895 sit

610 4906 853 4963 confusio
880 4914 1276 4970 conﬁdentibus
1306 4918 1358 4971 in
1386 4926 1459 4983 te,
1490 4920 1731 4977 Domine.
1750 4924 1877 4979 Post
1897 4906 2059 4996 quam
2085 4942 2178 4981 vo-

610 5002 758 5065 cem',
786 5002 962 5057 divina
992 5020 1115 5059 eum
1147 5008 1445 5064 medicante
1472 5013 1666 5079 gratia,
1695 5013 1977 5070 confestim
1999 5015 2174 5072 sanis-

611 5092 779 5146 simus
806 5104 889 5148 est
921 5096 1181 5163 redditus,
1226 5108 1280 5153 et
1319 5102 1382 5156 de
1420 5103 1646 5158 ecclesia
1693 5120 1793 5174 per
1827 5108 2173 5179 semetipsum

610 5200 886 5253 egressus,
934 5204 1033 5258 pro
1060 5191 1230 5247 salute
1259 5209 1355 5248 sua
1392 5194 1501 5251 Deo
1544 5197 1749 5265 gratias
1776 5199 1999 5268 agebat,
2035 5211 2091 5255 et
2119 5201 2175 5257 in

609 5278 809 5333 Christi
843 5278 946 5335 ﬁde
976 5285 1356 5341 eonvalesecns
1383 5287 1553 5357 magis
1571 5288 1849 5357 magisque
1875 5290 2179 5347 incredulos

609 5371 988 5428 confundebat.

716 5485 994 5540 Avoundus
1028 5503 1121 5541 rea:
1146 5504 1263 5541 cum
1298 5488 1460 5544 Danis
1488 5489 1757 5546 Bircenses
1781 5504 2081 5563 oppugnat;

676 5593 764 5650 28.
781 5588 1040 5650 Paridem
1056 5597 1171 5653 fere
1188 5600 1445 5669 temporis
1469 5603 1691 5669 accidit,
1712 5603 1941 5657 utetiam
1955 5586 2173 5674 quidam

2278 1970 2424 2025 forte
2456 1982 2581 2024 tunc
2608 1984 2698 2023 rex
2730 1969 2969 2037 ipsorum
2996 1966 3208 2037 longius
3234 1965 3357 2019 inde
3378 1965 3607 2029 aberat,
3637 1976 3695 2019 et
3723 1966 3847 2034 prino

2282 2063 2431 2129 cipes
2459 2076 2521 2114 ac
2552 2059 2732 2129 pepuli
2763 2058 3045 2116 multitudo
3081 2055 3397 2126 congregari
3443 2070 3562 2108 non
3606 2063 3848 2124 piter-ant.

2287 2154 2513 2207 Tantum
2535 2151 2877 2219 supradictus
2900 2146 3206 2218 llerigarins
3224 2145 3524 2215 przefectus
3557 2146 3718 2215 hujus
3742 2145 3845 2209 loci,

2280 2258 2406 2298 cum
2428 2242 2509 2296 eis
2535 2242 2624 2310 qui
2662 2240 2736 2294 ibi
2766 2240 3057 2293 manebant
3086 2235 3526 2305 negotiatoribus
3559 2244 3613 2288 et
3641 2235 3842 2303 populis,

2280 2348 2522 2404 przesens
2552 2332 2756 2387 aderat.
2790 2330 2846 2384 ln
2890 2345 3083 2398 magna
3116 2342 3245 2397 ergo
3286 2328 3549 2396 angustia
3591 2326 3769 2395 positi,
3793 2326 3846 2379 ad

2285 2426 2556 2480 civitatem
2603 2438 2723 2492 quae
2748 2421 2900 2490 juxta
2948 2429 3090 2485 erat,
3134 2418 3539 2487 confugerunt;
3592 2426 3846 2503 ceperant

2284 2532 2496 2586 quoque
2522 2516 2625 2571 diis
2649 2515 2791 2578 suis,
2823 2515 2931 2569 imo
2961 2511 3313 2575 daemonibus,
3346 2518 3475 2563 vota
3519 2518 3577 2563 et
3607 2509 3844 2564 sacriﬁcia

2284 2606 2599 2675 promittere
2622 2612 2676 2661 et
2695 2603 2909 2666 oll‘errc,
2950 2616 3055 2670 quo
3083 2615 3271 2654 eorum
3301 2600 3511 2653 auxiiio
3543 2600 3599 2653 in
3632 2598 3719 2653 tali
3747 2614 3841 2652 ser-

2284 2704 2540 2750 varentur
2569 2694 2827 2764 periculo.
2862 2692 2964 2746 Sed
2993 2692 3120 2760 quia
3143 2690 3336 2744 civitas
3361 2690 3482 2757 ipsa
3505 2704 3619 2743 non
3644 2689 3845 2743 multum

2285 2786 2439 2839 ﬁrma
2470 2793 2619 2849 erat,
2650 2792 2704 2838 et
2730 2783 2828 2851 ipsi
2865 2781 2932 2835 ad
2970 2779 3330 2835 resistendum
3366 2780 3571 2847 pauci;
3602 2782 3845 2834 miserunt

2285 2880 2354 2933 ad
2381 2892 2475 2932 eos
2502 2878 2721 2945 legatos,
2749 2876 3026 2928 dexteram
3051 2881 3105 2926 et
3133 2870 3310 2925 foedus
3330 2870 3690 2939 postulantes.
3732 2869 3846 2935 Qui-

2285 2970 2385 3029 bus
2414 2985 2505 3024 rex
2535 2967 2790 3038 praefatus
2824 2964 3123 3023 mandavit,
3153 2971 3213 3016 ut
3237 2977 3336 3032 pro
3365 2962 3734 3029 redemptione
3766 2962 3845 3031 ip-

2284 3061 2397 3117 sius
2420 3060 2523 3114 vici
2550 3067 2763 3114 centum
2799 3057 2967 3110 iibras
2997 3054 3204 3123 argenti
3224 3053 3611 3122 persolverent,
3643 3052 3845 3133 sicque

2285 3165 2470 3221 pacem
2502 3149 2781 3205 haberent.
2812 3146 2962 3214 Quod
3003 3145 3108 3210 illi,
3149 3153 3202 3197 ut
3247 3145 3481 3215 petebat,
3522 3142 3705 3196 statim
3735 3142 3841 3195 tui-

2280 3252 2486 3307 serunt,
2511 3250 2565 3295 et
2590 3257 2619 3294 a
2653 3255 2777 3310 rege
2797 3238 3057 3307 jamdicto
3085 3245 3392 3304 susceptum
3426 3241 3525 3287 est.

3316 3334 3357 3342 ,-
3367 3323 3540 3344 stu.“

2282 3396 2591 3468 Herigarius
2645 3389 2835 3449 auctor~
2870 3402 2945 3447 est
2992 3402 3047 3445 ut
3097 3386 3365 3444 Bircenses
3403 3387 3671 3442 Christum
3709 3386 3841 3438 ineo-

2993 3473 3106 3517 cent
3125 3500 3140 3515 .

2349 3597 2439 3653 29.
2481 3597 2648 3651 Porro
2672 3595 2802 3649 Dani
2830 3594 3067 3665 graviter
3094 3587 3401 3658 huiusmodi
3436 3587 3835 3642 conventione!

2283 3691 2539 3755 ferentes,
2575 3686 2695 3756 quia
2725 3701 2830 3738 non
2852 3683 3009 3737 sicuti
3031 3681 3409 3751 disposuerant
3439 3686 3630 3732 actum
3650 3675 3835 3735 fuisset,

2282 3784 2559 3848 coeperunt
2600 3773 2732 3829 velle
2774 3788 2936 3842 super
2975 3785 3069 3825 eos
3109 3769 3286 3824 subito
3322 3768 3568 3831 irruere,
3605 3776 3661 3821 et
3684 3764 3837 3818 iocata

2282 3872 2456 3942 ipsum
2482 3867 2722 3922 funditus
2751 3862 3048 3934 deprzedari
3076 3871 3238 3930 atque
3267 3860 3595 3923 incendere,
3620 3859 3840 3911 dicatas

2282 3977 2447 4016 unum
2474 3957 2764 4030 quemlibet
2785 3956 3171 4026 negotiatorem
3196 3951 3315 4022 plus
3339 3951 3413 4005 ibi
3440 3950 3677 4035 habere,
3701 3959 3838 4018 quam

2283 4055 2384 4109 sibi
2411 4051 2643 4107 oblatum
2670 4047 2886 4112 fuisset;
2910 4055 2963 4101 et
2988 4045 3134 4099 nullo
3157 4043 3315 4098 modo
3342 4057 3400 4096 se
3424 4048 3643 4095 tantam
3664 4040 3840 4094 calua-

2281 4146 2423 4200 niam
2455 4139 2677 4196 sntl‘errc
2703 4150 2880 4208 pOSSe.
2906 4136 3036 4191 Cum
3064 4136 3179 4190 haec
3198 4149 3328 4204 ergo
3355 4134 3498 4187 inter
3533 4144 3601 4187 se
3626 4136 3840 4201 agerest.

2281 4242 2335 4288 et
2361 4234 2427 4288 ad
2455 4230 2805 4300 diripiendam
2830 4228 3018 4282 urbem
3038 4266 3052 4291 ,
3086 4226 3141 4278 in
3177 4238 3337 4293 quam
3375 4221 3760 4291 confugerant,
3785 4230 3841 4272 se

2279 4331 2664 4397 praepararent,
2700 4322 2803 4375 hoc
2836 4334 3049 4391 quoque
3071 4317 3175 4370 illis
3202 4314 3458 4369 innotuit.
3488 4312 3661 4368 Unde
3680 4321 3847 4366 rem

2280 4417 2483 4488 pariter
2505 4413 2845 4485 congregati,
2878 4426 2999 4467 cum
3030 4409 3178 4464 nullo
3211 4408 3372 4462 modo
3409 4406 3566 4461 vires
3611 4407 3847 4462 haberent

2282 4506 2585 4569 resistendi,
2612 4504 2860 4573 nullaque
2882 4503 2961 4557 eis
2986 4517 3108 4572 spes
3129 4508 3274 4554 esset
3308 4498 3523 4567 rel'ugii,
3565 4494 3642 4553 ad
3670 4506 3784 4550 vota
3804 4498 3851 4547 et

2285 4599 2547 4656 sacriﬁcia
2576 4596 2780 4666 majora
2818 4597 2919 4651 diis
2947 4595 3059 4650 suis
3089 4591 3454 4647 oﬁ‘erenda'se
3490 4591 3739 4645 invicem
3773 4600 3851 4639 co-

2284 4690 2655 4746 hortabantur.
2679 4688 2876 4743 Contra
2898 4700 3032 4755 quos
3061 4684 3229 4738 iratus
3257 4681 3431 4764 ﬁdelis
3454 4680 3685 4735 Domini
3711 4676 3853 4732 ﬂeri-

2286 4784 2466 4855 garius
2500 4796 2513 4835 :
2543 4780 2821 4835 Maledicta
2853 4779 2982 4842 sint,
3016 4777 3207 4845 inquit,
3242 4790 3269 4828 a
3436 4782 3645 4828 nostro
3669 4783 3786 4825 vota
3808 4775 3858 4823 tt

2284 4871 2547 4929 sacriﬁcia
2580 4882 2758 4926 vestra
2791 4884 2911 4923 cum
2952 4865 3109 4923 idolis
3150 4862 3364 4921 vestris.
3405 4862 3673 4929 Quandiu
3714 4858 3859 4912 vultis

2285 4964 2614 5025 dmmonibus
2637 4961 2861 5024 servire,
2887 4967 2942 5013 et
2970 4972 3069 5012 vos
3096 4957 3244 5028 ipsos
3269 4956 3337 5010 ad
3363 4955 3679 5035 perniciem
3709 4947 3861 5006 ves'ri

2282 5054 2422 5107 votis
2465 5051 2712 5106 inanibus
2752 5050 2807 5103 in
2835 5055 3155 5120 paupertate
3185 5045 3475 5116 redigere?
3503 5043 3658 5098 Ecce
3703 5040 3861 5095 meite

2282 5143 2567 5208 Obtulistis,
2617 5150 2672 5197 et
2717 5139 2972 5211 ampliora
3021 5138 3262 5201 vovistis,
3294 5138 3515 5205 insuper
3544 5145 3609 5190 et
3650 5144 3862 5189 centum

2280 5230 2447 5291 libras
2470 5232 2673 5303 argenti
2695 5232 2936 5295 dedistis,
2964 5230 3089 5299 quid
3116 5228 3319 5300 profuit
3345 5227 3538 5282 vobis?
3573 5227 3727 5281 Ecce
3752 5238 3859 5278 ouo

2282 5328 2370 5381 nia
2404 5340 2522 5395 quae
2543 5323 2775 5385 habetis,
2806 5321 3031 5376 veniunt
3049 5320 3304 5389 diripere,
3335 5331 3531 5371 uxores
3564 5329 3791 5370 vestras
3814 5321 3861 5366 et

2283 5418 2421 5472 ﬁiios
2441 5422 2650 5470 vestros
2671 5415 2865 5467 ducent
2883 5413 3142 5483 captivos,
3168 5411 3442 5465 civitatem
3468 5417 3520 5461 et
3537 5409 3739 5461 vicum
3766 5404 3857 5474 igni

2282 5506 2627 5571 succendent,
2656 5513 2710 5561 et
2734 5519 2826 5559 vos
2863 5505 3040 5576 gladio
3068 5502 3330 5574 peribitis.
3362 5499 3500 5567 Quid
3535 5514 3685 5569 ergo
3726 5493 3860 5569 vobis

2284 5610 2509 5674 prosunt
2536 5596 2826 5655 simulacra
2852 5596 3071 5652 vestra?
3095 5596 3177 5650 Ad
3204 5608 3368 5665 quam
3391 5606 3578 5648 vocem
3619 5590 3739 5646 illic
3759 5600 3859 5643 oln-

612 5776 619 5787 ’
680 5789 705 5821 ι
744 5778 837 5835 Sic
861 5777 1074 5839 codices
1098 5793 1226 5837 mss.
1249 5818 1266 5851 ,
1287 5776 1366 5835 uti
1390 5784 1445 5835 et
1466 5773 1676 5835 Gualdo
1703 5785 1885 5848 poeta.
1910 5778 2170 5839 Bollaudo
2205 5774 2522 5845 Anaundus,
2548 5790 2645 5833 seu
2668 5774 2979 5833 Amudin.
