4020 6338
214 444 312 504 984

1778 428 1955 487 VITA.

3367 420 3470 484 98!

213 574 318 617 nes
350 552 652 627 perterriti,
693 560 747 608 et
784 549 910 620 quid
936 558 1175 621 agerent
1212 548 1406 611 nescii,
1450 542 1778 601 unanimiter
1808 545 1858 606 Α
1885 545 2025 601 ultra
2068 546 2333 601 culturam
2365 544 2793 616 superstitiosam
2822 557 3085 627 quaerere,
3128 554 3183 598 et
3211 544 3357 598 inani
3386 559 3471 598 sa-

217 648 613 720 responderunt
651 662 665 699 :
698 642 855 698 Salus
895 650 1080 697 nostra
1120 650 1175 697 et
1203 639 1489 696 consilium
1517 638 1588 693 sit
1614 638 1667 692 in
1697 646 1789 691 tua

218 740 627 804 deliberatione,
669 745 725 792 et
759 734 1017 806 quidquid
1061 733 1221 789 nobis
1269 732 1627 804 suggesseris,
1677 731 1792 785 sine

218 833 384 891 dubio
396 830 671 887 faciemus.
692 827 898 898 Quibus
918 827 1006 882 ille
1033 844 1047 881 :
1072 826 1149 893 Si,
1173 824 1366 896 inquit,
1383 832 1506 880 vota
1528 823 1794 895 spondere

218 924 401 987 Vultis,
428 928 619 977 vovete
641 928 695 976 et
720 920 926 975 reddite
943 916 1301 987 omnipotenti
1333 916 1446 970 Deo
1475 915 1567 984 qui
1604 920 1797 983 regnat

217 1017 276 1072 in
303 1013 476 1078 caelis,
504 1018 558 1068 et
579 1012 665 1067 cui
694 1026 793 1081 ego
824 1012 876 1066 in
898 1008 1230 1066 conscientia
1256 1023 1390 1080 pura
1421 1014 1475 1063 et
1507 1006 1612 1063 ﬁde
1641 1013 1790 1061 recta

218 1104 485 1159 deservio.
534 1098 653 1174 Ipse
694 1102 932 1158 omnium
986 1101 1248 1157 Dominus
1277 1109 1388 1168 est;
1424 1099 1479 1155 in
1520 1099 1796 1153 voluntate

218 1197 338 1266 ejus
363 1196 545 1250 omnia
570 1203 699 1259 sunt
728 1196 927 1265 posita,
959 1209 1061 1250 nec
1086 1201 1169 1249 est
1201 1193 1292 1265 qui
1320 1193 1440 1263 ejus
1466 1192 1652 1248 ditioni
1680 1206 1799 1261 pos-

219 1289 290 1340 sit
326 1285 597 1340 resistere.
631 1282 689 1342 Si
716 1284 899 1354 itaque
923 1282 1039 1352 ejus
1067 1282 1328 1339 auxilium
1354 1290 1468 1338 toto
1503 1282 1667 1338 corde
1703 1296 1799 1351 pe-

222 1375 449 1436 tieritis.
485 1366 933 1445 omnipotentiam
972 1374 1142 1445 ipsius
1170 1374 1322 1430 vobis
1350 1389 1455 1429 non
1489 1373 1798 1430 defuturam

221 1468 485 1524 sentietis.
516 1468 751 1538 Accepto
778 1467 944 1539 igitur
982 1469 1053 1523 ab
1081 1483 1147 1524 eo
1180 1467 1425 1531 consilio,
1457 1475 1589 1522 tunc
1609 1467 1801 1521 unani-

221 1570 341 1611 mes
369 1563 423 1612 et
453 1555 739 1611 voluntarii
773 1565 1066 1619 exeuntes,
1111 1558 1249 1612 sicut
1283 1552 1357 1611 ibi
1393 1554 1801 1612 consuetudinis

222 1654 359 1709 erat,
400 1646 454 1703 iu
494 1662 766 1717 campum,
812 1661 913 1717 pro
942 1646 1262 1702 liberatione
1300 1645 1404 1701 sibi
1436 1636 1802 1714 jejunium‘et

221 1737 593 1811 eleemosynas
620 1739 849 1796 Domino
874 1740 1092 1795 Christo
1115 1740 1465 1796 devoverunt.

400 1873 516 1942 Quo
542 1868 683 1943 facta
708 1870 999 1928 liberantur
1031 1871 1095 1927 ab
1119 1872 1350 1927 hostium
1379 1872 1615 1926 incursu.

291 2002 383 2073 50.
420 2003 642 2069 Interim
672 2019 763 2061 rex
793 2004 1048 2079 praefatus
1073 2020 1196 2060 cum
1220 2004 1387 2059 Danis
1408 2018 1578 2075 agere
1606 2003 1793 2073 erupit,

223 2101 283 2153 ut
302 2104 449 2151 sorte
469 2094 848 2164 perquirerent
895 2102 1075 2148 utrum
1099 2088 1374 2148 voluntate
1399 2093 1621 2148 deorum
1646 2093 1800 2149 locus
1848 2080 1859 2089 ’

223 2183 338 2255 ipse
372 2183 441 2237 ab
469 2183 550 2237 eis
571 2182 932 2237 devastandus
954 2192 1117 2238 esset.
1145 2180 1318 2246 Multi,
1350 2176 1545 2251 inquit,
1572 2181 1648 2236 dii
1671 2189 1802 2237 sunt

224 2272 295 2335 ibi
326 2280 605 2343 potentes,
642 2272 713 2328 ibi
738 2273 902 2328 etiam
925 2272 1153 2329 ecclesia
1188 2273 1318 2329 olim
1356 2281 1671 2330 constructa
1691 2280 1798 2341 est,

226 2371 282 2430 et
308 2362 516 2417 cultura
550 2361 757 2419 Christi
782 2378 813 2418 a
842 2364 1026 2421 multis
1050 2363 1379 2421 Christianis
1413 2364 1485 2421 ibi
1511 2366 1800 2432 excolitur,

226 2452 316 2521 qui
336 2451 674 2513 fortissimus
698 2462 782 2509 est
804 2455 1049 2520 deorum,
1078 2466 1134 2511 et
1166 2465 1356 2526 potens
1377 2458 1723 2527 sperantibus
1746 2458 1801 2512 iu

162 2588 181 2606 ,
227 2556 284 2608 se
307 2581 323 2603 ,
351 2558 671 2614 quocunque
698 2545 859 2599 modo
888 2545 1003 2599 vult
1026 2545 1299 2601 auxiliari.
1323 2545 1648 2602 Necessario
1671 2562 1803 2616 ergo

226 2634 572 2702 quaerendum
600 2644 706 2699 est,
734 2643 915 2690 utrum
944 2636 1124 2691 divina
1147 2638 1213 2691 ad
1238 2638 1341 2693 hoc
1365 2633 1643 2695 voluntate
1670 2628 1805 2699 inci.

229 2709 434 2779 tentini.
464 2724 615 2792 Quod
660 2725 757 2790 illi,
803 2727 929 2797 quia
954 2727 1033 2783 sic
1060 2728 1200 2797 apud
1227 2743 1320 2784 eos
1360 2730 1496 2783 mori
1526 2737 1673 2793 erat,
1704 2734 1802 2784 ne-‘

226 2829 494 2884 quaquam
536 2818 772 2873 abnuere
816 2826 1125 2888 potuerunt.
1167 2818 1461 2885 Quaesitum
1513 2828 1599 2874 est
1641 2820 1806 2890 igitur

229 2905 489 2971 sortibus,
512 2916 567 2961 et
585 2906 860 2962 inventum
881 2908 1025 2976 quod
1052 2922 1175 2962 cum
1198 2922 1293 2962 sua
1322 2908 1425 2963 hoc
1448 2908 1806 2978 prosperitate

228 3011 563 3068 nequaquam
609 2998 874 3069 perficere
908 3008 1151 3069 possent,
1191 3013 1365 3069 neque
1414 2999 1588 3055 locum
1627 2999 1804 3070 ipsum

228 3103 414 3145 eorum
435 3088 819 3159 depraedationi
847 3104 878 3143 a
900 3090 1011 3146 Deo
1032 3102 1369 3147 conceSsum.
1390 3088 1590 3144 lterum
1611 3090 1807 3159 quaesi-

233 3190 343 3257 tum
369 3188 472 3245 est,
502 3180 557 3235 in
584 3195 746 3252 quam
771 3188 981 3249 partem
1008 3180 1136 3235 ituri
1164 3187 1366 3245 essent,
1396 3178 1486 3234 ubi
1516 3179 1616 3234 sibi
1644 3193 1806 3248 pecn-

1891 637 2095 692 crilicio
2110 636 2249 690 idola
2264 637 2414 691 vobis
2436 634 2668 704 placare.
2699 635 2896 689 Verum
2916 626 3108 699 Deum,
3126 634 3216 704 qui
3231 634 3470 688 omnium

1892 743 2012 799 quae
2052 729 2103 782 in
2134 726 2285 782 caelis
2310 735 2363 781 et
2390 727 2443 780 in
2475 727 2633 781 terris
2666 734 2810 789 sunt,
2840 718 3170 792 dominatur,
3204 722 3381 789 colite,
3416 734 3471 777 et

1894 810 1994 889 ipsi
2017 834 2111 874 vos
2132 818 2409 888 subjicite;
2435 817 2600 887 ipsius
2629 816 3076 886 omnipotentiam
3103 816 3345 870 adorate.
3378 815 3477 870 De-

1896 910 2055 981 nique
2096 919 2214 980 post
2240 910 2375 973 haec,
2406 917 2555 963 tanto
2591 908 2821 962 alacrior
2863 915 3067 978 quanto
3102 906 3474 976 frequentibus

1896 999 2107 1056 Domini
2156 998 2434 1055 beneficiis
2482 999 2533 1052 in
2580 998 2683 1052 fide
2714 997 2986 1053 robustior
3020 994 3216 1063 factus,
3266 994 3477 1066 publice

1896 1074 2203 1163 ubicunque
2268 1089 2473 1154 aderat,
2548 1091 2742 1158 partim
2823 1089 3161 1154 exsultando,
3218 1090 3475 1142 virtutem

1896 1184 2110 1239 Domini
2151 1191 2205 1238 et
2229 1182 2351 1238 fidei
2400 1181 2629 1253 gratiam
2680 1180 2887 1235 cunctis
2929 1181 3229 1235 nuntiabat.
3275 1177 3476 1250 Sicque

1897 1275 2096 1332 bonum
2123 1281 2395 1330 certamen
2422 1287 2591 1341 usque
2619 1272 2685 1326 ad
2717 1271 2877 1326 finem
2903 1287 3013 1325 sua:
3041 1271 3293 1341 perduxit
3314 1271 3474 1324 vitas:

1899 1377 2378 1437 consummatoque
2416 1366 2539 1421 boni
2582 1365 2760 1434 operis
2806 1379 2990 1428 cursu,
3014 1361 3271 1435 languore
3298 1364 3477 1433 ingra-

1867 1469 2168 1522 ~vescente,
2227 1464 2438 1512 astante
2483 1452 2594 1525 jam
2646 1456 2789 1510 dicto
2863 1454 3124 1525 Ardgario
3194 1453 3479 1510 sacerdote

1900 1550 2094 1604 divina:
2115 1548 2521 1604 commendatus
2548 1546 2863 1611 clementia},
2894 1545 3272 1601 communione
3317 1561 3475 1601 sacra

1898 1646 2172 1709 percepta,
2203 1634 2431 1691 feliciter
2452 1636 2506 1690 in
2526 1635 2743 1691 Christo
2765 1636 2927 1691 obiit:
2952 1636 3019 1690 de
3047 1632 3200 1704 cujus
3215 1634 3334 1691 fidei
3354 1651 3480 1690 con-

1900 1731 2099 1786 stantia
2146 1727 2311 1784 multa
2345 1728 2519 1783 adhuc
2563 1727 2667 1783 dici
2703 1736 2989 1797 poterant;
3015 1727 3111 1783 sed
3149 1726 3274 1798 quia
3304 1727 3481 1783 brevi-

1854 1882 1859 1887 ,
1902 1823 2001 1879 tati
2031 1822 2355 1888 studuimus,
2384 1822 2500 1875 haec
2527 1820 2668 1874 dicta
2696 1818 2980 1874 sufﬁciant.

1826 1907 1877 1968 Β

1900 1978 2243 2048 Frideburgis
2265 1977 2320 2031 in
2353 1976 2458 2045 ﬁde
2483 1985 2755 2056 constans,
2776 1974 2952 2029 vinum
2973 1974 3025 2027 in
3045 1973 3295 2027 viaticum
3316 1988 3483 2027 reser-

2533 2055 2643 2100 oart
2670 2055 2839 2099 curat.

1964 2181 2052 2238 '52.
2074 2181 2183 2238 Illis
2203 2197 2419 2253 quoque
2434 2182 2764 2252 temporibus
2786 2180 2924 2252 apud
2948 2195 3040 2235 eos
3062 2187 3309 2235 matrona
3331 2194 3479 2250 quat-

1900 2273 2022 2328 dam
2057 2271 2159 2327 fuit
2203 2271 2356 2327 valde
2406 2271 2678 2343 religiosa,
2709 2287 2872 2342 quam
2925 2270 3063 2325 nulla
3108 2286 3343 2341 unquam
3375 2270 3479 2325 im-

1899 2368 2190 2437 proborum
2240 2368 2566 2436 perversitas
2612 2381 2642 2420 a
2686 2365 2808 2421 tidei
2858 2381 2969 2420 suae
2997 2364 3322 2420 rectitudine
3357 2376 3480 2433 per-

1900 2460 2114 2511 vertere
2159 2456 2353 2527 potuit.
2386 2456 2482 2512 Cui
2528 2455 2839 2527 frequenter
2864 2456 2917 2511 iu
2949 2467 3272 2527 quacunque
3296 2468 3487 2510 neces-

1903 2540 2061 2604 sitate
2107 2549 2313 2618 posita,
2365 2558 2424 2603 ut
2471 2565 2622 2605 more
2672 2565 2857 2605 eorum
2915 2549 3070 2605 idolis
3123 2548 3481 2615 sacrificaret,

1904 2652 2211 2713 Suggestum
2259 2652 2373 2709 est;
2420 2645 2512 2699 sed
2554 2643 2640 2698 illa
2669 2642 2959 2699 immobilis
2990 2642 3112 2698 fidei
3145 2658 3256 2698 suae
3301 2642 3484 2697 munia

1904 2749 2010 2787 non
2040 2733 2273 2804 reliquit,
2317 2748 2514 2789 vanum
2544 2749 2664 2789 esse
2692 2734 2895 2799 dicens,
2926 2750 2955 2788 a
2983 2733 3288 2789 simulacris
3320 2732 3482 2787 mutis

1902 2831 1958 2876 et
2002 2824 2179 2877 surdis
2224 2824 2481 2877 auxilium
2512 2826 2783 2893 quaerere;
2804 2832 2860 2878 et
2892 2823 3251 2878 abominabile
3278 2823 3382 2877 sibi
3408 2823 3489 2875 vi-

1903 2915 2038 2979 deri,
2065 2923 2125 2967 ut
2151 2914 2236 2968 his
2264 2916 2459 2983 quibus
2490 2915 2542 2968 in
2572 2915 2837 2983 baptismo
2864 2915 3284 2979 renuntiaverat,
3309 2915 3487 2993 denuo

1904 3006 2238 3071 intenderet;
2268 3015 2323 3061 et
2349 3008 2691 3077 sponsionem
2714 3023 2874 3076 quam
2896 3006 3114 3063 Christo
3141 3010 3488 3078 promiserat,

1903 3093 2132 3149 falleret.
2190 3094 2247 3149 Si
2306 3097 2481 3160 enim,
2537 3096 2740 3165 inquit,
2796 3096 2997 3151 malum
3046 3107 3131 3153 est
3181 3098 3489 3152 hominibus

1904 3186 2142 3249 mentiri,
2164 3194 2363 3253 quanto
2392 3187 2563 3256 magis
2587 3187 2738 3241 Deo?
2761 3196 2817 3242 et
2843 3189 2886 3241 si
2912 3189 3107 3242 bonum
3132 3197 3213 3243 est
3236 3190 3375 3243 inter
3395 3190 3489 3243 ho-

231 3274 375 3337 niam
408 3263 787 3346 acqttirerent,
821 3287 890 3329 ne
916 3288 1055 3328 vana
1083 3287 1178 3343 spe
1198 3271 1443 3328 frustrati
1467 3272 1535 3327 ad
1562 3286 1662 3326 sua
1702 3287 1800 3326 va-
1831 3263 1879 3326 ϐ
1912 3274 2083 3329 mines
2098 3274 2254 3329 fidem
2278 3285 2546 3341 constare,
2564 3289 2765 3347 quanto
2791 3278 2960 3350 magis
2986 3280 3075 3348 qui
3104 3280 3259 3334 fidem
3279 3282 3489 3336 Domini

233 3366 318 3420 cui
346 3374 671 3422 remearent.
702 3365 910 3422 Cecidit
931 3380 1083 3431 sors,
1116 3364 1260 3434 quod
1286 3365 1357 3419 ad
1395 3365 1583 3420 urbem
1615 3379 1808 3434 quam-

234 3457 357 3537 dam
398 3457 610 3528 longius
636 3457 762 3514 inde
791 3458 1022 3528 positam
1048 3458 1105 3514 i'n
1134 3456 1334 3513 finibus
1362 3454 1683 3513 Sclavorum
1728 3456 1808 3521 ire

236 3548 509 3604 deberent.
560 3546 674 3616 Hoc
701 3562 829 3620 ergo
858 3549 991 3606 Dani
1036 3550 1295 3605 divinitus
1335 3548 1436 3604 sibi
1487 3548 1808 3619 imperatum

237 3642 551 3717 credentes,
587 3656 617 3695 a
651 3640 772 3697 loco
788 3640 1095 3697 memorato
1120 3648 1493 3706 recesserunt;
1525 3640 1591 3695 ad
1622 3641 1808 3695 urbem

240 3731 409 3801 ipsam
453 3733 659 3789 directo
688 3734 883 3803 itinere
916 3740 1308 3805 properarunt,
1345 3733 1618 3788 irruentes
1646 3746 1811 3801 super

239 3821 449 3891 quietos
472 3829 527 3877 et
551 3836 739 3893 secure
768 3822 1108 3888 habitantes,
1130 3822 1425 3893 improvise
1456 3821 1599 3876 illam
1622 3822 1809 3881 urbem

240 3914 409 3969 armis
430 3923 709 3984 ceperunt,
753 3923 808 3968 et
852 3914 1026 3984 captis
1052 3914 1106 3969 in
1140 3929 1201 3969 ea
1233 3912 1418 3984 spoliis
1446 3928 1511 3967 ac
1541 3912 1811 3971 thesauris

242 4005 447 4071 multis,
477 4006 544 4061 ad
576 4021 671 4061 sua
701 4008 902 4062 reversi
923 4014 1068 4079 sunt.
1094 4006 1208 4061 Rex
1232 4022 1361 4062 vero
1382 4006 1495 4071 ille,
1517 4008 1608 4077 qui
1633 4007 1698 4062 ad
1717 4021 1812 4065 eos

242 4098 553 4169 praedandos
582 4107 832 4169 venerat,
861 4115 994 4175 pace
1019 4115 1141 4157 cum
1180 4100 1260 4155 eis
1287 4099 1584 4166 fmderata,
1616 4115 1813 4172 argem

242 4198 355 4257 tum
386 4190 527 4259 quod
549 4190 617 4245 ab
639 4190 716 4246 eis
742 4199 1044 4261 acceperat,
1069 4191 1324 4257 reddidit,
1352 4200 1409 4246 et
1432 4193 1572 4262 apud
1594 4208 1692 4248 eos
1714 4192 1814 4247 alia

242 4280 475 4348 quandiu
507 4280 738 4346 resedit,
770 4281 953 4336 volens
982 4282 1126 4353 genti
1157 4297 1268 4337 sua:
1299 4282 1659 4338 reconciliari.
1686 4281 1812 4339 Sic-

245 4384 347 4437 que
368 4367 575 4423 Domini
600 4371 798 4441 gratia,
824 4382 1043 4442 propter
1067 4372 1227 4427 fidem
1252 4373 1393 4427 servi
1414 4374 1496 4428 sui
1521 4372 1813 4444 Herigarii,

148 4543 154 4547 ⁴
245 4461 497 4533 populum
537 4463 679 4518 illius
712 4463 816 4537 loci
844 4466 914 4521 ab
940 4465 1173 4521 hostium
1205 4466 1424 4525 incursu
1451 4466 1690 4523 liberans
1714 4468 1814 4523 bo-

246 4552 329 4625 nis
362 4552 474 4609 suis
501 4554 758 4610 restituit.

250 4702 559 4775 Herigarius
597 4698 796 4762 inedia:
822 4704 1153 4831 hortatutkut
1177 4698 1384 4762 Christo
1414 4707 1666 4775 credant;
1693 4696 1817 4766 dein

668 4806 671 4811 «
860 4792 944 4831 me
961 4793 1045 4831 mo
1097 4789 1200 4831 tur.

668 4806 671 4811 ς
860 4789 944 4847 pte
961 4789 1200 4832 moritur.

248 4898 261 4905 ’
317 4906 404 4961 st.
438 4905 555 4975 Quo
598 4890 741 4962 facto
766 4906 880 4978 ipse
928 4906 981 4961 in
1008 4896 1271 4963 conventu
1316 4909 1529 4979 publico
1572 4912 1819 4969 eamdem

250 4988 361 5055 rem
403 4980 700 5069 proposuit,
730 5005 784 5052 et
821 5006 881 5052 ut
908 4986 1030 5069 quis
1051 4997 1194 5054 Deus
1220 5009 1383 5065 esset,
1408 5001 1665 5058 intentius
1689 5017 1816 5075 pro-

250 5076 495 5145 viderent
523 5090 752 5155 monuit,
798 5089 984 5148 dicens
1008 5109 1021 5146 :
1045 5091 1159 5148 Heu
1185 5093 1389 5160 miseri,
1425 5095 1509 5151 vel
1538 5094 1651 5165 jam
1680 5110 1823 5155 nunc

251 5178 553 5252 intelligite,
600 5181 743 5252 quod
785 5196 982 5237 vanum
1024 5184 1155 5238 sita
1183 5183 1515 5241 daemonibus
1563 5186 1822 5259 auxilium

252 5282 453 5341 petere,
474 5273 563 5343 qui
590 5287 698 5328 non
723 5283 947 5344 possunt
968 5273 1019 5328 in
1042 5274 1478 5330 tribulationibus
1501 5276 1819 5343 subveniret

254 5354 520 5433 Suscipite
549 5364 707 5420 fidem
746 5360 956 5420 Domini
987 5366 1089 5420 mei
1114 5365 1239 5422 Jesu
1265 5365 1487 5434 Christi,
1513 5382 1673 5437 quem
1698 5382 1824 5440 pro-

254 5454 423 5511 bastis
438 5471 625 5511 verum
648 5455 813 5511 Deum
833 5470 974 5521 esse,
997 5457 1087 5525 qui
1107 5458 1259 5513 vobis
1275 5458 1478 5513 nullum
1503 5458 1824 5517 habentibus

252 5545 518 5618 refugium
548 5563 660 5605 suae
687 5549 1049 5605 miserationis
1094 5546 1281 5608 tribuit
1322 5552 1600 5607 auxilium.
1650 5552 1825 5611 Nolite

326 5713 360 5776 ι-
392 5694 545 5776 Hunc
572 5701 747 5776 locum
791 5717 888 5774 pro
920 5703 1119 5776 viatico
1147 5703 1245 5776 sub
1270 5714 1501 5776 utraque
1522 5719 1700 5775 speete
1728 5722 1825 5763 no-

254 5774 362 5849 tavi
396 5774 449 5827 in
490 5770 811 5849 prmfatioue:
845 5773 1021 5849 saeculi
1050 5774 1213 5849 tertii,
1247 5770 1527 5849 num.'75.
1551 5770 1733 5849 Longe
1761 5780 1829 5835 ab

256 5842 417 5917 huius
436 5842 693 5900 matronas
718 5842 973 5917 religione
991 5843 1300 5901 defecerant
1326 5848 1521 5937 saecplo
1546 5842 1828 5907 undecimo

1911 3364 2107 3432 accipit
2156 3364 2458 3420 nullatenus
2487 3366 2648 3422 debet
2671 3366 2741 3422 ab
2766 3382 2831 3422 ea
2862 3369 3174 3423 immutari?
3208 3370 3488 3437 Dominus,

1912 3450 2103 3521 inquit,
2122 3468 2273 3508 meus
2285 3452 2438 3509 Iesus
2450 3452 2696 3510 Christus
2718 3456 3058 3526 omnipotens
3075 3466 3176 3514 est.
3196 3458 3313 3529 Ipse
3332 3460 3484 3522 mihi.

1911 3545 1955 3599 si
1982 3545 2033 3599 in
2061 3545 2178 3615 ejus
2201 3546 2305 3602 ﬁde
2332 3561 2770 3617 perseveravero,
2803 3558 2858 3604 et
2884 3551 3195 3618 sanitatem,
3225 3560 3279 3607 et
3304 3553 3487 3609 omnia

1910 3638 2105 3707 quibus
2121 3639 2417 3707 indignere,
2441 3625 2699 3710 praestare
2718 3644 2930 3712 poterit.
2951 3644 3212 3721 Prmdicta
3241 3646 3490 3717 religiosa

1911 3725 2131 3795 femina,
2178 3728 2473 3802 Frideburg
2505 3733 2737 3796 nomine,
2784 3734 2837 3788 in
2868 3734 3111 3791 bonitate
3137 3737 3258 3792 vitae
3286 3747 3341 3791 et
3366 3736 3491 3793 fidei

1912 3820 2215 3874 constantia
2242 3820 2544 3889 laudabilis,
2577 3823 2691 3878 dies
2716 3823 2838 3879 vita:
2864 3839 2975 3879 suae
3003 3841 3171 3896 usque
3195 3827 3262 3881 ad
3283 3835 3494 3895 tempus

1911 3910 2163 3979 produxit
2199 3898 2511 3968 senectutis.
2558 3912 2691 3969 Cum
2725 3912 2839 3983 jam
2886 3915 3338 3987 appropinquaret
3375 3916 3492 3972 dies

1912 3999 2105 4055 mortis
2130 4014 2259 4066 suat,
2283 4008 2337 4056 et
2358 4010 2478 4072 post
2500 4003 2796 4060 discessum
2823 4005 3025 4062 domini
3050 4004 3287 4062 Simonis
3315 4006 3493 4062 nullus

1916 4098 2043 4145 tunc
2094 4089 2168 4147 ibi
2220 4092 2431 4150 adesset
2462 4095 2743 4163 sacerdos;
2804 4098 2918 4169 ipsa
2975 4112 3158 4154 amore
3214 4099 3489 4167 sacrificii,

1914 4182 2057 4252 quod
2109 4183 2355 4240 audierat
2398 4184 2651 4242 viaticum
2688 4201 2712 4229 ι
2762 4202 2884 4246 esse
2928 4189 3377 4259 Christianorum,
3426 4191 3495 4247 de

1914 4273 2041 4327 vino
2084 4273 2471 4345 aliquantulum
2526 4278 2579 4332 in
2633 4279 2866 4348 quodam
2910 4279 3037 4334 fecit
3079 4282 3347 4335 reservari
3394 4296 3492 4335 va-

1917 4364 2087 4431 sculo,
2114 4374 2172 4420 et
2198 4367 2322 4422 filiae
2340 4382 2450 4422 suae
2476 4369 2531 4422 in
2558 4368 2663 4423 fide
2687 4372 3089 4435 commendans,
3118 4380 3178 4426 ut
3205 4373 3250 4427 si
3280 4373 3496 4442 quando

1918 4457 1967 4510 ei
1989 4455 2237 4512 ultimum
2264 4468 2474 4529 tempus
2498 4459 2744 4526 instaret,
2769 4461 2836 4517 de
2864 4463 2979 4533 ipso
3005 4463 3149 4529 vino,
3178 4465 3304 4534 quia
3328 4465 3497 4520 sacri-

1923 4546 2105 4603 ficium
2136 4565 2242 4605 non
2275 4551 2524 4617 habebat,
2555 4553 2604 4607 ei
2635 4553 2687 4607 in
2714 4570 2776 4610 os
2804 4556 3157 4613 distillaretur
3182 4579 3193 4613 :
3219 4569 3278 4614 ut
3306 4560 3389 4616 vel
3418 4561 3496 4617 sic

1926 4638 2140 4694 Domini
2167 4641 2353 4709 gratiae
2377 4642 2761 4713 exitumsuum
2785 4647 3205 4703 commendaret.
3236 4648 3369 4703 illud
3395 4650 3496 4704 ita-

1927 4744 2033 4800 que
2054 4732 2237 4786 vinum
2270 4731 2439 4788 tribus
2466 4732 2577 4790 fere
2608 4737 2762 4791 annis
2805 4739 2944 4808 apud
2973 4752 3091 4793 eam
3118 4751 3496 4797 conservatum

1928 4832 2049 4889 est;
2083 4823 2267 4893 sicque
2313 4825 2540 4895 contigit
2568 4825 2692 4881 illuc
2720 4828 3032 4898 praedictum
3061 4830 3379 4887 adventassc
3409 4848 3497 4887 sa-

1928 4914 2199 4970 Cerdotent
2222 4915 2559 4988 Ardgarium.
2592 4917 2708 4984 Quo
2750 4920 2821 4975 ibi
2860 4922 3055 4990 posito,
3099 4924 3233 4992 ipsa,
3260 4926 3498 4996 quandiu

1928 5006 2071 5061 vires
2120 5006 2323 5072 habuit,
2375 5008 2647 5080 religionis
2693 5025 2802 5066 sua:
2843 5012 3178 5069 devotionem
3232 5020 3496 5084 exercuit,

1924 5098 2208 5153 missarum
2235 5099 2493 5185 solemnia
2523 5110 2580 5157 et
2604 5101 2858 5158 salutaria
2889 5106 3090 5161 monita
3135 5096 3414 5165 sedulo'ab
3431 5125 3498 5167 eo

1924 5193 2232 5261 exquirens.
2264 5191 2466 5249 Verum
2506 5196 2646 5253 inter
2682 5198 2817 5262 haec,
2856 5198 3111 5271 languore
3136 5214 3194 5256 se
3228 5216 3498 5272 przeorcu-

1926 5290 2106 5352 pante,
2134 5284 2299 5353 capit
2322 5285 2583 5341 inﬁrmari
2610 5305 2623 5341 :
2647 5287 2874 5344 sollicita
2901 5290 2967 5346 de
3011 5291 3158 5347 obitu
3182 5308 3280 5349 suo
3300 5307 3503 5349 memo-

1926 5380 2102 5426 ratum
2132 5374 2198 5428 ad
2232 5389 2291 5429 se
2332 5376 2585 5431 accersiri
2621 5376 2747 5433 fecit
2784 5382 3178 5453 presbyterum,
3202 5391 3256 5437 et
3281 5392 3500 5457 accepto

1927 5462 1994 5607 ge
2042 5463 2158 5534 ejus
2203 5472 2365 5519 manu
2400 5465 2596 5523 viatico
2633 5477 2837 5540 optato,
2879 5468 3107 5528 feliciter
3141 5470 3392 5541 migravit
3431 5472 3502 5529 ad

1975 5570 2231 5607 ominum.

1975 5570 2231 5610 ominum.

1926 5714 2179 5789 Erisones
2200 5716 2439 5789 quidam,
2465 5734 2600 5789 quos
2619 5719 2910 5789 Aquaticos
2937 5728 3094 5775 vocat
3116 5719 3423 5777 Baldcricus
3448 5720 3505 5782 in

1930 5784 2183 5865 Chronici
2208 5784 2613 5847 Cameracensis
2631 5784 2724 5846 lib.
2758 5806 2844 5857 ut,
2871 5805 2991 5863 cap.
3020 5789 3113 5847 Si.
