4020 6338
539 348 644 409 985
1491 345 1549 402 S.
1591 317 1966 402 ANSCBARll
1997 341 2533 402 HAMBURGENSIS
2569 339 2872 399 EPISCOPI
3737 335 3841 392 ω

533 465 637 521 Res
659 479 782 519 suas
811 459 1122 533 pauperibus
1153 458 1396 533 αἰεινίριιί
1408 459 1575 533 jubet.
1604 457 1749 533 Filia
1785 458 1897 529 ejus
1930 459 1985 512 id
2011 475 2103 514 ex-
2131 467 2180 525 Α
2208 457 2399 513 litaria:
2445 471 2608 527 quam
2654 464 2812 510 antea
2855 453 3081 510 duxerat
3121 454 3245 509 vitae
3286 454 3354 509 ab
3396 454 3509 509 illis
3562 452 3845 523 partibus

883 529 1122 601 sequente
1141 531 1356 600 pecunia
1379 547 1482 584 non
1502 529 1770 583 decrescit.

2239 563 2479 621 gressus,
2507 547 2680 603 locum
2718 562 2875 602 suum
2921 547 3169 616 repetiit;
3195 547 3382 618 sicque
3411 549 3621 603 denuo
3668 544 3840 600 Chri-

599 650 687 704 55.
726 648 841 718 Ipsa
871 661 1000 702 vero
1029 645 1383 715 eleemosynis
1413 645 1617 699 intenta
1647 658 1879 714 semper,
1907 643 2030 711 quia
2053 644 2105 697 in
2208 640 2368 695 stiaui
2388 639 2515 694 inibi
2543 638 2700 708 positi
2713 637 3031 694 sawrdotali
3053 648 3181 694 sunt
3202 639 3501 710 praesentia
3526 639 3836 693 destituti.

532 740 712 797 saeculi
759 739 919 792 rebus
955 736 1105 791 dives
1149 745 1283 796 erat,
1317 733 1436 788 ﬁliae.
1477 749 1586 788 suae
1613 731 1881 802 praedictae
1906 730 2109 786 Cathla:
2208 734 2386 802 Quare
2409 732 2693 788 manifesto
2741 732 2914 802 patuit
2937 731 3154 796 indicio,
3181 732 3324 802 quod
3345 733 3411 786 ad
3437 730 3841 786 corroboran-

531 831 750 886 nomine
775 830 1101 900 injunxerat,
1129 835 1187 880 ut
1212 835 1335 895 post
1361 842 1518 882 suum
1544 840 1608 879 ex
1639 825 1738 879 hac
1761 824 1879 880 luce
1909 824 2109 878 disces-
2210 829 2336 884 dum
2364 827 2519 882 fidem
2551 823 2758 896 ιιι-εἰειιί
2784 824 2882 878 viri
2913 823 3200 891 Herigarii,
3230 837 3440 879 necnon
3473 823 3842 892 supradicta

530 937 674 985 sum,
705 927 898 974 cuncta
928 933 1048 988 quae
1079 917 1221 971 illius
1248 925 1432 981 erant,
1464 917 1515 970 in
1547 930 1807 985 pauperes
1834 915 2112 985 dispensa-
2213 925 2490 982 matronae,
2519 916 2828 986 pariterque
2876 922 2936 969 ut
2973 915 3177 970 exitum
3204 929 3390 970 eorum
3419 913 3656 968 divina
3687 927 3837 968 clm-

531 1020 633 1067 ret.
675 1010 744 1067 Et
771 1010 895 1080 quia
934 1010 1023 1064 hic
1058 1023 1319 1079 pauperes
1357 1009 1534 1062 minus
1577 1007 1923 1060 inveniuntur
1948 1023 1960 1059 :
1983 1005 2113 1060 Post
2213 1009 2487 1064 mendaret
2502 1006 2820 1070 clementiae,
2842 1015 2898 1062 et
2916 1007 3060 1077 quod
3083 1006 3310 1063 ﬁdeliter
3329 1005 3832 1073 desideraverant,

532 1100 764 1165 obitum,
788 1100 980 1170 inquit,
1005 1115 1203 1161 meum,
1232 1113 1351 1153 cum
1376 1097 1469 1151 tibi
1494 1096 1722 1166 primum
1742 1097 2115 1166 opportunitas
2213 1099 2527 1168 mysterium
2555 1096 2809 1152 videlicet
2837 1111 3006 1152 sacra:
3035 1096 3462 1160 communionis,
3496 1110 3618 1166 pro
3643 1095 3833 1151 ultimo

534 1192 796 1256 evenerit,
825 1190 1056 1245 venditis
1095 1188 1366 1253 omnibus,
1396 1203 1513 1257 qua-3
1558 1188 1646 1242 hic
1674 1188 1980 1257 dispensata
2009 1202 2115 1242 non
2215 1189 2410 1244 viatico
2435 1189 2792 1258 perciperent,
2815 1186 2931 1256 jam
2953 1188 3129 1244 dictus
3150 1188 3488 1244 anachoreta
3516 1189 3829 1260 Ardgarius

533 1285 756 1349 fuerint,
787 1297 940 1338 sume
986 1291 1161 1337 tecum
1192 1290 1492 1351 argentum,
1520 1289 1576 1335 et
1601 1282 1736 1335 vade
1765 1281 2114 1346 Dorstadum;
2217 1279 2287 1334 ad
2313 1278 2428 1334 illas
2461 1287 2642 1348 partes
2675 1279 2974 1335 destinatus
3006 1278 3184 1334 fuerit.

534 1376 608 1432 ibi
653 1384 782 1430 sunt
818 1374 1059 1430 ecclesia:
1099 1372 1342 1443 plurimae
1375 1381 1427 1428 et
1472 1374 1782 1429 sacerdotes
1824 1389 1889 1428 ac
1913 1373 2115 1437 clerici,

533 1467 608 1522 ibi
633 1467 988 1536 indigentium
1027 1465 1330 1521 multitudo.
1357 1465 1450 1520 lllo
1476 1466 1787 1530 adveniens,
1819 1480 1998 1535 qurere
2028 1463 2120 1532 qui

535 1566 592 1612 te
619 1559 847 1613 doceant
890 1555 1076 1610 ﬁdeles
1103 1556 1369 1624 quomodo
1392 1571 1453 1610 ea
1477 1555 1774 1645 dispenses,
1799 1563 1853 1608 et
1883 1568 1980 1622 pro
2008 1552 2123 1606 ani-
2292 1573 2381 1628 35.
2412 1572 2610 1628 verum
2639 1573 2777 1627 ίηιει.
2804 1573 2919 1628 [me
2957 1575 3205 1644 superius
3237 1573 3681 1645 comprehensa,
3709 1589 3827 1630 σου,

541 1663 645 1701 ma:
679 1662 813 1702 mea:
855 1647 1092 1701 remedio
1135 1647 1316 1701 omnia
1362 1646 1642 1700 distribue.
1672 1644 1802 1699 Post
1844 1659 2122 1699 excessum
2223 1663 2518 1734 ιίείιδοηπ
2546 1665 2818 1719 memoria3
2837 1663 3165 1720 Ludovicum
3193 1644 3626 1721 serenissima",
3668 1668 3825 1738 im

545 1739 729 1808 itaque
758 1739 968 1804 matris,
1002 1738 1110 1792 ﬁlia
1141 1754 1260 1808 qua:
1286 1746 1462 1792 mater
1493 1738 1749 1807 jusserat,
1779 1744 1996 1791 strenue
2027 1735 2122 1789 ad-
2152 1823 2194 1830 _
2226 1765 2462 1811 ηιοτεηι
2509 1756 2690 1811 (πνίηο
2731 1757 3013 1813 ordinante
3040 1758 3246 1829 judicio
3281 1759 3393 1814 vim
3431 1763 3709 1830 ptumi

544 1830 826 1922 ίηιβιθνίεε
858 1840 1185 1922 ἒττθβίοίιυίῗ
1217 1827 1758 1922 Ῠιίληθῗξῖυίὲννίῗηίθηδ
1800 1828 1866 1882 ad
1911 1829 2125 1883 Ποτδιθ·
2152 1823 2201 1884 Β
2228 1850 2480 1905 cessisse.
2511 1841 2637 1904 Post
2665 1849 2819 1920 cujus
2847 1823 3058 1904 obitum
3081 1865 3204 1906 cum
3233 1852 3300 1906 de
3342 1823 3508 1922 regni
3564 1852 3819 1908 divisione

2219 1389 2481 1446 Ludovico
2538 1390 2639 1445 Pio
2681 1402 2887 1446 mortuo
2922 1392 3246 1447 Anscharius
3293 1392 3451 1448 rebus
3505 1395 3829 1450 necessariis

2573 1461 2891 1515 destituitur.
2918 1461 3190 1516 Deseritur
3216 1479 3250 1516 α
3269 1464 3450 1518 sociis.

541 1922 688 1985 dum,
717 1921 997 1990 religiosas
1024 1919 1316 1990 exquisivit
1353 1919 1425 1974 ibi
1478 1919 1724 1984 feminas,
1755 1933 1876 1988 quae
1905 1933 2028 1973 cum
2056 1933 2121 1972 ea

539 2010 657 2066 loca
707 2022 895 2066 sancta
941 2010 1258 2075 circuirent,
1307 2018 1363 2064 et
1405 2008 1536 2079 quid
1577 2009 1771 2078 cuique
1813 2007 2124 2078 dispensare

540 2103 781 2166 deberet,
812 2118 930 2157 eam
958 2103 1310 2158 instruerent.
1354 2100 1488 2156 Cum
1530 2100 1761 2171 quadam
1789 2099 1875 2155 die
1904 2099 2122 2169 dispen-

544 2191 701 2246 sandi
738 2207 902 2245 causa
947 2191 1062 2246 loca
1094 2201 1280 2246 sancta
1311 2191 1620 2254 circuireut,
1648 2199 1701 2244 et
1728 2188 1987 2244 medietas
2011 2189 2125 2258 jam

544 2286 830 2340 distributa
859 2294 1021 2349 esset,
1046 2286 1182 2340 dixit
1211 2287 1372 2340 sociis
1394 2287 1506 2340 suis
1530 2303 1542 2339 :
1573 2284 1725 2340 Nunc
1745 2285 1898 2340 lassae
1919 2300 2124 2350 sumus,

544 2377 736 2432 melius
771 2385 853 2432 est
899 2386 957 2430 ut
999 2377 1199 2446 aliquid
1246 2378 1311 2433 de
1356 2377 1480 2431 vino
1511 2385 1742 2442 ematur,
1773 2386 1833 2430 ut
1867 2375 2129 2430 refocille-

544 2485 687 2534 mur,
717 2478 771 2524 et
819 2469 897 2524 sic
939 2469 1154 2524 demum
1200 2478 1378 2540 empta
1407 2484 1749 2540 peragamus.
1783 2469 1932 2523 Datis
1965 2468 2129 2538 igitur

546 2561 614 2614 ad
659 2562 760 2616 hoc
785 2569 1019 2630 quatuor
1049 2560 1308 2623 denariis.
1336 2569 1390 2614 et
1418 2560 1622 2615 viribus
1653 2559 1961 2630 resumptis,
1987 2558 2131 2628 quod

547 2669 762 2724 coepere
792 2664 1136 2726 peregerunt;
1168 2655 1363 2724 quibus
1383 2653 1684 2723 completis,
1720 2654 1833 2723 ipsa
1859 2653 1926 2707 ad
1951 2653 2132 2723 hospi-

547 2744 681 2798 tium
707 2759 862 2799 suum
892 2745 1129 2809 rediens,
1156 2759 1392 2809 saccum,
1421 2744 1474 2798 in
1499 2759 1606 2813 quo
1625 2753 1906 2813 argentum
1932 2741 2128 2810 fuerat,

549 2835 603 2888 in
628 2837 858 2904 quodam
881 2836 998 2890 loco
1018 2851 1246 2903 vacuum
1267 2835 1447 2905 posuit
1469 2853 1482 2888 :
1508 2836 1600 2890 sed
1616 2834 1878 2905 largiente
1901 2849 2134 2903 superno

550 2942 778 2981 munere
799 2928 972 2982 denuo
995 2927 1168 2996 ipsum
1193 2927 1374 2981 locum
1397 2927 1601 2990 adiens,
1632 2927 1770 2981 sicut
1795 2934 1920 2980 ante
1938 2924 2132 2991 fuerat,

550 3017 768 3092 plenum
813 3019 1056 3072 invenit:
1091 3033 1209 3087 quae
1253 3026 1403 3073 tanto
1447 3017 1817 3088 obstupefacto
1853 3017 2132 3082 miraculo,

552 3111 738 3165 ascitis
774 3110 836 3164 ad
881 3125 938 3165 se
970 3108 1183 3165 feminis
1212 3126 1331 3179 quae
1361 3124 1548 3166 secum
1591 3109 1740 3178 prius
1770 3110 1963 3176 ierant,
1992 3109 2132 3179 quod

554 3201 658 3254 sibi
707 3200 1010 3271 contigerat
1056 3174 1314 3265 ostendit,
1363 3215 1545 3255 coram
1592 3174 1795 3269 quibus
1841 3174 1969 3269 quid
2001 3174 2133 3254 inibi
2161 3174 2206 3237 C

554 3299 697 3344 esset
745 3297 1084 3359 computans,
1132 3298 1340 3344 tantum
1371 3289 1575 3344 invenit
1621 3296 1881 3360 quantum
1917 3287 2006 3341 illo
2043 3288 2140 3342 ad-

556 3383 726 3445 duxit,
761 3382 1003 3451 εχει-ρας
1050 3391 1283 3450 quatuor
1309 3381 1566 3436 denariis.
1597 3380 1834 3436 Consilio
1861 3380 2044 3449 itaque
2069 3378 2137 3434 ab

553 3475 634 3529 eis
661 3483 902 3544 accepto,
943 3474 1041 3529 ivit
1084 3474 1149 3528 ad
1178 3474 1489 3530 sacerdotes
1515 3475 1605 3544 qui
1651 3473 1721 3528 ibi
1751 3473 2140 3544 probabiliores

554 3565 897 3630 videbantur,
946 3573 1000 3619 et
1045 3566 1218 3634 ipsum
1270 3564 1589 3619 miraculum
1619 3565 1698 3619 eis
1741 3564 1991 3618 innotuit.
2037 3563 2140 3631 Qui

555 3655 784 3724 gratiam
812 3653 906 3707 Dei
936 3668 1033 3722 pro
1062 3662 1209 3708 tanta
1245 3653 1363 3723 ejus
1391 3653 1632 3708 bonitate
1659 3652 1959 3718 laudantes,
1998 3651 2142 3722 quod

463 3797 466 3799 _
557 3744 670 3812 ejus
698 3744 866 3800 labori
895 3759 958 3800 ac
982 3745 1108 3800 boui
1130 3745 1410 3800 intentioni
1436 3745 1696 3800 Dominus
1722 3761 1786 3801 ea
1808 3744 2140 3810 retribuerit,

559 3838 901 3891 intimabant.
934 3837 1067 3903 Quia
1091 3853 1233 3900 cum,
1270 3838 1538 3906 inquiunt,
1571 3837 1730 3892 matri
1761 3847 1863 3892 tua:
1885 3837 2142 3893 obediens

560 3927 727 3991 fuisti,
755 3936 809 3981 et
834 3926 989 3980 ﬁdem
1020 3935 1166 3980 tuam
1215 3927 1360 3981 circa
1411 3943 1529 3982 eam
1576 3927 1835 3981 illibatam
1889 3926 2139 3991 servasti,

559 4027 614 4072 et
667 4017 1038 4088 eleemosynas
1095 4019 1236 4072 illius
1284 4028 1502 4073 strenue
1563 4019 1830 4088 implesti,
1885 4019 2144 4074 Dominus

559 4110 800 4164 omnium
850 4111 1112 4165 bonorum
1163 4110 1455 4164 retributor
1501 4125 1600 4179 pro
1652 4110 1990 4164 necessitatis
2042 4119 2144 4165 tua;

561 4201 800 4257 subsidio
820 4202 924 4257 ista
951 4202 1041 4257 tibi
1065 4201 1311 4267 contulit,
1341 4202 1455 4271 ipse
1479 4211 1562 4257 est
1581 4201 1833 4256 omnibus
1853 4200 2143 4268 sufﬁciens,

561 4294 760 4349 nullius
804 4294 1043 4365 indiget:
1078 4296 1190 4366 ipse
1231 4297 1411 4351 omnia
1442 4312 1562 4366 quae
1587 4311 1688 4365 pro
1716 4295 1830 4364 ejus
1860 4297 2143 4353 distributa

560 4381 761 4438 fuerint
812 4387 1050 4450 nomine,
1103 4386 1155 4439 in
1207 4385 1413 4441 cmlesti
1476 4401 1643 4454 regno
1695 4387 2141 4458 recompensabit.

561 4472 715 4540 Quod
767 4474 838 4526 ita
884 4489 1003 4528 esse
1058 4491 1126 4529 ne
1174 4475 1351 4543 aliquo
1389 4476 1550 4530 modo
1589 4475 1886 4541 dubitares,
1916 4484 1970 4530 et
1996 4491 2064 4530 ne
2095 4485 2146 4531 te

566 4577 762 4618 census
787 4562 895 4617 dati
932 4565 1238 4619 distributio
1265 4567 1569 4634 paeniteret,
1601 4566 1702 4622 hoc
1738 4575 1791 4622 te
1816 4565 1957 4622 Deus
1985 4567 2146 4620 mira-

565 4654 688 4708 culo
724 4654 1028 4710 certiﬁcare
1068 4656 1319 4726 dignatus
1356 4665 1456 4712 est.
1499 4657 1612 4712 Hoc
1645 4657 1760 4726 jam
1791 4658 1967 4729 signo,
2003 4659 2146 4729 quod

564 4755 738 4800 mater
765 4755 852 4800 tua
883 4761 1006 4801 cum
1040 4745 1264 4801 Domino
1284 4747 1429 4802 salva
1457 4749 1546 4813 sit,
1587 4748 1814 4804 ﬁrmiter
1835 4749 2024 4804 crede:
2045 4749 2148 4804 hoc

565 4837 827 4891 miraculo
865 4838 1157 4905 admonita,
1191 4848 1249 4893 tu
1279 4855 1492 4910 quoque
1519 4856 1617 4911 pro
1652 4839 1870 4896 Christo
1895 4850 1986 4896 tua
2017 4842 2148 4897 dare

566 4941 633 4980 ne
656 4928 916 4983 timueris.

769 5035 1057 5106 Ardgarius
1082 5054 1110 5093 e
1137 5038 1327 5094 Suecia
1354 5039 1486 5094 redit
1515 5041 1569 5093 in
1591 5039 1943 5096 solitudinem.

637 5148 728 5203 54.
773 5148 942 5219 Igitur
981 5162 1102 5220 post
1140 5167 1422 5209 excessum
1457 5154 1696 5225 praedicti
1737 5155 1842 5209 viri
1882 5154 2148 5226 Herigarii

563 5237 680 5306 jam
720 5250 1046 5299 memoratus
1079 5245 1332 5300 sacerdos
1359 5243 1454 5300 Dei
1484 5243 1806 5316 Ardgarius,
1849 5261 2034 5302 amore
2061 5263 2150 5304 so-

641 5409 670 5439 ι
710 5397 765 5451 ld
790 5398 1080 5466 contigisse
1104 5413 1245 5453 anno
1269 5399 1374 5456 εις)
1403 5401 1560 5456 docet
1582 5401 1888 5456 Chronicon
1913 5401 2149 5458 Saxoni-

571 5482 692 5521 cum
723 5468 807 5522 his
837 5470 1016 5524 verbis
1042 5488 1055 5523 :
1095 5489 1110 5520 ι
1146 5470 1297 5523 Anno
1324 5470 1606 5526 dominica:
1627 5471 2020 5527 lncarnationis
2046 5473 2150 5529 849

573 5537 899 5614 [readericus
960 5540 1268 5614 Bremeusis
1323 5540 1574 5614 Ecclesiae
1629 5544 1820 5597 tertius
1867 5543 2151 5614 episcopus

572 5607 737 5691 pbiit;
784 5609 867 5690 cui
908 5610 1172 5691 successit
1213 5610 1508 5691 Ausgarius
1540 5614 1851 5691 monachus,
1895 5607 2152 5691 Humilia-

571 5675 855 5750 burgensis
883 5682 1084 5748 primus
1114 5675 1550 5750 archiepiscopus
1569 5721 1583 5744 ,
1614 5685 1714 5736 sub
1742 5698 1848 5750 quo
1879 5683 2150 5738 coaduua-

575 5745 650 5801 tio
678 5740 830 5802 facta
870 5740 955 5804 est
995 5740 1317 5808 Bremeusis'
1345 5760 1400 5807 et
1439 5740 1950 5824 fiam-mabur'gensis
1987 5767 2150 5827 paro-

2226 1959 2419 2014 magna
2473 1943 2627 1998 ﬁeret
2680 1941 3036 2012 perturbatio,
3085 1944 3319 2014 pastoris
3370 1960 3608 2016 quoque
3663 1947 3814 2001 nostri

2226 2035 2512 2106 aliquando
2541 2033 2854 2090 labefactari
2884 2036 3046 2106 cmpit
3091 2036 3306 2105 legatio.
3352 2037 3496 2092 Nam
3537 2055 3665 2095 cum
3698 2039 3812 2094 reﬂ:

2227 2127 2536 2197 supradicta
2568 2126 2782 2181 Turbolt
2818 2128 2872 2182 in
2900 2138 3107 2198 partem
3134 2130 3389 2184 cessisset
3412 2131 3717 2185 venerandi
3740 2144 3809 2184 re-

2228 2219 2311 2290 gis
2339 2218 2536 2283 Caroli,
2571 2219 2684 2288 ipse
2713 2233 2831 2273 eam
2858 2235 2888 2272 a
2917 2219 3138 2274 servitio
3173 2220 3316 2288 quod
3350 2229 3521 2289 pater
3548 2237 3678 2276 suus
3712 2221 3807 2274 dis-

2228 2319 2496 2382 posuerat,
2532 2311 2761 2376 amovit;
2794 2320 2850 2366 et
2873 2311 3025 2366 vobis
3062 2312 3198 2367 bene
3242 2313 3464 2383 cognito
3486 2313 3641 2368 dedit
3667 2314 3804 2380 Regi-

2230 2401 2403 2456 nario.
2433 2401 2536 2457 Pro
2555 2417 2661 2470 qua
2690 2417 2748 2456 re
2773 2414 2895 2455 cum
2924 2417 2954 2455 a
2979 2400 3238 2456 fratribus
3266 2404 3384 2457 suis
3409 2403 3805 2473 gloriosissiruis

2229 2493 2464 2562 regibus,
2505 2502 2561 2548 et
2598 2509 2628 2547 a
2666 2492 2847 2548 multis
2875 2507 3090 2563 quoque
3118 2493 3240 2548 aliis
3271 2495 3479 2564 saepius
3506 2495 3699 2550 fuisset
3721 2494 3805 2548 ad-

2231 2585 2485 2648 monitus,
2500 2594 2555 2642 et
2574 2587 2687 2655 ipse
2699 2589 2883 2642 eorum
2907 2588 3150 2656 petitioni
3165 2588 3478 2644 nullatenus
3513 2592 3801 2652 assentiret.

2228 2675 2339 2746 jam
2367 2676 2540 2732 dictus
2577 2677 2738 2732 Pater
2764 2686 2946 2733 noster
2971 2687 3095 2733 tunc
3124 2678 3293 2748 cmpit
3336 2679 3501 2734 atteri
3529 2681 3807 2734 necessita-

2234 2765 2378 2821 tibus
2395 2776 2450 2820 et
2472 2766 2798 2837 indigentiis.
2823 2767 2974 2822 Unde
2995 2767 3243 2839 contigit,
3272 2775 3332 2821 ut
3352 2777 3410 2822 et
3437 2767 3634 2824 fratres
3653 2768 3806 2825 vestri

2233 2856 2325 2927 qui
2347 2865 2472 2911 tunc
2491 2871 2613 2910 cum
2635 2869 2700 2910 eo
2725 2856 2813 2910 hic
2841 2855 3085 2920 aderant,
3111 2856 3178 2910 ad
3217 2865 3454 2912 vestram
3496 2859 3806 2932 societatem

2235 2946 2526 3012 redierint;
2577 2954 2632 3001 et
2679 2947 2835 3001 multi
2881 2962 3094 3018 quoque
3127 2947 3219 3001 alii
3269 2962 3424 3003 causa
3469 2951 3800 3018 paupertatis

2236 3052 2356 3091 eum
2385 3035 2786 3107 dereliquerint.
2817 3037 2934 3108 Ipse
2962 3047 3168 3093 tantum
3196 3055 3324 3095 cum
3352 3042 3520 3111 paucis
3546 3041 3634 3110 qui
3665 3056 3792 3095 cum

2237 3144 2302 3185 eo
2345 3128 2720 3196 substiterant,
2765 3138 2927 3201 prout
2970 3139 3199 3202 poterat,
3231 3146 3293 3187 se
3316 3133 3537 3203 agebat;
3579 3141 3633 3188 et
3664 3133 3793 3188 licet

2244 3219 2298 3274 in
2316 3228 2630 3291 paupertate
2658 3221 2875 3292 degens,
2907 3220 3205 3290 injunctum
3230 3222 3334 3279 sibi
3351 3221 3586 3280 oﬂicium
3606 3238 3803 3294 nequa-

2239 3326 2398 3381 quam
2428 3311 2676 3366 deserere
2705 3310 2890 3366 voluit.

2241 3420 2503 3478 Ludovico
2543 3421 2837 3478 Germaniae
2879 3440 2996 3494 rege
3037 3434 3219 3494 agente
3251 3425 3443 3494 accipit
3485 3425 3807 3483 Bremem

2563 3494 2935 3563 episcopatum,
2966 3495 3216 3565 probante
3244 3496 3494 3552 concilio.

2309 3605 2400 3660 '56.
2441 3604 2703 3659 Dominus
2732 3619 2948 3674 quoque
2974 3605 3331 3661 humilitatem
3360 3605 3483 3675 ejus
3524 3615 3584 3661 et
3621 3607 3803 3678 patien-

2243 3701 2330 3755 tiae
2358 3699 2724 3756 fortitudinem
2751 3701 3105 3772 conspiciens,
3134 3701 3262 3772 quia
3290 3716 3388 3756 cor
3415 3701 3570 3772 regis
3595 3700 3648 3754 in
3669 3713 3802 3753 manu

2242 3789 2453 3844 Domini
2485 3799 2584 3851 est,
2617 3789 3024 3845 clementissimi
3051 3789 3261 3845 Domini
3290 3797 3348 3844 et
3389 3790 3634 3845 senioris
3663 3786 3807 3843 nostri

2242 3880 2504 3944 Ludovici
2545 3881 2714 3952 regis,
2753 3881 2844 3951 qui
2879 3890 3002 3952 post
3038 3891 3244 3952 patrem
3275 3895 3437 3936 suum
3481 3880 3648 3950 hujus
3684 3877 3805 3950 regni

2244 3971 2606 4044 gubernacula
2637 3975 2896 4042 suscepit,
2945 3971 3012 4026 ad
3049 3973 3152 4027 hoc
3187 3971 3427 4026 animum
3461 3971 3730 4032 incitavit,
3762 3974 3808 4021 ut

2247 4077 2488 4134 quaerere
2518 4063 2809 4133 inciperet,
2848 4061 2991 4118 unde
3019 4063 3071 4118 ei
3103 4061 3355 4118 solatium
3389 4061 3721 4117 subsistendi
3744 4057 3806 4112 fa-

2246 4169 2371 4211 cere
2398 4163 2601 4226 posset,
2639 4169 2746 4224 quo
2775 4154 3059 4225 legationis
3087 4169 3199 4211 sua:
3225 4154 3546 4210 mandatum
3577 4153 3802 4225 perﬁcere

2245 4253 2449 4314 posset.
2482 4245 2548 4299 Et
2572 4244 2700 4316 quia
2730 4245 2785 4300 in
2812 4245 2915 4300 hac
2949 4245 3224 4316 provincia
3251 4245 3444 4302 cellam
3471 4245 3682 4302 nullam
3705 4242 3806 4299 huic

2245 4333 2496 4407 legationi
2524 4335 2755 4390 habebat
2773 4351 3087 4408 congruam,
3103 4345 3226 4392 erat
3245 4347 3426 4392 autem
3451 4337 3529 4392 ibi
3544 4338 3704 4407 juxta
3718 4334 3808 4404 epi-

2248 4437 2499 4498 scopatus
2551 4426 2861 4483 Bremeusis
2913 4427 3170 4483 Ecclesiae
3226 4437 3352 4482 tunc
3400 4427 3687 4484 desolatus
3731 4439 3811 4498 pa-

2172 4530 2224 4590 ι)
2250 4529 2394 4574 store
2414 4530 2466 4582 ι,
2502 4518 2650 4572 illum
2681 4517 2732 4573 ei
2757 4518 2886 4573 dare
2909 4517 3190 4588 disposuit.
3234 4517 3387 4574 Unde
3431 4518 3661 4588 publico
3701 4531 3811 4573 oon-

2247 4619 2408 4666 ventu
2447 4611 2820 4680 episcoporum
2862 4619 3287 4680 ceterorumque
3327 4610 3565 4665 ﬁdelium
3620 4623 3814 4666 suorum

2251 4709 2486 4756 tractare
2512 4715 2634 4756 cum
2666 4701 2748 4756 eis
2775 4701 2970 4771 ccepit,
2999 4709 3182 4756 utrum
3218 4703 3319 4756 hoc
3355 4701 3408 4756 ei
3453 4700 3647 4759 facere
3675 4713 3815 4756 cano-

2249 4796 2368 4850 nica
2395 4793 2718 4849 auctoritate
2743 4793 2952 4850 liceret.
2995 4795 3235 4849 Domnus
3264 4792 3408 4849 enim
3443 4800 3499 4848 et
3524 4804 3714 4863 pastor
3735 4805 3815 4845 no-

2251 4895 2363 4940 ster
2402 4884 2506 4939 hoc
2544 4883 2645 4938 sibi
2688 4883 3051 4954 periculosum
3079 4898 3200 4940 esse
3226 4883 3408 4952 aliquo
3444 4883 3614 4938 modo
3652 4881 3819 4939 formi-

2251 4976 2404 5040 dans,
2433 4985 2486 5031 et
2512 4991 2580 5032 ne
2605 4991 2635 5030 a
2666 4975 2995 5045 quibuslibet
3023 4991 3175 5032 natvo
3200 4976 3514 5047 cupiditatis
3539 4975 3820 5048 reprehens

2250 5066 2489 5130 duretur,
2517 5073 2676 5120 caute
2698 5064 3003 5134 providens,
3030 5079 3138 5120 non
3161 5065 3321 5122 facile
3343 5066 3470 5122 huic
3490 5061 3816 5137 dispositioni

2253 5156 2604 5212 assentiebat.
2649 5154 2880 5212 lubente
2921 5156 3104 5227 itaque
3140 5171 3269 5228 rege
3292 5158 3406 5212 haec
3427 5158 3622 5213 eadem
3660 5171 3744 5212 res
3769 5155 3818 5208 in

2254 5248 2484 5305 concilio
2517 5247 2894 5319 episc0porum
2934 5247 3192 5303 ventilata
3227 5257 3330 5305 est.
3357 5249 3459 5317 Qui
3487 5251 3674 5306 multis
3695 5262 3819 5320 pra-

2253 5409 2406 5466 chiae.
2439 5429 2458 5462 ι
2508 5407 2786 5464 Consentit
2833 5407 2973 5463 liber
3016 5407 3367 5464 donationum
3394 5407 3463 5463 ab
3511 5408 3720 5464 Adamo
3753 5407 3816 5461 ci-

2251 5490 2394 5536 tatus
2436 5480 2487 5534 in
2520 5480 2610 5549 lib.
2649 5495 2688 5542 ι,
2729 5495 2844 5548 cap.
2884 5477 2976 5542 24,
3006 5479 3094 5533 ubi
3126 5479 3238 5534 lucc
3270 5480 3397 5533 unio
3422 5479 3564 5533 facta
3589 5479 3815 5549 perhibe

2256 5559 2342 5605 tur
2373 5570 2390 5601 α
2420 5565 2563 5605 anno
2591 5547 2900 5604 Luthevvici
2932 5549 3151 5603 secundi
3187 5563 3349 5612 nono,
3383 5566 3402 5619 ρ
3441 5565 3551 5619 quo
3587 5547 3814 5619 iAnsga-

2255 5621 2368 5692 rius
2396 5621 2462 5692 ab
2490 5620 2708 5692 Aldrico
2731 5619 2938 5692 clerico
2964 5630 3019 5672 et
3048 5617 3612 5689 comite-Reginde
3643 5617 3810 5692 legatis

2251 5690 2480 5747 Cmsaris
2507 5691 2700 5746 ductus
2729 5690 2782 5745 in
2810 5690 3177 5760 episcopatum
3206 5697 3307 5745 est.
3339 5707 3358 5740 ι
