4020 6338
227 350 334 416 985

1784 345 1961 404 VITA.
2040 355 2046 358 '

225 425 540 523 cedentibus
568 459 825 532 exemplis
845 451 1209 530 probaverunt
1232 459 1370 514 bene
1395 471 1552 530 posse
1578 457 1716 523 ﬁeri,
1738 466 1800 512 ut
1824 459 1874 520 Α
1901 458 2126 514 exstitit.
2154 457 2270 525 Qua
2295 457 2360 513 de
2390 471 2555 513 causa
2586 455 2923 527 postmodum
2958 456 3011 511 in
3053 455 3352 511 Wormatia
3384 456 3466 512 ci-

225 560 353 632 quia
383 557 631 614 dimcesis
659 554 778 620 illa,
820 554 886 608 ad
921 567 1082 624 quam
1119 554 1232 623 ipse
1273 553 1552 608 ordinatus
1587 550 1799 616 fuerat,

225 651 517 707 admodum
560 664 721 719 parva
767 655 884 702 erat
921 646 1078 707 (nam
1123 646 1336 701 nonnisi
1369 654 1602 715 quatuor
1631 643 1811 714 bapti-'

226 741 426 797 smales
454 741 686 796 habebat
709 738 1009 810 ecclesias),
1036 748 1090 793 et
1116 737 1231 793 haec
1257 753 1369 808 ipsa
1393 737 1667 792 multoties
1690 737 1803 806 jam

223 833 580 888 barbarorum
609 830 913 886 incursibus
939 830 1233 894 devastata,
1267 829 1370 884 ista
1395 829 1446 884 ei
1475 843 1640 884 causa
1661 827 1804 884 sola-

227 925 290 980 tii
321 924 722 995 adjungeretur.

337 1055 594 1112 Ferdemi
625 1057 860 1126 episcopo
887 1055 1088 1109 reddita
1114 1061 1262 1124 parte
1286 1051 1517 1126 diwcesis
1535 1091 1551 1118 ,
1589 1050 1699 1122 ipse

530 1123 1067 1196 ﬂammab'urgensem
1094 1123 1274 1178 retinet
1306 1123 1500 1177 sedem.

297 1243 388 1299 '57.
427 1239 626 1296 Verum
657 1256 725 1295 ne
751 1239 804 1293 in
835 1238 1018 1308 aliquo
1049 1235 1357 1307 scrupulum
1398 1234 1688 1291 Ferdensis
1711 1248 1807 1303 pa-

227 1340 434 1386 teretur
457 1331 761 1401 episcopus,
789 1330 932 1398 quod
955 1327 1118 1384 etiam
1146 1334 1356 1398 partem
1379 1325 1445 1380 de
1471 1340 1569 1380 suo
1599 1324 1807 1394 episco—

224 1433 355 1494 patu
386 1423 525 1477 ultra
561 1421 772 1476 Albiam
797 1430 1062 1489 sumptam
1090 1419 1205 1488 ipse
1233 1433 1358 1472 cum
1383 1416 1661 1472 Bremensi
1695 1424 1805 1471 tota

223 1514 384 1568 simul
426 1513 680 1584 parochia
723 1511 1013 1574 retineret,
1042 1517 1348 1564 statuerunt
1377 1517 1467 1572 ut,
1503 1508 1643 1563 sicut
1673 1516 1804 1562 tem-

223 1621 358 1676 pore
399 1604 600 1659 domini
641 1601 901 1658 Ludovici
949 1601 1125 1671 primo
1170 1599 1420 1664 fuerant,
1467 1599 1806 1668 episcopatus

224 1697 340 1766 ipsc
365 1707 420 1752 et
443 1697 749 1751 Bremensis
769 1704 825 1749 et
847 1693 1135 1748 Ferdensis
1157 1691 1593 1755 restituerentur,
1616 1699 1672 1744 et
1693 1689 1806 1759 ipse

228 1796 437 1843 teneret
461 1788 830 1852 Bremensem,
859 1801 923 1840 ex
949 1800 1052 1855 qua
1082 1782 1254 1853 major
1276 1799 1401 1852 pars
1423 1782 1672 1838 diazcesis
1696 1796 1806 1836 suae

227 1888 442 1948 sumpta
463 1887 600 1944 erat,
629 1894 749 1948 quae
779 1877 939 1930 etiam
972 1885 1098 1930 tunc
1123 1883 1239 1930 erat
1261 1873 1544 1944 praesentia
1574 1871 1806 1942 pastoris

228 1971 488 2026 desolata.
540 1970 657 2037 Quo
695 1967 912 2024 decreto
959 1969 1034 2023 ita
1076 1967 1145 2023 ab
1184 1965 1452 2037 episcopis
1490 1965 1804 2029 constituto,

227 2062 342 2132 ipse
380 2059 605 2129 iubente
648 2073 814 2128 rege,
863 2058 1208 2113 Bremensem
1256 2055 1494 2122 suscepit
1533 2052 1808 2108 dioecesim

225 2151 651 2224 gubernandam.
693 2149 867 2204 Porro
917 2157 1126 2220 partem
1157 2147 1460 2217 parochiaz,
1508 2162 1628 2215 quae
1666 2146 1807 2200 ultra

227 2246 438 2302 Aibiam
471 2245 536 2298 ad
568 2259 626 2298 se
653 2243 926 2313 pertinere
951 2241 1198 2303 debebat,
1240 2238 1582 2310 Waldgarius
1608 2239 1811 2307 recepit

230 2346 360 2391 tunc
407 2334 694 2390 Ferdensis
722 2335 1026 2404 episcopus.
1066 2329 1219 2399 Quod
1244 2346 1367 2385 cum
1398 2331 1470 2384 ita
1499 2329 1806 2398 aliquandiu

229 2436 396 2492 esset,
429 2427 622 2482 iterum
650 2425 961 2497 diligentius
988 2425 1104 2494 ipsa
1136 2439 1192 2478 re
1220 2423 1274 2477 in
1306 2421 1412 2476 alio
1439 2421 1666 2476 concilio
1697 2420 1810 2490 epi-

230 2537 519 2593 scoporum
555 2521 812 2576 ventilata
832 2561 848 2584 ,
898 2521 1070 2575 visum
1113 2526 1192 2574 est
1220 2517 1300 2573 eis
1326 2531 1430 2571 non
1460 2517 1660 2570 bonum
1690 2527 1810 2568 esse

229 2621 290 2666 ut
317 2612 496 2676 sedes,
527 2611 596 2664 ad
622 2626 784 2680 quam
811 2609 900 2664 illc
931 2609 1209 2662 ordinatus
1234 2605 1429 2671 fuerat,
1469 2606 1537 2660 ab
1569 2603 1674 2658 alio
1699 2603 1812 2672 epi-

227 2717 393 2773 scopo
423 2683 700 2757 teneretur
743 2702 762 2772 (
791 2716 916 2756 nam
951 2697 1312 2768 Hammaburg
1353 2705 1477 2752 tunc
1513 2696 1566 2750 in
1602 2704 1810 2765 partem

227 2800 469 2850 cesserat
497 2779 840 2860 Waldgarii);
874 2796 1197 2859 potestatem
1245 2786 1460 2856 quidem
1505 2785 1649 2856 regis
1692 2799 1812 2838 esse

228 2883 502 2944 dicentes,
540 2888 600 2934 ut
630 2879 906 2933 diwcesim
934 2892 1155 2947 parvam
1183 2883 1236 2931 et
1260 2875 1548 2929 admodum
1574 2874 1814 2942 captiva-

230 2981 340 3028 tam
365 2979 608 3044 augeret,
645 2969 820 3025 locum
860 2977 1036 3023 tamen
1083 2967 1150 3020 ad
1194 2966 1554 3037 episcopalem
1583 2965 1814 3036 dignita-

233 3075 338 3122 tem
368 3065 690 3119 auctoritate
719 3060 1015 3132 apostolica
1046 3058 1339 3122 ﬁrmatum,
1372 3056 1676 3111 nullatenus
1705 3057 1808 3109 im-

1902 550 2071 606 vitate
2111 550 2302 620 positis
2343 550 2549 605 duobus
2592 551 2830 621 regibus,
2869 549 3142 604 Ludovico
3181 549 3386 604 scilicet
3413 557 3470 604 et

1902 637 2178 703 Lothario,
2205 653 2386 695 coram
2414 639 2579 692 multa
2607 639 2979 708 episcoporum
3008 638 3292 708 utriusque
3319 638 3470 709 regni

1901 729 2220 801 frequentia,
2270 738 2529 800 praesente
2569 729 2858 784 venerabili
2899 728 3060 786 Patre
3104 737 3307 790 nostro,
3355 730 3472 786 haec

1902 822 2090 878 eadem
2117 837 2205 876 res
2233 821 2476 891 exposita
2505 829 2606 876 est.
2639 821 2790 888 Quod
2818 835 2941 876 cum
2967 821 3034 875 ab
3060 821 3310 876 omnibus
3333 820 3472 876 bene

1903 912 1977 968 ita
2003 911 2304 966 ordinatum
2331 912 2669 982 probaretur,
2697 921 2755 966 ut
2778 913 3066 982 praedictus
3095 927 3306 982 quoque
3342 927 3473 982 pon-

1903 1001 2034 1058 tifex
2057 1001 2386 1058 Guutliarius
2413 1003 2515 1057 hoc
2542 1002 2715 1072 ipsum
2741 1019 2837 1058 sua
2865 1004 3185 1059 auctoritate
3211 1003 3474 1070 ﬁrmaret,
3558 987 3562 991 ’

1903 1092 2083 1148 cuncti
2135 1101 2476 1161 rugaveruut.
2519 1091 2618 1160 Qui
2660 1093 2834 1163 primo
2874 1093 3088 1164 quidem
3140 1093 3351 1148 fortiter
3392 1094 3478 1150 his

1903 1184 2064 1238 reniti
2108 1184 2305 1253 cmpit,
2341 1185 2543 1255 justum
2586 1199 2691 1238 non
2731 1198 2849 1239 esse
2889 1183 3260 1254 multipliciter
3297 1193 3479 1240 osten-

1904 1275 2037 1330 dens
2080 1284 2138 1328 ut
2173 1275 2334 1330 sedes
2362 1273 2694 1344 suﬂ‘raganea
2737 1275 2788 1329 in
2837 1276 3346 1347 archiepiscopalcm
3393 1290 3481 1332 se-

1905 1365 2026 1422 dem
2055 1375 2385 1432 verteretur;
2435 1382 2534 1422 nec
2563 1382 2621 1422 se
2655 1366 2852 1422 debere
2885 1367 3141 1422 honorem
3184 1367 3328 1422 sedis
3371 1381 3481 1422 suae.

1905 1456 1959 1511 in
1987 1455 2168 1526 aliquo
2199 1456 2440 1512 minuere
2467 1475 2481 1510 :
2511 1465 2784 1526 postremo
2809 1465 2986 1511 tamen
3010 1465 3066 1510 et
3089 1456 3218 1526 ipsis
3238 1455 3479 1526 regibus,

1903 1557 1958 1602 et
1995 1548 2205 1604 cunctis
2253 1547 2412 1602 simul
2466 1547 2732 1617 episcopis
2760 1547 2830 1602 ibi
2863 1547 3190 1618 aggregatis,
3237 1562 3334 1616 pro
3378 1546 3483 1602 hoc

1904 1639 2021 1708 ipso
2050 1655 2174 1694 eum
2205 1639 2551 1711 rogantibus,
2590 1648 2646 1694 et
2684 1639 2907 1694 omnino
2939 1655 3103 1695 causa
3143 1639 3482 1694 necessitatis

1906 1729 1960 1784 id
2003 1729 2207 1785 licitum
2258 1731 2372 1785 fore
2407 1731 2730 1795 dicentibus,
2768 1731 3061 1801 respondit,
3105 1731 3149 1786 si
3191 1731 3484 1800 apostolica

1834 1813 1882 1872 B
1907 1819 2231 1873 auctoritate
2257 1819 2587 1884 firmaretur,
2614 1835 2680 1874 ex
2709 1835 2768 1874 se
2801 1835 3014 1890 quoque
3039 1829 3214 1874 ratum
3242 1836 3383 1876 esse.

1908 1930 2086 1986 Missis
2115 1931 2336 2002 Romam
2363 1931 2567 2002 legatis,
2599 1930 2854 1985 Nicotaus
2885 1930 2920 2002 l_
2948 1942 3118 1985 ratum
3163 1933 3311 2002 habet
3350 1932 3485 1988 hanc

1979 2003 2246 2055 unionem.
2287 2000 2501 2071 Legotto
2551 2000 3034 2070 septentrionalium
3069 2001 3335 2071 regionum
3374 2001 3484 2057 An-

1979 2071 2187 2124 schario
2211 2073 2529 2125 conceditur.

1979 2183 2066 2240 59.
2107 2183 2225 2251 Quo
2256 2200 2512 2255 responso
2541 2193 2783 2255 accepto,
2817 2201 2940 2240 cum
2971 2192 3132 2240 etiam
3161 2197 3348 2239 omnes
3373 2181 3486 2237 suf-

1911 2273 2151 2344 fraganei
2192 2273 2310 2342 ejus
2355 2276 2470 2330 haec
2506 2276 2692 2330 eadem
2739 2275 3171 2340 consensissent,
3215 2273 3490 2352 piissimus

1911 2381 2008 2421 rex
2043 2366 2156 2436 jam
2187 2367 2362 2421 dictus
2385 2367 2688 2424 Ludovicus
2723 2369 2944 2438 cupiens
2972 2376 3028 2422 et
3052 2365 3221 2438 patris
3241 2366 3324 2420 sui
3354 2365 3492 2421 elee-

1911 2471 2193 2528 mosynam
2223 2457 2274 2510 iu
2297 2457 2545 2512 omnibus
2573 2467 2940 2528 augmentare,
2972 2468 3028 2512 et
3055 2458 3198 2527 quod
3234 2457 3349 2526 ipse
3377 2457 3488 2511 dis-

1911 2555 2194 2615 posuerat,
2221 2563 2319 2617 pcr
2362 2548 2545 2602 omnia
2577 2558 2754 2602 ratum
2785 2549 2939 2614 ﬁeri;
2985 2549 3491 2604 revereudissitnum

1914 2634 2254 2692 Salomonem
2283 2637 2614 2694 Constantia:
2648 2639 2882 2695 civitatis
2917 2641 3228 2712 episc0pum
3262 2655 3361 2710 pro
3391 2639 3493 2712 hoc

1913 2724 2030 2795 ipso
2063 2727 2129 2780 ad
2173 2729 2354 2782 sedem
2384 2729 2581 2784 direxit
2607 2731 2992 2800 apostolicam,
3038 2711 3160 2787 cum
3195 2747 3302 2802 quo
3328 2711 3494 2787 etiam

1913 2815 2142 2871 domnus
2176 2830 2230 2871 et
2257 2817 2419 2872 Pater
2445 2830 2629 2875 noster
2651 2822 3003 2887 Anscharius,
3035 2822 3160 2893 quia
3184 2823 3294 2893 ipse
3316 2837 3412 2892 per
3435 2836 3495 2876 sc

1913 2920 2018 2959 non
2049 2915 2283 2975 poterat,
2319 2908 2486 2962 ﬁlium
2519 2925 2672 2964 suum
2705 2910 2930 2965 fratrem
2965 2921 3208 2966 nostrum
3246 2909 3493 2966 Nordfri-

1913 2997 2040 3051 dum
2070 2998 2216 3052 misit
2244 3001 2617 3072 presbyterum
2638 3042 2654 3067 ,
2695 3002 2784 3072 qui
2827 3000 3217 3058 officiosissime
3245 3017 3275 3056 a
3307 3009 3496 3057 sancto

1916 3089 2150 3158 suscepti
2181 3105 2316 3159 papa
2344 3091 2595 3158 Nicolao,
2643 3093 2926 3163 legationis
2964 3111 3075 3150 suae
3101 3097 3408 3151 mandatum
3444 3095 3497 3151 ei

229 3159 569 3262 mniandunff
602 3156 1346 3262 qngPi'Poffgofof‘sfensu,’
1377 3148 1810 3262 cquvf’lum‘ﬁc
1837 3163 1884 3226 (ἶ
1912 3148 2090 3248 plane.
2111 3187 2165 3233 et
2182 3148 2418 3236 diiucide
2448 3148 2766 3237 retulerunt.
2800 3148 3495 3254 “solli;

231 3251 376 3322 regis
403 3248 642 3320 praedicti
668 3246 896 3318 piissimi
921 3244 1201 3308 Ludovici,
1242 3241 1478 3313 episcopi
1508 3240 1581 3294 ibi
1607 3237 1812 3294 consti-

233 3343 332 3397 tuti
363 3349 716 3404 censuerunt,
751 3345 809 3392 ut
839 3337 1018 3392 sedem
1045 3335 1110 3388 ad
1132 3348 1293 3404 quam
1315 3339 1663 3386 consecratus
1693 3327 1822 3383 fue-

231 3445 336 3499 rat,
371 3434 532 3490 Pater
563 3441 745 3487 noster
784 3428 1119 3486 Anscha‘rius
1165 3426 1460 3494 reciperet;
1500 3431 1556 3478 et
1595 3421 1641 3476 si
1685 3418 1814 3490 quid

230 3526 372 3580 ultra
401 3525 610 3578 Albiam
643 3537 707 3576 ex
738 3519 993 3576 Ferdensi
1020 3518 1133 3588 ipse
1170 3515 1427 3570 retineret
1459 3511 1711 3573 dioecesi.
1745 3524 1814 3564 ex

231 3614 542 3670 Bremensis
566 3611 822 3668 Ecclesia:
848 3609 1104 3680 parochia
1151 3606 1294 3661 illius
1331 3605 1475 3660 sedis
1507 3603 1815 3658 restitueret

230 3706 502 3777 episcopo.
547 3703 698 3771 Quod
743 3703 816 3756 ita
853 3711 907 3754 et
947 3699 1094 3770 regio
1121 3698 1300 3768 jussu,
1337 3705 1392 3751 et
1426 3692 1668 3766 synodali
1705 3690 1816 3762 epi-

231 3809 516 3865 scoporum
544 3793 791 3856 decreto,
839 3789 1007 3860 ipsius
1037 3801 1250 3857 quoque
1279 3783 1574 3855 Waldgarii
1609 3796 1815 3837 memo-

231 3886 336 3939 rati
362 3883 650 3939 Ferdensis
684 3880 920 3951 episcopi
968 3879 1244 3934 voluntate
1285 3885 1338 3932 et
1381 3888 1606 3930 assensu
1634 3870 1812 3943 perfe-

233 3985 380 4030 ctum
412 3982 515 4028 est.

270 4083 408 4140 Eam
434 4085 675 4140 unionem
705 4083 873 4155 primo
903 4082 1160 4154 improbat
1188 4079 1514 4136 Coloniensis
1541 4076 1776 4131 antistes.

304 4200 394 4256 58.
437 4199 604 4256 Porro
631 4215 753 4255 cum
780 4198 896 4253 hate
919 4205 1231 4270 agerentur,
1259 4193 1478 4252 Colonia
1507 4192 1723 4255 civitas,
1747 4191 1816 4244 ad

235 4306 398 4363 quam
425 4290 729 4345 Bremensis
757 4290 1012 4359 parochia
1038 4287 1372 4357 suﬁ‘raganea
1400 4292 1540 4346 erat,
1581 4298 1648 4337 eo
1675 4291 1813 4336 tem-

237 4396 367 4454 pore
403 4379 606 4450 absque
643 4377 1014 4432 benedictione
1049 4374 1343 4446 episcopali
1383 4371 1627 4442 degebat,
1672 4367 1816 4438 quod

239 4477 364 4548 quia
391 4475 745 4530 diuturnuma
773 4470 1002 4533 exstitit,
1035 4467 1160 4523 illud
1186 4468 1348 4522 etiam
1379 4465 1497 4520 sine
1531 4462 1673 4516 illius
1709 4459 1813 4516 loci

238 4568 510 4640 pontiﬁcis
552 4562 839 4636 praesentia
889 4561 1196 4618 necessario
1244 4557 1642 4616 decernendum
1691 4554 1810 4609 fuit.

239 4660 432 4715 Postea
461 4667 638 4713 tamen
667 4662 984 4711 consecrato
1027 4653 1096 4707 ad
1139 4667 1260 4707 eum
1302 4650 1478 4704 locum
1522 4643 1815 4700 venerabili

238 4749 466 4822 praesule
489 4747 812 4812 Gunthario,
841 4747 946 4800 hoc
969 4745 1142 4815 ipsum
1183 4741 1412 4796 domnus
1444 4747 1501 4795 et
1533 4738 1698 4792 Pater
1720 4751 1816 4790 no-

241 4853 352 4898 ster
375 4842 423 4897 ei
453 4854 742 4912 suggerere
770 4836 1011 4900 studuit,
1035 4844 1094 4890 ut
1139 4847 1237 4888 sua
1259 4846 1473 4902 quoque
1495 4827 1817 4884 auctoritate

241 4934 573 5000 ﬁrmaretur,
601 4933 688 4988 cui
725 4941 903 4986 tamen
940 4929 1020 4985 rei
1050 4927 1164 4999 ipse
1194 4925 1483 4982 admodum
1511 4921 1818 4980 contrarius

316 5143 342 5173 ι
391 5129 562 5184 Annis
607 5127 717 5182 fere
761 5127 945 5181 decem
983 5143 997 5179 :
1049 5138 1171 5179 nam
1220 5119 1553 5178 Guntharius
1603 5118 1668 5172 de
1714 5115 1820 5172 ista

245 5201 445 5258 unione
472 5199 701 5269 primum
733 5197 877 5251 litem
897 5196 1250 5269 _movi_t_anno
1276 5191 1409 5269 8_5_7;
1443 5190 1519 5269 uti
1550 5187 1820 5269 Hensclte-

248 5272 368 5328 nius
398 5258 544 5326 recte
573 5269 764 5339 probat
791 5283 854 5322 ex
882 5265 1180 5339 A_nt_mlihu_s
1211 5262 1586 5339 Fuldensilms,
1622 5260 1674 5339 i_u
1701 5258 1820 5339 qui-

246 5344 348 5399 bus
373 5329 674 5396 Ludovicus
697 5351 881 5391 mense
903 5335 1198 5390 Februario
1219 5332 1542 5402 colloquium
1569 5329 1821 5386 habuisse

248 5411 481 5468 traditur
512 5411 564 5464 in
597 5406 908 5463 Conﬁuentc
936 5405 1159 5460 castello
1189 5419 1308 5458 cum
1328 5401 1596 5474 Lotharjo
1626 5409 1820 5474 nepote

247 5498 346 5539 suo
364 5527 377 5543 .
413 5491 652 5551 tempore
676 5476 1260 5551 vero_Q_uadragesimm
1289 5469 1545 5551 placitum
1571 5469 1820 5551 habuisse

248 5539 385 5622 apud
414 5539 748 5622 Vangionum
777 5539 1068 5622 civitatem,
1097 5539 1321 5622 quaeest
1352 5541 1668 5622 Wormati‘a:
1704 5539 1814 5622 ρητ

249 5608 316 5678 de
342 5608 662 5694 placitovseu
693 5626 956 5674 conventu
987 5608 1147 5670 infra.
1193 5613 1510 5694 Res_tamen
1539 5626 1567 5664 a
1603 5608 1812 5694 Nicolan

248 5679 383 5766 pap'a
409 5693 429 5747 ι
457 5690 784 5766 conﬁrmata
799 5695 883 5742 est
911 5702 1049 5766 anno
1074 5684 1340 5766 sequenti,
1371 5698 1475 5766 quo
1498 5682 1612 5735 lucc
1635 5679 1818 5766 legun-

251 5753 338 5824 tur
372 5765 427 5819 in
454 5759 721 5819 Chronico
751 5755 1020 5813 Saxonico
1047 5753 1190 5812 ms.‘:
1226 5771 1245 5806 ι
1274 5753 1472 5809 Eodem
1511 5764 1655 5806 anno
1691 5753 1814 5805 Bre-

1914 3268 2018 3323 cite
2047 3284 2108 3323 ea
2136 3284 2254 3341 qua:
2280 3272 2348 3324 ab
2393 3271 2524 3342 ipsis
2550 3273 2888 3339 dicebautur,
2911 3283 3101 3350 \mente
3132 3282 3495 3344 pertractans,

1913 3369 1966 3416 et
1994 3360 2104 3416 Deo
2135 3363 2429 3431 inspirante
2459 3379 2556 3434 pro
2583 3363 2858 3420 lucrandis
2896 3365 3180 3420 animabus
3217 3364 3497 3437 gentilium

1915 3450 2054 3507 hanc
2080 3454 2512 3509 constitutionem
2533 3455 2733 3523 justam
2765 3471 2885 3511 esse
2911 3455 3227 3522 decernens,
3257 3454 3496 3510 volunta-

1915 3550 2024 3597 tem
2049 3543 2190 3615 regis
2216 3547 2384 3599 nostri
2415 3561 2511 3600 sua
2542 3547 2862 3602 auctoritate
2890 3547 3142 3603 ﬁrmavit.
3172 3547 3414 3619 Denique
3440 3554 3501 3602 ut

1915 3631 2084 3702 ipsam
2118 3649 2231 3689 rem
2258 3635 2567 3707 diligentius
2587 3636 2655 3692 ab
2675 3653 2741 3692 eo
2766 3637 3133 3694 elucubratam
3156 3638 3496 3694 manifestius

1915 3723 2124 3791 aperire
2153 3724 2452 3793 possimus,
2481 3727 2643 3781 verba
2675 3727 2843 3796 ipsius
2874 3727 3218 3798 interponere
3252 3727 3498 3783 decrevi-

1916 3829 2055 3870 mus.
2099 3815 2232 3872 Cum
2276 3819 2419 3872 enim
2463 3834 2681 3875 causam
2725 3816 3008 3888 legationis
3049 3818 3166 3888 ejus
3206 3827 3262 3875 et
3298 3829 3495 3876 caetera

1916 3905 2162 3973 superius
2189 3907 2577 3976 comprehensa
2607 3907 2764 3978 plene
2797 3917 2849 3964 et
2880 3909 3118 3965 breviter
3145 3909 3496 3980 recapitulas-

1915 4003 2017 4058 set,
2041 3995 2274 4066 denique
2295 3997 2570 4069 subjunxit
2596 4017 2608 4052 :
2643 4019 2661 4050 ι
2689 4000 2854 4072 Cujus
2875 4000 3227 4073 delcgationis
3246 4011 3300 4056 et
3318 4008 3500 4055 aucto-

1916 4088 2092 4144 ritatis
2118 4097 2173 4144 et
2197 4089 2342 4159 pallii
2374 4091 2702 4162 acceptionis
2732 4094 2925 4165 pagina
2955 4094 3111 4149 nobis
3137 4101 3224 4148 est
3259 4111 3289 4148 a
3323 4093 3499 4149 Ludo-

1916 4181 2037 4236 vico
2066 4179 2175 4236 ﬁlio
2209 4190 2393 4236 nostro
2427 4199 2523 4254 per
2560 4182 2903 4239 Salomonem
2946 4185 3342 4240 sanctissimum
3379 4183 3498 4254 epi-

1919 4284 2137 4339 scopum
2165 4272 2454 4336 destinata,
2478 4271 2634 4341 juxta
2656 4289 2858 4328 morem
2888 4283 3087 4328 sancta:
3110 4274 3364 4329 Ecclesia:
3391 4274 3500 4328 Ro-

1918 4376 2092 4416 manae
2134 4362 2352 4416 bullata.
2398 4361 2502 4418 Per
2542 4362 2696 4431 cujus
2746 4373 2982 4417 tenorem
3023 4363 3230 4435 paginae
3272 4363 3388 4417 haec
3424 4365 3496 4420 ita

1921 4447 2086 4504 fuisse
2112 4451 2507 4521 comperimus,
2547 4451 2687 4506 sicut
2715 4451 2886 4520 pietas
2915 4451 3068 4506 nobis
3086 4448 3199 4518 jam
3230 4449 3324 4506 fati
3357 4451 3498 4523 regis

1842 4521 1894 4582 Ῑ)
1921 4554 2016 4609 per
2048 4539 2257 4595 ﬁdelem
2288 4541 2496 4605 virum,
2540 4539 2883 4596 Salomonem
2924 4541 3130 4596 scilicet
3163 4521 3494 4611 episcopum,

1917 4631 2203 4686 intimavit.
2241 4631 2393 4688 Unde
2434 4647 2532 4687 nos
2560 4632 2782 4702 vestigia
2813 4633 2946 4687 tanti
2975 4633 3248 4704 pontiﬁcis
3275 4643 3330 4688 et
3357 4649 3496 4703 prat-

1920 4724 2221 4780 decessoris
2246 4725 2417 4780 nostri
2447 4735 2734 4796 sequentes
2760 4724 3040 4795 Gregorii,
3070 4739 3394 4795 omnemque
3423 4725 3498 4780 ibi

1919 4816 2030 4871 Deo
2049 4816 2264 4887 dignam
2293 4826 2548 4873 statutam
2574 4816 2965 4888 providentiam
2992 4825 3365 4888 agnoscentes,
3391 4829 3500 4870 ma-

1920 4922 2148 4978 gnorum
2185 4909 2486 4981 principum
2523 4917 2739 4976 votum,
2780 4906 3037 4963 Ludovici
3069 4905 3325 4963 videlicet
3360 4906 3499 4963 diva:

1923 5109 2124 5166 mensis
2157 5119 2317 5181 atque
2345 5106 3147 5181 Hammaburgeusisparochizg
3172 5105 3496 5181 coadunatio

1926 5181 2064 5237 facta
2093 5192 2178 5236 est
2207 5176 2397 5236 ultimo
2433 5176 3150 5250 tempore'sancti'Ansgarii
3176 5193 3244 5250 ex
3265 5176 3497 5233 auctori-

1924 5261 2033 5306 tate
2059 5250 2258 5307 Nicolai
2286 5269 2465 5321 papas,
2502 5247 2591 5320 qui
2620 5258 2726 5304 tam
2758 5252 2932 5321 ipsum
2960 5264 3121 5320 quam
3147 5247 3262 5321 ejus
3287 5259 3500 5302 succes-

1925 5339 2076 5378 sores
2108 5318 2312 5392 legatos
2339 5318 2394 5378 et
2422 5318 2655 5376 vicarios
2684 5318 3054 5392 constituitiin
3093 5318 3342 5373 omnibus
3373 5329 3498 5392 genu

1925 5396 2066 5448 tibus
2093 5387 2387 5455 Su'eonum,
2419 5393 2686 5446 Dunorum
2716 5399 2878 5460 atque
2907 5390 3239 5460 Sclavorum,
3265 5387 3499 5460 quod_ct

1923 5472 2048 5517 ante
2073 5463 2366 5532 Gregorius
2399 5477 2534 5532 papa
2573 5455 2858 5532 concessit,
2889 5481 2907 5512 ι
2952 5460 3149 5532 Contra
3183 5455 3320 5532 hanc
3349 5455 3498 5508 unio-

1922 5550 2042 5589 nem
2078 5527 2423 5588 reclamatum
2456 5527 2642 5587 rursus
2684 5531 2994 5601 poutiﬁcatu
3017 5527 3277 5601 Formosi
3320 5540 3496 5601 papre,

1918 5605 2069 5674 cujus
2106 5603 2298 5674 litterae
2338 5603 2438 5674 hac
2482 5605 2580 5674 de;
2597 5618 2653 5674 rc
2685 5595 2971 5674 'hahentur
3014 5599 3068 5655 in
3103 5597 3332 5669 gratiam
3367 5595 3497 5652 tier-

1919 5671 2099 5731 manni
2128 5673 2517 5745 archiepiscopi
2543 5671 2893 5730 Coloniensis.
