4020 6338
586 503 597 509 _
610 421 709 479 987

1499 417 1556 475 S.
1595 418 1962 497 ANSCllARll
1999 416 2533 474 HAMBURGENSIS
2568 415 2873 474 EPISCOPI

3788 420 3883 477 988

606 531 993 590 recordationis
1010 530 1257 602 Augusti.
1283 539 1337 585 et
1362 530 1617 599 :equivoci
1646 529 1761 599 ejus
1788 529 1879 583 filii
1910 529 2168 585 excellen-
2194 527 2459 609 A.cienda
2486 542 2603 581 esse
2629 541 2735 581 non
2761 526 3069 591 dubitamus
3096 544 3113 581 :
3145 526 3379 609 maxime
3410 527 3465 582 in
3495 535 3617 582 tam
3646 529 3881 584 novel]:

611 623 800 679 tissimi
830 623 986 692 regis,
1022 631 1131 675 tam
1164 621 1319 689 hujus
1348 620 1655 689 apostolica:
1679 620 2014 675 auctoritatis
2043 634 2171 689 prm-

605 720 782 783 eepto,
809 726 967 781 quam
997 710 1156 767 etiam
1188 710 1331 781 pallii
1362 710 1596 774 datione,
1628 724 1777 764 more
1805 709 2169 779 prtedecesso-

606 818 723 857 rum
769 813 1076 859 nostrorum
1102 844 1118 869 ,
1178 804 1433 858 rohorare
1479 803 1814 858 decrevimus
1850 819 1863 856 :
1908 810 2172 871 quatenus

604 904 753 952 tanta
774 895 1028 950 fundatus
1048 897 1364 950 auctoritate
1387 884 1802 964 prmnominatus
1819 893 2168 958 Anscliarius,

602 986 808 1055 primus
828 985 1310 1057 Nordalbingorum
1334 986 1788 1054 archiepiscopus,
1811 992 1861 1039 et
1882 999 1979 1053 per
1996 984 2172 1053 ipsum

602 1089 944 1129 successores
978 1075 1095 1144 ejus
1133 1074 1406 1129 lucrandis
1433 1073 1673 1144 plebibus
1698 1073 2035 1135 insistentes,
2079 1073 2173 1128 ad-

578 1180 791 1233 .versus
865 1166 1194 1220 tentameuta
1276 1164 1471 1218 diaboli
1555 1163 1843 1218 validiores
1914 1164 2167 1218 existant.

602 1252 781 1324 Ipsum
820 1267 1030 1324 quoque
1068 1254 1234 1307 filium
1285 1263 1527 1307 nostrum
1561 1251 1673 1320 jam
1704 1253 1901 1307 dictum
1937 1252 2172 1307 Anscha-

601 1347 739 1401 rium
784 1346 1017 1419 legatum
1070 1348 1121 1399 in
1170 1345 1417 1399 omnibus
1460 1345 1879 1414 circumquaque
1924 1345 2170 1414 gentibus

606 1436 898 1502 Sueonum,
928 1414 1041 1493 sive
1067 1437 1358 1501 Danorutn,
1383 1451 1589 1491 necnon
1615 1437 1773 1490 etiam
1807 1435 2122 1490 Sclavorum
2151 1474 2167 1499 ,

607 1532 689 1586 vel
717 1531 770 1586 in
801 1531 1011 1585 caeteris
1038 1531 1337 1600 ubicunque
1366 1530 1472 1585 illis
1504 1531 1555 1584 in
1596 1529 1838 1599 partibus
1864 1528 2171 1584 constitutis

601 1624 779 1679 divina
818 1624 988 1693 pietas
1023 1624 1219 1678 ostium
1264 1623 1556 1693 aperuerit,
1591 1622 1861 1692 publicam
1910 1620 2170 1691 evangeli-

601 1715 757 1768 zandi
779 1714 1063 1769 tribuimus
1081 1714 1478 1777 auctoritatem,
1497 1713 1774 1783 ipsamque
1793 1711 1971 1766 sedem
1998 1711 2168 1766 Nord-

600 1807 936 1877 alhingorum
958 1845 975 1871 ,
1008 1803 1371 1873 Hammoburg
1397 1804 1596 1859 dictam
1616 1844 1631 1869 ,
1684 1804 1736 1856 in
1764 1803 1967 1858 honore
1993 1803 2164 1858 sancti

2271 613 2690 671 Christianitatis
2714 614 3064 686 plantatione,
3099 615 3150 669 in
3182 606 3285 685 qua
3313 616 3449 672 varii
3478 617 3673 672 solent
3706 633 3879 674 even-

2256 714 2357 775 vtus
2380 708 2709 777 contingere.
2728 705 3091 773 Quamobrem
3118 708 3440 762 auctoritate
3463 708 3882 778 omnipotentis

2250 801 2385 873 .Dei,
2411 812 2466 856 et
2492 801 2768 855 beatorum
2800 799 3165 870 apostolorum
3194 800 3342 855 Petri
3370 809 3428 856 et
3452 800 3654 865 Pauli,
3690 812 3751 856 et
3775 804 3873 859 hoc

2270 902 2456 947 nostro
2480 895 2695 947 decreto
2721 894 3385 956 decernimus,secuudum
3410 896 3870 951 reverendissttn'

2270 984 2414 1051 regis
2462 983 2714 1037 Ludovici
2770 990 2970 1047 votum,
3025 982 3172 1051 ipsas
3220 972 3507 1052 praedictas
3553 983 3868 1053 direceses,

2271 1073 2817 1143 Hammahurgensem
2874 1070 3124 1126 videlicet
3177 1079 3234 1127 et
3284 1066 3645 1127 Bremensem
3681 1114 3698 1137 ,
3764 1090 3865 1128 non

2271 1165 2522 1235 deinceps
2559 1160 2712 1231 duas,
2739 1164 2832 1219 sed
2859 1179 3021 1218 unam
3060 1177 3183 1219 esse
3226 1171 3282 1219 et
3325 1167 3540 1229 vocari,
3592 1167 3865 1235 subdique

2270 1259 2380 1313 sedi
2421 1274 2539 1327 qum
2566 1257 2978 1328 praedecess’oris
3015 1256 3185 1311 nostri
3225 1256 3450 1310 decreto
3487 1257 3863 1325 archiepisco-

2270 1350 2376 1418 pali
2420 1357 2503 1404 est
2537 1354 2758 1402 munere
2803 1347 3122 1411 sublimata;
3168 1347 3415 1401 restituta
3468 1348 3753 1401 duntaxat
3797 1350 3855 1404 tle

2254 1441 2574 1497 ‘Bremensis
2598 1440 2852 1495 Ecclesia:
2878 1441 3042 1493 rebus
3062 1440 3390 1508 episcopatui
3414 1437 3687 1493 Fet-densi
3714 1451 3860 1509 parte

2270 1532 2393 1587 inde
2430 1533 2624 1586 ablata.
2663 1531 2852 1585 Nullus
2889 1544 3018 1583 vero
3047 1529 3489 1598 archiepiscopus
3514 1528 3861 1587 Coloniensi:

2269 1626 2432 1681 ullam
2474 1625 2573 1681 sibi
2607 1624 2857 1693 deinceps
2891 1624 2945 1677 in
2973 1623 3161 1678 eadem
3197 1620 3418 1677 dioecesi
3447 1622 3698 1676 mdioet
3720 1632 3860 1692 pote-

2268 1730 2482 1776 statem.
2516 1719 2656 1787 Quin
2692 1719 2801 1773 imo
2847 1720 2902 1772 et
2944 1717 3044 1787 ipsi
3083 1724 3138 1770 et
3176 1714 3430 1769 omnibus
3464 1713 3704 1769 omnino
3744 1730 3860 1769 sua-

2270 1814 2458 1867 demus
2484 1827 2625 1867 vera:
2647 1810 2921 1881 religionis
2945 1808 3264 1873 cultoribus,
3295 1816 3358 1862 ut
3386 1796 3561 1862 sacra'
3580 1807 3691 1862 hac
3719 1808 3857 1879 lega-

572 1897 895 1971 'Salvatoris
961 1904 1267 1965 sancteque
1324 1896 1441 1965 ejus
1500 1895 1833 1951 intemerata:
1894 1896 2167 1965 genitricis
2196 1887 2242 1946 Β
2270 1902 2415 1956 tione
2442 1901 2788 1972 fungentibus
2815 1899 3081 1968 adiutorio
3108 1905 3164 1953 et
3198 1898 3394 1953 solatio
3426 1898 3563 1960 sint,
3596 1908 3853 1968 quatenus

597 1986 775 2044 Mariae
804 1996 1204 2055 consecratam,
1232 1987 1744 2057 archiepiscopalcm
1773 1987 2027 2057 deinceps
2049 2002 2169 2045 esse

596 2080 953 2135 decernimus.
996 2077 1174 2147 Atque
1211 2087 1269 2132 ut
1299 2079 1502 2132 strenui
1538 2078 1905 2148 prmdicatoris
1931 2078 2167 2149 episcopi

593 2180 717 2242 post
766 2172 1042 2227 decessum
1074 2172 1267 2226 crebro
1295 2172 1421 2225 dicti
1453 2171 1736 2226 Anscharii
1777 2170 2167 2239 archiepiscopi

593 2276 824 2333 persona
848 2269 997 2315 tanto
1020 2260 1193 2315 ollicio
1211 2270 1333 2331 apta
1352 2260 1579 2332 eligatur
1598 2276 1809 2329 semper
1830 2275 2166 2326 successura,

593 2350 695 2411 sub
737 2350 907 2406 divini
958 2349 1148 2419 jndicii
1196 2351 1556 2405 obtestatione
1614 2351 1918 2404 statuimus.
1972 2351 2168 2405 Verum

593 2445 718 2515 quia
744 2443 968 2498 Carolus
994 2457 1088 2498 rex
1114 2484 1129 2509 ,
1160 2442 1329 2498 frater
1357 2459 1499 2513 Stepe
1544 2444 1669 2497 dicti
1708 2444 1849 2514 regis
1876 2443 2129 2499 Ludovici
2152 2483 2166 2509 ,

594 2544 717 2606 post
745 2537 1022 2591 decessum
1053 2536 1395 2605 imperatoris
1435 2537 1603 2607 patris
1633 2538 1714 2591 sui
1753 2537 1855 2607 piae
1895 2538 2168 2592 memoriae

593 2624 873 2692 Ludovici,
916 2625 1138 2681 abstulit
1181 2642 1213 2681 a
1244 2627 1633 2697 praenominato
1664 2626 1802 2688 loco,
1848 2627 1939 2696 qui
1971 2618 2168 2681 dicitur

534 2740 557 2757 ο
594 2714 978 2787 Hammoburg,
1004 2718 1388 2772 monasterium
1420 2720 1561 2787 quod
1594 2717 1890 2787 appellatur
1930 2715 2165 2780 Turliolt,

594 2815 778 2876 utpote
805 2807 946 2876 quod
986 2816 1108 2877 post
1150 2808 1497 2878 partitionem
1540 2808 1680 2863 inter
1718 2808 1912 2862 fratres
1956 2823 2083 2862 suos
2110 2807 2165 2861 in

570 2910 762 2968 ,reguo
787 2913 885 2952 suo
915 2899 1198 2967 conjacere
1226 2899 1528 2963 videbatur,
1560 2900 1721 2953 situm
1761 2899 1814 2952 in
1849 2898 2165 2953 occidentali

594 2983 846 3050 Francia,
880 2987 1023 3055 quod
1058 2986 1146 3039 ille
1178 2986 1387 3054 genitor
1417 3001 1546 3040 suus
1570 2987 1638 3040 ad
1660 2987 2089 3063 supplementum
2113 2996 2169 3043 et

593 3074 795 3129 victum
826 3075 1074 3145 episcopo
1117 3084 1171 3130 et
1212 3074 1425 3131 clericis
1460 3075 1576 3146 ejus
1622 3077 1876 3143 dederat;
1919 3091 2162 3147 ccipere,

594 3167 735 3235 sicut
762 3164 957 3231 fertur,
985 3182 1175 3223 omnes
1207 3167 1438 3222 ministri
1482 3169 1668 3223 altaris
1696 3169 1945 3225 recedere
1983 3187 1996 3223 :
2030 3168 2163 3224 defi-

2270 1992 2441 2062 gratia
2490 1989 2649 2058 hujus
2698 1989 2943 2044 beneficii
2985 1988 3198 2057 plenam
3255 1986 3573 2042 mercedem
3625 1989 3849 2056 recipere

2269 2091 2582 2139 mereantur
2607 2084 2674 2137 ab
2701 2097 2766 2137 eo
2791 2082 2882 2152 qui
2913 2081 3049 2135 dixit
3078 2096 3093 2133 :
3125 2080 3230 2144 Ite,
3257 2080 3437 2134 docete
3465 2096 3659 2134 omnes
3694 2090 3847 2151 genus

2271 2169 2483 2242 (Matth.
2508 2186 2699 2234 xxvm,
2731 2170 2838 2239 19),
2868 2177 3004 2233 etc.;
3032 2167 3341 2239 Quicunque
3364 2169 3629 2236 receperit
3660 2186 3759 2227 ros.
3781 2185 3849 2224 Ir

2272 2262 2448 2330 recipit
2474 2260 2686 2331 (Matth.
2717 2276 2781 2324 κ,
2813 2260 2926 2330 40).
2970 2260 3153 2329 Itaque
3196 2260 3377 2313 omnia
3422 2274 3457 2313 a
3509 2259 3717 2314 dilecto
3752 2261 3848 2317 ilio

2271 2361 2457 2407 nostro
2485 2366 2609 2420 rege
2638 2351 2910 2405 Ludovico
2953 2351 3019 2404 ad
3059 2350 3161 2406 hoc
3200 2350 3310 2405 Deo
3358 2350 3845 2420 ᾱίςηιιωεοαίἀι-

2270 2443 2544 2530 depqtata,
2573 2451 2755 2497 nostra
2779 2442 2941 2497 etiam
2972 2444 3058 2511 pia
3099 2441 3215 2510 ejus
3240 2451 3369 2497 vota
3401 2445 3744 2499 auctoritate
3768 2443 3847 2498 Ir-

2269 2549 2501 2589 mamus.
2533 2534 2599 2588 Et
2628 2534 2751 2602 quia
2797 2547 2956 2588 casus
2986 2535 3384 2603 praeteritorum
3416 2548 3522 2589 nos
3551 2545 3750 2590 cautos
3779 2534 3845 2589 ta-

2271 2623 2419 2677 ciunt
2446 2622 2498 2676 in
2539 2621 2807 2686 futurum,
2844 2635 3058 2677 omnem
3089 2637 3305 2693 quoque
3333 2622 3847 2689 adversantem"!

2269 2715 2745 2779 contradicentem,
2762 2724 2924 2785 atque
2946 2716 3050 2784 piis
3072 2716 3273 2771 nostris
3294 2716 3382 2771 his
3400 2717 3606 2773 studiis
3628 2720 3850 2788 quiin

2269 2806 2429 2860 modo
2451 2804 2813 2871 insidiantem,
2831 2806 3193 2862 auathematis
3212 2821 3476 2863 mucrone
3500 2809 3850 2878 percuti-Is,

2270 2906 2433 2967 atque
2470 2906 2745 2968 perpetuat
2790 2896 3011 2955 ultionis
3043 2906 3196 2953 reum
3226 2898 3495 2955 diabolica
3521 2910 3677 2956 sorte
3704 2902 3853 2957 dan-

2272 3002 2463 3042 namus
2492 3006 2504 3041 :
2546 2995 2603 3040 ut
2629 2987 2840 3042 culmen
2877 2987 3230 3057 apostolicum
3255 3029 3271 3052 ,
3305 3004 3445 3044 more
3472 2990 3853 3059 pretiove“-

2272 3092 2389 3131 rum
2416 3084 2744 3143 nostrorum,
2773 3092 3098 3147 causamque
3127 3078 3222 3134 Dei
3245 3093 3343 3148 pro
3368 3077 3544 3133 alectu
3566 3078 3841 3147 sebum

2271 3167 2338 3221 ab
2364 3168 2608 3223 adversis
2645 3168 2770 3223 hinc
2804 3169 2928 3223 inde
2950 3170 3196 3238 partibus
3231 3172 3399 3226 tutius
3418 3171 3726 3226 muniam
3745 3183 3836 3226 ⁸.,

566 3256 859 3339 ⁵εἰειηιὶὺιιεν.
885 3256 1082 3327 quippe
1113 3257 1436 3312 necessariis
1466 3258 1798 3327 sumptibus,
1828 3259 1896 3312 ab
1919 3258 2052 3329 ipsis
2073 3273 2162 3313 re-
2191 3237 2237 3300 (ἶ
2336 3258 2426 3312 40.
2459 3258 2555 3313 llis
2578 3259 2760 3329 itaque
2784 3237 3017 3316 decretis
3039 3272 3207 3330 atque
3239 3262 3675 3319 institutionibus
3700 3277 3847 3335 papa

591 3357 868 3405 cesserunt
903 3350 1183 3419 gentibus,
1221 3358 1275 3404 et
1314 3350 1499 3406 eadem
1532 3350 1597 3405 ad
1627 3360 1813 3421 gentes
1848 3350 2044 3422 legatio
2070 3365 2166 3422 per

590 3442 897 3510 hujusmodi
923 3440 1125 3497 factum
1156 3440 1394 3497 defecit:
1438 3443 1551 3512 ipsa
1600 3458 1812 3513 quoque
1852 3444 2168 3515 metmpolis

594 3532 952 3606 Hamntaburg
988 3550 1123 3609 pene
1166 3534 1380 3590 deserta
1411 3534 1549 3590 facta
1576 3544 1678 3591 est.
1705 3535 1874 3608 Igitur
1895 3537 2019 3591 dum
2048 3538 2163 3592 haec

590 3634 898 3697 agerentur,
928 3634 1173 3681 mortuus
1195 3634 1280 3681 est
1300 3627 1595 3682 dioeceseos
1624 3626 1931 3682 Bremensis
1956 3627 2165 3697 episco-

564 3732 720 3787 pus,
749 3731 868 3787 qua:
896 3716 1022 3772 huic
1055 3717 1302 3787 contigua
1338 3732 1459 3772 esse
1487 3717 1701 3772 dicitur.
1736 3718 1977 3787 Cumque
2019 3730 2162 3787 saepe

566 3806 765 3875 ,dictus
801 3822 895 3863 rex
919 3816 973 3863 et
993 3808 1133 3864 hanc
1162 3808 1438 3864 dioecesim
1468 3818 1745 3865 vacantem
1765 3849 1780 3876 ,
1802 3818 1859 3865 et
1884 3809 2028 3865 illam
2060 3824 2159 3866 no-

589 3898 781 3953 vellam
821 3898 1207 3953 institutionem
1252 3908 1501 3954 cerneret
1541 3899 1899 3965 deficientem,
1943 3900 2161 3969 insuper

589 3996 645 4042 et
669 3996 953 4056 utramque
976 3988 1116 4042 hanc
1141 3988 1434 4044 Ecclesium
1456 3991 1549 4045 Dei
1579 3993 1923 4060 permittente
1947 3992 2159 4049 occulto

586 4076 807 4147 judicio,
834 4092 929 4147 per
952 4077 1305 4132 barbarorum
1328 4078 1585 4134 saevitiam
1608 4080 1895 4136 admodum
1916 4089 2160 4139 attenua-

566 4176 738 4232 ,tam;
778 4181 1018 4236 quatrere
1063 4168 1258 4237 ccepit,
1288 4168 1520 4238 qualiter
1564 4172 1815 4239 prasdicta
1854 4171 2159 4235 Bremensis

589 4255 829 4312 Ecclesia
866 4257 1135 4326 praedictae
1173 4257 1394 4314 novella:
1434 4259 1877 4332 archiepiscopali
1915 4264 2160 4320 uniretur

587 4362 652 4402 ac
680 4347 1001 4403 subderetur
1021 4350 1174 4414 sedi,
1201 4359 1387 4407 nostro
1420 4352 1522 4407 hoc
1542 4360 1723 4407 votum
1756 4354 2041 4411 roborante
2068 4357 2158 4413 de-

590 4446 759 4495 creto.
790 4439 941 4496 Unde
979 4456 1075 4511 per
1102 4456 1245 4512 saepe
1274 4444 1604 4498 nominatum
1632 4445 1992 4502 venerabilem
2024 4448 2157 4504 mis-

2265 3349 2588 3404 sanctissimi
2620 3350 2847 3417 Nicolai,
2882 3349 3193 3409 Bremensis
3227 3354 3470 3409 Ecclesia
3512 3354 3769 3423 adjuncta
3796 3363 3846 3410 α

2264 3439 2415 3493 unita
2466 3440 2578 3494 sedi
2621 3441 3138 3515 Hammaburgensi,
3192 3459 3311 3514 quae
3349 3446 3505 3515 prius
3538 3446 3842 3517 σιεινορά

2264 3531 2554 3585 constituta
2585 3530 2942 3598 fuerat,facta
2972 3543 3057 3589 est
3085 3535 3572 3605 archiepiscopalis
3585 3536 3637 3590 δ.

2262 3640 2585 3695 Anseltarius
2615 3640 2813 3729 Horico
2839 3643 3109 3698 Danorum
3132 3645 3582 3729 regilfontiliaris,
3605 3647 3843 3729 ensi-ejus

2333 3728 2588 3765 consensu
2611 3712 2885 3788 ecclesiam
2916 3712 3205 3781 construit,
3239 3712 3566 3771 Christiana:

2333 3798 2576 3836 concessa
2612 3782 2869 3838 libertate.

2329 3889 2419 3947 Μ.
2447 3889 2644 3945 Verum
2667 3893 2792 3961 quia
2821 3892 2890 3947 de
2923 3895 3222 3953 dimceseos
3248 3896 3394 3952 illius
3416 3899 3641 3955 ratione
3671 3899 3743 3954 ita
3761 3897 3843 3953 ιτ.

2275 3994 2405 4040 nata
2430 3986 2543 4040 haec
2574 3988 2997 4056 praeoccupando
3024 3989 3256 4049 diximus
3277 3990 3535 4064 (multum
3559 3994 3710 4047 enim
3729 4002 3844 4048 ιω-

2260 4076 2408 4147 poris
2433 4086 2456 4115 ο
2488 4074 2591 4130 fuit
2615 4092 2682 4131 ex
2709 4092 2818 4148 quo
2840 4079 3023 4135 sedem
3053 4080 3197 4135 illam
3219 4082 3634 4150 gubernandam
3672 4097 3840 4143 susce-

2259 4171 2372 4241 pit,
2398 4171 2712 4242 priusquam
2748 4173 3069 4228 auctoritate
3092 4175 3389 4245 apostolica
3418 4175 3759 4247 firmaretur)
3779 4174 3838 4229 ad

2260 4279 2325 4319 ea
2348 4279 2467 4334 qua:
2492 4264 2643 4334 prius
2670 4276 2818 4335 gesta
2846 4274 2972 4320 sunt
3000 4266 3302 4322 redeamus.
3328 4266 3583 4343 Namque
3606 4277 3838 4340 suscepta

2260 4356 2536 4413 Bremeusi
2566 4357 2847 4428 parochia,
2874 4352 3072 4412 iterum
3103 4359 3295 4429 spiritu
3328 4360 3494 4429 C(Bpil
3526 4359 3841 4416 ferrerein-

2263 4444 2426 4510 timo,
2475 4446 2601 4514 quia
2641 4444 2756 4516 jam
2807 4454 2934 4501 tunc
2972 4447 3101 4516 quid
3144 4450 3320 4513 daret,
3354 4449 3620 4516 habebat,
3651 4451 3704 4505 si
3731 4448 3843 4521 quid

566 4546 727 4605 sum,
757 4529 1098 4589 Salomonem
1127 4533 1376 4591 videlicet
1414 4533 1741 4590 Constantire
1768 4536 2002 4593 civitatis
2038 4538 2155 4609 epi-
2181 4586 2236 4648 Β
2261 4547 2443 4608 posset
2472 4538 2523 4592 in
2562 4538 2805 4608 partibus
2852 4539 3123 4593 Danorum
3170 4555 3267 4610 pro
3311 4539 3516 4594 Christi
3567 4540 3848 4596 elaborare

589 4640 804 4648 _“_____
862 4624 1012 4648 μη,
1041 4626 1143 4648 ι--
1186 4626 1410 4648 μιμη-
1465 4635 1542 4648 μ.
1595 4628 2007 4648 ,ηηωηνιημ
2099 4645 2152 4648 ,,
2268 4626 2477 4648 --ωεμ
2525 4625 2674 4648 nd,
2705 4626 3035 4648 humu..-“
3068 4627 3317 4648 ηηεμμ-
3348 4628 3370 4648 λ
3618 4646 3643 4648 _

587 4640 831 4696 scopum,
862 4624 1015 4681 nobis
1041 4626 1145 4681 hoc
1186 4626 1415 4682 relatum
1460 4635 1546 4683 est
1588 4628 2048 4695 confirmandum,
2093 4645 2159 4685 ac

586 4717 914 4789 postulatum
941 4727 1023 4774 est
1057 4726 1243 4773 nostra
1278 4720 1601 4776 auctoritate
1629 4721 2011 4777 roborandum.
2049 4718 2157 4777 Nos

586 4809 753 4882 igitur
789 4810 843 4865 id
881 4809 1062 4867 subtili
1092 4810 1482 4880 perpendentes
1524 4811 1793 4878 examine,
1817 4812 2156 4868 animadver-

587 4902 752 4957 timus
775 4908 991 4972 propter
1017 4901 1304 4971 instantem
1339 4902 1741 4969 necessitatem,
1773 4909 1829 4957 et
1853 4902 2153 4957 animarum

587 4989 735 5044 lucra
776 4991 831 5045 in
880 4992 1128 5062 gentibus
1157 4992 1554 5059 demonstrata,
1603 4993 1731 5049 utile
1776 4993 1910 5048 fore.
1961 4978 2150 5050 Omnia

586 5082 733 5139 enim
770 5097 887 5153 qua;
911 5084 1147 5153 proficua
1188 5085 1440 5141 Ecclesia:
1481 5086 1780 5158 probantur
1805 5086 2067 5151 existere,
2104 5093 2160 5142 et

584 5171 783 5228 divinis
823 5187 930 5228 non
976 5173 1237 5231 resultant
1281 5172 1762 5247 praeceptionibus,
1804 5176 1948 5233 licita
1987 5187 2041 5233 et
2080 5176 2159 5233 fa-

656 5385 684 5414 ι
714 5371 917 5447 Nicolai
950 5374 1397 5447 litterteintegrte
1434 5374 1741 5432 referuntur
1780 5378 1918 5447 apud
1956 5376 2159 5447 Philip-

558 5458 712 5515 .pum
735 5442 1007 5518 _C:esarem
1026 5486 1040 5511 ,
1072 5442 1381 5518 Bollandum
1406 5485 1422 5511 ,
1452 5455 1506 5502 et
1534 5447 1589 5502 in
1617 5442 1839 5504 historia
1877 5442 2154 5518 episcopo-

587 5512 1323 5585 rumAllatumaburgeusium.

657 5584 685 5623 ιι
715 5582 971 5639 Nimirum
1010 5582 1113 5639 non
1142 5588 1257 5639 duae
1280 5626 1294 5650 ,
1328 5586 1420 5641 sed
1454 5603 1556 5640 una
1583 5589 1810 5644 ecclesia
1835 5590 1936 5646 hac
1964 5592 2159 5647 unione

588 5650 732 5732 facta
764 5655 1272 5732 est_llammahu_rgi
1310 5666 1363 5732 et
1398 5656 1864 5732 Breuize,_unaque
1893 5662 2160 5732 archiepi-

589 5724 733 5851 ἱροῃί
787 5727 943 5782 sedes
982 5726 1197 5781 tametsi
1227 5724 1501 5782 antistites
1550 5730 1645 5783 νὶδὶ
1694 5724 1819 5784 sunt
1860 5724 2159 5802 pt'zetulisse

637 5808 855 5851 remum.

637 5808 855 5853 remain.

2265 4626 2499 4682 nomine.
2525 4625 2677 4682 Unde
2705 4626 3040 4696 frequentius
3068 4627 3325 4683 Horicum
3346 4628 3373 4669 ά
3402 4630 3580 4695 adire,
3608 4633 3715 4700 qui
3736 4640 3849 4685 tunc

2265 4716 2410 4771 solus
2439 4717 2807 4771 tuonart-hiam
2849 4720 2997 4788 regni
3032 4719 3249 4773 tenebat
3276 4717 3589 4783 Danorum,
3634 4729 3703 4773 et
3741 4734 3848 4774 mu-

2264 4807 2483 4864 nerihus
2524 4822 2679 4874 eum,
2730 4816 2785 4861 et
2828 4808 3236 4880 quibuscunque
3275 4817 3488 4881 poterat
3536 4810 3851 4881 obsequiis.

2264 4898 2551 4954 conciliare
2593 4899 2842 4953 studuit:
2888 4909 2947 4953 ut
2992 4915 3088 4955 sua
3135 4898 3390 4966 licentia,
3441 4900 3852 4969 praedicationis

2262 4990 2434 5047 ollicio
2457 4990 2510 5045 in
2538 5007 2703 5061 regno
2737 4990 2853 5060 ejus
2881 4991 2983 5046 frui
3012 4993 3232 5047 valeret.
3274 4991 3575 5062 Aliquoties
3612 5007 3853 5063 namque

2244 5082 2407 5161 .regia
2433 5082 2596 5135 etiam
2635 5082 2898 5152 legatione
2921 5083 2988 5137 ad
3015 5098 3138 5138 eum
3167 5082 3507 5148 mittebatur,
3534 5091 3593 5137 et
3627 5099 3768 5155 quae
3791 5081 3854 5137 ad

2260 5173 2464 5231 foedera
2498 5175 2650 5245 pacis
2676 5184 2730 5231 et
2758 5176 3038 5245 utriusque
3076 5176 3231 5247 regni
3270 5176 3556 5232 utilitatem
3600 5177 3853 5247 pertine-

2332 5380 2357 5441 ιξ
2382 5369 2552 5441 Annis
2588 5369 2698 5424 fere
2728 5370 2911 5441 decem
2947 5385 3011 5425 ex
3042 5386 3204 5441 supra
3242 5372 3446 5428 notatis
3471 5374 3540 5427 ad
3572 5388 3734 5429 num.
3763 5372 3845 5428 38.

2334 5439 2361 5479 ά
2392 5438 2569 5515 Hor-uc
2607 5456 2700 5515 seu
2738 5439 2933 5515 Ericus
2976 5438 3362 5515 aliis—vocatur,
3390 5443 3677 5515 Godefrigi
3712 5442 3851 5515 regis

2266 5526 2405 5565 anno
2438 5513 2542 5567 810
2572 5512 2695 5566 caesi
2724 5511 2891 5582 filius,
2934 5527 3093 5582 quem
3116 5528 3238 5567 cum
3270 5511 3449 5567 Roruc
3479 5528 3578 5567 seu
3609 5511 3848 5569 Rurici-0

2266 5582 2497 5707 :ieriolldi
2544 5583 2686 5664 regis
2713 5581 2880 5637 fratre
2925 5581 3064 5639 male
3104 5582 3384 5639 confusum
3433 5582 3611 5639 fuisse
3652 5586 3846 5655 prohat

2314 5666 2649 5707 cnscientus.

2314 5666 2649 5707 cnscnentus.
