4020 6338
267 257 371 324 989

1811 269 1991 326 VITA.

265 386 428 443 bant.
469 365 686 439 strenue
711 384 762 464 et
793 385 1020 441 fideliter
1046 389 1352 458 peragebat.
1386 387 1500 454 Qua
1541 371 1606 442 de
1648 402 1705 441 re
1749 402 1832 442 co-
1860 395 1908 452 Α
1935 375 2104 441 νειςνσ
2127 386 2371 450 salutari,
2405 385 2522 456 puri
2558 394 2613 442 et
2651 378 2980 442 immaculati
3016 384 3140 440 vita;
3181 380 3398 440 atteram
3416 385 3504 456 ja-

265 477 416 545 gnita
441 476 624 531 fide‘et
653 463 888 532 bonitate
922 483 1090 533 sancti
1124 481 1257 542 viri,
1289 481 1578 549 praedictus
1605 480 1832 534 lloricus

267 575 362 620 rex
406 566 574 621 multo
599 583 719 622 eum
751 569 939 624 affectu
988 571 1151 640 cmpit
1188 573 1475 635 venerari,
1514 579 1570 625 et
1607 571 1835 624 libenter

263 657 383 722 ejus
411 656 638 710 consilio
663 659 758 722 uti,
787 673 845 712 ac
877 657 1358 714 familiarissimum
1389 661 1441 714 in
1468 659 1718 714 omnibus
1743 660 1836 712 ba-

266 745 397 800 bere
428 761 442 800 :
475 750 546 801 ita
577 756 715 802 utet
743 749 894 802 inter
936 761 1141 804 secreta
1186 767 1280 805 sua
1304 791 1318 811 ,
1359 751 1484 804 dum
1515 751 1581 804 de
1610 751 1839 820 negotiis

268 839 418 904 regni
441 832 560 891 cum
585 839 904 894 consiliariis
932 828 1202 900 tractaret,
1222 840 1319 910 ipsi
1343 840 1530 893 liceret
1555 839 1833 893 interesse.

267 927 342 979 Ea
382 921 595 998 quoque
623 944 742 999 quze
771 929 910 984 inter
930 930 1182 999 populum
1208 929 1364 998 hujus
1386 939 1562 994 terrae,
1588 929 1838 984 videlicet

265 1014 578 1078 Saxonum,
620 1033 684 1072 ac
715 1035 934 1087 regnum
981 1020 1182 1088 ipsius,
1221 1035 1381 1073 causa
1435 1017 1652 1072 foederis
1680 1017 1838 1072 debe-

268 1107 400 1161 bant
427 1109 681 1162 constitui
703 1149 717 1172 ,
748 1125 852 1163 non
884 1111 1040 1165 aliter
1077 1111 1180 1186 nisi
1213 1112 1280 1165 de
1309 1111 1413 1164 fide
1454 1111 1594 1164 illius
1630 1109 1842 1164 volebat

269 1199 475 1251 firmari
503 1215 520 1251 ς
567 1201 668 1254 hoc
707 1201 806 1254 sibi
833 1199 1022 1255 'tlicens
1054 1201 1288 1255 omnin’o-
1319 1199 1635 1255 fidissimum
1681 1213 1837 1262 esse,

266 1287 412 1356 quod
443 1287 530 1342 ille
558 1289 606 1343 ei
637 1297 692 1342 et
721 1288 990 1344 laudasset
1017 1299 1070 1344 et
1099 1281 1489 1359 spopondisset.
1524 1291 1635 1344 llae
1661 1290 1842 1359 itaque

267 1375 634 1432 familiaritate
657 1381 888 1448 potitus,
920 1383 1078 1450 coepit
1110 1383 1273 1435 etiam
1305 1369 1388 1436 illi.
1405 1381 1754 1450 persuadere,
1785 1389 1846 1432 ut

269 1469 426 1522 fleret
457 1469 816 1524 Christianus.
852 1471 941 1524 ille
966 1487 1176 1542 quoque
1202 1473 1383 1526 omnia
1423 1487 1542 1540 qua:
1569 1472 1617 1524 ci
1653 1485 1720 1524 ex
1760 1469 1842 1524 di-

270 1561 392 1614 vina
424 1561 708 1614 intitnabat
737 1561 1034 1630 Scriptura,
1065 1564 1296 1633 benigne
1317 1564 1585 1626 audiebat,
1615 1571 1671 1616 et
1705 1563 1842 1615 bona

269 1665 492 1720 prorsus
518 1666 582 1704 ac
617 1667 743 1706 vere
781 1651 1037 1706 salutaria
1083 1661 1199 1708 esse
1223 1654 1493 1707 'laudabat
1517 1693 1530 1712 ,
1562 1667 1725 1722 seque
1755 1652 1842 1707 his

271 1743 560 1812 plurimum
590 1745 866 1809 delectari,
889 1761 952 1800 ac
975 1746 1202 1800 libenter
1227 1745 1427 1800 Christi
1451 1745 1586 1798 velle
1617 1745 1846 1816 gratiam
1875 1745 1922 1804 B

269 1837 584 1904 promereri.
630 1837 725 1891 Cui
769 1845 888 1906 post
935 1834 1060 1893 talia
1095 1847 1217 1892 vota
1266 1837 1426 1893 Pater
1477 1840 1848 1892 sanctissimus

269 1929 540 1996 patienter
565 1943 850 1999 suggerere
878 1932 1060 1998 cmpit,
1089 1939 1148 1986 ut
1189 1931 1406 1986 Christo
1451 1931 1678 1984 Domino
1717 1943 1846 1984 con—

269 2022 486 2077 cederet
529 2024 667 2076 hanc
705 2025 1128 2078 benevolentiam
1157 2064 1171 2088 ,
1219 2024 1362 2092 quod
1404 2024 1452 2076 ei
1485 2024 1846 2094 gratissimum

273 2111 430 2176 foret,
460 2123 520 2165 ut
543 2112 596 2164 in
627 2125 790 2181 regno
815 2126 912 2168 suo
931 2113 1213 2168 ecclesiam
1239 2113 1352 2168 fieri
1379 2114 1731 2182 permitteret,
1758 2114 1845 2168 ubi

276 2203 532 2256 sacerdos
567 2203 711 2256 omni
755 2213 992 2273 tempore
1035 2219 1272 2273 praesens
1317 2207 1550 2268 adesset,
1597 2213 1651 2258 et
1697 2204 1844 2259 verbi

277 2294 728 2359 divini‘semiua,
763 2311 826 2351 ac
874 2297 1122 2366 baptismi
1165 2297 1394 2368 gratiam
1443 2297 1849 2367 quibuscunque

273 2384 548 2453 suscipere
572 2385 869 2441 volentibus
899 2388 1152 2442 traderet.
1179 2387 1328 2454 Quod
1355 2387 1443 2442 ille
1463 2387 1848 2458 benignissimo

275 2476 537 2529 concessit
567 2476 780 2540 affectu,
814 2485 868 2531 et
895 2478 947 2530 in
987 2479 1143 2548 portu
1174 2478 1322 2547 regni
1353 2477 1432 2532 sui
1463 2478 1528 2530 ad
1556 2477 1656 2531 hoc
1687 2477 1850 2545 aptis-

274 2565 430 2630 simo,
461 2575 515 2620 et
541 2565 666 2621 huic
695 2569 897 2638 regioni
938 2569 1202 2638 proximo;
1233 2567 1543 2624 Scleaswich
1567 2581 1593 2608 α
1625 2569 1847 2633 vocato“,

240 2654 364 2715 ubi
401 2670 465 2710 ex
495 2655 639 2709 omni
683 2666 836 2726 parte
878 2667 1171 2712 comi-ntus
1219 2658 1380 2712 flebat
1421 2659 1848 2727 negotiatorum,

271 2743 558 2800 ecclesiam
584 2746 658 2800 illi
690 2746 954 2802 fabricare
971 2747 1251 2816 permisit,
1296 2748 1536 2802 tribuens
1581 2747 1754 2801 locum
1796 2747 1849 2801 in

274 2851 379 2906 quo
429 2840 712 2908 presbyter
759 2849 1001 2893 maneret
1033 2856 1046 2892 :
1078 2841 1198 2892 data
1253 2839 1456 2908 pariter
1500 2839 1748 2904 licentia,
1792 2845 1854 2892 ιιι

265 2928 580 2998 quicunque
606 2928 767 2984 vellet
799 2929 852 2984 in
881 2943 1048 2999 regno
1069 2943 1187 2993 suo,
1214 2929 1365 2984 fieret
1395 2929 1757 2984 Christianus.
1821 2928 1831 2950 "

1935 492 2070 532 nuas
2125 479 2326 546 absque
2376 477 2556 549 aliqua
2611 478 2976 533 retardatione
3023 478 3304 532 intrarent.
3355 475 3506 535 Multi

1936 583 2149 637 quoque
2179 568 2316 638 apud
2341 582 2436 622 eos
2471 566 2874 623 infirmitatibus
2899 568 3122 628 detenti.
3149 581 3272 621 cum
3306 583 3366 622 se
3394 567 3510 624 frti.

1937 667 2048 712 stra
2073 658 2226 712 idolis
2253 671 2352 725 pro
2381 657 2555 712 salute
2596 672 2694 712 sua
2725 658 3062 714 sacrificasse
3087 658 3352 722 viderent,
3389 666 3450 715 et
3475 672 3509 714 ι

1937 747 2254 817 propinquis
2281 747 2395 802 suis
2433 748 2875 816 desperarentur;
2931 749 3000 802 ad
3046 749 3255 802 Domini
3301 749 3512 803 miseri-

1937 838 2175 891 cordiam
2193 836 2584 906 confugientes,
2606 837 2942 891 Christianos
2957 851 3015 891 se
3035 835 3152 890 fieri
3166 836 3515 892 devovebant

1937 941 2166 996 cmnque
2189 927 2364 980 accito
2391 924 2671 980 sacerdote
2701 926 2952 996 baptismi
2981 928 3212 997 gratiam
3235 917 3512 996 percepis-

1938 1026 2080 1083 sent,
2113 1017 2296 1071 statim
2330 1017 2629 1072 incolumes
2658 1017 2838 1070 divina
2867 1015 3118 1088 largitate
3155 1016 3378 1082 ﬁebant,
3403 1017 3512 1074 sic.-

1937 1122 2045 1177 que
2073 1108 2316 1164 crevitin
2348 1108 2536 1162 eodem
2567 1107 2686 1162 loco
2715 1107 2809 1160 Dei
2843 1108 3138 1174 miseratio,
3169 1117 3226 1162 et
3253 1107 3322 1162 ad
3349 1107 3512 1162 ﬁdem

1941 1199 2154 1255 Domini
2178 1214 2440 1254 conversa
2461 1209 2544 1255 est
2565 1197 2866 1253 multitudo.

1943 1342 2264 1412 Anscharius
2283 1344 2441 1412 petita
2459 1341 2504 1395 11
2513 1343 2640 1397 orici
2657 1341 2884 1399 licentia,
2911 1351 3178 1394 recusatae
3197 1339 3513 1408 Gauzberto,

2175 1411 2481 1482 legationem
2511 1413 2578 1466 ad
2606 1413 2801 1466 Succos
2833 1413 3018 1464 iterum
3045 1413 3280 1480 suscipit.

2015 1525 2105 1580 45.
2145 1522 2288 1579 lnter'
2319 1527 2433 1580 hate
2479 1539 2609 1578 vero
2655 1524 2882 1577 domnus
2915 1531 2970 1576 et
2991 1519 3153 1576 Pater
3197 1529 3381 1576 noster
3409 1517 3519 1574 An-

1943 1607 2190 1672 scbarius
2217 1615 2378 1669 etiam
2405 1629 2503 1684 pro
2545 1622 2704 1684 gente
2758 1611 3051 1674 Sueonum,
3083 1625 3147 1686 eo
3171 1610 3310 1680 quod
3337 1623 3518 1664 sacer-

1951 1711 2088 1766 dotis
2122 1709 2404 1780 praesentia
2437 1720 2564 1762 tunc
2609 1704 2834 1760 tlesolati
2874 1713 3076 1767 essent,
3117 1703 3282 1757 nimio
3323 1700 3521 1756 condo-

1953 1803 2070 1858 leus
2095 1802 2312 1863 affectu,
2345 1817 2374 1854 a
2413 1799 2638 1870 praefato
2680 1811 2904 1868 poscere
2945 1797 3109 1866 capit
3156 1793 3283 1862 rege
3325 1789 3523 1846 Horico

1952 1895 2052 1950 sibi
2091 1894 2142 1946 in
2170 1893 2421 1946 omnibus
2453 1887 2894 1951 familiarissimo,
2935 1887 3012 1940 uti
3054 1886 3134 1939 sui
3167 1883 3364 1938 auxilio
3393 1881 3522 1937 fines

1953 1983 2094 2037 illius
2136 1967 2513 2052 regni-petere
2553 1988 2753 2049 posset.
2788 1977 2887 2046 Qui
2919 1993 3040 2032 cum
3089 1976 3322 2030 maxima
3361 1973 3500 2028 bene

1952 2074 2180 2130 volentia
2223 2075 2362 2128 banc
2406 2059 2620 2144 quoque
2670 2071 2983 2142 petitionem
3037 2066 3154 2136 ejus
3201 2066 3522 2136 suscipiens,

1951 2166 2025 2219 ita
2057 2181 2116 2218 se
2143 2179 2239 2234 per
2269 2163 2448 2217 omnia
2498 2162 2764 2218 facturum
2805 2160 3072 2233 promisit.
3111 2159 3226 2226 Qua
3259 2159 3324 2213 de
3361 2172 3523 2212 causa

1951 2257 2181 2311 domnus
2209 2255 2494 2324 episcopus
2531 2262 2716 2308 noster
2744 2267 2865 2307 cum
2913 2249 3138 2322 praefato
3163 2248 3328 2319 cmpit
3349 2246 3525 2303 Gauz-

1948 2342 2105 2399 bcrto
2143 2345 2395 2414 pontifice
2442 2344 2508 2398 de
2563 2345 2664 2398 hoc
2713 2343 2827 2414 ipso
2874 2351 3126 2406 tractare,
3157 2339 3523 2395 necessarium

1952 2450 2072 2490 esse
2102 2437 2311 2501 dicens,
2339 2443 2395 2489 ttt
2436 2435 2630 2489 iterum
2666 2435 3006 2504 probaretur,
3037 2432 3081 2487 si
3121 2430 3258 2486 forte
3283 2446 3412 2500 gens
3437 2427 3526 2483 ilia

1955 2525 2211 2580 divinitus
2247 2525 2450 2578 monita
2497 2524 2806 2578 sacerdotes
2856 2537 3036 2577 secum
3068 2536 3288 2575 manere
3315 2529 3526 2590 patere-

1957 2623 2064 2680 tur,
2093 2631 2162 2670 ne
2201 2615 2331 2670 fides
2358 2614 2556 2670 Christi
2588 2614 2693 2670 illis
2733 2615 2786 2668 in
2817 2614 3062 2685 partibus
3109 2621 3306 2682 ccepta,
3339 2627 3525 2667 eorum

1954 2707 2274 2778 negligentia
2295 2707 2581 2776 aliquando
2605 2707 2894 2776 deperiret.
2922 2705 3216 2761 Praadictus
3240 2720 3368 2760 vero
3391 2719 3526 2774 pon-

1956 2795 2084 2850 tifex
2113 2797 2469 2862 Ganzbertus,
2519 2797 2608 2867 qui
2655 2807 2709 2852 et
2741 2796 2948 2861 Simon,
2985 2813 3043 2852 se
3072 2797 3195 2852 inde
3219 2795 3524 2866 expulsum,

1954 2905 2166 2942 rursum
2201 2889 2373 2944 locum
2405 2889 2552 2942 illum
2585 2899 2828 2960 repetere
2864 2907 2965 2944 non
2991 2905 3183 2944 ausum
3207 2887 3524 2956 respondit:

1955 2998 2053 3037 nec
2096 2982 2146 3034 id
2177 2981 2330 3036 valde
2361 2982 2658 3050 proficuum
2693 2980 2806 3035 fore
2840 2997 3032 3052 posse,
3071 2981 3178 3035 imo
3215 2980 3386 3051 magis
3428 2995 3525 3068 pe:

275 3057 573 3130 Baptismus
603 3076 697 3112 cur
719 3077 752 3113 a
782 3061 1094 3140 quibusdam
1134 3061 1350 3141 dJlatus,
1382 3062 1445 3114 ab
1475 3061 1594 3116 aliis
1620 3074 1845 3130 receptat

1956 3077 2269 3136 riculnsum,
2303 3076 2553 3146 sidcan
2585 3075 2825 3144 priorum
2868 3075 3294 3132 reminiscentes.
3323 3057 3526 3142 aliquid

733 3147 848 3184 cum
881 3133 1102 3184 sanitate
1136 3131 1386 3198 corporis.

343 3241 430 3296 42.
480 3241 592 3295 Hac
637 3256 766 3312 ergo
811 3240 1042 3296 domnus
1087 3241 1370 3310 episcopus
1403 3249 1585 3296 noster
1629 3252 1849 3314 accepta

275 3333 522 3400 licentia,
558 3334 738 3388 statim
769 3334 912 3403 quod
954 3333 1043 3387 diu
1073 3319 1471 3387 desideraverat
1503 3332 1728 3403 perfecit
1757 3352 1769 3387 :
1797 3341 1852 3388 et

257 3417 563 3480 constituto
597 3424 670 3478 ibi
701 3425 1033 3496 presbytero,
1079 3423 1254 3493 gratia
1299 3424 1391 3478 Dei
1422 3423 1475 3477 in
1515 3425 1704 3478 eodem
1735 3423 1852 3478 loco

274 3515 599 3571 fructuosius
629 3529 873 3570 crescere
906 3515 1086 3585 coepit.
1118 3512 1266 3568 Multi
1307 3528 1540 3582 namque
1578 3514 1648 3568 ibi
1692 3522 1849 3568 antea

275 3615 428 3662 erant
448 3605 761 3670 Christiani,
785 3605 876 3675 qui
907 3605 990 3660 vel
1009 3606 1063 3658 in
1086 3604 1373 3670 Dorstado,
1405 3605 1484 3660 vel
1513 3606 1564 3658 in
1591 3603 1851 3658 ﬂamma-

275 3699 402 3768 burg
449 3698 704 3768 baptizati
751 3683 1000 3752 fuerant:
1046 3713 1273 3766 quorum
1318 3698 1538 3766 quidam
1585 3697 1850 3768 primores

274 3789 442 3858 ipsius
474 3789 577 3842 vici
607 3789 959 3855 habebantur,
989 3798 1050 3843 et
1067 3789 1373 3860 gaudebant
1409 3789 1719 3844 facultatem
1747 3789 1849 3846 sibi

273 3884 452 3937 datam
499 3883 958 3940 Christianitatem
1007 3901 1158 3940 suam
1215 3887 1556 3942 observandi.
1611 3887 1849 3954 Quorum

272 3977 516 4046 exemplo
547 3978 697 4032 multi
729 3993 938 4050 quoque
963 3979 1052 4032 alii
1093 3987 1150 4032 et
1171 3979 1270 4032 viri
1295 3987 1352 4034 et
1381 3977 1590 4034 femina:
1611 4020 1626 4044 ,
1663 3980 1847 4034 relicta

271 4068 636 4136 superstitiosa
660 4069 920 4124 idolorum
948 4069 1185 4133 cultura,
1207 4069 1274 4123 ad
1299 4068 1456 4124 fidem
1487 4068 1696 4123 Domini
1720 4085 1850 4125 con—

253 4157 410 4231 _versi
436 4155 864 4226 baptizabantur.
882 4158 1210 4227 Factumque
1223 4167 1304 4213 est
1321 4159 1571 4230 gaudium
1597 4173 1848 4228 magnum

272 4245 324 4299 in
357 4245 472 4314 ipso
497 4243 647 4299 loco:
674 4248 746 4299 ita
768 4247 1002 4300 utetiam
1021 4248 1196 4318 gentis
1211 4246 1368 4315 hujus
1387 4249 1631 4303 homines
1647 4249 1849 4317 absque

273 4337 378 4391 ullo
401 4352 624 4407 pavore,
648 4346 704 4392 et
725 4339 887 4409 (quod
919 4348 1075 4394 antea
1108 4355 1212 4393 non
1238 4340 1455 4412 licebat)
1477 4350 1532 4396 et
1559 4343 1851 4412 negotiato-

1953 3165 2382 3236 perturbationis
2401 3167 2545 3220 circa
2571 3180 2692 3220 eum
2731 3167 3050 3229 excitarent,
3077 3166 3176 3220 sibi
3205 3165 3374 3236 magis
3398 3178 3527 3220 con-
3591 3177 3602 3187 ’

1953 3273 2148 3328 gruum
2171 3257 2361 3320 videri,
2396 3266 2454 3310 ut
2484 3257 2571 3312 ille
2595 3259 2719 3322 iret,
2741 3258 2830 3325 qui
2853 3259 2990 3311 banc
3013 3255 3331 3326 legationem
3352 3255 3528 3325 primo

1955 3355 2292 3418 susceperat,
2325 3348 2522 3416 quique
2573 3348 2955 3418 benignissime
2984 3347 3054 3401 ibi
3085 3347 3304 3402 habitus
3328 3345 3522 3402 fuerat.

1951 3437 2072 3508 lpse
2098 3452 2224 3492 vero
2247 3453 2367 3491 cum
2401 3453 2464 3492 eo
2497 3446 2744 3505 nepotem
2778 3453 2934 3492 suum
2976 3436 3232 3506 mitteret,
3263 3436 3354 3506 qui
3381 3436 3453 3491 ibi
3477 3436 3526 3494 si

1954 3528 2102 3582 locus
2125 3517 2449 3597 prtedicbndi
2500 3526 2852 3592 inveniretur,
2901 3535 3227 3593 remaneret,
3254 3534 3309 3580 et
3348 3539 3529 3580 sacer-

1953 3619 2114 3675 dotali
2145 3619 2284 3688 apud
2307 3633 2400 3673 eos
2428 3617 2602 3672 officio
2647 3617 2980 3688 fungeretur.
3006 3615 3118 3672 Hoc
3133 3609 3324 3687 itaque
3346 3627 3528 3674 ratum

1953 3708 2095 3762 inter
2123 3723 2180 3763 se
2205 3707 2576 3772 decernentes,
2599 3723 2780 3762 coram
2807 3707 3090 3790 praesentia
3121 3707 3527 3764 clementissimi

1954 3800 2094 3872 regis
2149 3809 2414 3854 venerunt
2457 3798 2742 3864 Ludovici,
2791 3815 3122 3869 causamque
3158 3797 3526 3870 hujuscemodi

1952 3891 2002 3947 ei
2030 3891 2350 3956 retulerunt,
2387 3899 2550 3961 atque
2575 3897 2634 3944 ut
2661 3889 2775 3959 ejus
2803 3890 3019 3945 licentia
3047 3891 3118 3944 ita
3154 3890 3267 3946 fieri
3298 3889 3523 3960 permit-

1935 3993 2160 4064 teretur
2181 3985 2497 4037 exorabant.
2526 3981 2627 4049 Qui
2655 3984 2960 4038 sciscitatus
2990 3991 3170 4038 tttrum
3218 3983 3319 4053 ipsi
3349 3982 3400 4036 in
3424 3981 3524 4037 hac

1951 4073 2228 4128 voluntate
2254 4073 2552 4128 concordes
2600 4071 2848 4140 fuissent,
2886 4089 3200 4144 responsum
3233 4091 3262 4128 a
3299 4089 3524 4129 venera-

1952 4165 2044 4220 bili
2072 4163 2376 4221 Gauzberto
2398 4165 2650 4235 pontifice
2677 4165 2779 4219 tale
2819 4167 3066 4233 accepit:
3094 4164 3150 4218 ln
3180 4163 3294 4228 Dei,
3329 4164 3523 4236 inquit,

1953 4257 2194 4320 servitio,
2218 4271 2317 4310 nos
2362 4269 2576 4324 semper
2609 4254 2906 4309 concordes
2929 4261 2983 4307 et
3016 4251 3213 4307 fuimus
3235 4263 3289 4307 et
3315 4269 3520 4320 sumus,

1953 4354 2006 4401 et
2035 4345 2172 4400 istud
2205 4344 2458 4398 unanimo
2486 4357 2747 4398 consensu
2792 4341 2864 4395 ita
2909 4341 3022 4396 fieri
3057 4341 3318 4412 cupimus.
3343 4342 3522 4411 Itaque

272 4443 358 4486 res
385 4421 494 4486 tam
523 4419 677 4494 hinc,
698 4443 861 4500 quam
890 4444 954 4484 ex
986 4431 1248 4486 Dorstado
1272 4433 1446 4486 vicum
1477 4434 1650 4502 ipsum
1679 4435 1926 4501 liberel)
1953 4435 2327 4504 serenissimus
2353 4448 2448 4488 rex
2478 4435 2531 4488 in
2584 4433 2676 4489 Dei
2709 4449 2870 4488 causa
2919 4449 3134 4504 semper
3167 4431 3522 4501 voluntarius,

270 4531 604 4592 expeterent,
623 4533 678 4576 et
701 4523 802 4576 hac
822 4525 1105 4578 occasione
1130 4524 1360 4578 facultas
1382 4524 1544 4580 totius
1568 4527 1693 4581 boni
1715 4527 1844 4581 inibi

269 4615 611 4668 exuberaret.
643 4613 709 4668 Et
737 4629 859 4668 cum
891 4615 1043 4668 multi
1073 4615 1202 4668 inibi
1247 4617 1499 4684 baptizati
1535 4618 1845 4686 supervixe-

273 4708 416 4771 rint,
452 4706 872 4761 innumerabilis
945 4717 1121 4762 tamen
1189 4708 1492 4762 albatorum
1561 4705 1844 4764 multitudo

271 4798 464 4852 exinde
485 4799 552 4852 ad
591 4815 753 4869 regna
781 4802 1092 4855 conscendit
1121 4801 1399 4855 caelorum.
1443 4803 1576 4868 Quia
1616 4803 1843 4858 libenter

271 4890 485 4959 quidem
517 4887 846 4961 signaculum
883 4894 1059 4946 crucis
1105 4893 1459 4962 recipiebant,
1491 4903 1550 4948 ut
1591 4896 1840 4950 catechu-

272 4981 412 5034 meui
439 4982 468 5022 δ
499 4981 708 5048 ﬁerent,
737 4999 843 5053 quo
870 4986 948 5039 eis
985 4985 1267 5041 ecclesiam
1300 4987 1540 5056 ingredi,
1583 4997 1637 5042 et
1672 4988 1842 5044 sacris

269 5069 458 5126 officiis
492 5072 752 5128 interesse
786 5073 1012 5130 liceret:
1055 5075 1300 5144 baptismi
1342 5087 1518 5130 tamen
1549 5078 1842 5147 susceptio-

272 5175 392 5214 nem
422 5162 756 5227 differebant,
790 5166 892 5218 hoc
924 5167 1022 5221 sibi
1054 5168 1249 5221 bonum
1285 5169 1668 5236 dijudicantes,
1704 5180 1760 5224 ut
1785 5172 1840 5225 in

274 5255 375 5308 fine
401 5255 524 5337 vitae
548 5271 658 5311 sua:
687 5256 1117 5326 baptizarentur;
1168 5268 1434 5329 quatenus
1467 5261 1733 5330 purificati
1757 5261 1838 5317 la-

341 5404 368 5432 ι
408 5391 484 5447 De
510 5393 610 5448 hoc
633 5394 870 5462 emporio
907 5395 1154 5464 superius
1179 5404 1378 5449 actum.
1411 5395 1712 5464 Sleaswich,
1743 5413 1838 5451 seu

245 5461 590 5534 ,Sleswicum,
611 5461 737 5518 olim
762 5461 1054 5534 {trglorum
1081 5467 1257 5530 sedes,
1281 5482 1423 5522 nunc
1441 5462 1580 5521 duca
1591 5477 1675 5520 tus
1701 5467 1840 5524 Sies-

267 5532 396 5589 wici
432 5533 634 5598 titulus,
661 5534 726 5587 de
749 5532 1010 5588 Sleswich.

341 5602 370 5642 1³
395 5603 514 5674 Quo
535 5603 636 5674 ritu
660 5605 822 5674 etiam
845 5604 1040 5674 szcculo
1066 5621 1206 5660 nono
1231 5606 1421 5660 fierent
1447 5609 1834 5674 catechumeni,

271 5671 389 5752 lege
413 5672 694 5754 epistolam
727 5672 894 5734 lessus
929 5671 1306 5733 Atubianensis
1333 5678 1590 5749 episcopi,
1621 5679 1706 5735 ubi
1743 5671 1836 5738 ea?-

1949 4527 2246 4582 secundum
2284 4524 2430 4595 quod
2474 4527 2616 4580 inter
2662 4541 2756 4580 eos
2797 4533 3144 4592 convenerat,
3199 4525 3522 4598 legationem

1930 4601 2089 4671 hanc
2111 4632 2209 4684 pro
2239 4615 2438 4670 Christi
2471 4615 2685 4671 nomine
2708 4616 2906 4686 pastori
2935 4624 3120 4670 nostro
3145 4613 3373 4684 injunxit
3399 4615 3524 4670 reli-

1947 4705 2276 4776 giesissimo,
2313 4721 2424 4760 sua:
2465 4721 2678 4774 quoque
2710 4705 2900 4776 partis,
2939 4706 3095 4760 sicuti
3129 4715 3182 4760 et
3225 4715 3377 4776 pater
3403 4706 3520 4776 ejus

1947 4797 2174 4864 fecerat,
2209 4798 2277 4854 ad
2328 4815 2508 4870 regem
2558 4797 2832 4856 Sueonum
2883 4801 3132 4856 mandata
3175 4801 3222 4856 ei
3272 4802 3522 4858 commit-

1950 4899 2085 4944 tens.

2361 4969 2571 5034 Visione
2594 4980 2784 5036 cmlesti
2807 4981 3090 5062 animatur.

2017 5093 2107 5148 44.
2152 5093 2319 5165 Igitur
2357 5095 2741 5150 devotissimus
2771 5095 2933 5150 Pater
2983 5103 3166 5178 noster
3189 5096 3255 5158 ad
3281 5095 3519 5152 boc.iter

1949 5199 2252 5253 przeparare
2283 5199 2342 5239 se
2366 5184 2550 5253 coepit,
2593 5192 2648 5240 et
2681 5193 2742 5238 ut
2769 5185 3090 5254 quantocius
3127 5187 3230 5240 hoc
3253 5183 3514 5254 expleret,

1950 5274 2262 5331 ferventiori
2287 5276 2613 5332 incitabatur
2638 5276 2862 5347 spiritu.
2893 5277 3170 5348 Siquidem
3199 5284 3256 5332 et
3282 5277 3383 5330 hoc
3402 5289 3516 5332 cat-

1944 5409 2128 5484 demf
2156 5410 2530 5484 sius_exponit,
2557 5425 2691 5484 _qn:e
2725 5411 3050 5484 Augustinus
3074 5407 3401 5484 praestringit
3416 5405 3516 5484 bis

1943 5481 2122 5552 verbis
2155 5495 2171 5552 ζ
2203 5499 2220 5530 ι
2254 5481 2518 5552 Signabar
2551 5479 2662 5548 jam
2693 5479 2844 5552 signo
2885 5479 3090 5544 crucis,
3133 5487 3188 5532 et
3222 5479 3515 5552 condiebar

1942 5549 2057 5612 eius
2100 5551 2209 5604 sale
2241 5546 2351 5620 jam
2383 5551 2505 5605 inde
2544 5546 2611 5605 ab
2641 5546 2794 5607 utero
2817 5552 3007 5606 matris
3053 5563 3204 5615 meat,
3233 5567 3252 5601 ›
3286 5548 3340 5604 in
3371 5546 3514 5610 ωλι

1944 5620 2376 5686 Cunfessionum,
2405 5637 2522 5692 cap.
2560 5621 2642 5678 Η.
