4020 6338
600 281 700 338 991

1520 279 1578 336 S.
1618 277 1985 336 ANSCHARII
2021 275 2553 336 HAMBUBGENSIS
2589 277 2905 335 EPISCOPI

601 399 731 456 litus
752 399 855 455 sibi
884 396 1177 467 iniunctum
1199 395 1471 462 credebat,
1501 395 1707 452 visione
1727 394 1962 467 quadam
1992 395 2169 450 imbu-
2195 396 2247 457 Α
2272 391 2399 448 dicti
2420 392 2560 464 regis
2587 391 2766 448 Ποῆεί
2803 359 3026 448 missum
3065 396 3269 465 pariter
3307 407 3365 452 et
3408 398 3660 470 signum
3695 413 3879 456 secum

602 500 889 561 tus,quam
911 496 1070 543 antea
1094 487 1321 541 viderat.
1354 483 1539 541 Visum
1567 501 1798 557 namque
1822 495 1906 542 est
1931 485 1999 548 ei,
2024 487 2168 556 quod

601 595 699 653 pro
746 581 862 651 ipso
903 579 1097 634 itinere
1125 578 1280 633 valde
1319 589 1464 633 esset
1514 578 1799 643 sollicitus,
1829 586 1883 633 et
1929 577 2074 648 quod
2101 578 2169 633 ad

601 671 886 743 quemdam
927 671 1204 726 deveniret
1255 670 1456 734 locum,
1502 670 1554 724 in
1587 686 1694 742 quo
1738 680 1856 725 erat
1896 679 2170 726 structura

597 761 946 817 aedificiorum
979 777 1191 832 magna,
1237 768 1291 816 et
1335 764 1640 816 mansiones
1671 761 1918 826 diversze,
1946 761 2036 815 ubi
2073 761 2171 815 ob-

595 853 716 908 vius
749 853 851 908 sibi
895 853 1112 924 quidam
1151 852 1326 908 factus
1358 852 1570 908 locutus
1600 861 1684 908 est
1723 853 1796 916 ei,
1825 853 2010 908 dicens
2049 869 2061 906 :
2094 851 2170 907 De

595 947 788 1002 itinere
813 961 917 1016 quo
959 946 1289 1010 sollicitaris,
1320 955 1376 1001 et
1415 946 1481 1000 de
1508 947 1594 1002 his
1623 962 1742 1017 qua:
1773 955 1896 1001 sunt
1926 946 1977 999 in
2006 945 2169 1000 corde

595 1047 710 1102 tuo,
740 1054 808 1093 ne
829 1053 992 1108 supra
1015 1038 1231 1092 modum
1256 1037 1631 1093 contristeris:
1672 1037 1799 1108 quia
1821 1038 1908 1092 hic
1937 1045 2022 1092 est
2047 1035 2168 1106 qui-

595 1130 718 1184 dam
754 1131 1036 1200 propheta,
1087 1130 1179 1201 qui
1232 1137 1284 1184 te
1328 1130 1392 1184 de
1423 1129 1508 1184 his
1531 1129 1781 1184 omnibus
1813 1140 2020 1185 eertum
2049 1131 2169 1186 red-

594 1221 713 1284 det;
745 1230 801 1274 et
833 1236 898 1274 ne
935 1219 1112 1290 aliqua
1137 1221 1303 1275 menti
1337 1229 1439 1274 tuze
1465 1234 1628 1290 super
1667 1221 1769 1275 hoc
1811 1220 2038 1275 insideat
2065 1221 2165 1274 du-

591 1308 800 1374 bitatio,
835 1309 1008 1364 dicam
1033 1309 1127 1364 tibi
1157 1312 1278 1380 quis
1303 1310 1375 1364 sit
1407 1309 1496 1365 ille
1527 1311 1806 1380 propheta.
1841 1310 2025 1365 Abbas
2043 1310 2166 1380 qui-

592 1395 717 1476 dam
752 1381 1085 1457 clarissimus
1107 1401 1446 1458 Adalhardus
1481 1403 1593 1474 ipse
1624 1418 1766 1457 nunc
1793 1412 1877 1458 est
1905 1405 2167 1473 propheta

590 1507 621 1548 a
644 1492 872 1547 Domino
903 1493 972 1548 ad
1007 1501 1059 1548 te
1095 1493 1314 1557 missus,
1345 1494 1434 1563 qui
1464 1493 1558 1547 tibi
1590 1509 1654 1548 ea
1687 1510 1807 1564 qua:
1841 1504 2165 1564 proventura

590 1592 736 1649 sunt,
761 1583 1101 1638 annuntiabit
1144 1583 1259 1648 Quo
1282 1584 1367 1638 ille
1391 1586 1574 1640 audito
1602 1586 1934 1641 exhilaratus
1958 1587 2160 1653 animo,

587 1674 739 1728 visus
775 1681 860 1728 est
904 1673 977 1727 illi
1024 1675 1362 1743 respondisse
1403 1692 1417 1728 :
1461 1675 1706 1740 Domine,
1746 1675 1836 1730 ubi
1890 1677 2160 1731 inveniam

2271 481 2474 544 habuit,
2501 482 2593 552 qui
2625 483 2739 554 regi
2761 480 3054 550 Sneonum,
3077 486 3294 541 nomine
3315 485 3438 543 Olef
3460 500 3520 551 ι,
3551 489 3760 558 partis
3779 504 3879 545 sua

2270 573 2582 628 mandatum
2623 574 2728 629 tale
2771 575 3005 631 intimari
3028 577 3208 647 jussit,
3241 594 3458 635 servum
3499 580 3650 646 Dei,
3687 597 3786 651 qui
3817 599 3875 636 ex

2268 672 2422 732 parte
2467 664 2610 733 regis
2651 665 2904 721 Ludovici
2953 667 3169 731 missus,
3201 668 3334 725 lines
3364 672 3528 741 regni
3567 671 3708 739 ejus
3737 685 3876 742 pete-

2271 763 2375 819 ret,
2402 757 2503 811 sibi
2539 773 2636 827 per
2660 760 2842 812 omnia
2872 760 3145 830 cognitum
3177 760 3308 823 fore,
3335 778 3400 818 ac
3430 779 3490 818 se
3527 765 3594 818 in
3644 765 3761 818 vita
3785 783 3868 821 sua

2269 861 2542 916 nunquam
2581 855 2686 901 tam
2717 848 2917 903 bonum
2950 850 3145 906 vidisse
3171 852 3479 919 hominem;
3517 871 3639 909 nec
3672 858 3726 909 in
3750 873 3868 926 quo-

2270 933 2399 989 libet
2432 935 2736 990 mortalium
2776 937 3064 1008 aliquando
3108 949 3312 997 tantam
3345 943 3508 999 fidem
3569 947 3859 1012 invenisse,

2270 1022 2496 1092 ideoque
2542 1025 2756 1095 cognita
2801 1026 2919 1098 ejus
2963 1017 3308 1086 sanctissima
3361 1034 3653 1098 bonitate,
3696 1041 3860 1092 omnia

2268 1130 2387 1184 qua:
2422 1115 2495 1169 illi
2527 1115 2581 1170 in
2628 1133 2794 1188 regno
2837 1135 2934 1176 suo
2983 1137 3146 1178 causa
3197 1124 3537 1181 Christianae
3597 1127 3853 1198 religionis

2269 1208 2551 1278 disponere
2580 1209 2762 1276 vellet,
2811 1227 2870 1268 se
2916 1214 2965 1268 ei
3003 1216 3338 1270 concessiSse
3381 1235 3394 1270 :
3432 1217 3744 1288 ipsumque
3775 1237 3850 1288 pr-

2270 1307 2404 1366 tere,
2426 1309 2485 1357 ut
2509 1303 2758 1358 similiter
2786 1305 2838 1358 in
2884 1319 3048 1373 regno
3071 1321 3169 1362 suo
3198 1308 3248 1361 ei
3276 1309 3642 1376 permitteret
3689 1313 3847 1364 culm-

2267 1404 2381 1444 ram
2433 1390 2878 1459 Christianitatis,
2927 1411 3088 1464 quam
3135 1398 3361 1467 optabat
3403 1407 3694 1464 statuere,
3741 1405 3846 1470 quia

2267 1477 2380 1548 ipse
2409 1479 2540 1534 nihil
2565 1480 2709 1535 aliud
2743 1497 2903 1550 quam
2943 1485 3085 1553 quod
3119 1486 3318 1541 bonum
3359 1495 3415 1543 et
3450 1499 3680 1544 rectum
3705 1490 3841 1556 foret,

2265 1568 2424 1623 vellet
2467 1571 2749 1640 perficere.
2801 1571 3121 1645 Susceptum
3171 1579 3351 1648 itaque
3400 1595 3689 1652 peragens
3737 1584 3837 1648 iter,

2264 1660 2452 1730 viginti
2478 1660 2648 1719 ferme
2689 1662 2880 1719 diebus
2925 1667 3141 1736 navigio
3172 1672 3488 1735 transactis,
3515 1675 3765 1740 pervenit
3784 1676 3838 1729 ad

588 1770 750 1824 eum?
775 1771 838 1825 Et
870 1770 958 1824 ille
987 1789 998 1822 :
1033 1770 1133 1834 Tu,
1169 1770 1360 1838 inquit,
1391 1786 1512 1824 cum
1539 1770 1722 1825 labore
1746 1769 1986 1826 invenies
2013 1786 2158 1836 eum,

2265 1753 2511 1825 Byrcam,
2542 1755 2634 1809 ubi
2678 1755 2883 1810 invenit
2920 1772 3098 1830 regem
3125 1768 3182 1814 et
3221 1761 3643 1818 multitudinem
3677 1766 3830 1835 populi

586 1875 688 1914 nec
712 1869 793 1915 est
823 1859 1025 1915 licitum
1054 1860 1148 1914 tibi
1179 1859 1432 1930 cuiquam
1469 1860 1764 1916 insinuare.
1797 1859 1950 1918 Tunc
1984 1862 2160 1916 visum

584 1960 666 2006 est
686 1950 756 2016 ei,
785 1952 926 2022 quod
953 1952 1057 2006 iret
1084 1964 1180 2022 per
1198 1951 1481 2006 circuitum
1504 1953 1800 2007 mansionis
1829 1953 2001 2023 ipsum
2023 1969 2165 2024 qure-

585 2044 771 2102 rendo.
814 2051 870 2097 et
918 2043 970 2096 in
1019 2051 1198 2097 mente
1241 2058 1338 2098 sua
1373 2051 1647 2098 tractaret.
1704 2044 1784 2108 Si,
1827 2044 2020 2114 inquit,
2053 2060 2160 2100 non

587 2132 952 2202 interrogatus
981 2149 1010 2187 a
1059 2147 1144 2187 me
1174 2134 1574 2188 annuntiaverit
1615 2134 1746 2188 mihi
1787 2151 1907 2205 qua:
1953 2146 2078 2191 sunt
2105 2137 2160 2191 in

583 2222 764 2277 animo
802 2239 945 2289 meo,
998 2232 1124 2278 tunc
1158 2240 1344 2279 verum
1376 2225 1522 2279 illum
1553 2226 1872 2296 prophetam
1907 2241 2159 2296 compro-

581 2313 743 2370 babo.
795 2316 876 2370 Ad
927 2317 1217 2386 quamdam
1275 2333 1404 2388 ergo
1434 2319 1754 2387 perveniens
1801 2320 2156 2394 mansionem,

582 2407 1060 2478 speciosissimam,
1091 2409 1223 2463 vidit
1241 2423 1363 2463 eum
1398 2409 1469 2464 ibi
1500 2411 1552 2463 in
1577 2409 1713 2464 solio
1735 2426 1832 2465 suo
1858 2411 2156 2476 sedentem,

581 2504 636 2550 et
670 2498 848 2551 statim
883 2498 1211 2567 recognovit.
1242 2497 1331 2552 Ille
1367 2514 1580 2568 quoque
1603 2499 1888 2554 confestim
1916 2516 2158 2570 pronun-

583 2585 744 2652 tians,
778 2588 1016 2642 intentus
1046 2588 1098 2642 in
1133 2603 1254 2642 eum
1283 2589 1463 2643 dicere
1503 2604 1716 2659 quoque
1755 2591 1958 2658 erepit:
1996 2609 2014 2640 ι
2047 2591 2160 2644 Au-

583 2678 709 2742 dite,
743 2678 950 2743 lﬂSUliB,
973 2688 1028 2734 et
1056 2679 1338 2743 attendite,
1368 2679 1547 2749 populi
1587 2679 1653 2734 de
1687 2679 1863 2748 longe.
1901 2677 2160 2734 Dominus

581 2769 649 2824 ab
679 2778 833 2824 utero
858 2772 1069 2825 vocavit
1098 2780 1170 2836 te,
1195 2772 1260 2826 de
1292 2780 1476 2827 ventre
1506 2773 1695 2826 matris
1720 2781 1824 2826 ture
1848 2773 2161 2827 recordatus

580 2868 664 2914 est
701 2861 932 2915 nominis
969 2861 1066 2924 tui,
1107 2872 1163 2915 ct
1205 2863 1386 2931 posuit
1425 2878 1487 2916 os
1529 2871 1676 2916 tuum
1715 2863 1870 2931 quasi
1922 2863 2160 2933 gladium

581 2958 796 3003 acutum
829 2967 840 3001 :
876 2951 930 3004 in
968 2951 1156 3005 umbra
1187 2967 1379 3005 manus
1401 2967 1512 3006 sua:
1538 2953 1771 3021 protexit
1795 2961 1868 3017 te,
1901 2960 1957 3007 et
1980 2955 2161 3022 posuit

583 3025 637 3094 te
668 3039 820 3110 quasi
847 3040 1097 3111 sagittam
1124 3040 1386 3108 electam;
1420 3043 1472 3097 in
1499 3044 1753 3113 pharetra
1793 3060 1888 3100 sua
1925 3047 2156 3102 abscon-

2262 1845 2430 1900 uimio
2474 1860 2662 1902 errore
2713 1847 3012 1904 confusam.
3071 1851 3369 1922 lnstigaute
3411 1858 3574 1908 enim
3622 1856 3825 1920 diabolo,

2260 1939 2548 1995 adventum
2582 1942 2724 1997 beati
2758 1943 2859 1997 viri
2885 1944 3210 2000 omnimodis
3241 1948 3601 2016 praesciente,
3627 1952 3824 2019 contigit

2260 2045 2324 2085 eo
2355 2032 2472 2102 ipso
2503 2042 2761 2104 tempore,
2795 2047 2854 2090 ut
2882 2037 3102 2106 quidam
3150 2039 3240 2094 illo
3284 2041 3598 2096 adveniens
3632 2043 3822 2108 diceret,

2261 2136 2319 2176 se
2344 2122 2397 2176 in
2425 2133 2694 2179 conventu
2721 2127 2965 2191 deorum,
3001 2128 3091 2197 qui
3124 2129 3292 2198 ipsam
3327 2140 3550 2186 terram
3575 2135 3819 2203 possidete

2261 2214 2638 2279 credebantur,
2689 2215 2949 2284 adfuisse,
3003 2227 3058 2274 et
3098 2220 3167 2274 ab
3221 2221 3300 2275 eis
3330 2225 3599 2288 missum,
3635 2234 3691 2278 ut
3727 2225 3817 2280 hac

2261 2303 2374 2373 regi
2412 2311 2467 2356 et
2507 2303 2716 2374 p0pnlis
2746 2307 3039 2362 nuutiaret.
3069 2306 3200 2374 Vos,
3250 2309 3534 2381 inquiunt,
3565 2330 3662 2368 nos
3694 2316 3815 2369 vobis

2259 2393 2520 2462 propitios
2561 2394 2650 2448 diu
2701 2395 2981 2462 habuistis,
3029 2407 3084 2452 et
3127 2410 3326 2454 terram
3374 2402 3652 2458 incolatus
3679 2405 3814 2460 vestri

2261 2498 2383 2537 cum
2415 2484 2579 2540 multa
2623 2486 2949 2542 abundantia
2989 2500 3178 2544 nostro
3217 2490 3493 2560 adiutorio
3537 2495 3593 2549 in
3627 2504 3810 2566 paceet

2259 2577 2623 2644 prosperitate
2672 2576 2830 2648 longo
2881 2587 3122 2650 tempore
3171 2584 3446 2648 tenuistis;
3498 2601 3600 2641 vos
3631 2600 3810 2656 quoque

2261 2668 2417 2722 nobis
2440 2669 2706 2724 sacrificia
2727 2679 2783 2724 et
2815 2681 2939 2726 vota
2972 2673 3154 2728 debita
3190 2675 3556 2745 persolvistis,
3584 2691 3811 2750 grataque

2261 2758 2420 2814 nobis
2443 2767 2619 2814 vestra
2652 2761 2870 2816 fuerunt
2902 2765 3182 2833 obsequia.
3216 2765 3288 2820 At
3313 2783 3458 2824 nunc
3487 2778 3543 2822 et
3571 2769 3810 2824 sacriﬁcia

2265 2849 2421 2905 solita
2460 2851 2794 2918 subtrahitis,
2839 2862 2894 2908 et
2921 2861 3043 2908 vota
3089 2865 3388 2924 spontanca
3438 2861 3647 2930 segnius
3669 2858 3808 2915 oﬂ'er-

2217 2935 2223 2940 ’
2262 2942 2363 3008 tis;
2392 2951 2470 3009 et,
2507 2944 2647 3013 quod
2696 2945 2868 3016 magis
2909 2947 3066 3001 nobis
3105 2947 3370 3018 displicet,
3397 2951 3612 3004 alienum
3643 2951 3799 3005 Deam

2261 3049 2425 3104 super
2456 3050 2548 3090 vos
2570 3035 2931 3092 introducitis.
2965 3036 3024 3092 Si
3054 3038 3236 3108 itaque
3256 3055 3368 3095 nos
3392 3041 3531 3095 vobis
3558 3042 3797 3112 propitios

579 3129 661 3186 dit
684 3105 756 3195 te,
787 3141 841 3185 et
869 3105 1007 3186 dixit
1047 3132 1142 3188 tibi
1181 3151 1193 3186 :
1236 3105 1436 3189 Servus
1477 3105 1628 3189 meus
1655 3152 1714 3191 es
1743 3145 1821 3201 tu,
1857 3137 1981 3207 quia
2017 3138 2083 3193 in-
2106 3147 2157 3194 te

2264 3124 2464 3180 habere
2500 3125 2682 3192 vultis,
2711 3128 2979 3183 sacrificia
3011 3123 3211 3183 omissa
3246 3140 3458 3202 augete,
3486 3143 3542 3187 et
3565 3143 3676 3188 vota
3697 3149 3799 3187 ma-

579 3221 872 3293 gloriabor.
914 3242 932 3274 ι
957 3221 1075 3290 Quo
1095 3223 1261 3289 dicto,
1295 3233 1513 3280 extento
1533 3225 1755 3282 brachio
1779 3243 1997 3282 manum
2028 3229 2159 3283 dex-

2261 3213 2377 3284 jora
2417 3217 2730 3284 persolvite,
2773 3218 2995 3275 alterius
3041 3235 3254 3292 quoque
3276 3221 3370 3278 Dei
3401 3224 3682 3288 culturam,
3703 3241 3803 3295 quae

579 3319 753 3368 teram
782 3314 850 3369 ad
875 3329 995 3368 eum
1025 3316 1192 3386 erepit
1216 3315 1446 3386 erigere.
1471 3316 1562 3372 Ille
1582 3327 1782 3381 autem,
1815 3319 1916 3384 hoc
1935 3321 2072 3384 viso,
2090 3321 2160 3375 ad

577 3417 750 3476 genua
774 3402 890 3473 ejus
914 3407 1161 3472 accessit,
1186 3421 1413 3476 sperans
1435 3423 1560 3462 eum
1582 3422 1641 3463 se
1663 3408 1798 3464 velle
1821 3410 2158 3466 benedicere.

575 3494 645 3552 At
689 3496 777 3552 ille
819 3497 1138 3568 subiunxit:
1181 3517 1198 3550 ι
1242 3498 1371 3553 Dedi
1415 3509 1465 3553 te
1501 3498 1556 3554 in
1598 3498 1771 3555 lucem
1807 3502 2069 3572 gentium,
2099 3511 2158 3557 ut

577 3591 653 3648 sis
681 3590 786 3646 illis
819 3592 873 3646 in
897 3591 1125 3646 salutem
1157 3607 1326 3661 usque
1351 3592 1416 3646 ad
1456 3600 1754 3647 extremum
1783 3603 1958 3648 terrai.
1987 3593 2160 3664 Reges

576 3683 857 3747 videbunt,
912 3694 967 3738 et
1024 3695 1354 3756 consurgent
1409 3685 1702 3756 principes,
1755 3695 1808 3741 et
1857 3686 2162 3742 adorabunt

577 3771 743 3828 Deum
783 3783 932 3828 tuum
957 3783 1011 3829 ct
1041 3784 1287 3830 sanctum
1313 3776 1499 3842 Israel,
1526 3777 1650 3846 quia
1677 3777 1998 3848 glorificavit
2032 3789 2101 3833 te.
2137 3798 2154 3830 ›

579 3861 731 3918 lianc
757 3879 886 3934 ergo
910 3865 1171 3920 visionem
1202 3881 1392 3920 servus
1423 3867 1515 3920 Dei
1557 3881 1680 3921 eum
1712 3875 1838 3922 ante
1871 3868 2160 3938 profectio-

581 3967 705 4008 nem
737 3953 882 4007 illam
910 3954 1066 4023 longe
1093 3955 1334 4017 vidisset,
1360 3965 1568 4009 certum
1596 3956 1808 4011 tenebat
1831 3957 2034 4019 animo,
2062 3956 2159 4010 Dei

577 4058 640 4100 se
680 4045 906 4115 imperio
956 4047 1022 4099 ad
1069 4054 1254 4116 partes
1290 4045 1410 4100 illas
1448 4046 1692 4112 incitari;
1737 4058 1792 4101 et
1840 4047 2074 4101 maxime
2102 4040 2168 4103 in

578 4136 744 4191 verbo
801 4137 944 4206 quod
989 4137 1190 4192 dictum
1241 4144 1322 4192 est
1360 4136 1435 4191 illi
1475 4155 1488 4190 :
1528 4137 1742 4204 Audite,
1788 4139 1998 4204 insulsa,
2031 4141 2158 4210 quia

577 4227 754 4283 omnis
788 4227 902 4282 fere
930 4228 1106 4299 patria
1162 4227 1249 4282 illa
1298 4229 1350 4283 in
1405 4229 1596 4284 insulis
1641 4239 1724 4284 est
1772 4232 2056 4286 constitua.
2092 4233 2158 4287 Et

576 4319 718 4390 quod
749 4319 1090 4390 subjunctum
1114 4327 1199 4374 est
1229 4338 1242 4374 :
1275 4319 1396 4376 Eris
1422 4320 1527 4375 illis
1557 4321 1609 4375 in
1639 4321 1866 4376 salutem
1895 4337 2065 4392 usque
2087 4324 2154 4378 ad

575 4417 877 4463 extremum
913 4422 1090 4473 terrae,
1114 4411 1239 4480 quia
1271 4410 1394 4466 linis
1425 4412 1608 4466 mundi
1644 4413 1695 4466 in
1724 4411 2004 4482 Aquilonis
2034 4429 2154 4483 par-

576 4500 721 4557 tibus
749 4501 802 4556 in
833 4500 1104 4556 Sneonum
1129 4479 1373 4570 conjacet
1395 4504 1726 4574 regionibus.
1772 4479 2014 4576 Denique
2037 4479 2157 4560 ver-
2185 4479 2237 4538 Β

577 4592 728 4657 bum,
762 4593 905 4663 quod
933 4609 1052 4649 cum
1087 4594 1347 4665 propheta
1381 4594 1614 4650 Jeremia
1645 4596 1698 4651 in
1728 4598 1832 4652 line
1858 4607 2160 4652 commuta-

581 4688 690 4735 tum
725 4692 828 4749 cst,
853 4683 1082 4748 scilicet,
1125 4683 1251 4754 quia
1288 4683 1613 4754 gloriﬁcahit
1636 4695 1708 4750 te,
1733 4689 1982 4743 ardorem
2011 4688 2156 4744 desi-

579 4772 736 4838 derii,
762 4775 838 4828 illi
866 4775 1159 4830 maximum
1181 4777 1475 4837 nutriebat,
1499 4776 1622 4844 quia
1650 4776 1884 4847 palmam
1913 4779 2156 4848 martyrii

579 4863 707 4918 olim
743 4865 845 4920 sibi
881 4866 1201 4936 promissam
1236 4866 1338 4922 hoc
1361 4866 1669 4938 significare
1696 4868 1944 4938 putabat.

662 4993 887 5047 aequum
925 4994 1033 5047 regi
1068 4978 1132 5031 ab
1167 4977 1362 5033 Homo
1409 4997 1835 5046 commenaams,
1884 4985 2020 5039 venit
2067 4987 2122 5042 in

725 5044 966 5100 Sueciam
983 5044 1290 5104 'dremonum
1303 5051 1554 5107 instinctu
1578 5055 1630 5107 in
1654 5069 1709 5107 se
1728 5044 2012 5109 turbatam.

659 5155 742 5214 45.
782 5156 1179 5219 Profectionem
1214 5163 1396 5234 itaque
1450 5165 1588 5221 hanc
1635 5176 2012 5238 suscepturus,
2041 5169 2158 5240 jam

586 5411 622 5465 ι.
663 5352 688 5382 ι
721 5339 798 5395 lta
829 5342 990 5397 etiam
1019 5341 1248 5398 Gualdo.
1277 5341 1465 5400 Olaum
1491 5357 1684 5402 vocant
1705 5357 1954 5406 auctores
1979 5366 2160 5407 recen-

610 5425 772 5465 ποι-εδ.

610 5425 772 5466 ιονθε.

660 5482 686 5521 b
729 5481 863 5538 Hinc
893 5484 1138 5560 Adamus
1159 5483 1537 5560 de_S_ueonum_
1556 5498 1803 5555 veterum
1827 5494 2164 5560 superstitio-

587 5551 745 5636 nibus
768 5570 932 5636 agens
959 5554 1159 5636 iu_('ap.
1202 5555 1310 5609 255
1344 5573 1356 5608 :
1388 5576 1405 5607 ‹
1449 5557 1643 5636 Colunt
1675 5551 1922 5636 etdeos',
1967 5563 2160 5636 inquit,

588 5636 654 5675 ex
682 5624 990 5700 hominibus
1022 5624 1211 5685 factos,
1244 5642 1393 5700 quos
1417 5644 1512 5700 pro
1535 5631 1843 5700 ingentibus
1874 5624 2162 5700 factis'im-l

587 5693 921 5750 mortalitate
947 5695 1170 5763 donant,
1212 5692 1356 5754 sicut
1383 5692 1438 5754 in
1467 5692 1617 5755 Vitav
1629 5700 1689 5756 S.
1714 5692 2004 5757 Anscharii
2032 5704 2165 5774 legi-

2263 3308 2533 3362 contraria
2563 3309 2718 3364 nobis
2766 3310 3012 3377 docetur,
3053 3327 3120 3367 ne
3168 3314 3311 3383 apud
3336 3329 3433 3372 vos
3461 3318 3734 3388 recipiatis,
3759 3327 3802 3372 et

2263 3396 2377 3466 ejus
2425 3402 2647 3456 servitio
2692 3417 2758 3457 ne
2808 3404 3121 3462 intendatis.
3166 3406 3338 3464 Porro
3369 3411 3419 3465 si
3454 3413 3620 3466 etiam
3656 3413 3802 3482 plures

2262 3489 2392 3543 deos
2422 3490 2620 3546 habere
2645 3492 2990 3560 desideratis,
3015 3505 3070 3551 et
3089 3499 3242 3553 vobis
3268 3514 3366 3555 nos
3388 3515 3498 3555 non
3527 3502 3797 3567 sullicimns,

2265 3579 2478 3636 Ericum
2524 3585 2793 3652 quondam
2843 3601 3023 3657 regem
3069 3599 3308 3645 vestrum
3336 3607 3439 3648 nos
3469 3597 3738 3650 unanimes
3761 3595 3800 3648 in

2263 3673 2544 3743 collegium
2595 3684 2838 3731 nostrum
2879 3678 2907 3718 ι)
2952 3680 3329 3748 adsciscimus,
3377 3695 3439 3739 ut
3486 3687 3569 3741 sit
3609 3684 3797 3740 unusde

2262 3779 2487 3820 numero
2527 3765 2770 3822 deorum.
2820 3768 2933 3824 Hoc
2975 3786 3104 3841 ergo
3146 3773 3472 3830 diabolicum
3535 3779 3798 3832 mandatum

2261 3853 2474 3922 publice
2525 3857 2937 3924 denuntiatum,
2989 3860 3042 3914 in
3090 3863 3320 3917 adventu
3375 3864 3568 3921 domni
3615 3866 3797 3938 episcopi

2263 3959 2472 4002 mentes
2509 3957 2823 4004 cunctorum
2871 3953 3242 4020 perturbabat,
3272 3965 3330 4009 et
3369 3971 3533 4012 error
3566 3960 3799 4014 nimiusac

2259 4041 2594 4109 perturbatio
2621 4043 2783 4096 corda
2811 4058 2999 4099 eorum
3039 4047 3279 4102 omnium
3325 4048 3666 4106 confuderat.
3697 4049 3794 4104 Nam

2261 4140 2314 4185 et
2337 4131 2591 4201 templum
2641 4134 2693 4188 in
2741 4134 2943 4190 honore
2983 4137 3277 4206 supradicti
3327 4141 3469 4210 regis
3519 4140 3792 4196 dudumde-

2261 4221 2429 4275 functi
2460 4230 2783 4286 statuerunt,
2825 4235 2879 4280 et
2916 4225 3016 4296 ipsi
3064 4237 3317 4299 tanquam
3353 4230 3456 4286 deo
3501 4243 3636 4288 vota
3668 4240 3794 4286 eisa-

2261 4313 2464 4368 crificia
2485 4313 2680 4369 offerre
2708 4325 3011 4385 coeperunt.

2262 4441 2457 4524 Anticis
2482 4445 2935 4524 dissuadentibus,
2975 4466 3142 4522 regem
3166 4452 3241 4524 ad
3286 4452 3470 4522 epulas
3519 4453 3806 4524 insinuari

2337 4514 2646 4598 legationem
2693 4518 2987 4588 approbat,
3029 4514 3267 4576 vsortium
3314 4514 3638 4581 conditione
3681 4514 3805 4580 intrr-

2335 4597 2526 4654 posita.

2333 4720 2424 4774 46.
2463 4720 2769 4778 Adveniens
2797 4723 2978 4795 itaque
3006 4724 3130 4782 illuc
3169 4726 3402 4784 domnus
3440 4729 3738 4801 episcopus,
3756 4725 3807 4779 ab

2264 4814 2452 4870 amicis
2481 4816 2614 4879 suis,
2660 4817 2929 4886 quondam
2977 4819 3052 4874 ibi
3100 4821 3351 4892 cognitis,
3382 4838 3637 4893 quaerere
3660 4819 3804 4890 capit.

2168 4964 2180 4970 ,
2265 4908 2532 4977 quomodo
2586 4924 2764 4980 regem
2814 4926 2978 4981 super
3033 4913 3135 4968 hac
3186 4929 3246 4969 re
3298 4915 3685 4985 interpellaret.
3731 4910 3807 4977 Qui

2264 5014 2454 5055 omnes
2500 5001 2837 5065 toto_adnisu
2869 5005 3332 5072 contradicentes,
3365 5010 3682 5064 asserebant
3704 4999 3808 5060 nihil

2263 5091 2483 5145 omnino
2507 5106 2570 5146 ea
2598 5092 2715 5147 vice
2735 5092 3054 5164 legationem
3077 5096 3195 5165 ejus
3216 5098 3482 5169 proficere
3501 5114 3662 5170 posse
3685 5095 3807 5154 :sed.

2265 5182 2307 5239 si
2340 5183 2467 5252 quid
2499 5182 2721 5240 haberet
2744 5187 2927 5256 pretii,
2955 5202 3020 5244 ea
3059 5189 3271 5247 ratione
3301 5207 3426 5247 eum
3459 5192 3596 5248 dare
3617 5191 3801 5248 debent

2271 5365 2360 5412 tur
2388 5355 2615 5412 Hericus
2638 5375 2728 5413 rex
2761 5359 2972 5428 fecisse,
3013 5364 3264 5420 omnibus
3307 5367 3514 5422 scilicet
3542 5368 3648 5422 diis
3685 5363 3796 5419 attri

2269 5428 2428 5507 hirtos
2462 5429 2818 5507 sacerdotes,
2858 5433 2963 5507 qui
3002 5435 3271 5490 sacrificia
3312 5439 3492 5507 populi
3533 5438 3802 5493 oll'erant.»

2273 5496 2396 5574 ριιί2
2432 5499 2474 5552 si
2499 5500 2635 5554 bene
2665 5501 2823 5570 hujus
2866 5496 2966 5558 loci
3014 5519 3228 5560 sensum
3267 5496 3540 5574 eipressit
3577 5509 3803 5564 Adamust

2268 5566 2496 5623 Hericus
2526 5585 2615 5624 rex
2647 5566 3028 5647 prii-cessarem
3059 5566 3433 5647 cognominem
3456 5594 3614 5633 suum
3639 5579 3686 5632 in
3712 5576 3794 5647 δᾳ)

2270 5653 2387 5691 rum
2413 5655 2696 5716 numerum
2723 5643 2994 5716 retulisse,
3021 5643 3179 5716 eique
3206 5662 3362 5704 sacra
3391 5657 3446 5703 et
3474 5647 3712 5704 ﬂatnines
3735 5643 3798 5697 αἱ·

2267 5722 2420 5765 casse
2446 5709 2822 5776 intelligendus
2850 5723 2951 5770 est.
