4020 6338
200 317 304 375 993

1719 303 1900 362 VITA'.

3336 265 3442 357 nat

200 445 260 492 ut
297 435 450 490 vivus
487 433 610 490 inde
646 430 914 490 evaderet.
941 429 1146 497 Quibus
1175 428 1264 484 ille
1305 444 1320 482 :
1367 425 1506 491 Non,
1560 422 1754 494 inquit,
1785 388 2059 483 A't‘actum
2087 433 2226 474 unus
2252 431 2318 473 ex
2345 417 2697 489 primoribus,
2723 417 2932 473 amicus
2961 415 3145 472 domni
3171 416 3434 488 episcOpi,

199 543 298 599 pro
322 527 444 582 vitae
465 542 598 581 meae
627 524 988 594 redemptione
1009 523 1207 592 aliquid
1228 522 1316 576 hic
1343 521 1566 574 daturus
1596 533 1710 572 sum
1745 535 1758 571 :

199 620 326 690 quia
345 618 391 672 si
420 616 675 671 Dominus
705 629 858 669 meus
898 614 970 667 ita
1011 611 1355 681 disposuerit,
1396 625 1494 679 pro
1521 606 1638 676 ejus
1665 621 1761 661 no-

199 708 345 763 mine
388 715 610 776 paratus
643 718 761 758 sum
793 702 881 756 hic
907 711 961 780 et
988 709 1253 755 tormenta
1301 698 1505 762 subire,
1540 704 1595 750 et
1622 711 1764 750 mor-

198 807 311 853 tem
342 795 470 867 pati.
495 793 626 850 Cum
655 808 782 864 ergo
811 807 911 862 pro
939 792 1039 846 hac
1068 807 1126 847 re
1159 791 1214 845 in
1242 789 1474 844 maxima
1500 796 1642 843 esset
1669 802 1764 857 po-

198 890 337 945 situs
370 887 665 949 anxietate,
700 885 916 940 tandem
965 891 1186 953 accepto
1231 880 1456 936 consilio
1491 894 1670 948 regem
1696 877 1764 933 ad

197 993 357 1035 suum
389 977 634 1033 invitavit
669 976 980 1047 hospitium.
1013 974 1111 1030 Cui
1143 973 1448 1029 convivium
1483 971 1761 1036 exhibens,

198 1070 341 1126 dona
359 1083 478 1138 qua:
497 1068 674 1138 potuit
697 1067 911 1131 obtulit,
950 1074 1006 1122 et
1052 1065 1334 1136 legationis
1369 1079 1478 1119 sua:
1513 1063 1762 1118 mandata

198 1160 386 1217 retulit
421 1177 435 1214 :
465 1175 589 1214 nam
625 1168 681 1214 et
721 1166 878 1214 antea
923 1172 1020 1228 per
1067 1157 1288 1212 missum
1333 1154 1536 1218 Horici,
1575 1163 1632 1208 et
1669 1169 1766 1224 per

197 1253 390 1311 ﬁdeles
419 1252 600 1308 domni
629 1251 886 1322 episcopi,
911 1251 1002 1320 qui
1043 1250 1113 1304 ibi
1145 1249 1456 1314 manebant,
1479 1263 1639 1302 causa
1667 1247 1764 1301 ad-

195 1352 398 1400 ventus
428 1342 597 1412 ipsius
623 1341 796 1396 eidem
821 1342 931 1411 regi
957 1341 1266 1395 denuntiata
1297 1339 1494 1395 fuerat.
1524 1338 1766 1394 Delecta-

197 1445 293 1492 tus
320 1437 500 1505 itaque
527 1444 582 1488 et
601 1434 862 1489 claritatis
897 1432 1062 1502 ipsius
1082 1431 1471 1497 benevolentia,
1499 1442 1555 1485 et
1583 1445 1768 1486 mune-

197 1544 324 1584 rum
352 1526 587 1591 datione,
631 1540 690 1580 se
725 1525 940 1595 quidem
981 1539 1101 1595 quae
1128 1524 1216 1578 ille
1260 1530 1602 1594 suggesserat
1641 1537 1766 1593 gra-

202 1624 384 1672 tanter
404 1613 540 1669 velle
563 1613 860 1683 respondit.
888 1613 1059 1668 Antea
1096 1621 1274 1667 tamen
1298 1613 1404 1676 hic,
1433 1613 1623 1682 inquit,
1649 1611 1766 1668 fue-

202 1716 332 1762 runt
352 1705 556 1771 clerici,
585 1706 674 1775 qui
709 1705 952 1775 populari
998 1705 1256 1761 seditione
1296 1707 1444 1770 hinc,
1483 1721 1588 1760 non
1621 1706 1767 1776 regio

197 1797 374 1869 jussu,
403 1797 560 1867 ejecti
589 1804 734 1852 sunt.
783 1796 1123 1866 Quapropter
1159 1806 1214 1851 et
1249 1812 1349 1867 ego
1375 1798 1515 1853 hanc
1544 1797 1772 1868 legatio-

203 1903 327 1944 nem
357 1896 590 1944 vestram
634 1889 956 1944 confirmare
1007 1902 1106 1943 nec
1139 1903 1383 1958 possum,
1436 1905 1538 1944 nec
1576 1889 1770 1955 audeo,

203 1979 520 2050 priusquam
569 1961 806 2034 sortibus
839 1979 968 2034 deos
1014 1987 1230 2035 nostros
1265 1979 1562 2044 consulam,
1595 1989 1650 2033 et
1680 1995 1776 2048 po-

205 2070 316 2142 puli
357 2085 571 2140 quoque
613 2085 776 2138 super
803 2069 904 2122 hoc
945 2068 1273 2122 voluntatem
1306 2068 1653 2138 interrogem.
1693 2067 1777 2123 Sit

205 2162 408 2217 missus
437 2169 562 2214 tuus
590 2160 643 2212 in
666 2159 865 2228 placito
891 2174 1100 2213 mecum
1123 2160 1388 2229 proximo,
1406 2167 1459 2213 et
1484 2173 1582 2230 ego
1603 2174 1701 2228 pro
1725 2168 1776 2214 te

213 2252 407 2324 loquar
430 2249 649 2322 populo,
699 2257 754 2305 et
785 2249 1048 2318 siquidem
1095 2250 1198 2304 diis
1232 2249 1532 2304 fautoribus
1570 2249 1644 2302 illi
1674 2258 1778 2303 tute

213 2340 588 2398 consenserint
639 2339 924 2402 voluntati,
961 2339 1100 2408 quod
1144 2339 1400 2409 quaesiisti
1439 2339 1780 2409 prOSperabi-

213 2440 304 2487 tur
353 2447 368 2484 :
415 2430 498 2485 sin
547 2437 746 2492 autem,
801 2429 994 2483 ethoc
1039 2428 1132 2483 tibi
1179 2436 1362 2482 notum
1412 2426 1627 2484 faciam.
1688 2427 1780 2484 Sic

211 2521 406 2592 quippe
435 2520 573 2590 apud
596 2535 690 2574 eos
712 2519 879 2574 moris
913 2527 1014 2582 est,
1047 2527 1104 2572 ut
1125 2519 1483 2589 quodcunque
1505 2518 1778 2589 negotium

209 2610 482 2680 publicum
521 2608 693 2679 magis
731 2609 784 2663 in
812 2609 989 2678 populi
1019 2608 1274 2662 unanima
1309 2606 1584 2663 voluntate
1618 2621 1780 2677 quam

210 2697 270 2753 in
295 2698 442 2769 regia
465 2697 726 2753 consistat
753 2703 1041 2766 potestate.

211 2826 534 2885 Ausa/mritis
567 2827 743 2882 divina
790 2826 1130 2896 inspiratione
1183 2826 1542 2896 conﬁrmatur.
1602 2823 1782 2880 Sortes

723 2895 898 2966 favent
935 2896 1109 2966 coeptis
1144 2895 1278 2964 ejus.

283 3025 372 3082 47.
408 3023 522 3081 Hoc
546 3039 674 3096 ergo
700 3032 886 3095 pastor
909 3033 1096 3079 noster
1122 3023 1500 3079 devotissimus
1527 3037 1786 3093 responso

1864 509 2045 566 statim
2086 508 2135 564 ei
2182 508 2446 573 innotuit,
2470 517 2524 562 et
2559 517 2618 563 ut
2648 508 3017 563 consolaretur
3043 507 3224 562 animo
3253 509 3442 566 admo-

1863 601 1999 664 nuit.
2031 601 2214 657 dicens
2243 619 2256 654 :
2293 598 2646 665 Confortare,
2680 600 2906 655 viriliter
2943 615 3042 670 age
3064 641 3079 665 ,
3121 602 3246 668 quia
3296 600 3442 659 Deus

1861 690 2122 747 voluntati
2167 699 2223 744 et
2255 688 2507 761 legationi
2554 698 2660 743 tua:
2707 704 2813 743 non
2858 687 3064 743 abnuit.
3100 687 3300 759 Sicque
3327 689 3445 760 ipse

1863 783 2057 839 ﬁducia
2081 788 2291 852 sumpta
2321 779 2511 851 spiritu
2536 779 2780 836 interiori
2806 779 3110 835 laetiﬁcatus
3137 780 3444 837 exsultabat

1864 872 1919 928 in
1947 871 2193 927 Domino.

2172 1004 2367 1061 Placiti
2401 1005 2558 1060 etiam
2596 1005 2795 1060 accedit
2833 1020 3136 1060 consensus.

1935 1141 2024 1196 48.
2064 1139 2268 1196 Deinde
2297 1154 2419 1194 eum
2460 1139 2576 1193 dies
2617 1134 2799 1207 placiti
2844 1136 3183 1200 advenisset,
3214 1137 3355 1206 quod
3389 1135 3443 1193 in

1865 1229 2122 1301 pradicto
2149 1231 2267 1285 vico
2293 1228 2465 1300 Byrca
2496 1226 2738 1282 habitum
2768 1233 2883 1289 est,
2913 1227 3054 1280 sicut
3090 1227 3325 1296 ipsorum
3364 1235 3448 1283 est

1868 1323 2219 1387 consuetudo,
2252 1319 2519 1390 praeconis
2548 1331 2680 1372 voce
2708 1332 2803 1371 rex
2829 1331 2948 1386 qua:
2978 1326 3122 1372 esset
3153 1333 3340 1373 eorum
3371 1317 3449 1373 le-

1868 1412 2044 1484 gatio,
2085 1411 2323 1466 intimari
2367 1409 2496 1464 fecit
2524 1406 2738 1478 populo.
2771 1407 2888 1474 Quo
2932 1407 3008 1460 illi
3038 1408 3254 1473 audito,
3307 1409 3448 1465 sicut

1867 1509 2023 1556 erant
2046 1510 2203 1556 antea
2232 1514 2417 1556 errore
2447 1497 2680 1563 confusi,
2704 1499 2913 1553 diversa
2937 1497 3140 1553 sentire
3161 1507 3216 1554 et
3243 1499 3444 1553 tumul-

1870 1601 2022 1648 tuare
2049 1598 2348 1662 coeperunt.
2381 1588 2586 1657 Quibus
2613 1589 2686 1643 ita
2717 1587 3201 1659 perstrepentibus,
3225 1603 3449 1644 consur-

1871 1697 2001 1754 gens
2027 1697 2196 1746 unus,
2242 1679 2333 1750 qui
2381 1688 2497 1734 erat
2545 1679 2726 1733 senior
2756 1686 2918 1742 natu,
2965 1677 3020 1732 in
3062 1677 3237 1732 medio
3283 1678 3454 1748 plebis

1799 1769 1847 1829 B
1874 1772 2054 1828 dixit:
2090 1769 2280 1826 Audite
2319 1783 2428 1834 me,
2467 1783 2562 1823 rex
2596 1777 2651 1822 et
2675 1767 2856 1838 populi
2884 1785 2897 1820 :
2930 1768 2998 1822 de
3037 1768 3243 1823 cultura
3284 1768 3454 1839 ipsius

1872 1862 1966 1917 Dei
2006 1861 2247 1932 pluribus
2282 1867 2525 1914 nostrum
2554 1859 2690 1913 bene
2719 1867 2803 1913 est
2835 1856 2947 1926 jam
2988 1859 3282 1928 cognitum,
3310 1859 3452 1928 quod

1875 1952 1928 2005 in
1961 1966 2019 2005 se
2046 1950 2388 2020 sperantibus
2418 1963 2670 2018 magnum
2711 1947 2881 2016 possit
2911 1947 3089 2002 facere
3131 1948 3450 2004 subsidium.

1873 2039 2008 2095 Nam
2045 2040 2195 2094 multi
2221 2037 2332 2107 jam
2365 2047 2608 2092 nostrum
2638 2037 2832 2106 saepius
2860 2045 2914 2091 et
2955 2036 3008 2091 in
3047 2037 3269 2092 marinis
3306 2038 3453 2108 peri-

1876 2132 2031 2197 culis,
2077 2140 2132 2186 et
2171 2132 2225 2186 in
2273 2130 2437 2185 variis
2475 2129 2886 2184 necessitatibus
2924 2129 3028 2184 hoc
3068 2129 3451 2198 probaverunt.

1876 2225 2055 2293 Quare
2101 2239 2232 2295 ergo
2267 2222 2570 2291 abjicimus,
2609 2221 2749 2291 quod
2800 2221 3165 2276 necessarium
3210 2218 3364 2274 nobis
3402 2225 3456 2274 et

1875 2317 2008 2371 utile
2049 2316 2293 2371 scimus?
2329 2312 2629 2383 Aliquando
2679 2327 2872 2381 nempe
2909 2311 3126 2380 quidam
3175 2323 3239 2364 ex
3299 2308 3455 2364 nobis

1879 2408 2196 2463 Dorstadum
2226 2407 2485 2462 adeuntes
2505 2445 2520 2470 ,
2558 2403 2717 2474 hujus
2745 2403 3020 2474 religionis
3052 2417 3294 2457 normam
3329 2417 3458 2472 pro-

1879 2497 2114 2552 futuram
2146 2497 2247 2551 sibi
2289 2496 2618 2558 sentientes,
2663 2503 2955 2564 spontanea
2985 2491 3257 2546 voluntate
3288 2489 3459 2546 susci-

1879 2570 2115 2658 piebant.
2153 2585 2304 2640 Nunc
2343 2584 2523 2639 multm
2554 2581 2872 2650 interjacent
2900 2581 3139 2646 insidiae,
3167 2588 3222 2636 et
3255 2581 3457 2651 pirata-

1881 2693 2000 2734 rum
2045 2677 2387 2733 infestatione
2419 2675 2778 2748 periculosum
2815 2674 2972 2730 valde
3006 2674 3161 2730 nobis
3188 2673 3291 2730 iter
3327 2670 3458 2728 illud

1883 2769 2084 2824 factum
2107 2776 2208 2823 est.
2234 2768 2385 2835 Quod
2412 2782 2542 2838 ergo
2568 2777 2676 2821 tam
2704 2765 2859 2838 longe
2883 2767 3114 2836 positum
3136 2766 3287 2836 prius
3308 2780 3459 2834 qua:-

1884 2859 2158 2923 rebamus,
2189 2858 2276 2914 hic
2309 2858 2468 2914 nobis
2498 2859 2658 2912 modo
2680 2858 2942 2923 oblatum,
2965 2873 3133 2927 quare
3156 2872 3262 2912 non
3291 2855 3464 2912 susci-

1884 2949 2098 3021 pimus?
2135 2957 2190 3005 et
2227 2949 2319 3019 qui
2367 2947 2527 3019 hujus
2571 2947 2665 3003 Dei
2709 2949 2938 3018 gratiam
2988 2948 3142 3003 nobis
3183 2947 3237 3002 in
3280 2946 3463 3002 multis

1887 3039 2073 3094 utilem
2102 3037 2467 3108 probavimus,
2493 3051 2661 3106 quare
2687 3051 2872 3090 servos
2899 3034 3016 3103 ejus
3040 3035 3321 3090 nobiscum
3348 3049 3463 3089 ma-

215 3118 360 3191 regis
391 3125 640 3188 accepto,
671 3126 841 3171 totum
881 3130 940 3170 se
987 3116 1055 3170 ad
1088 3115 1299 3170 Domini
1340 3115 1603 3170 convertit
1640 3113 1785 3168 refu-

1890 3140 2021 3182 nere
2051 3141 2156 3181 non
2186 3125 2416 3180 libenter
2453 3125 2857 3180 assentiamus?
2899 3126 3211 3190 Attendite,
3262 3127 3460 3196 populi,

214 3211 394 3282 gium,
425 3209 645 3282 jejuniis
671 3217 728 3263 et
753 3207 1088 3264 orationibus
1112 3220 1330 3272 vacans,
1365 3214 1528 3278 atque
1561 3206 1615 3260 in
1653 3221 1785 3263 con-

216 3301 434 3357 tritione
469 3309 524 3356 et
571 3298 858 3355 aﬂlictione
900 3299 1080 3357 cordis
1115 3299 1349 3367 seipsum
1399 3297 1454 3353 in
1499 3307 1788 3368 conspectu

218 3393 314 3450 Dei
348 3392 658 3450 humilians.
693 3389 887 3446 Verum
936 3391 1052 3460 ipso
1096 3390 1238 3444 inter
1271 3389 1369 3444 bas
1415 3404 1789 3460 pressurarnm

217 3484 494 3555 angustias
521 3483 716 3554 posito,
761 3497 884 3537 cum
928 3481 1043 3536 dies
1091 3480 1788 3552 placiti-appropinquaret,

218 3573 453 3644 quadam
477 3573 565 3628 die
590 3572 734 3627 inter
757 3585 911 3626 sacra
937 3570 1223 3626 missarum
1250 3569 1531 3635 solemnia,
1553 3570 1677 3624 dum
1705 3585 1792 3624 sa-

218 3665 411 3720 cerdos
439 3662 596 3717 altari
635 3670 821 3717 astans
865 3661 1120 3732 mysteria
1145 3675 1297 3716 sacra
1321 3659 1683 3726 benediceret,
1715 3660 1793 3715 illi

217 3757 277 3814 in
309 3762 453 3812 terra
482 3758 754 3826 prostrato
782 3753 1021 3808 caelestis
1057 3751 1231 3807 infusa
1257 3761 1342 3806 est
1375 3750 1674 3822 inspiratio.
1709 3749 1794 3806 Si-

218 3847 436 3918 quidem
483 3844 719 3916 Spiritus
760 3845 931 3899 sancti
961 3843 1100 3899 dono
1129 3843 1354 3898 interius
1389 3845 1708 3909 roboratus,
1741 3852 1798 3900 et

218 3938 420 3995 ﬁducia
449 3935 682 3991 maxima
711 3934 765 3989 in
791 3934 969 3988 anima
994 3932 1362 4000 confortatus,
1402 3934 1653 4005 cognovit
1693 3933 1796 3989 sibi

218 4025 403 4084 omnia
438 4032 763 4097 proventura
795 4024 872 4078 uti
911 4023 1087 4080 vellet.
1121 4022 1274 4080 Unde
1310 4024 1483 4080 eidem
1529 4025 1795 4080 sacerdoti

220 4117 324 4175 sibi
357 4117 412 4172 in
441 4115 692 4172 omnibus
727 4113 1149 4171 familiarissimo
1185 4122 1307 4185 post
1338 4115 1557 4172 missam
1587 4115 1794 4172 denun-

225 4211 407 4276 tiavit,
441 4208 574 4265 nihil
626 4208 998 4280 trepidationis
1045 4223 1104 4262 se
1147 4208 1346 4262 habere
1397 4207 1626 4272 debere,
1671 4209 1797 4276 quia

227 4303 402 4375 gratia
436 4301 528 4354 Dei
560 4315 744 4355 secum
770 4298 1136 4353 comitaretur.
1164 4297 1261 4352 Cui
1289 4298 1636 4366 interroganti
1667 4313 1800 4367 quo-

225 4392 388 4451 modo
419 4391 471 4446 id
501 4390 694 4454 sciret,
720 4387 976 4442 divinitus
1018 4387 1121 4442 sibi
1160 4386 1474 4456 inspiratum
1505 4389 1796 4457 respondit.

1888 3219 2172 3274 consilium
2205 3225 2479 3282 nostrum,
2507 3225 2562 3271 et
2591 3216 2756 3272 nolite
2786 3215 3022 3286 abjicere
3058 3216 3341 3271 utilitatem
3367 3233 3463 3273 ve-

1888 3317 2076 3366 stram.
2102 3308 2267 3364 Nobis
2291 3309 2430 3364 enim
2453 3308 2670 3378 quando
2694 3317 2908 3363 nostros
2932 3307 3193 3377 propitios
3214 3322 3320 3363 non
3343 3323 3468 3379 pos-

1889 3417 2074 3457 sumus
2115 3401 2316 3456 habere
2360 3401 2523 3465 deos,
2552 3400 2750 3454 bonum
2797 3408 2878 3454 est
2907 3398 3066 3467 huius
3094 3398 3188 3455 Dei
3234 3398 3466 3470 gratiam

1890 3491 2121 3556 habere,
2149 3491 2241 3561 qui
2274 3505 2486 3561 semper
2510 3490 2565 3544 in
2591 3489 2842 3545 omnibus
2874 3498 3049 3559 potest
3081 3499 3137 3544 et
3169 3489 3283 3544 vult
3310 3491 3377 3545 ad
3405 3503 3468 3545 se

1889 3581 2246 3636 clamantibus
2257 3579 2539 3634 auxiliari.
2567 3577 2682 3634 Hoc
2704 3593 2832 3649 ergo
2857 3579 2932 3633 ita
2957 3587 3264 3650 perorante,
3291 3579 3469 3634 omnis

1890 3671 2179 3727 multitudo
2221 3669 2400 3740 populi
2429 3669 2700 3724 unanimis
2726 3667 2938 3736 eﬂ'ecta,
2984 3668 3148 3739 elegit
3184 3677 3241 3722 ut
3283 3683 3468 3724 secum

1892 3769 1948 3815 et
1971 3760 2278 3816 sacerdotes
2303 3767 2516 3823 essent,
2553 3768 2610 3814 et
2638 3774 2759 3829 qua:
2783 3760 3161 3829 competebant
3199 3759 3472 3831 mysteriis

1894 3850 2126 3917 Christi,
2155 3851 2272 3907 sine
2301 3850 2408 3905 ulla
2434 3850 2858 3906 contradictione
2889 3849 3098 3906 ﬁerent.
3138 3849 3252 3905 Rex
3290 3850 3473 3921 itaque

1894 3959 1926 3999 a
1952 3943 2151 4014 placito
2180 3957 2431 4012 surgens,
2461 3942 2640 3997 statim
2670 3957 2794 3996 cum
2823 3941 2989 3997 misso
3018 3941 3198 3996 domni
3235 3940 3470 4012 episcopi

1896 4047 2052 4090 suum
2082 4032 2278 4088 direxit
2312 4033 2558 4087 nuntium
2581 4071 2596 4096 ,
2627 4032 2889 4088 mandans
2921 4031 3101 4102 populi
3149 4031 3474 4087 unanimita-

1898 4133 2005 4181 tem
2056 4125 2122 4180 ad
2165 4139 2317 4180 suam
2356 4124 2687 4180 voluntatem
2735 4139 3048 4179 conversam
3074 4163 3091 4189 ,
3125 4124 3335 4193 sibique
3377 4139 3476 4194 per

1897 4215 2077 4270 omnia
2113 4215 2324 4285 placere
2353 4233 2366 4268 :
2400 4216 2837 4270 necdum-tamen
2879 4229 2938 4268 se
2976 4215 3189 4283 plenam
3219 4215 3267 4267 ei
3301 4214 3472 4269 licen-

1901 4307 2029 4360 tiam
2061 4307 2356 4362 concedere
2385 4320 2543 4376 posse
2564 4345 2578 4369 ,
2606 4305 2776 4360 donec
2822 4305 2876 4358 in
2924 4303 3026 4359 alio
3069 4304 3299 4374 placito,
3332 4305 3474 4374 quod

1900 4405 2020 4451 erat
2048 4397 2100 4449 in
2131 4396 2299 4450 altera
2327 4403 2475 4464 parte
2503 4393 2652 4464 regni
2696 4395 2778 4448 sui
2810 4393 3080 4460 futurum,
3121 4395 3352 4464 idipsum
3381 4409 3477 4465 po-

228 4483 404 4552 Quam
437 4479 634 4536 mentis
657 4477 774 4547 ejus
806 4476 1213 4533 illustrationem
1247 4476 1412 4558 frater
1439 4477 1527 4532 ille
1551 4477 1685 4532 satis
1715 4492 1798 4532 re-
1824 4457 1880 4520 Ῑ)
1907 4486 2044 4558 palis
2073 4486 2145 4540 ibi
2177 4457 2366 4556 positis
2391 4457 2679 4538 nuntiaret.
2706 4482 2858 4539 Tunc
2883 4457 3075 4539 iter-uni
3097 4457 3252 4540 bon-az
3277 4457 3477 4542 mento.

231 4574 500 4645 cngnovit,
532 4572 657 4642 quia
685 4569 864 4624 taliter
891 4583 1014 4623 eum
1039 4567 1305 4624 consolari
1338 4557 1595 4623 divinitus
1623 4567 1806 4624 multis

232 4675 392 4722 antea
419 4663 665 4736 probavit
695 4660 926 4716 indiciis.
961 4658 1111 4716 Hanc
1152 4674 1282 4732 ergo
1322 4659 1486 4714 animi
1517 4661 1634 4732 ejus
1672 4660 1808 4716 fidu-

232 4758 374 4814 ciam
403 4755 584 4811 statim
617 4754 693 4809 rei
719 4751 1058 4809 conlirmavit
1082 4761 1327 4808 eventus.
1360 4751 1492 4806 Nam
1522 4768 1638 4817 rex,
1674 4769 1806 4808 con-

233 4845 469 4920 gregatis
496 4843 671 4914 primo
696 4841 1027 4913 principibus
1049 4841 1183 4906 suis,
1213 4842 1278 4896 de
1308 4841 1409 4896 hac
1437 4841 1612 4897 Patris
1635 4842 1808 4899 nostri

233 4935 503 5005 legatione
550 4947 672 4988 cum
701 4933 806 4994 ,eis
853 4941 1086 4987 tractare
1136 4933 1330 5000 ctepit,
1373 4932 1464 5003 qui
1507 4932 1741 4989 sortibus
1776 4944 1803 4974 ι

234 5025 585 5098 (ιιιωτθηάωη
624 5031 958 5087 statuerunt,
984 5038 1106 5092 qua!
1135 5039 1297 5094 super
1326 5024 1428 5080 hoc
1463 5025 1685 5081 deorum
1715 5041 1807 5081 vo-

233 5118 416 5173 luntas
443 5125 606 5172 esset.
639 5114 911 5171 Exeuntes
938 5116 1100 5188 igitur
1127 5124 1300 5172 morte
1325 5116 1562 5187 ipsorum
1588 5116 1640 5171 in
1666 5130 1809 5172 cam.

234 5228 387 5285 pum,
429 5211 690 5268 miserunt
715 5219 911 5275 sortes,
939 5211 1236 5282 ceciditque
1265 5225 1384 5266 sors
1415 5209 1557 5282 quod
1585 5209 1679 5265 Dei
1708 5224 1806 5264 vo—

234 5304 446 5361 luntate
479 5303 672 5375 religio
705 5301 1133 5359 Christianorum
1169 5303 1243 5360 ibi
1283 5302 1617 5360 fundaretur.
1657 5300 1809 5369 Quod

314 5490 342 5523 ι
380 5479 527 5536 More
550 5478 834 5535 Germanis
865 5477 1137 5542 familiari.
1167 5487 1386 5535 auctore
1414 5479 1601 5535 Tacito
1627 5479 1680 5535 in
1713 5479 1804 5536 lib.

242 5549 312 5606 de
339 5549 576 5606 Moribus
596 5549 1005 5620 Germanorum.
1032 5549 1098 5604 Et
1121 5549 1293 5607 Julius
1316 5549 1494 5606 Caesar
1514 5551 1652 5620 apud
1678 5549 1812 5606 Ger-

243 5634 438 5676 manos
457 5633 575 5675 eam
602 5619 765 5674 fuisse
790 5619 1226 5674 consuetudinem
1254 5621 1437 5684 tradit,
1467 5637 1486 5671 ι
1509 5619 1566 5674 ut
1591 5629 1813 5676 matres-

246 5687 484 5748 familias
506 5704 688 5747 eorum
727 5689 963 5745 sortibus
995 5699 1051 5744 et
1079 5688 1549 5746 vaticinationibus
1575 5690 1814 5746 declara-

1908 4576 2004 4630 ria:
2046 4573 2209 4629 Pater
2236 4580 2421 4627 noster
2455 4580 2707 4626 consueta
2737 4587 2834 4626 sua
2869 4573 2971 4627 sibi
2999 4573 3278 4642 requirens
3304 4575 3478 4646 subsig

1909 4666 2016 4730 dia,
2045 4664 2278 4718 divinam
2303 4663 2641 4718 clementiam
2672 4663 2931 4718 intentius
2953 4666 3232 4717 exorabat.
3260 4664 3327 4719 Et
3353 4680 3480 4721 ecce

1909 4752 2090 4824 placiti
2124 4761 2333 4821 tempus
2357 4751 2610 4817 advenit,
2653 4759 2709 4806 et
2746 4767 2840 4807 rex
2869 4753 3134 4822 praeconis
3160 4767 3290 4808 voce
3337 4754 3481 4826 lega-

1911 4846 2110 4900 tionem
2138 4844 2321 4900 domni
2349 4844 2604 4914 episcopi,
2637 4853 2799 4914 atque
2844 4845 3022 4899 omnia
3053 4845 3257 4914 pariter
3281 4861 3400 4915 qua:
3427 4848 3479 4901 in

1909 4936 2074 5008 priori
2103 4937 2304 5007 placito
2329 4937 2470 4992 dicta
2507 4944 2562 4992 et
2603 4945 2721 4992 acta
2752 4935 2998 5002 fuerant,
3044 4937 3283 4993 intimari
3330 4937 3510 4993 fecit.‘

1910 5029 2098 5085 Divina
2125 5044 2254 5101 ergo
2278 5029 2611 5099 providentia
2638 5028 2915 5100 largiente,
2943 5030 3180 5085 omnium
3207 5028 3369 5086 corda
3407 5031 3482 5086 ita

1911 5119 2143 5174 adunata
2187 5126 2315 5174 sunt
2341 5157 2356 5184 ,
2402 5127 2460 5172 ut
2491 5117 2688 5187 prioris
2723 5117 2904 5188 placiti
2949 5134 3269 5176 consensum
3299 5119 3480 5176 cuncti

1911 5209 2226 5274 laudarent,
2271 5217 2326 5264 et
2372 5222 2430 5264 se
2475 5223 2688 5280 quoque
2729 5208 2816 5265 his
2851 5190 3099 5268 assentiri
3128 5209 3264 5268 velle
3307 5207 3482 5265 modis

1910 5293 2162 5358 omnibus
2189 5298 2506 5357 faterentur.

1911 5490 2053 5542 rent.
2075 5487 2254 5537 utrum
2281 5481 2523 5544 praelium
2552 5483 2812 5538 committi
2839 5497 2906 5537 ex
2930 5497 3029 5536 usu
3056 5489 3219 5544 esset,
3251 5491 3474 5544 necne,»

1913 5552 1966 5607 in
1997 5552 2089 5608 lib.
2120 5568 2136 5606 ι
2173 5553 2238 5608 de
2275 5547 2421 5609 Bello
2446 5552 2672 5610 Gallico.
2723 5552 2864 5622 Lege
2895 5552 3028 5607 Acta
3056 5548 3154 5605 SS.
3183 5547 3481 5607 Vulframni

1911 5631 1968 5678 et
1995 5623 2370 5680 Vuillebrordi.
2449 5673 2452 5677 ,
