4020 6338
233 304 359 367 097

1754 294 1929 353 VlTA.

232 420 662 494 fugientibusque
684 419 837 476 nobis
864 419 951 474 isti
978 418 1321 488 insequentes
1350 431 1517 488 usque
1543 414 1610 470 ad
1636 414 1800 470 inter-
1826 413 1875 474 A
1902 428 1932 467 a
1965 428 2129 469 carne
2160 414 2532 471 abstinentiam
2563 427 2802 487 agerent".
2843 419 2995 487 Quod
3031 432 3087 479 et
3126 423 3328 483 factum
3368 441 3470 494 est,

232 516 511 571 necionem
541 528 639 568 nos
660 511 939 575 delebant;
974 511 1099 579 quid
1124 526 1252 582 ergo
1279 510 1433 566 nobis
1460 510 1604 565 erit?
1664 508 1803 564 Cum

234 603 416 675 itaque
443 603 497 657 in
525 610 668 657 tanta
698 610 883 657 essent
902 602 1145 672 angustia
1168 602 1347 672 positi,
1379 602 1596 672 quidam
1631 616 1799 671 nego-

236 697 488 752 tiatorum
520 710 781 750 memores
817 694 1077 749 doctrinae
1124 703 1178 750 et
1223 694 1573 757 institutionis
1618 694 1798 749 domui

233 786 501 857 episcopi,
534 799 816 857 suggerere
857 785 936 839 eis
975 795 1272 854 creperum.
1315 785 1480 849 Deus,
1530 784 1797 853 inquiunt,

233 868 657 933 Christianorum
677 914 691 937 ,
724 874 990 931 multoties
1016 875 1081 929 ad
1107 888 1165 928 se
1192 873 1546 931 clamantibus
1572 874 1805 933 auxilia-2

234 975 343 1030 tur.
371 973 424 1021 et
444 963 842 1035 potentissimus
883 972 967 1017 est
1014 963 1068 1017 in
1114 962 1431 1032 adjuvautlo.
1488 963 1803 1032 Quaeramus

232 1074 302 1123 an
331 1056 416 1112 ille
443 1056 717 1112 nobiscum
741 1044 860 1111 esse
886 1054 1032 1121 velit,
1064 1063 1118 1110 et
1145 1064 1269 1111 vota
1295 1056 1369 1110 illi
1396 1056 1590 1125 placita
1614 1055 1800 1112 libenti

236 1146 416 1203 animo
444 1144 817 1214 spondcamus.
857 1144 1103 1199 Omnium
1143 1144 1325 1215 itaque
1366 1153 1548 1215 rogatu
1578 1143 1803 1215 supplici

235 1238 400 1293 missa
437 1251 585 1301 sors,
628 1244 681 1290 et
720 1235 991 1290 inventum
1038 1236 1178 1305 quod
1227 1236 1473 1291 Christus
1522 1236 1602 1290 eis
1646 1234 1803 1291 vellet

237 1326 502 1383 auxiliari.
550 1325 701 1394 Quod
745 1342 864 1381 cum
921 1326 1130 1397 publice
1176 1327 1543 1382 denuntiatum
1592 1328 1804 1384 cunctis

240 1416 577 1481 innotuisset,
608 1419 845 1471 omnium
877 1416 1038 1471 corda
1068 1417 1139 1470 ita
1167 1416 1343 1471 subito
1376 1416 1624 1472 roborata
1657 1425 1803 1482 sunt,

240 1517 295 1562 ut
324 1508 603 1563 confestim
640 1507 708 1562 ad
759 1508 946 1563 urbem
983 1507 1388 1578 expugnandam
1422 1506 1667 1577 intrepidi
1695 1507 1804 1561 vel-

241 1598 649 1661 lentaccedere.
706 1597 859 1665 Quid,
915 1597 1181 1668 inquiunt,
1232 1600 1387 1652 nobis
1430 1614 1572 1654 nunc
1620 1597 1803 1653 formi-

240 1689 490 1752 dandum,
531 1687 722 1758 quidve
755 1687 1051 1756 pavendum
1077 1687 1203 1742 est?
1239 1687 1486 1763 Christus
1516 1695 1597 1742 est
1624 1685 1803 1742 nobis~

1898 519 2195 574 omnesque
2237 505 2328 573 qui
2374 506 2446 566 ibi
2491 507 2803 575 adfuerant,
2850 512 2952 567 hoc
2987 523 3248 570 statutum
3284 518 3472 573 libenti

1899 596 2244 665 perfecerunt
2262 596 2479 651 animo:
2512 600 2660 654 inulti
2686 602 2849 657 etiam
2881 614 3003 673 post
3036 606 3137 661 hac
3165 609 3463 663 reverentia

1898 698 1952 741 et
1994 701 2185 743 amore
2223 685 2422 743 Christi
2472 690 2608 759 apud
2653 704 2746 746 eos
2765 691 3003 760 jejuniis,
3034 711 3153 763 qua:
3180 696 3469 754 Christiani

1899 776 2280 844 observabant,
2322 777 2574 836 insistere
2614 780 2929 851 incipientes
2957 824 2972 849 ,
3016 794 3070 838 et
3117 786 3473 858 elecmosynis

1899 870 2159 942 (namque
2186 872 2288 929 hoc
2308 870 2525 927 Christo
2547 883 2756 944 gratmn
2777 875 3051 944 didicere).
3074 877 3339 946 quoslibet
3354 896 3474 950 pau-

1898 975 2058 1030 peres
2104 960 2364 1030 adjuvare
2424 972 2722 1032 coeperunt.
2771 963 2966 1033 Sicque
3006 964 3190 1022 favore
3234 969 3474 1037 omnium

1901 1056 2194 1123 praedictus
2226 1054 2559 1110 Erimbertus
2600 1056 2849 1111 sacerdos
2874 1057 3041 1113 libere
3071 1059 3211 1129 apud
3239 1073 3331 1115 eos
3358 1074 3477 1129 qua:

1904 1144 1998 1199 Dei
2029 1155 2154 1201 sunt
2183 1159 2367 1217 agere,
2392 1154 2447 1201 et
2471 1146 2679 1200 cunctis
2704 1145 2901 1202 Christi
2930 1149 3221 1218 potentiam
3255 1149 3478 1206 laudan-

1906 1236 2066 1302 tibus,
2098 1235 2374 1305 religionis
2409 1220 2601 1291 divina:
2629 1237 2681 1290 in
2718 1236 2824 1291 illis
2850 1239 3091 1303 partibus
3124 1238 3338 1295 devotio
3377 1254 3476 1293 auo

1905 1334 2175 1394 gmentum
2227 1326 2311 1380 sui
2352 1327 2420 1380 ab
2465 1325 2554 1380 illo
2597 1334 2834 1397 tempore
2866 1327 2984 1384 sine
3014 1328 3174 1385 ullius
3207 1330 3479 1385 contradi-

1905 1417 2081 1471 ctione
2121 1417 2286 1488 coepit
2338 1418 2556 1472 habere.

1908 1545 2103 1600 Horico
2131 1548 2344 1617 juniore
2376 1549 2514 1617 patri
2550 1549 2871 1614 succedente,
2909 1548 3137 1605 ecclesiis
3174 1551 3349 1606 aditus
3397 1568 3478 1606 oc-

1976 1617 2185 1681 clusus,
2225 1618 2344 1672 dein
2386 1634 2503 1687 rege
2540 1618 2735 1673 volente
2772 1635 3077 1684 concessus;
3115 1620 3330 1676 alterius
3356 1638 3482 1676 con-

1976 1686 2159 1740 dendw
2198 1687 2425 1756 facultas
2446 1686 2607 1741 idola.

241 1792 386 1843 cum.
414 1792 710 1849 ρυειιθωυε
738 1784 792 1830 ει
817 1775 1045 1869 viriliter
1068 1789 1309 1869 tissimus.
1343 1776 1475 1869 nihil
1515 1776 1667 1869 nobis
1710 1776 1805 1869 οιξ-
1830 1790 1878 1850 B
1975 1794 2063 1848 54.
2102 1795 2244 1849 Inter
2269 1797 2383 1852 hinc
2404 1810 2532 1849 vero
2556 1796 2737 1852 divino
2764 1797 2989 1867 contigit
3006 1795 3227 1867 judicio,
3258 1805 3317 1852 ut
3340 1798 3484 1869 pira-

242 1879 384 1926 stare
424 1869 623 1939 poterit
648 1887 661 1922 :
692 1884 789 1923 nec
840 1868 1011 1923 deerit
1048 1868 1202 1923 nobis
1228 1876 1378 1922 certa
1405 1866 1652 1931 victoria,
1682 1865 1806 1938 quia

242 1960 668 2030 potentissimum
712 1960 931 2015 deorum
980 1942 1146 2015 nostri
1185 1958 1484 2028 adiutorem
1530 1959 1806 2014 habemus.

243 2051 547 2123 Conglobati
577 2065 705 2123 ergo
732 2065 918 2105 omnes
944 2050 1067 2104 laeto
1094 2058 1148 2104 et
1180 2048 1306 2102 forti
1332 2047 1512 2102 animo
1541 2046 1605 2101 ad
1634 2046 1807 2102 debel-

243 2140 453 2194 landam
480 2138 700 2209 profecti
727 2147 852 2194 sunt
872 2139 1079 2193 urbem.

256 2250 540 2307 Victoriam
593 2251 819 2309 obtinent
872 2250 1061 2319 radere
1114 2250 1295 2318 facto;
1337 2248 1545 2319 jejunio
1591 2258 1809 2311 vovent;

733 2319 1066 2393 eleemosynis
1114 2329 1317 2374 vacant.

318 2431 406 2485 55.
460 2430 699 2499 Cumque
749 2431 803 2485 in
848 2431 1075 2487 circuitu
1121 2439 1360 2486 astantes
1391 2445 1624 2500 pugnam
1674 2429 1812 2485 inire

248 2523 466 2588 vellent,
492 2523 558 2579 ab
585 2524 666 2580 his
692 2523 782 2592 qui
813 2523 1140 2579 intrinsecus
1164 2532 1338 2587 erant,
1370 2522 1690 2593 postulatum
1730 2532 1814 2576 est

232 2626 309 2677 .ut
337 2617 488 2689 copia
518 2616 598 2672 eis
621 2615 839 2671 daretur
871 2615 1142 2685 loquendi.
1198 2615 1347 2683 Quod
1375 2631 1493 2668 cum
1527 2629 1618 2669 rex
1645 2613 1815 2668 Suco-

250 2724 375 2763 num
412 2709 720 2773 annuisset,
751 2708 824 2762 illi
856 2709 1126 2763 subsecuti
1153 2717 1279 2762 sunt
1307 2726 1321 2760 :
1355 2705 1517 2761 Nobis
1550 2704 1661 2774 jant
1710 2720 1813 2775 pax

234 2797 419 2867 .magis
430 2813 588 2866 quam
603 2813 776 2867 pugna
794 2796 991 2867 placet,
1006 2806 1059 2849 et
1077 2796 1249 2850 foedus
1264 2796 1537 2850 vobiscum
1562 2794 1695 2847 inire
1722 2809 1814 2845 cu.

248 2887 441 2957 pimus.
468 2887 531 2941 Et
554 2886 729 2955 primo
749 2886 963 2955 quidem
981 2885 1238 2954 quidquid
1258 2900 1321 2939 ex
1344 2885 1528 2954 spoliis
1549 2885 1814 2938 Danorum

225 2977 522 3047 .przeterito
550 2991 691 3031 anno
718 2976 772 3030 in
803 2990 936 3030 auro
959 2983 1015 3029 et
1039 2975 1207 3031 armis
1230 2975 1635 3044 acquisivimus,
1665 2972 1814 3026 vobis

252 3082 346 3136 pro
375 3080 592 3120 munere
632 3064 848 3119 fmderis
884 3064 1092 3120 damus.
1140 3062 1343 3117 Deinde
1373 3078 1469 3130 pro
1496 3073 1815 3129 unoquoque

1911 1894 2080 1939 tarum
2111 1885 2449 1941 infestati'one
2483 1895 2809 1947 memoratus
2841 1886 3068 1941 Horicus
3103 1903 3219 1951 rex,
3256 1889 3477 1959 quibus.

1909 1976 2030 2030 dam
2059 1976 2370 2046 propinquis
2414 1974 2572 2044 hujus
2615 1992 2839 2047 regnum
2875 1977 3051 2053 ipsius
3095 1978 3347 2036 invadere
3388 1996 3493 2049 (ιο-¹

1912 2065 2184 2131 nantibus,
2218 2064 2356 2120 bello
2398 2066 2752 2137 interemptus
2778 2080 2804 2109 ι
2832 2068 2905 2123 sit
2935 2087 2948 2121 :
2987 2084 3108 2124 cum
3142 2085 3249 2140 quo
3275 2071 3480 2140 pariter

1908 2170 2095 2215 omnes
2124 2156 2387 2245 prim'ores
2424 2166 2581 2211 terra:
2606 2156 2771 2220 illius,
2811 2158 2905 2228 qui
2950 2157 3077 2213 olim
3124 2159 3322 2215 domno
3366 2162 3481 2230 epi-

1910 2261 2070 2314 scopo
2090 2244 2383 2301 familiares
2407 2256 2460 2301 et
2488 2248 2645 2303 amici
2677 2248 3035 2316 habebantur,
3058 2249 3237 2320 gladio
3265 2251 3483 2306 interie-

1911 2345 2058 2390 mut.
2112 2336 2312 2392 Deinde
2352 2345 2472 2408 post
2509 2338 2623 2394 hare
2657 2340 2951 2394 constituto
2994 2340 3049 2394 in
3099 2354 3264 2412 regno
3318 2342 3485 2411 ipsius

1912 2424 2107 2481 liorico
2125 2426 2358 2496 juniore,
2387 2426 2602 2496 quidam
2633 2428 2867 2494 illorum,
2897 2444 3033 2498 quos
3053 2429 3142 2484 ille
3165 2438 3292 2486 tunc
3315 2430 3482 2487 habe-

1910 2516 2003 2577 bat
2031 2516 2319 2584 principes,
2343 2524 2397 2571 et
2420 2516 2596 2571 minus
2622 2526 2777 2572 antea
2811 2516 3009 2573 domno
3033 2519 3230 2590 cogniti
3270 2519 3487 2576 fuerant

1911 2607 2160 2676 episcopo
2181 2647 2195 2670 ,
2227 2606 2549 2677 persuadere
2583 2623 2634 2662 ct
2670 2614 2949 2677 eruperunt
2983 2617 3040 2663 ut
3079 2607 3304 2664 ecclesia
3339 2607 3484 2680 apud

1914 2712 2005 2752 eos
2038 2698 2177 2754 facta
2209 2699 2593 2765 destrueretur,
2634 2707 2690 2753 et
2723 2699 2906 2772 religio
2944 2701 3366 2758 Christianitatis
3409 2701 3483 2757 ibi

1913 2799 2087 2857 coepta
2124 2788 2546 2853 annihilaretur,
2582 2788 2826 2845 dicentes
2851 2790 2980 2845 deos
3008 2805 3135 2847 suos
3172 2790 3273 2846 sibi
3318 2791 3487 2846 iratos

1913 2894 2054 2943 esse,
2094 2887 2148 2932 et
2190 2878 2333 2948 quod
2386 2878 2505 2932 ideo
2542 2886 2691 2931 tanta
2721 2893 2815 2935 eos
2842 2878 2978 2933 mala
3008 2879 3330 2944 invenerint,
3362 2879 3490 2949 quia

1915 2971 2134 3025 alterius
2161 2978 2213 3023 et
2241 2968 2494 3039 incogniti
2515 2967 2610 3023 Dei
2631 2967 2894 3023 culturam
2923 2967 3063 3039 apud
3081 2983 3141 3024 se
3166 2970 3486 3040 receperint.

1918 3058 2031 3123 Qua
2062 3058 2126 3111 de
2160 3072 2217 3109 rc
2248 3071 2425 3111 comes
2452 3054 2657 3126 praefati
2705 3057 2827 3121 vici,
2876 3054 3181 3111 δειραδωίεὴ
3218 3058 3489 3126 videlicet,

253 3135 524 3216 hominum
569 3159 622 3212 in
676 3159 778 3212 hac
825 3156 957 3212 urbe
999 3156 1413 3211 constitutorum
1442 3153 1714 3208 dimidiam
1754 3150 1817 3205 li-

1920 3146 2133 3199 nomine
2163 3144 2311 3208 llovi,
2341 3146 2432 3214 qui
2459 3146 2585 3199 huic
2613 3145 2854 3211 religioni
2881 3148 3149 3218 praecipue
3182 3149 3485 3215 resistebat,

253 3250 402 3304 bram
432 3245 973 3320 argentioﬂ'erimus;
1008 3254 1063 3302 et
1105 3245 1324 3315 insuper
1363 3256 1604 3307 censum,
1654 3255 1814 3309 quem

253 3351 409 3396 antea
444 3340 747 3397 solebamus
774 3340 925 3395 vobis
963 3338 1109 3402 dare,
1160 3337 1554 3407 persolvimus:
1584 3341 1638 3388 et
1677 3330 1818 3386 datis

254 3430 550 3493 obsidibus,
580 3429 776 3485 abhinc
798 3427 1022 3495 subjecti
1056 3434 1111 3482 et
1133 3426 1465 3487 obedientes,
1495 3424 1634 3479 sicut
1663 3431 1817 3477 antea

255 3520 475 3584 fuimus,
502 3530 680 3573 vestro
706 3516 930 3587 imperio
954 3529 1074 3575 esse
1096 3514 1360 3569 voluntas.
1410 3513 1541 3569 Cum
1572 3514 1685 3567 hinc
1714 3512 1817 3565 ita-

256 3625 360 3680 que
386 3608 561 3663 oblata
598 3605 819 3672 fuerint,
864 3605 1091 3660 necdum
1133 3613 1311 3667 tamen
1359 3603 1521 3656 animi
1562 3601 1819 3671 juvenum

258 3698 431 3754 sedari
476 3706 726 3768 poterant
758 3712 771 3748 :
799 3708 987 3748 verum
1030 3693 1321 3748 alacriores
1353 3690 1501 3755 facti,
1534 3700 1588 3745 et
1622 3692 1821 3759 absque

256 3799 403 3843 metu
433 3785 802 3859 imperterriti,
832 3798 1071 3854 pugnare
1109 3791 1316 3838 ‘antum
1347 3782 1734 3845 desiderantes,
1764 3794 1823 3839 se

256 3878 423 3933 armis
461 3875 646 3930 urbem
685 3883 740 3929 et
778 3874 956 3929 omnia
1002 3889 1123 3943 qua:
1171 3872 1450 3936 haberent,
1499 3879 1822 3937 vastatum,

259 3968 509 4037 ipsosque
534 3964 775 4037 captivos
804 3963 1129 4019 abducturos
1157 3963 1425 4019 dicebant.
1479 3961 1749 4020 Rex.vero
1770 3970 1826 4017 et

260 4056 534 4128 principes
579 4054 776 4109 saniori
808 4054 1030 4109 consilio
1054 4055 1271 4108 dextras
1292 4056 1359 4108 ab
1380 4055 1458 4109 eis
1478 4053 1823 4122 accipientes,

262 4145 435 4200 fmdus
473 4145 727 4207 inierunt,
752 4152 807 4198 et
834 4144 1098 4198 thesauris
1122 4144 1619 4207 innumerabilibus,
1665 4156 1827 4211 atque

261 4238 535 4293 obsidibus
555 4237 770 4308 triginta
793 4232 893 4291 sibi
919 4236 1142 4297 collatis,
1166 4250 1287 4291 cum
1307 4237 1500 4307 gaudio
1520 4236 1585 4289 ad
1606 4251 1699 4288 sua
1737 4250 1824 4288 re-

262 4327 401 4381 versi
425 4336 567 4381 sunt.
611 4326 850 4394 Denique
876 4341 1010 4395 pace
1039 4327 1179 4380 inter
1204 4341 1299 4380 eos
1328 4327 1585 4380 ftederata
1603 4366 1618 4387 ,
1646 4326 1827 4379 statim

264 4414 505 4471 Sueones
522 4412 720 4469 Christi
745 4413 952 4467 Domini
976 4413 1144 4468 nostri
1167 4414 1604 4483 omnipotentiam
1627 4414 1826 4469 collau~

1918 3247 1972 3294 ct
2008 3238 2075 3293 ad
2112 3238 2486 3292 destruendam
2514 3236 2935 3295 Christianitatis
2966 3239 3125 3295 fidem
3159 3256 3336 3313 regem
3363 3259 3497 3313 pro-1

1918 3330 2164 3392 vocabat,
2204 3328 2484 3384 ecclesiam
2526 3329 2601 3384 ibi
2649 3329 2842 3385 factam
2871 3329 3244 3400 jussitclaudi,
3274 3333 3488 3405 religio-

1920 3434 2150 3490 nemque
2185 3419 2606 3475 Christianitatis
2645 3422 2839 3477 ibidem
2877 3423 3147 3493 prohibuit
3175 3425 3489 3480 observari:

1921 3514 2060 3569 unde
2082 3526 2136 3569 et
2159 3512 2436 3585 presbyter
2463 3511 2553 3583 qui
2574 3512 2647 3568 ibi
2674 3512 2888 3579 aderat,
2913 3514 3303 3584 persecutionis
3340 3528 3493 3569 acer-

1922 3606 2089 3661 bitate
2120 3605 2443 3674 compulsus,
2478 3604 2599 3659 inde
2632 3603 2868 3660 recessit.
2919 3604 3023 3660 Pro
3068 3605 3171 3660 hac
3209 3603 3391 3674 itaque
3436 3618 3498 3658 re

1922 3696 2148 3750 domnus
2171 3694 2451 3765 episcopus
2475 3694 2695 3749 nimium
2719 3694 2978 3750 sollicitus
3006 3703 3060 3750 et
3091 3696 3261 3750 tristis
3278 3690 3469 3750 elfcctu

1922 3772 2129 3852 fuerat;
2157 3788 2283 3857 quia
2306 3787 2506 3841 nullum
2535 3797 2661 3844 tunc
2680 3803 2802 3843 cum
2828 3787 3023 3843 Horico
3042 3788 3254 3858 juniore
3275 3788 3341 3842 de
3360 3786 3497 3842 ami-

1924 3876 2003 3933 cis
2034 3877 2285 3941 habebat,
2318 3894 2453 3948 quos
2478 3887 2636 3934 antea
2660 3878 2973 3950 largissimis
2994 3879 3371 3937 donationibus
3396 3877 3502 3939 sibi

1925 3964 2220 4023 familiares
2245 3968 2592 4038 acquisierat,
2638 3983 2734 4038 per
2766 3984 2900 4037 quos
2926 3983 3048 4023 eum
3077 3970 3142 4031 ad
3168 3968 3378 4024 Domini
3408 3984 3499 4024 vo-

1926 4058 2186 4115 luntatem
2214 4057 2502 4114 conciliare
2531 4068 2730 4128 posset.
2770 4057 2920 4114 Unde
2940 4059 3064 4129 quia
3086 4058 3318 4114 humano
3341 4057 3502 4113 desti.

1927 4158 2072 4204 tutus
2093 4148 2289 4212 fuerat,
2318 4149 2384 4204 ad
2411 4149 2648 4204 divinum
2681 4148 2839 4205 solito
2871 4165 3020 4206 more
3044 4150 3318 4205 concurrit
3351 4149 3502 4204 auxi-

1925 4239 2077 4297 lium.
2108 4239 2219 4296 Nec
2232 4224 2354 4310 spes
2370 4255 2465 4294 sua
2490 4256 2610 4295 eum
2628 4238 2831 4297 feiollit.
2859 4238 3176 4295 Consulatus
3202 4249 3283 4294 est
3307 4240 3502 4310 quippe

1926 4345 2048 4385 eum
2071 4330 2326 4385 Dominus
2341 4330 2566 4399 spiritali
2588 4330 2640 4383 in
2661 4330 2843 4387 animo
2872 4328 3268 4395 consolatione,
3292 4337 3346 4382 et
3379 4344 3499 4389 cere

1929 4430 2014 4476 tus
2052 4420 2272 4476 omnino
2319 4418 2490 4473 factus
2519 4428 2601 4472 est
2619 4458 2635 4482 ,
2674 4417 2814 4487 quod
2843 4417 2988 4472 nullo
3015 4418 3206 4482 modo,
3235 4426 3293 4472 ut
3322 4418 3505 4475 hostes

264 4511 478 4573 dantes.
518 4507 740 4578 eiusque
771 4505 1242 4577 niasniﬁcentiam.
1274 4507 1413 4574 quod
1449 4522 1574 4561 vere
1606 4522 1830 4579 magnus
1856 4497 1907 4556 Ι)
1935 4512 2135 4569 Christi
2167 4512 2605 4567 machinarentur
2632 4509 2817 4581 religio
2859 4510 2932 4564 ibi
2970 4518 3144 4580 coepta
3184 4508 3453 4581 deperiret
3485 4526 3499 4563 :

266 4610 579 4670 essetsuper
590 4613 777 4654 omnes
789 4597 937 4662 deos,
958 4596 1082 4651 totis
1096 4597 1300 4650 viribus
1312 4597 1687 4666 prmdicantes,
1701 4596 1830 4666 quid

269 4693 368 4765 ipsi
393 4707 489 4762 per
514 4706 671 4763 quem
699 4698 904 4744 tantam
928 4688 1282 4744 obtinuissent
1297 4688 1576 4743 victoriam
1596 4729 1612 4756 ,
1640 4703 1834 4744 vovere

268 4785 557 4849 deberent,
588 4780 813 4837 sollicite
839 4794 1083 4849 quaerere
1110 4788 1409 4849 coeperunt.
1446 4778 1596 4834 Unde
1624 4796 1653 4834 a
1680 4780 1835 4837 Chri-

267 4875 459 4932 stianis
486 4874 660 4930 edocti
676 4873 1096 4946 negotiatoribus
1122 4872 1212 4943 qui
1233 4872 1392 4927 simul
1412 4872 1657 4937 aderant,
1680 4870 1837 4928 Chri-

268 4978 352 5023 sto
380 4968 602 5025 Domino
634 4966 888 5038 placitum
916 4962 1532 5034 devoverantjejunium,
1561 4966 1635 5019 ita
1664 4976 1740 5031 ut,
1768 4965 1837 5021 ad

270 5074 363 5114 sua
400 5057 622 5124 reversi,
651 5066 933 5128 postquam
959 5056 1100 5111 domi
1124 5064 1329 5127 septem
1362 5056 1476 5111 dies
1494 5064 1675 5111 essent
1703 5055 1838 5111 alios

271 5157 475 5219 septem
521 5162 551 5200 a
596 5160 757 5202 carne
797 5158 985 5201 omnes
1021 5146 1220 5217 pariter
1272 5144 1624 5209 abstinerent,
1657 5145 1751 5199 sed
1784 5154 1839 5202 et

271 5247 393 5311 post
430 5239 531 5294 hoc
567 5236 919 5308 quadraginta
961 5235 1150 5292 diebus
1194 5234 1442 5300 evolutis,
1480 5235 1581 5304 ipsi
1627 5249 1840 5309 quoque

275 5326 524 5384 unanima
546 5328 897 5383 conventione
916 5325 1267 5399 quadraginta
1285 5334 1571 5395 sequentes
1592 5324 1840 5381 similiter

349 5499 374 5526 ι
402 5484 556 5538 Anno
584 5480 785 5536 scilicet
813 5479 935 5545 854,
960 5488 1018 5534 ut
1048 5480 1301 5534 scribitur
1327 5481 1378 5534 in
1398 5480 1694 5537 Annalibus
1716 5480 1839 5539 Ful-

277 5555 551 5615 densihus,
592 5550 935 5614 Bertinianis,
987 5549 1331 5614 Metensibus,
1380 5558 1436 5605 et
1492 5552 1542 5604 in
1587 5552 1722 5605 libro
1770 5554 1837 5609 de

278 5625 455 5679 liestis
485 5622 954 5683 Nortmaunornm,
986 5635 1212 5689 quorum
1240 5621 1343 5673 dux
1372 5620 1643 5683 Cudurm,
1678 5623 1840 5677 fratre

281 5695 460 5753 llorici
506 5692 647 5763 regis
686 5699 861 5754 natus,
911 5699 1033 5761 post
1079 5689 1334 5759 piraticas
1371 5689 1742 5748 infestationes
1783 5694 1838 5749 in

1937 4605 2087 4672 quod.
2104 4604 2175 4656 ita
2207 4603 2431 4657 Domino
2457 4610 2728 4657 annuente
2762 4616 2868 4655 non
2915 4600 3082 4654 multo
3109 4608 3228 4669 post
3259 4600 3502 4670 contigit.

1937 4696 2071 4751 Nam
2104 4710 2225 4749 cum
2270 4710 2368 4764 pro
2399 4694 2499 4749 hac
2535 4693 2645 4749 sola
2684 4693 2869 4748 eadem
2894 4708 3055 4748 causa
3097 4692 3163 4746 ad
3192 4691 3506 4762 praedictum

1942 4798 2119 4856 regem
2157 4784 2234 4839 ire
2276 4784 2619 4853 disponeret,
2651 4781 2858 4838 Domini
2906 4781 3261 4857 praeveniente
3299 4782 3506 4855 gratia,

1942 4876 2082 4930 idem
2110 4890 2226 4940 rex,
2257 4873 2479 4945 expulso
2502 4876 2651 4944 prius
2674 4874 2740 4930 de
2763 4874 2882 4928 vico
2907 4880 3203 4927 memorato
3227 4872 3338 4942 jam
3366 4873 3507 4929 dicto

1944 4968 2158 5031 comite,
2183 4968 2257 5024 ita
2280 4977 2339 5024 ut
2359 4982 2631 5036 nunquam
2658 4973 2842 5036 postea
2866 4966 2920 5020 in
2941 4964 3056 5034 ejus
3076 4966 3303 5037 gratiam
3335 4950 3509 5020 redire

1943 5059 2198 5131 potuerit,
2230 5058 2297 5113 ad
2324 5058 2579 5113 domuum
2602 5057 2909 5127 episcopum
2936 5071 3091 5110 suum
3118 5055 3287 5127 gratis
3314 5052 3512 5110 direxit

1945 5149 2199 5219 legatum,
2230 5148 2489 5202 mandans
2515 5158 2573 5202 ut
2600 5148 2931 5202 sacerdotem
2958 5162 3112 5201 suum
3140 5147 3206 5201 ad
3235 5146 3509 5218 propriam

1946 5241 2247 5295 remitteret
2270 5238 2553 5295 ecclesiam
2580 5257 2594 5292 :
2626 5255 2732 5295 non
2760 5254 2819 5295 se
2853 5240 3028 5294 minus
3056 5255 3214 5308 quam
3242 5238 3510 5293 seniorem

1947 5331 2200 5386 Horicum
2230 5330 2427 5386 Christi
2460 5331 2595 5386 velle
2635 5331 2859 5401 gratiam
2905 5331 3198 5401 promereri
3241 5342 3509 5394 asserens,

1946 5485 2186 5556 partibus
2221 5484 2513 5539 Gallicanis
2540 5493 2780 5555 patratas
2811 5485 2861 5539 in
2890 5484 3116 5555 patriam
3145 5481 3330 5556 redux,
3359 5478 3487 5556 ﬂori

1946 5550 2065 5611 cum
2113 5565 2359 5624 patruum
2407 5550 2751 5625 oppugnavit,
2791 5550 3338 5625 tantamquecmdein
3386 5550 3514 5625 fecit

1948 5643 2042 5697 per
2070 5620 2321 5689 triduum,
2357 5636 2413 5678 ut
2442 5620 2508 5681 de
2534 5620 2697 5696 siirpc
2736 5626 2878 5695 regia
2908 5620 3175 5677 Godcfrisli
3201 5622 3371 5681 nullus
3400 5620 3502 5676 nisi

1948 5710 2088 5751 unus
2115 5710 2248 5767 puer
2279 5707 2600 5751 remaneret.
3412 5698 3417 5705 '
