4020 6338
549 324 656 386 999

1478 317 1537 375 S.
1576 316 1948 376 ANSCHARII
1983 317 2518 376 HAMBURGENSIS
2552 316 2858 376 EPISCOPI

3684 314 3838 382 ιοθο

551 441 844 512 domnique
882 437 1116 511 episcopi
1158 417 1450 491 amicitiam
1495 437 1756 490 obtinere.
1785 434 1902 503 Quo
1945 434 2118 500 facto,
2149 439 2202 500 Α
2225 435 2412 491 eadem
2439 435 2724 506 legatione,
2753 443 2811 490 ut
2836 435 3150 507 pmdictum
3189 444 3304 502 est,
3329 450 3544 508 semper
3579 437 3843 510 inspira-

551 549 678 592 cum
726 533 840 603 ipse
865 544 1078 599 quoque
1128 527 1609 583 reverendissimus
1639 524 1798 580 Pater
1833 535 2020 581 uoster
2063 527 2129 582 ad

553 623 791 693 ejusdem
827 621 970 692 regis
1006 619 1346 690 praesentiam
1377 633 1498 672 cum
1538 616 1806 687 adiutorio
1832 616 2129 672 Burchardi

553 715 900 773 illustrissimi
925 714 1142 768 cornitis
1162 713 1430 778 venisset,
1473 713 1564 782 qui
1595 713 1757 768 etiam
1803 722 1961 769 antea
1990 713 2130 782 apud

551 807 805 862 Horicum
832 804 1100 860 seniorem
1131 802 1343 872 adiutor
1371 803 1444 858 illi
1482 803 1534 858 in
1562 803 1815 858 omnibus
1850 803 2044 868 fuerat,
2077 810 2133 857 et

550 895 691 967 apud
720 909 898 965 regem
930 901 1216 962 utrumque
1238 893 1372 948 bene
1391 901 1630 964 poterat,
1652 893 1777 964 quia
1801 893 2134 964 propinquus

553 996 674 1042 erat
709 986 980 1056 ipsorum,
1012 993 1160 1038 tanta
1206 985 1377 1056 gratia
1405 999 1436 1038 a
1473 983 1689 1052 iuniore
1730 994 2014 1054 susceptus
2051 992 2135 1040 est

553 1078 782 1141 Norico,
815 1087 873 1132 ut
921 1077 1102 1131 statim
1147 1077 1197 1131 ei
1247 1076 1426 1132 omnia
1475 1091 1594 1145 qua:
1642 1084 1958 1130 antecessor
2006 1090 2134 1130 suus

551 1183 717 1224 causa
739 1166 1162 1222 Christianitatis
1193 1167 1245 1220 in
1289 1180 1456 1236 regno
1501 1181 1599 1220 suo
1633 1165 1748 1221 ﬁeri
1790 1165 2132 1234 permiserat,

551 1259 667 1330 ipse
696 1273 908 1328 quoque
951 1259 1289 1314 concederet.
1322 1258 1543 1328 Insuper
1571 1259 1766 1322 etiam,
1795 1258 1936 1328 quod
1978 1268 2136 1314 antea

549 1351 841 1407 nefandum
872 1351 1099 1420 paganis
1123 1350 1423 1414 videbatur,
1458 1360 1516 1403 ut
1543 1349 1723 1404 cloeca
1769 1350 2060 1404 haberetur
2084 1349 2136 1403 in

551 1443 776 1500 ecclesia
819 1444 1114 1500 consensit.
1164 1442 1221 1498 lu
1253 1443 1357 1497 alio
1403 1459 1616 1514 quoque
1665 1445 1784 1498 vico
1832 1445 1980 1515 regni
2031 1444 2136 1510 sui,

551 1537 686 1608 Ripa
716 1545 938 1602 vocato,
965 1535 1212 1591 similiter
1241 1535 1416 1590 locum
1453 1535 1543 1589 ubi
1583 1533 1811 1590 ecclesia
1844 1533 2139 1590 fabricare-

551 1636 666 1695 tur,
687 1629 876 1684 tribuit
908 1647 922 1682 :
955 1637 1011 1684 et
1034 1637 1095 1683 ut
1117 1627 1187 1683 ibi
1215 1628 1469 1684 sacerdos
1495 1641 1736 1697 praesens
1762 1626 1997 1693 adesset,
2029 1642 2141 1682 sua:

549 1722 836 1794 potestatis
866 1721 1141 1777 licentiam
1169 1721 1336 1776 dedit.
2065 1712 2070 1716 ’

866 1830 1098 1886 Ministri
1125 1829 1258 1884 varii
1284 1829 1353 1883 ad
1389 1827 1622 1884 Sueones
1648 1830 1816 1884 missi.

619 1924 709 1980 55.
747 1924 985 1994 Denique
1013 1923 1139 1977 dum
1171 1922 1286 1978 haec
1313 1930 1622 1991 agerentur,
1654 1922 1944 1993 prredictus
1972 1938 2138 1980 vene-

547 2014 736 2072 rabilis
780 2013 1120 2069 Gauzbertus
1162 2011 1450 2082 episcopus
1493 2011 1561 2066 ad
1608 2021 1822 2082 gentem
1864 2012 2141 2069 Sueonum

547 2104 835 2174 quemdam
867 2102 1014 2157 misit
1043 2103 1438 2172 presbyterum,
1467 2101 1683 2157 nomine
1709 2100 2014 2164 Anfridum,
2044 2102 2139 2173 qui

547 2209 616 2250 ex
640 2201 798 2266 gente
831 2194 1101 2248 Danorum
1129 2191 1389 2246 oriundus
1415 2199 1552 2256 erat,
1581 2198 1636 2244 et
1667 2207 1697 2245 a
1727 2191 1926 2246 domno
1956 2191 2140 2246 Ebone

548 2287 617 2342 ad
646 2284 923 2341 servitium
973 2282 1184 2338 Domini
1229 2282 1489 2338 educatus
1529 2278 1722 2335 fuerat.
1765 2280 1864 2346 oui
1897 2295 2018 2336 eum
2049 2281 2139 2336 illo

549 2376 880 2438 advenisset,
911 2383 1242 2430 memoratus
1283 2372 1620 2428 Erimbertus
1655 2373 1908 2428 sacerdos
1943 2375 2138 2431 exinde

547 2484 799 2526 reversus
820 2474 924 2530 est,
952 2475 1008 2521 et
1029 2463 1116 2520 ille
1143 2464 1215 2520 ibi
1238 2479 1359 2520 cum
1381 2461 1552 2518 multa
1579 2464 1818 2518 omnium
1846 2465 2138 2520 ambitione

548 2561 726 2616 tribus
761 2559 1072 2614 demoratus
1113 2563 1195 2612 est
1241 2555 1398 2610 annis
1443 2565 1536 2609 aut
1585 2555 1832 2626 amplius.
1881 2554 2006 2609 Post
2037 2557 2140 2614 hoc

547 2665 679 2708 vero
729 2649 911 2704 audito
963 2648 1145 2704 domui
1192 2645 1486 2702 Gauzberti
1538 2645 1718 2710 obitu,
1773 2646 1887 2717 ipse
1927 2660 2139 2717 quoque

548 2741 744 2798 exinde
764 2754 1037 2800 reversus,
1064 2746 1120 2793 et
1143 2736 1284 2807 apud
1308 2752 1404 2791 nos
1428 2736 1738 2806 aliquandiu
1763 2746 2136 2802 conversatus,

548 2839 969 2906 aggraveseente
998 2829 1184 2886 dolore
1211 2827 1497 2883 defunctus
1535 2836 1637 2882 est.
1669 2826 1788 2894 Quo
1813 2825 1956 2882 facto
1989 2827 2138 2880 dom-

546 2940 653 2982 nus
680 2923 985 2993 episcopus,
1008 2935 1116 2975 non
1141 2918 1405 2974 suﬁ‘ereus
1434 2917 1592 2970 ﬁdem
1619 2914 2043 2970 Christianitatis
2064 2913 2138 2969 ibi

546 3023 781 3086 emptam
806 3012 1006 3084 perire,
1055 3023 1210 3065 suum
1260 3007 1388 3062 illuc
1417 3006 1564 3061 misit
1593 3008 2005 3078 presbyterum,
2036 3020 2138 3059 no-

547 3108 695 3164 mine
718 3103 1128 3176 Raginbertum,
1166 3099 1412 3169 quicum
1455 3098 1584 3153 satis
1632 3099 1698 3152 ad
1744 3099 1846 3153 hoc
1892 3097 2132 3161 idoneus,

2233 527 2378 580 tione
2407 526 2770 591 roboraretur,
2804 542 2872 582 ne
2911 542 2942 580 a
2983 536 3162 597 empto
3197 528 3484 584 desistetet
3509 545 3719 600 opere;
3756 540 3850 585 ta-

2231 632 2354 673 men
2407 619 2588 672 domui
2635 633 2848 688 quoque
2898 617 3099 673 Ebonis
3153 620 3438 674 memorati
3493 619 3849 676 Rbemensis

2233 708 2642 778 archiepiscopi,
2669 710 2758 778 qui
2782 709 2920 764 hanc
2943 708 3262 780 legationem
3285 711 3463 781 primo
3485 723 3846 782 susceperat,

2234 817 2340 856 non
2371 801 2579 856 modice
2607 817 2730 857 eum
2778 802 2830 856 in
2868 803 2972 857 hac
2999 817 3163 858 causa
3202 811 3257 858 et
3287 805 3503 860 devotio
3540 808 3758 861 mentis
3789 816 3848 862 et

2234 890 2418 947 fervor
2452 892 2833 947 consolabatur
2863 893 3026 948 animi
3071 911 3084 947 :
3133 894 3180 949 si
3209 895 3428 964 quidem
3474 897 3591 967 ipse
3637 898 3849 954 intimo

2234 1000 2334 1056 pro
2363 986 2644 1041 vocatione
2673 987 2912 1055 gentium
2949 985 3184 1056 ﬂagrans
3221 989 3440 1058 spiritu,
3461 989 3672 1061 iugiter
3704 1008 3847 1048 eum

2236 1077 2302 1132 ad
2331 1077 2453 1132 ﬁdei
2483 1077 2710 1148 gratiam
2745 1078 2798 1132 in
2826 1089 3009 1150 partes
3041 1080 3174 1137 istas
3219 1083 3668 1156 promulgandam
3697 1085 3847 1142 inci-

2238 1166 2410 1235 tabat,
2443 1174 2498 1220 et
2527 1174 2586 1220 ut
2628 1177 2806 1236 empta
2838 1183 2942 1221 non
2972 1169 3282 1236 desereret,
3324 1182 3547 1228 strenue
3588 1189 3846 1230 commo-

2238 1256 2420 1314 nebat.
2443 1257 2607 1328 Cujus
2635 1258 2814 1313 verbis
2837 1261 3252 1326 exhortatiouis,
3283 1273 3340 1319 et
3367 1266 3606 1321 maximo
3637 1267 3843 1325 ardore

2239 1349 2458 1410 mentis,
2486 1363 2593 1417 quo
2631 1349 2697 1402 ad
2727 1349 2830 1404 hoe
2859 1349 3123 1414 fervebat,
3158 1353 3257 1407 iste
3299 1353 3488 1410 beatus
3517 1357 3603 1410 vir
3633 1374 3846 1428 provo—

2242 1445 2415 1500 catus.
2451 1435 2820 1492 indubitanter
2847 1438 3006 1493 oﬁicii
3045 1441 3144 1495 sibi
3174 1443 3452 1498 commissi
3483 1460 3675 1499 curam
3711 1462 3848 1518 age-

2240 1530 2328 1585 bat
2359 1546 2372 1582 :
2401 1543 2499 1583 nec
2539 1529 2718 1600 aliqua
2749 1546 2984 1602 unquam
3019 1532 3476 1592 incommoditatis
3500 1538 3847 1596 adversitate

2242 1636 2273 1674 a
2302 1628 2480 1692 empto
2508 1636 2670 1692 opere
2696 1625 2866 1678 averti
2891 1631 3120 1694 poterat.
3153 1625 3224 1680 Et
3251 1626 3374 1682 licet
3398 1629 3690 1685 innumera
3721 1631 3846 1688 fue-

2241 1712 2353 1766 rint
2397 1713 2638 1782 praedicti
2690 1714 2970 1784 pontiﬁcis
3023 1717 3267 1772 suasoria
3326 1721 3566 1787 monita,
3643 1724 3846 1793 quibus

2163 1798 2214 1859 B
2241 1800 2403 1856 Pater
2446 1811 2633 1857 noster
2677 1803 2868 1859 intimo
2897 1807 3280 1862 consolabatur
3306 1811 3506 1880 gaudio
3528 1852 3544 1876 ,
3577 1811 3728 1868 illius
3764 1827 3844 1869 ta-

2245 1907 2369 1947 men
2393 1908 2606 1964 semper
2633 1895 3018 1951 recordabatur
3044 1898 3330 1963 sermonis,
3361 1916 3524 1969 quem
3567 1902 3639 1956 de
3684 1903 3844 1971 huius

2241 1984 2525 2055 legationis
2552 2001 2713 2041 causa
2741 1987 2793 2041 in
2819 1986 3008 2041 ultimo
3031 1987 3411 2044 collocutionis
3447 2006 3563 2046 sua:
3595 1992 3840 2051 habuere

2243 2083 2504 2146 tempore.
2534 2075 2668 2130 Nam
2699 2093 2822 2133 eum
2858 2078 3088 2133 domnus
3117 2080 3405 2151 episcopus
3435 2093 3648 2148 noster,
3683 2085 3839 2141 dinu-

2242 2167 2468 2222 meratis
2497 2168 2680 2223 multis
2705 2185 2825 2240 qua:
2869 2170 2971 2226 sibi
3010 2173 3351 2243 contigerant
3377 2177 3684 2248 angustiis,
3715 2181 3839 2248 quid

2242 2256 2309 2312 de
2330 2257 2520 2314 eadem
2559 2259 2829 2331 legatione
2869 2261 2971 2317 sibi
2997 2262 3274 2318 videretur
3304 2265 3478 2336 ipsum
3511 2269 3834 2337 requireret,

2241 2347 2562 2419 qualemque
2593 2351 3018 2407 consolationem
3055 2355 3157 2409 sibi
3184 2371 3346 2425 super
3380 2359 3485 2414 hoc
3517 2360 3709 2416 dicere
3733 2363 3839 2416 vel-

2241 2436 2336 2503 let,
2367 2439 2435 2492 ab
2461 2454 2527 2494 eo
2555 2440 2787 2497 sollicite
2817 2453 3173 2512 exposceret,
3204 2445 3294 2500 ille
3320 2449 3474 2516 quasi
3517 2450 3836 2518 prophetico

2241 2528 2456 2585 afﬂatus
2481 2531 2694 2601 spiritu,
2721 2534 3014 2603 respondit.
3068 2533 3262 2591 Certus
3286 2551 3407 2591 sum
3425 2579 3441 2600 ,
3470 2539 3685 2609 inquit,
3715 2542 3836 2610 quia

2241 2618 2385 2689 quod
2433 2634 2532 2675 nos
2573 2636 2671 2692 pro
2721 2621 2921 2677 Christi
2972 2624 3190 2680 nomine
3217 2625 3500 2682 elaborare
3548 2631 3833 2700 cepimus,

2241 2706 2569 2764 fructiﬁcare
2600 2710 2763 2766 habet
2785 2712 2837 2766 in
2865 2712 3114 2768 Domino.
3147 2713 3280 2770 Nam
3309 2717 3384 2772 ita
3413 2727 3498 2773 est
3526 2718 3670 2776 ﬁdes
3700 2735 3835 2787 mea,

2240 2810 2296 2854 et
2321 2801 2400 2855 sic
2428 2800 2657 2857 ﬁrmiter
2685 2804 2866 2868 credo,
2899 2804 3066 2860 immo
3095 2808 3364 2863 veraciter
3387 2811 3506 2865 seio
3541 2827 3556 2864 :
3593 2813 3754 2882 quia,
3786 2824 3837 2870 et

2240 2892 2284 2946 si
2308 2892 2595 2962 aliquando
2617 2905 2840 2966 propter
2853 2906 3074 2968 peccata
3096 2899 3494 2969 quodammodo
3516 2903 3833 2975 impeditum

2241 2981 2421 3047 fuerit,
2454 2986 2599 3054 quod
2627 3001 2724 3041 nos
2751 2987 2805 3042 in
2851 2987 2959 3043 illis
2985 2990 3249 3061 capimus
3275 2994 3570 3062 gentibus,
3606 3013 3716 3051 non
3762 3009 3833 3053 ta-

2247 3089 2372 3129 men
2409 3090 2645 3146 unquam
2682 3078 2896 3148 penitus
2935 3089 3298 3147 extenuetur,
3340 3085 3434 3138 sed
3479 3083 3832 3144 fructiﬁcahit

547 3159 1196 3266 et-vtauvtzeuprofeetionis'
1229 3190 1383 3245 valde
1413 3199 1556 3245 esset
1584 3189 1952 3254 voluntarius,
1984 3197 2038 3244 et
2068 3190 2134 3244 ad

2241 3164 2294 3219 iu
2341 3164 2434 3220 Dei
2482 3167 2654 3237 gratia
2693 3176 2747 3223 et
2774 3171 3197 3240 prosperabitur,
3227 3189 3507 3246 usquequo
3553 3181 3827 3248 perveniat

546 3297 764 3362 portum
815 3290 1172 3341 memoratum
1225 3279 1508 3336 Sleaswich
1554 3288 1826 3351 pergeret,
1875 3279 2136 3335 diabolica

547 3377 979 3440 machinatione,
1012 3375 1065 3429 in
1095 3373 1181 3428 via
1222 3372 1492 3428 Danorum
1525 3370 1968 3426 latrocinantium
1999 3370 2136 3426 insi-

532 3466 654 3526 ‘diis
683 3468 1048 3524 circumactus
1073 3505 1087 3528 ,
1130 3472 1187 3519 et
1214 3463 1298 3518 his
1327 3478 1447 3533 quae
1472 3462 1705 3517 habebat
1733 3461 2015 3532 spoliatus,
2053 3461 2140 3517 die

551 3560 955 3632 Assumptionis
985 3567 1186 3614 sancta:
1201 3556 1384 3612 Maria:
1410 3556 1524 3627 ipse
1551 3571 1766 3625 quoque
1795 3555 2020 3609 inbonae
2041 3569 2139 3609 vo-

548 3652 773 3708 luntatis
802 3666 964 3707 cursu
995 3648 1224 3705 feliciter
1257 3653 1663 3704 consummatus
1701 3653 1803 3701 est.
1832 3643 1984 3712 Quod
2013 3660 2138 3700 eum

547 3744 740 3800 Domni
790 3741 1027 3813 episcopi
1072 3741 1312 3796 animum
1360 3739 1527 3794 nimio
1574 3737 1839 3793 affecisset
1881 3751 2136 3803 maerore,

547 3848 890 3904 nequaquam
919 3842 1098 3887 tamen
1126 3847 1156 3886 a
1185 3839 1364 3900 empta
1396 3830 1601 3886 retrahi
1627 3829 1803 3898 potuit
1829 3828 2134 3883 voluntate:

546 3939 736 3980 verum
785 3923 839 3978 iu
880 3924 984 3978 hoc
1011 3938 1145 3993 opus
1172 3922 1338 3976 alium
1374 3921 1647 3976 ordinavit
1678 3921 1964 3989 episcopus
2003 3918 2140 3974 Pre-

550 4015 854 4086 sbyterum,
899 4028 968 4068 ex
1011 4023 1170 4084 gente
1217 4013 1487 4068 Danorum
1525 4013 1884 4083 progenitum,
1921 4010 2139 4065 nomine

551 4104 892 4161 Rimbertum
925 4116 976 4168 ι,
1005 4117 1163 4172 quem
1193 4117 1317 4156 cum
1345 4102 1412 4155 ad
1449 4100 1568 4155 illas
1599 4109 1781 4171 partes
1809 4115 1909 4170 pro
1937 4099 2138 4155 Christi

554 4194 774 4251 nomine
812 4191 1158 4257 destinasset,
1207 4189 1435 4262 benigne
1483 4189 1556 4245 ibi
1600 4205 1630 4244 a
1681 4204 1805 4262 rege
1848 4199 1904 4244 et
1944 4188 2139 4259 populo

552 4292 868 4354 susceptus,
917 4282 1094 4338 divina
1135 4282 1276 4352 apud
1316 4297 1410 4336 eos
1441 4281 1698 4352 mysteria
1740 4280 2002 4351 largiente
2036 4281 2140 4336 Do-

495 4424 516 4434 ..
553 4374 704 4432 mino
735 4373 901 4430 libere
931 4374 1192 4429 hactenus
1215 4371 1528 4428 celebravit.
1558 4371 1798 4441 Denique
1825 4381 1882 4426 et
1915 4373 2036 4443 ipsi,
2067 4372 2140 4428 si-

553 4471 648 4520 cut
675 4471 731 4518 et
753 4462 985 4528 caeteris,
1016 4478 1152 4532 quos
1178 4462 1320 4517 inter
1345 4477 1585 4534 paganos
1611 4472 1736 4518 ante
1757 4463 2136 4530 constituerat,

2241 3269 2437 3311 nomen
2467 3257 2680 3314 Domini
2707 3259 2774 3312 ad
2803 3259 2938 3314 ﬁnes
2958 3261 3106 3316 orbis
3130 3272 3304 3318 terrae.
3332 3265 3460 3321 Haec
3486 3269 3674 3337 itaque
3702 3270 3832 3327 ﬁdes

2240 3345 2343 3401 fuit
2365 3361 2584 3413 eorum,
2615 3349 2719 3406 hac
2745 3350 3021 3408 voluntate
3057 3363 3367 3410 exterarum
3408 3360 3640 3430 gentium
3690 3363 3832 3418 ﬁnes

2239 3438 2542 3508 petierunt,
2567 3441 2728 3511 hujus
2758 3441 3033 3513 religionis
3059 3460 3242 3501 amore
3266 3462 3365 3517 pro
3393 3448 3624 3504 Domino
3653 3463 3832 3508 certa-

2241 3539 2454 3598 verunt,
2477 3549 2507 3586 a
2529 3549 2636 3604 quo
2655 3545 2709 3590 et
2732 3538 3013 3606 praemium
3041 3537 3243 3594 laboris
3267 3543 3349 3596 sui
3376 3542 3494 3598 sine
3515 3544 3688 3600 dubio
3715 3561 3828 3615 per-

2241 3629 2445 3697 cepturi
2487 3640 2631 3684 sunt.
2683 3629 2854 3698 Hujus
2902 3632 3202 3688 devotionis
3237 3635 3489 3691 voluntas
3537 3639 3612 3694 ab
3656 3641 3826 3694 animo

2242 3719 2452 3774 Domini
2487 3730 2543 3776 et
2567 3721 2743 3777 Patris
2769 3724 2940 3779 nostri
2973 3742 3245 3796 nunquam
3271 3729 3517 3793 recessit,
3540 3740 3599 3784 et
3628 3747 3722 3802 pro
3745 3748 3826 3787 sa-

2240 3808 2350 3866 lute
2378 3812 2616 3882 gentium
2657 3829 2931 3886 nunquam
2976 3832 3134 3872 orare
3180 3820 3414 3874 cessavit
3448 3823 3626 3892 :quin
3658 3827 3828 3895 potius

2241 3920 2363 3960 cum
2403 3905 2620 3961 assidua
2669 3904 2782 3962 fere
2833 3908 3134 3978 piratarum
3185 3912 3573 3978 infestatione,
3601 3931 3724 3985 qua:
3765 3933 3825 3972 ex

2241 3997 2491 4068 gentibus
2527 3998 2639 4070 iam
2680 3999 2839 4056 dictis
2862 4002 3140 4069 veniebat,
3172 4007 3426 4076 parochia
3461 4008 3612 4064 illius
3649 4011 3702 4065 in
3731 4013 3826 4065 cir-

2241 4087 2388 4142 cuitu
2421 4096 2757 4158 vastaretur,
2803 4109 2867 4148 ac
2896 4093 3099 4150 familia
3129 4097 3482 4167 diriperetur;
3518 4100 3613 4156 ille
3660 4113 3826 4159 tamen

2239 4193 2340 4247 pro
2368 4180 2784 4239 adversantibus
2813 4193 2867 4240 et
2894 4186 3272 4245 insidiantibus
3314 4191 3413 4244 sibi
3453 4191 3670 4262 iugiter
3711 4211 3825 4249 exo-

2241 4271 2417 4337 rabat,
2441 4280 2497 4327 et
2520 4288 2617 4342 pro
2645 4276 3000 4332 conversione
3023 4293 3210 4333 eorum
3254 4281 3343 4348 qui
3375 4281 3478 4335 sibi
3521 4284 3824 4340 malefacie-

2241 4357 2390 4425 bant,
2417 4363 2556 4431 apud
2586 4361 2681 4416 Dei
2727 4364 3149 4420 misericordiam
3181 4368 3297 4422 sine
3335 4371 3652 4426 cessatione
3684 4390 3826 4444 roga-

2242 4450 2365 4514 bat;
2397 4463 2586 4522 petens
2625 4469 2694 4509 ne
2733 4464 3064 4514 statueretur
3090 4459 3194 4515 illis
3241 4460 3294 4515 in
3343 4472 3670 4532 peccatum,
3697 4466 3828 4536 quod

555 4553 893 4611 denuntiavit
919 4529 1291 4607 sacerdotibus
1308 4592 1323 4619 ,
1346 4529 1443 4606 iut'
1464 4552 1660 4607 nullius
1705 4553 1906 4624 aliquid
1935 4529 2133 4610 coueué

2242 4542 2555 4613 ignorantes
2597 4545 2691 4601 Dei
2728 4547 3026 4618 iustitiam,
3061 4563 3246 4606 errore
3287 4529 3557 4609 diabolico
3605 4529 3829 4628 decepti,

553 4646 803 4718 pisceret,
829 4660 1003 4715 neque
1027 4654 1235 4715 peteret
1267 4664 1280 4700 :
1311 4646 1407 4701 sed
1433 4655 1491 4700 ut
1522 4646 1693 4717 magis
1722 4647 1970 4718 exemplo
1994 4647 2136 4704 beati

553 4735 704 4792 Pauli
737 4735 999 4806 apostoli,
1030 4734 1131 4804 ipsi
1178 4749 1395 4806 quoque
1429 4735 1681 4790 manibus
1708 4734 2049 4800 laborarent,
2084 4744 2141 4793 et

551 4831 697 4886 victu
733 4846 797 4885 ae
825 4829 1148 4884 vestimento
1191 4827 1427 4883 contenti
1456 4836 1659 4892 essent,
1691 4828 1779 4897 pie
1824 4843 1918 4884 eos
1944 4828 2142 4883 adhor-

552 4929 700 4977 tatus
724 4929 808 4976 est
833 4937 846 4973 :
877 4919 1070 4990 quibus
1097 4927 1276 4974 tamen
1307 4919 1436 4988 ipse
1481 4927 1538 4973 et
1583 4918 1906 4986 sequacibus
1929 4933 2134 4984 eorum,

551 5009 812 5082 quidquid
845 5009 1209 5065 necessarium
1246 5009 1536 5073 habebant,
1587 5007 1808 5077 insuper
1843 5016 1899 5064 et
1927 5007 1973 5062 si
2006 5007 2137 5078 quid

551 5115 654 5172 pro
678 5099 870 5155 amicis
896 5101 1240 5170 acquirendis
1283 5099 1518 5155 dandum
1548 5109 1701 5167 erat,
1735 5101 1802 5155 de
1841 5114 1940 5156 suo
1968 5101 2136 5155 abun-

554 5192 750 5248 danter
775 5191 1134 5248 ministrabat.

553 5283 879 5339 Ancharius
907 5283 972 5336 ab
997 5283 1176 5338 Ebone
1203 5285 1483 5339 identidem
1510 5285 1873 5355 conﬁrmatur.
1902 5283 2134 5339 Adversa

1087 5355 1186 5424 fert
1216 5372 1363 5426 a'quo
1396 5357 1593 5410 animo.

623 5452 715 5512 56.
739 5453 908 5511 Porro
952 5455 1094 5511 inter
1137 5456 1238 5511 bas
1274 5457 1600 5528 multiplices
1637 5457 1923 5528 variasque
1965 5472 2135 5528 angu-

555 5545 783 5604 stiarum
810 5563 1112 5619 pressuras,
1148 5562 1312 5620 quas,
1356 5549 1434 5604 uti
1480 5551 2042 5616 commemoravimus,
2071 5552 2138 5607 de

630 5697 657 5726 ι
684 5682 996 5756 Bimbertus
1025 5686 1128 5743 iste
1174 5685 1456 5756 presbyter
1497 5684 1634 5740 alius
1674 5695 1757 5743 est
1798 5701 1831 5741 a
1860 5685 2140 5743 Rimberto

559 5750 808 5824 diacono,
835 5755 1118 5812 Anseharii
1142 5750 1428 5827 discipulo,
1451 5771 1763 5814 successore
1780 5767 1834 5813 et
1858 5772 2135 5828 pracone:

2241 4636 2671 4694 Christianorum
2707 4642 2866 4697 rebus
2905 4655 3082 4698 essent
3133 4642 3331 4699 infesti.
3369 4644 3533 4715 Cujus
3573 4651 3833 4705 sollicitu-

2242 4727 2384 4782 dinis
2411 4745 2570 4785 causa
2611 4731 2666 4784 in
2697 4739 2902 4786 tantum
2931 4731 3208 4800 fervebat,
3236 4744 3295 4789 ut
3323 4737 3489 4790 etiam
3519 4739 3576 4792 in
3612 4741 3833 4795 inlimi—

2243 4826 2353 4874 tate
2377 4821 2586 4890 positus
2615 4822 2927 4887 novissima,
2946 4823 3059 4895 iam
3083 4825 3238 4881 dieue
3260 4842 3371 4881 sua:
3394 4827 3692 4899 legationis
3713 4848 3835 4886 cau-

2242 4924 2356 4964 sam
2388 4925 2661 4981 nunquam
2697 4921 2856 4967 antea
2897 4921 3130 4969 tractare
3173 4924 3226 4970 et
3251 4917 3536 4987 disponere
3562 4921 3831 4985 omiserit,

2241 5016 2520 5071 quousque
2547 5003 2792 5059 ultimum
2820 5007 3159 5062 exbalaverit
3187 5009 3434 5077 spiritum
3465 5011 3618 5066 vitae.
3645 5014 3704 5068 In
3731 5028 3834 5085 quo

2239 5091 2517 5164 religionis
2541 5095 2734 5151 ardore
2760 5111 2788 5149 a
2813 5096 3010 5152 saeculo
3029 5109 3334 5168 susceptus,
3359 5101 3662 5168 credimus,
3696 5103 3833 5174 quod

2237 5183 2474 5240 maxima
2499 5200 2679 5240 secum
2705 5189 2994 5244 comitante
3024 5187 3260 5246 ﬁdelium
3295 5191 3670 5259 multitudine,
3705 5212 3834 5266 quos

2237 5287 2305 5327 ex
2335 5284 2492 5344 gente
2522 5277 2790 5331 Danorum
2820 5287 2983 5349 atque
3021 5279 3292 5336 Sueonum
3328 5283 3556 5338 Domino
3590 5284 3833 5341 lucratus

2238 5361 2434 5430 fuerat,
2459 5365 2672 5420 initium
2715 5367 2841 5423 boni
2878 5370 3194 5426 certaminis
3233 5369 3410 5438 illius;
3435 5373 3626 5428 divina
3657 5390 3831 5429 rentu-

2237 5465 2464 5511 nerante
2503 5456 2823 5524 clementia,
2869 5459 2925 5515 in
2969 5460 3058 5517 die
3097 5464 3511 5520 resurrectionis
3555 5468 3831 5533 omnium,

2239 5546 2470 5620 gloriose
2495 5557 2550 5604 et
2573 5549 2802 5606 feliciter
2824 5565 2988 5624 regna
3015 5556 3340 5624 penetravit.

2282 5686 2439 5812 uibar:
2465 5687 2682 5829 sdlupolgus
2713 5688 2850 5747 alius
2889 5689 3098 5746 accedit
3128 5689 3492 5762 Raginbertus
3517 5694 3829 5766 presbyta,

2282 5774 2364 5826 eq
2492 5775 2506 5811 ι
2569 5775 2594 5811 r
2633 5798 2644 5812 .

2281 5774 2311 5814 e
2330 5774 2435 5826 quo
2465 5774 2644 5826 supra.
