  <div class='ocr_page' id='page_1' title='image "/cluster/home/n/w/nwhite01/storage/ocr_20150623/118/hvd.32044015466907/506.png"; bbox 0 0 4020 6338; ppageno 0'>
   <div class='ocr_carea' id='block_1_1' title="bbox 212 371 338 428">
    <p class='ocr_par' dir='ltr' id='par_1_1' title="bbox 212 371 338 428">
     <span class='ocr_line' id='line_1_1' title="bbox 212 371 338 428; baseline -0.008 0"><span class='ocrx_word' id='word_1_1' title='bbox 212 371 338 428; x_wconf 68' lang='grc'><strong>1001</strong></span> 
     </span>
    </p>
   </div>
   <div class='ocr_carea' id='block_1_2' title="bbox 1750 367 1926 422">
    <p class='ocr_par' dir='ltr' id='par_1_2' title="bbox 1750 367 1926 422">
     <span class='ocr_line' id='line_1_2' title="bbox 1750 367 1926 422; baseline -0.006 0"><span class='ocrx_word' id='word_1_2' title='bbox 1750 367 1900 422; x_wconf 78' lang='lat' dir='ltr'><strong>VI&#39;I&#39;A</strong></span> <span class='ocrx_word' id='word_1_3' title='bbox 1913 406 1926 421; x_wconf 96' lang='lat'><strong>.</strong></span> 
     </span>
    </p>
   </div>
   <div class='ocr_carea' id='block_1_3' title="bbox 3351 358 3491 432">
    <p class='ocr_par' dir='ltr' id='par_1_3' title="bbox 3351 358 3491 432">
     <span class='ocr_line' id='line_1_3' title="bbox 3351 358 3491 432; baseline 0.014 -2"><span class='ocrx_word' id='word_1_4' title='bbox 3351 358 3491 432; x_wconf 67' lang='lat' dir='ltr'><strong>100&#39;s</strong></span> 
     </span>
    </p>
   </div>
   <div class='ocr_carea' id='block_1_4' title="bbox 207 463 3489 557">
    <p class='ocr_par' dir='ltr' id='par_1_4' title="bbox 207 463 3489 557">
     <span class='ocr_line' id='line_1_4' title="bbox 207 463 3489 557; baseline -0.001 -15"><span class='ocrx_word' id='word_1_5' title='bbox 207 485 527 557; x_wconf 6' lang='lat' dir='ltr'><strong>Amcltaﬁrius</strong></span> <span class='ocrx_word' id='word_1_6' title='bbox 553 487 851 557; x_wconf 59' lang='lat' dir='ltr'><strong>monachus</strong></span> <span class='ocrx_word' id='word_1_7' title='bbox 889 487 1128 557; x_wconf 80' lang='lat' dir='ltr'><strong>probus;</strong></span> <span class='ocrx_word' id='word_1_8' title='bbox 1158 485 1782 557; x_wconf 73' lang='lat' dir='ltr'><strong>episcopus_san_ctorunt</strong></span> <span class='ocrx_word' id='word_1_9' title='bbox 1814 481 1866 541; x_wconf 79' lang='grc' dir='ltr'><strong>Α</strong></span> <span class='ocrx_word' id='word_1_10' title='bbox 1891 477 2134 534; x_wconf 89' lang='lat' dir='ltr'><strong>convalle</strong></span> <span class='ocrx_word' id='word_1_11' title='bbox 2152 463 2512 548; x_wconf 81' lang='lat' dir='ltr'><strong>lacrymarum</strong></span> <span class='ocrx_word' id='word_1_12' title='bbox 2533 484 2851 546; x_wconf 89' lang='lat' dir='ltr'><strong>procreatus</strong></span> <span class='ocrx_word' id='word_1_13' title='bbox 2876 478 2980 533; x_wconf 89' lang='lat' dir='ltr'><strong>sit?</strong></span> <span class='ocrx_word' id='word_1_14' title='bbox 3004 486 3059 534; x_wconf 90' lang='lat' dir='ltr'><strong>et</strong></span> <span class='ocrx_word' id='word_1_15' title='bbox 3077 480 3336 552; x_wconf 85' lang='lat' dir='ltr'><strong>quidquid</strong></span> <span class='ocrx_word' id='word_1_16' title='bbox 3358 485 3489 542; x_wconf 89' lang='lat' dir='ltr'><strong>boni</strong></span> 
     </span>
    </p>
   </div>
   <div class='ocr_carea' id='block_1_5' title="bbox 261 553 1729 612">
    <p class='ocr_par' dir='ltr' id='par_1_5' title="bbox 261 553 1729 612">
     <span class='ocr_line' id='line_1_5' title="bbox 261 553 1729 612; baseline -0.005 0"><span class='ocrx_word' id='word_1_17' title='bbox 261 556 503 612; x_wconf 76' lang='lat' dir='ltr'><strong>wmulus.</strong></span> <span class='ocrx_word' id='word_1_18' title='bbox 535 554 720 612; x_wconf 84' lang='lat' dir='ltr'><strong>Cilicio</strong></span> <span class='ocrx_word' id='word_1_19' title='bbox 749 553 962 612; x_wconf 68' lang='lat' dir='ltr'><strong>assidite</strong></span> <span class='ocrx_word' id='word_1_20' title='bbox 984 557 1170 610; x_wconf 86' lang='lat' dir='ltr'><strong>utitur.</strong></span> <span class='ocrx_word' id='word_1_21' title='bbox 1189 553 1350 611; x_wconf 47' lang='lat' dir='ltr'><strong>&#39;Amat</strong></span> <span class='ocrx_word' id='word_1_22' title='bbox 1372 553 1729 608; x_wconf 75' lang='lat' dir='ltr'><strong>solitudinem.</strong></span> 
     </span>
    </p>
   </div>
   <div class='ocr_carea' id='block_1_6' title="bbox 276 663 1796 738">
    <p class='ocr_par' dir='ltr' id='par_1_6' title="bbox 276 663 1796 738">
     <span class='ocr_line' id='line_1_6' title="bbox 276 663 1796 738; baseline -0.007 -13"><span class='ocrx_word' id='word_1_23' title='bbox 276 669 366 725; x_wconf 81' lang='grc'><strong>57.</strong></span> <span class='ocrx_word' id='word_1_24' title='bbox 397 668 542 724; x_wconf 89' lang='lat' dir='ltr'><strong>Sane</strong></span> <span class='ocrx_word' id='word_1_25' title='bbox 583 669 710 738; x_wconf 89' lang='lat' dir='ltr'><strong>quia</strong></span> <span class='ocrx_word' id='word_1_26' title='bbox 745 668 812 724; x_wconf 93' lang='lat' dir='ltr'><strong>de</strong></span> <span class='ocrx_word' id='word_1_27' title='bbox 856 665 1145 738; x_wconf 90' lang='lat' dir='ltr'><strong>legationis</strong></span> <span class='ocrx_word' id='word_1_28' title='bbox 1185 663 1301 734; x_wconf 90' lang='lat' dir='ltr'><strong>ejus</strong></span> <span class='ocrx_word' id='word_1_29' title='bbox 1347 679 1512 720; x_wconf 91' lang='lat' dir='ltr'><strong>causa</strong></span> <span class='ocrx_word' id='word_1_30' title='bbox 1550 671 1605 718; x_wconf 89' lang='lat' dir='ltr'><strong>et</strong></span> <span class='ocrx_word' id='word_1_31' title='bbox 1640 674 1796 725; x_wconf 90' lang='lat' dir='ltr'><strong>cura,</strong></span> 
     </span>
    </p>
   </div>
   <div class='ocr_carea' id='block_1_7' title="bbox 206 754 1793 831">
    <p class='ocr_par' dir='ltr' id='par_1_7' title="bbox 206 754 1793 831">
     <span class='ocr_line' id='line_1_7' title="bbox 206 754 1793 831; baseline -0.004 -17"><span class='ocrx_word' id='word_1_32' title='bbox 206 775 312 831; x_wconf 92' lang='lat' dir='ltr'><strong>qua</strong></span> <span class='ocrx_word' id='word_1_33' title='bbox 359 759 493 815; x_wconf 92' lang='lat' dir='ltr'><strong>alios</strong></span> <span class='ocrx_word' id='word_1_34' title='bbox 543 775 763 816; x_wconf 85' lang='lat' dir='ltr'><strong>servare</strong></span> <span class='ocrx_word' id='word_1_35' title='bbox 807 759 1098 830; x_wconf 91' lang='lat' dir='ltr'><strong>cupiebat,</strong></span> <span class='ocrx_word' id='word_1_36' title='bbox 1154 757 1323 812; x_wconf 91' lang='lat' dir='ltr'><strong>multa</strong></span> <span class='ocrx_word' id='word_1_37' title='bbox 1364 756 1477 828; x_wconf 90' lang='lat' dir='ltr'><strong>jam</strong></span> <span class='ocrx_word' id='word_1_38' title='bbox 1527 754 1793 820; x_wconf 81' lang='lat' dir='ltr'><strong>diximus;</strong></span> 
     </span>
    </p>
   </div>
   <div class='ocr_carea' id='block_1_8' title="bbox 207 843 1800 922">
    <p class='ocr_par' dir='ltr' id='par_1_8' title="bbox 207 843 1800 922">
     <span class='ocr_line' id='line_1_8' title="bbox 207 843 1800 922; baseline -0.005 -16"><span class='ocrx_word' id='word_1_39' title='bbox 207 850 385 922; x_wconf 84' lang='lat' dir='ltr'><strong>qualis</strong></span> <span class='ocrx_word' id='word_1_40' title='bbox 431 851 486 904; x_wconf 90' lang='lat' dir='ltr'><strong>in</strong></span> <span class='ocrx_word' id='word_1_41' title='bbox 528 850 847 920; x_wconf 78' lang='lat' dir='ltr'><strong>semetipso,</strong></span> <span class='ocrx_word' id='word_1_42' title='bbox 885 857 942 905; x_wconf 90' lang='lat' dir='ltr'><strong>et</strong></span> <span class='ocrx_word' id='word_1_43' title='bbox 968 865 1068 920; x_wconf 90' lang='lat' dir='ltr'><strong>pro</strong></span> <span class='ocrx_word' id='word_1_44' title='bbox 1109 846 1283 902; x_wconf 90' lang='lat' dir='ltr'><strong>salute</strong></span> <span class='ocrx_word' id='word_1_45' title='bbox 1327 845 1560 916; x_wconf 82' lang='lat' dir='ltr'><strong>propriae</strong></span> <span class='ocrx_word' id='word_1_46' title='bbox 1603 843 1800 899; x_wconf 84' lang='lat' dir='ltr'><strong>animae</strong></span> 
     </span>
    </p>
   </div>
   <div class='ocr_carea' id='block_1_9' title="bbox 208 933 1799 1012">
    <p class='ocr_par' dir='ltr' id='par_1_9' title="bbox 208 933 1799 1012">
     <span class='ocr_line' id='line_1_9' title="bbox 208 933 1799 1012; baseline -0.005 -15"><span class='ocrx_word' id='word_1_47' title='bbox 208 941 513 1007; x_wconf 80' lang='lat' dir='ltr'><strong>exstiterit,</strong></span> <span class='ocrx_word' id='word_1_48' title='bbox 564 942 903 1012; x_wconf 83' lang='lat' dir='ltr'><strong>qualiterque</strong></span> <span class='ocrx_word' id='word_1_49' title='bbox 941 955 1139 1011; x_wconf 90' lang='lat' dir='ltr'><strong>corpus</strong></span> <span class='ocrx_word' id='word_1_50' title='bbox 1172 953 1330 995; x_wconf 88' lang='lat' dir='ltr'><strong>suum</strong></span> <span class='ocrx_word' id='word_1_51' title='bbox 1371 936 1643 1002; x_wconf 84' lang='lat' dir='ltr'><strong>alllixerit,</strong></span> <span class='ocrx_word' id='word_1_52' title='bbox 1683 933 1799 1004; x_wconf 87' lang='lat' dir='ltr'><strong>jam</strong></span> 
     </span>
    </p>
   </div>
   <div class='ocr_carea' id='block_1_10' title="bbox 208 1026 1800 1102">
    <p class='ocr_par' dir='ltr' id='par_1_10' title="bbox 208 1026 1800 1102">
     <span class='ocr_line' id='line_1_10' title="bbox 208 1026 1800 1102; baseline -0.003 -16"><span class='ocrx_word' id='word_1_53' title='bbox 208 1046 356 1086; x_wconf 91' lang='lat' dir='ltr'><strong>nunc</strong></span> <span class='ocrx_word' id='word_1_54' title='bbox 384 1038 596 1102; x_wconf 85' lang='lat' dir='ltr'><strong>tempus</strong></span> <span class='ocrx_word' id='word_1_55' title='bbox 623 1040 708 1087; x_wconf 89' lang='lat' dir='ltr'><strong>est</strong></span> <span class='ocrx_word' id='word_1_56' title='bbox 735 1031 1047 1087; x_wconf 88' lang='lat' dir='ltr'><strong>enarrandi.</strong></span> <span class='ocrx_word' id='word_1_57' title='bbox 1071 1029 1258 1097; x_wconf 85' lang='lat' dir='ltr'><strong>Qualis</strong></span> <span class='ocrx_word' id='word_1_58' title='bbox 1280 1043 1513 1099; x_wconf 89' lang='lat' dir='ltr'><strong>namque</strong></span> <span class='ocrx_word' id='word_1_59' title='bbox 1540 1026 1680 1098; x_wconf 92' lang='lat' dir='ltr'><strong>apud</strong></span> <span class='ocrx_word' id='word_1_60' title='bbox 1702 1041 1800 1082; x_wconf 92' lang='lat' dir='ltr'><strong>vos</strong></span> 
     </span>
    </p>
   </div>
   <div class='ocr_carea' id='block_1_11' title="bbox 209 1117 1802 1180">
    <p class='ocr_par' dir='ltr' id='par_1_11' title="bbox 209 1117 1802 1180">
     <span class='ocr_line' id='line_1_11' title="bbox 209 1117 1802 1180; baseline -0.003 -2"><span class='ocrx_word' id='word_1_61' title='bbox 209 1124 263 1178; x_wconf 91' lang='lat' dir='ltr'><strong>in</strong></span> <span class='ocrx_word' id='word_1_62' title='bbox 294 1127 628 1180; x_wconf 90' lang='lat' dir='ltr'><strong>monasterio</strong></span> <span class='ocrx_word' id='word_1_63' title='bbox 671 1125 724 1178; x_wconf 91' lang='lat' dir='ltr'><strong>in</strong></span> <span class='ocrx_word' id='word_1_64' title='bbox 758 1124 905 1179; x_wconf 91' lang='lat' dir='ltr'><strong>omni</strong></span> <span class='ocrx_word' id='word_1_65' title='bbox 945 1122 1246 1179; x_wconf 88' lang='lat' dir='ltr'><strong>devotionis</strong></span> <span class='ocrx_word' id='word_1_66' title='bbox 1290 1137 1402 1177; x_wconf 62' lang='lat' dir='ltr'><strong>sua:</strong></span> <span class='ocrx_word' id='word_1_67' title='bbox 1443 1120 1622 1176; x_wconf 89' lang='lat' dir='ltr'><strong>studio</strong></span> <span class='ocrx_word' id='word_1_68' title='bbox 1639 1117 1802 1174; x_wconf 78' lang='lat' dir='ltr'><strong>eﬂ&#39;ul-</strong></span> 
     </span>
    </p>
   </div>
   <div class='ocr_carea' id='block_1_12' title="bbox 209 1213 1802 1286">
    <p class='ocr_par' dir='ltr' id='par_1_12' title="bbox 209 1213 1802 1286">
     <span class='ocr_line' id='line_1_12' title="bbox 209 1213 1802 1286; baseline -0.002 -16"><span class='ocrx_word' id='word_1_69' title='bbox 209 1215 362 1281; x_wconf 90' lang='lat' dir='ltr'><strong>serit,</strong></span> <span class='ocrx_word' id='word_1_70' title='bbox 388 1215 546 1272; x_wconf 83' lang='lat' dir='ltr'><strong>vobis</strong></span> <span class='ocrx_word' id='word_1_71' title='bbox 571 1216 774 1286; x_wconf 90' lang='lat' dir='ltr'><strong>optime</strong></span> <span class='ocrx_word' id='word_1_72' title='bbox 795 1226 880 1272; x_wconf 87' lang='lat' dir='ltr'><strong>est</strong></span> <span class='ocrx_word' id='word_1_73' title='bbox 909 1224 1263 1285; x_wconf 90' lang='lat' dir='ltr'><strong>compertum.</strong></span> <span class='ocrx_word' id='word_1_74' title='bbox 1300 1213 1525 1278; x_wconf 91' lang='lat' dir='ltr'><strong>Tamen,</strong></span> <span class='ocrx_word' id='word_1_75' title='bbox 1566 1222 1627 1268; x_wconf 90' lang='lat' dir='ltr'><strong>ut</strong></span> <span class='ocrx_word' id='word_1_76' title='bbox 1651 1213 1802 1268; x_wconf 90' lang='lat' dir='ltr'><strong>audi-</strong></span> 
     </span>
    </p>
   </div>
   <div class='ocr_carea' id='block_1_13' title="bbox 213 1303 1804 1378">
    <p class='ocr_par' dir='ltr' id='par_1_13' title="bbox 213 1303 1804 1378">
     <span class='ocr_line' id='line_1_13' title="bbox 213 1303 1804 1378; baseline -0.003 -17"><span class='ocrx_word' id='word_1_77' title='bbox 213 1317 327 1361; x_wconf 92' lang='lat' dir='ltr'><strong>tum</strong></span> <span class='ocrx_word' id='word_1_78' title='bbox 363 1307 646 1372; x_wconf 85' lang='lat' dir='ltr'><strong>habemus,</strong></span> <span class='ocrx_word' id='word_1_79' title='bbox 679 1306 795 1378; x_wconf 90' lang='lat' dir='ltr'><strong>ipse</strong></span> <span class='ocrx_word' id='word_1_80' title='bbox 821 1305 1136 1361; x_wconf 86' lang='lat' dir='ltr'><strong>adolescens</strong></span> <span class='ocrx_word' id='word_1_81' title='bbox 1177 1314 1232 1360; x_wconf 91' lang='lat' dir='ltr'><strong>et</strong></span> <span class='ocrx_word' id='word_1_82' title='bbox 1250 1303 1467 1373; x_wconf 85' lang='lat' dir='ltr'><strong>juvenis</strong></span> <span class='ocrx_word' id='word_1_83' title='bbox 1501 1305 1722 1360; x_wconf 82' lang='lat' dir='ltr'><strong>senibus</strong></span> <span class='ocrx_word' id='word_1_84' title='bbox 1748 1310 1804 1358; x_wconf 92' lang='lat' dir='ltr'><strong>et</strong></span> 
     </span>
    </p>
   </div>
   <div class='ocr_carea' id='block_1_14' title="bbox 211 1395 1802 1470">
    <p class='ocr_par' dir='ltr' id='par_1_14' title="bbox 211 1395 1802 1470">
     <span class='ocr_line' id='line_1_14' title="bbox 211 1395 1802 1470; baseline -0.002 -18"><span class='ocrx_word' id='word_1_85' title='bbox 211 1397 516 1470; x_wconf 59' lang='lat' dir='ltr'><strong>grandaevis</strong></span> <span class='ocrx_word' id='word_1_86' title='bbox 571 1397 851 1452; x_wconf 88' lang='lat' dir='ltr'><strong>mirandus</strong></span> <span class='ocrx_word' id='word_1_87' title='bbox 892 1396 1177 1453; x_wconf 86' lang='lat' dir='ltr'><strong>videbatur</strong></span> <span class='ocrx_word' id='word_1_88' title='bbox 1221 1405 1278 1452; x_wconf 89' lang='lat' dir='ltr'><strong>et</strong></span> <span class='ocrx_word' id='word_1_89' title='bbox 1322 1395 1635 1451; x_wconf 85' lang='lat' dir='ltr'><strong>imitandus.</strong></span> <span class='ocrx_word' id='word_1_90' title='bbox 1683 1395 1802 1450; x_wconf 83' lang='lat' dir='ltr'><strong>Jam</strong></span> 
     </span>
    </p>
   </div>
   <div class='ocr_carea' id='block_1_15' title="bbox 214 1485 1804 1559">
    <p class='ocr_par' dir='ltr' id='par_1_15' title="bbox 214 1485 1804 1559">
     <span class='ocr_line' id='line_1_15' title="bbox 214 1485 1804 1559; baseline -0.001 -19"><span class='ocrx_word' id='word_1_91' title='bbox 214 1503 345 1544; x_wconf 88' lang='lat' dir='ltr'><strong>vero</strong></span> <span class='ocrx_word' id='word_1_92' title='bbox 374 1497 589 1557; x_wconf 91' lang='lat' dir='ltr'><strong>sumpto</strong></span> <span class='ocrx_word' id='word_1_93' title='bbox 614 1489 754 1558; x_wconf 92' lang='lat' dir='ltr'><strong>apud</strong></span> <span class='ocrx_word' id='word_1_94' title='bbox 797 1503 898 1543; x_wconf 91' lang='lat' dir='ltr'><strong>nos</strong></span> <span class='ocrx_word' id='word_1_95' title='bbox 921 1488 1255 1559; x_wconf 88' lang='lat' dir='ltr'><strong>episcopatu,</strong></span> <span class='ocrx_word' id='word_1_96' title='bbox 1287 1488 1392 1542; x_wconf 92' lang='lat' dir='ltr'><strong>hoc</strong></span> <span class='ocrx_word' id='word_1_97' title='bbox 1413 1486 1633 1542; x_wconf 89' lang='lat' dir='ltr'><strong>omnino</strong></span> <span class='ocrx_word' id='word_1_98' title='bbox 1661 1485 1804 1556; x_wconf 88' lang='lat' dir='ltr'><strong>quod</strong></span> 
     </span>
    </p>
   </div>
   <div class='ocr_carea' id='block_1_16' title="bbox 215 1579 1807 1647">
    <p class='ocr_par' dir='ltr' id='par_1_16' title="bbox 215 1579 1807 1647">
     <span class='ocr_line' id='line_1_16' title="bbox 215 1579 1807 1647; baseline -0.003 -13"><span class='ocrx_word' id='word_1_99' title='bbox 215 1580 268 1634; x_wconf 92' lang='lat' dir='ltr'><strong>in</strong></span> <span class='ocrx_word' id='word_1_100' title='bbox 304 1579 636 1634; x_wconf 88' lang='lat' dir='ltr'><strong>monasterio</strong></span> <span class='ocrx_word' id='word_1_101' title='bbox 662 1579 1036 1646; x_wconf 89' lang='lat' dir='ltr'><strong>inchoaverat,</strong></span> <span class='ocrx_word' id='word_1_102' title='bbox 1065 1580 1239 1635; x_wconf 91' lang='lat' dir='ltr'><strong>modis</strong></span> <span class='ocrx_word' id='word_1_103' title='bbox 1262 1579 1514 1634; x_wconf 89' lang='lat' dir='ltr'><strong>omnibus</strong></span> <span class='ocrx_word' id='word_1_104' title='bbox 1549 1590 1807 1647; x_wconf 80' lang='lat' dir='ltr'><strong>augmen-</strong></span> 
     </span>
    </p>
   </div>
   <div class='ocr_carea' id='block_1_17' title="bbox 216 1667 1803 1736">
    <p class='ocr_par' dir='ltr' id='par_1_17' title="bbox 216 1667 1803 1736">
     <span class='ocr_line' id='line_1_17' title="bbox 216 1667 1803 1736; baseline -0.002 -12"><span class='ocrx_word' id='word_1_105' title='bbox 216 1680 367 1736; x_wconf 88' lang='lat' dir='ltr'><strong>tare,</strong></span> <span class='ocrx_word' id='word_1_106' title='bbox 398 1679 453 1726; x_wconf 92' lang='lat' dir='ltr'><strong>et</strong></span> <span class='ocrx_word' id='word_1_107' title='bbox 491 1670 658 1726; x_wconf 88' lang='lat' dir='ltr'><strong>vitam</strong></span> <span class='ocrx_word' id='word_1_108' title='bbox 687 1671 928 1726; x_wconf 89' lang='lat' dir='ltr'><strong>omnium</strong></span> <span class='ocrx_word' id='word_1_109' title='bbox 969 1679 1277 1727; x_wconf 87' lang='lat' dir='ltr'><strong>sanctorqu</strong></span> <span class='ocrx_word' id='word_1_110' title='bbox 1322 1670 1523 1724; x_wconf 87' lang='lat' dir='ltr'><strong>imitari</strong></span> <span class='ocrx_word' id='word_1_111' title='bbox 1567 1667 1803 1732; x_wconf 90' lang='lat' dir='ltr'><strong>studuit,</strong></span> 
     </span>
    </p>
   </div>
   <div class='ocr_carea' id='block_1_18' title="bbox 212 1760 1803 1830">
    <p class='ocr_par' dir='ltr' id='par_1_18' title="bbox 212 1760 1803 1830">
     <span class='ocr_line' id='line_1_18' title="bbox 212 1760 1803 1830; baseline -0.001 -15"><span class='ocrx_word' id='word_1_112' title='bbox 212 1761 502 1830; x_wconf 83' lang='lat' dir='ltr'><strong>specialius</strong></span> <span class='ocrx_word' id='word_1_113' title='bbox 538 1769 714 1816; x_wconf 87' lang='lat' dir='ltr'><strong>tamen</strong></span> <span class='ocrx_word' id='word_1_114' title='bbox 760 1762 906 1817; x_wconf 88' lang='lat' dir='ltr'><strong>beati</strong></span> <span class='ocrx_word' id='word_1_115' title='bbox 950 1761 1187 1817; x_wconf 84' lang='lat' dir='ltr'><strong>Martini.</strong></span> <span class='ocrx_word' id='word_1_116' title='bbox 1234 1760 1426 1817; x_wconf 92' lang='lat' dir='ltr'><strong>Cilicio</strong></span> <span class='ocrx_word' id='word_1_117' title='bbox 1457 1774 1691 1830; x_wconf 89' lang='lat' dir='ltr'><strong>namque</strong></span> <span class='ocrx_word' id='word_1_118' title='bbox 1734 1760 1803 1814; x_wconf 89' lang='lat' dir='ltr'><strong>ad</strong></span> 
     </span>
    </p>
   </div>
   <div class='ocr_carea' id='block_1_19' title="bbox 1894 569 3487 642">
    <p class='ocr_par' dir='ltr' id='par_1_19' title="bbox 1894 569 3487 642">
     <span class='ocr_line' id='line_1_19' title="bbox 1894 569 3487 642; baseline 0.006 -17"><span class='ocrx_word' id='word_1_119' title='bbox 1894 569 2352 634; x_wconf 85' lang='lat' dir='ltr'><strong>habuerit,noua</strong></span> <span class='ocrx_word' id='word_1_120' title='bbox 2379 583 2458 636; x_wconf 90' lang='lat' dir='ltr'><strong>se,</strong></span> <span class='ocrx_word' id='word_1_121' title='bbox 2491 569 2586 625; x_wconf 92' lang='lat' dir='ltr'><strong>sed</strong></span> <span class='ocrx_word' id='word_1_122' title='bbox 2630 569 2700 625; x_wconf 92' lang='lat' dir='ltr'><strong>ab</strong></span> <span class='ocrx_word' id='word_1_123' title='bbox 2750 585 2818 626; x_wconf 92' lang='lat' dir='ltr'><strong>eo</strong></span> <span class='ocrx_word' id='word_1_124' title='bbox 2862 587 2894 626; x_wconf 90' lang='lat' dir='ltr'><strong>a</strong></span> <span class='ocrx_word' id='word_1_125' title='bbox 2939 588 3047 642; x_wconf 92' lang='lat' dir='ltr'><strong>quo</strong></span> <span class='ocrx_word' id='word_1_126' title='bbox 3090 589 3252 631; x_wconf 89' lang='lat' dir='ltr'><strong>omne</strong></span> <span class='ocrx_word' id='word_1_127' title='bbox 3298 578 3487 635; x_wconf 91' lang='lat' dir='ltr'><strong>datum</strong></span> 
     </span>
    </p>
   </div>
   <div class='ocr_carea' id='block_1_20' title="bbox 1896 653 3490 741">
    <p class='ocr_par' dir='ltr' id='par_1_20' title="bbox 1896 653 3490 741">
     <span class='ocr_line' id='line_1_20' title="bbox 1896 653 3490 741; baseline 0.006 -24"><span class='ocrx_word' id='word_1_128' title='bbox 1896 661 2158 732; x_wconf 90' lang='lat' dir='ltr'><strong>optimum</strong></span> <span class='ocrx_word' id='word_1_129' title='bbox 2197 669 2254 718; x_wconf 90' lang='lat' dir='ltr'><strong>et</strong></span> <span class='ocrx_word' id='word_1_130' title='bbox 2286 676 2447 716; x_wconf 90' lang='lat' dir='ltr'><strong>omne</strong></span> <span class='ocrx_word' id='word_1_131' title='bbox 2476 661 2675 716; x_wconf 86' lang='lat' dir='ltr'><strong>donum</strong></span> <span class='ocrx_word' id='word_1_132' title='bbox 2703 653 3004 732; x_wconf 87' lang='lat' dir='ltr'><strong>perfectum</strong></span> <span class='ocrx_word' id='word_1_133' title='bbox 3033 674 3135 732; x_wconf 91' lang='lat' dir='ltr'><strong>est,</strong></span> <span class='ocrx_word' id='word_1_134' title='bbox 3173 671 3490 741; x_wconf 85' lang='lat' dir='ltr'><strong>acceperit?</strong></span> 
     </span>
    </p>
   </div>
   <div class='ocr_carea' id='block_1_21' title="bbox 1899 751 3485 827">
    <p class='ocr_par' dir='ltr' id='par_1_21' title="bbox 1899 751 3485 827">
     <span class='ocr_line' id='line_1_21' title="bbox 1899 751 3485 827; baseline 0.007 -17"><span class='ocrx_word' id='word_1_135' title='bbox 1899 753 1957 810; x_wconf 89' lang='lat' dir='ltr'><strong>Si</strong></span> <span class='ocrx_word' id='word_1_136' title='bbox 1985 756 2149 827; x_wconf 78' lang='lat' dir='ltr'><strong>igitur</strong></span> <span class='ocrx_word' id='word_1_137' title='bbox 2178 751 2426 821; x_wconf 85' lang='lat' dir='ltr'><strong>ulterius,</strong></span> <span class='ocrx_word' id='word_1_138' title='bbox 2460 757 2668 826; x_wconf 90' lang='lat' dir='ltr'><strong>inquit,</strong></span> <span class='ocrx_word' id='word_1_139' title='bbox 2697 757 2766 811; x_wconf 92' lang='lat' dir='ltr'><strong>ab</strong></span> <span class='ocrx_word' id='word_1_140' title='bbox 2795 756 2902 812; x_wconf 92' lang='lat' dir='ltr'><strong>ulla</strong></span> <span class='ocrx_word' id='word_1_141' title='bbox 2935 767 3173 816; x_wconf 89' lang='lat' dir='ltr'><strong>tentatus</strong></span> <span class='ocrx_word' id='word_1_142' title='bbox 3199 761 3368 819; x_wconf 77' lang='lat' dir='ltr'><strong>fueris</strong></span> <span class='ocrx_word' id='word_1_143' title='bbox 3392 780 3485 821; x_wconf 89' lang='lat' dir='ltr'><strong>ce-</strong></span> 
     </span>
    </p>
   </div>
   <div class='ocr_carea' id='block_1_22' title="bbox 1898 845 3490 915">
    <p class='ocr_par' dir='ltr' id='par_1_22' title="bbox 1898 845 3490 915">
     <span class='ocr_line' id='line_1_22' title="bbox 1898 845 3490 915; baseline 0.006 -15"><span class='ocrx_word' id='word_1_144' title='bbox 1898 845 2144 902; x_wconf 81' lang='lat' dir='ltr'><strong>uodoxiae</strong></span> <span class='ocrx_word' id='word_1_145' title='bbox 2169 845 2501 915; x_wconf 89' lang='lat' dir='ltr'><strong>peste,istud</strong></span> <span class='ocrx_word' id='word_1_146' title='bbox 2541 845 2594 899; x_wconf 94' lang='lat' dir='ltr'><strong>in</strong></span> <span class='ocrx_word' id='word_1_147' title='bbox 2622 855 2860 902; x_wconf 90' lang='lat' dir='ltr'><strong>mentem</strong></span> <span class='ocrx_word' id='word_1_148' title='bbox 2889 847 3155 905; x_wconf 85' lang='lat' dir='ltr'><strong>reducens</strong></span> <span class='ocrx_word' id='word_1_149' title='bbox 3184 867 3490 910; x_wconf 87' lang='lat' dir='ltr'><strong>memorare</strong></span> 
     </span>
    </p>
   </div>
   <div class='ocr_carea' id='block_1_23' title="bbox 1899 936 3488 1010">
    <p class='ocr_par' dir='ltr' id='par_1_23' title="bbox 1899 936 3488 1010">
     <span class='ocr_line' id='line_1_23' title="bbox 1899 936 3488 1010; baseline 0.006 -20"><span class='ocrx_word' id='word_1_150' title='bbox 1899 937 2044 992; x_wconf 91' lang='lat' dir='ltr'><strong>unde</strong></span> <span class='ocrx_word' id='word_1_151' title='bbox 2072 937 2392 1007; x_wconf 90' lang='lat' dir='ltr'><strong>progenitus</strong></span> <span class='ocrx_word' id='word_1_152' title='bbox 2419 936 2516 1000; x_wconf 89' lang='lat' dir='ltr'><strong>sis,</strong></span> <span class='ocrx_word' id='word_1_153' title='bbox 2562 943 2764 992; x_wconf 90' lang='lat' dir='ltr'><strong>etcum</strong></span> <span class='ocrx_word' id='word_1_154' title='bbox 2800 937 2894 992; x_wconf 89' lang='lat' dir='ltr'><strong>Dei</strong></span> <span class='ocrx_word' id='word_1_155' title='bbox 2935 940 3107 1010; x_wconf 89' lang='lat' dir='ltr'><strong>gratia</strong></span> <span class='ocrx_word' id='word_1_156' title='bbox 3144 941 3488 1000; x_wconf 90' lang='lat' dir='ltr'><strong>liberaberis.</strong></span> 
     </span>
    </p>
   </div>
   <div class='ocr_carea' id='block_1_24' title="bbox 1899 1026 3489 1102">
    <p class='ocr_par' dir='ltr' id='par_1_24' title="bbox 1899 1026 3489 1102">
     <span class='ocr_line' id='line_1_24' title="bbox 1899 1026 3489 1102; baseline 0.004 -20"><span class='ocrx_word' id='word_1_157' title='bbox 1899 1027 2053 1096; x_wconf 85' lang='lat' dir='ltr'><strong>Quod</strong></span> <span class='ocrx_word' id='word_1_158' title='bbox 2081 1028 2155 1082; x_wconf 92' lang='lat' dir='ltr'><strong>ita</strong></span> <span class='ocrx_word' id='word_1_159' title='bbox 2183 1035 2238 1082; x_wconf 93' lang='lat' dir='ltr'><strong>et</strong></span> <span class='ocrx_word' id='word_1_160' title='bbox 2267 1027 2470 1083; x_wconf 84' lang='lat' dir='ltr'><strong>factum</strong></span> <span class='ocrx_word' id='word_1_161' title='bbox 2508 1035 2610 1082; x_wconf 93' lang='lat' dir='ltr'><strong>est.</strong></span> <span class='ocrx_word' id='word_1_162' title='bbox 2643 1026 2761 1081; x_wconf 83' lang='lat' dir='ltr'><strong>Jam</strong></span> <span class='ocrx_word' id='word_1_163' title='bbox 2788 1045 2918 1086; x_wconf 84' lang='lat' dir='ltr'><strong>vero</strong></span> <span class='ocrx_word' id='word_1_164' title='bbox 2956 1039 3241 1102; x_wconf 88' lang='lat' dir='ltr'><strong>postquam</strong></span> <span class='ocrx_word' id='word_1_165' title='bbox 3287 1036 3489 1101; x_wconf 89' lang='lat' dir='ltr'><strong>senuit,</strong></span> 
     </span>
    </p>
   </div>
   <div class='ocr_carea' id='block_1_25' title="bbox 1899 1120 3489 1193">
    <p class='ocr_par' dir='ltr' id='par_1_25' title="bbox 1899 1120 3489 1193">
     <span class='ocr_line' id='line_1_25' title="bbox 1899 1120 3489 1193; baseline 0.005 -17"><span class='ocrx_word' id='word_1_166' title='bbox 1899 1137 2011 1176; x_wconf 89' lang='lat' dir='ltr'><strong>non</strong></span> <span class='ocrx_word' id='word_1_167' title='bbox 2040 1121 2176 1177; x_wconf 90' lang='lat' dir='ltr'><strong>adeo</strong></span> <span class='ocrx_word' id='word_1_168' title='bbox 2201 1121 2377 1192; x_wconf 89' lang='lat' dir='ltr'><strong>potuit</strong></span> <span class='ocrx_word' id='word_1_169' title='bbox 2404 1120 2470 1176; x_wconf 90' lang='lat' dir='ltr'><strong>de</strong></span> <span class='ocrx_word' id='word_1_170' title='bbox 2496 1120 2619 1176; x_wconf 93' lang='lat' dir='ltr'><strong>cibo</strong></span> <span class='ocrx_word' id='word_1_171' title='bbox 2648 1121 2922 1177; x_wconf 90' lang='lat' dir='ltr'><strong>abstinere</strong></span> <span class='ocrx_word' id='word_1_172' title='bbox 2953 1140 2964 1176; x_wconf 88' lang='lat'><strong>:</strong></span> <span class='ocrx_word' id='word_1_173' title='bbox 3003 1133 3164 1193; x_wconf 92' lang='lat' dir='ltr'><strong>potus</strong></span> <span class='ocrx_word' id='word_1_174' title='bbox 3212 1137 3390 1183; x_wconf 90' lang='lat' dir='ltr'><strong>tamen</strong></span> <span class='ocrx_word' id='word_1_175' title='bbox 3436 1130 3489 1184; x_wconf 88' lang='lat' dir='ltr'><strong>ei</strong></span> 
     </span>
    </p>
   </div>
   <div class='ocr_carea' id='block_1_26' title="bbox 1901 1212 3493 1292">
    <p class='ocr_par' dir='ltr' id='par_1_26' title="bbox 1901 1212 3493 1292">
     <span class='ocr_line' id='line_1_26' title="bbox 1901 1212 3493 1292; baseline 0.004 -22"><span class='ocrx_word' id='word_1_176' title='bbox 1901 1229 2120 1285; x_wconf 82' lang='lat' dir='ltr'><strong>semper</strong></span> <span class='ocrx_word' id='word_1_177' title='bbox 2154 1229 2294 1286; x_wconf 90' lang='lat' dir='ltr'><strong>aqua</strong></span> <span class='ocrx_word' id='word_1_178' title='bbox 2325 1213 2458 1280; x_wconf 84' lang='lat' dir='ltr'><strong>fuit,</strong></span> <span class='ocrx_word' id='word_1_179' title='bbox 2480 1213 2584 1268; x_wconf 91' lang='lat' dir='ltr'><strong>nisi</strong></span> <span class='ocrx_word' id='word_1_180' title='bbox 2611 1212 2755 1284; x_wconf 90' lang='lat' dir='ltr'><strong>quod</strong></span> <span class='ocrx_word' id='word_1_181' title='bbox 2785 1224 3008 1286; x_wconf 87' lang='lat' dir='ltr'><strong>propter</strong></span> <span class='ocrx_word' id='word_1_182' title='bbox 3038 1233 3232 1274; x_wconf 90' lang='lat' dir='ltr'><strong>vanam</strong></span> <span class='ocrx_word' id='word_1_183' title='bbox 3264 1221 3493 1292; x_wconf 82' lang='lat' dir='ltr'><strong>gloriam</strong></span> 
     </span>
    </p>
   </div>
   <div class='ocr_carea' id='block_1_27' title="bbox 1901 1295 3494 1384">
    <p class='ocr_par' dir='ltr' id='par_1_27' title="bbox 1901 1295 3494 1384">
     <span class='ocr_line' id='line_1_27' title="bbox 1901 1295 3494 1384; baseline 0.007 -26"><span class='ocrx_word' id='word_1_184' title='bbox 1901 1305 2178 1360; x_wconf 88' lang='lat' dir='ltr'><strong>vitandam</strong></span> <span class='ocrx_word' id='word_1_185' title='bbox 2208 1305 2402 1377; x_wconf 88' lang='lat' dir='ltr'><strong>magis,</strong></span> <span class='ocrx_word' id='word_1_186' title='bbox 2427 1295 2590 1376; x_wconf 80' lang='lat' dir='ltr'><strong>quam</strong></span> <span class='ocrx_word' id='word_1_187' title='bbox 2639 1305 2872 1376; x_wconf 89' lang='lat' dir='ltr'><strong>aliquam</strong></span> <span class='ocrx_word' id='word_1_188' title='bbox 2917 1308 3239 1366; x_wconf 89' lang='lat' dir='ltr'><strong>suavitatem</strong></span> <span class='ocrx_word' id='word_1_189' title='bbox 3273 1315 3494 1384; x_wconf 89' lang='lat' dir='ltr'><strong>capien-</strong></span> 
     </span>
    </p>
   </div>
   <div class='ocr_carea' id='block_1_28' title="bbox 1904 1394 3494 1472">
    <p class='ocr_par' dir='ltr' id='par_1_28' title="bbox 1904 1394 3494 1472">
     <span class='ocr_line' id='line_1_28' title="bbox 1904 1394 3494 1472; baseline 0.008 -24"><span class='ocrx_word' id='word_1_190' title='bbox 1904 1395 2046 1458; x_wconf 89' lang='lat' dir='ltr'><strong>dam,</strong></span> <span class='ocrx_word' id='word_1_191' title='bbox 2081 1394 2473 1472; x_wconf 78' lang='lat' dir='ltr'><strong>aliquantulum</strong></span> <span class='ocrx_word' id='word_1_192' title='bbox 2499 1395 2601 1466; x_wconf 90' lang='lat' dir='ltr'><strong>ipsi</strong></span> <span class='ocrx_word' id='word_1_193' title='bbox 2627 1410 2780 1466; x_wconf 71' lang='lat' dir='ltr'><strong>aquae</strong></span> <span class='ocrx_word' id='word_1_194' title='bbox 2829 1413 2990 1467; x_wconf 90' lang='lat' dir='ltr'><strong>quam</strong></span> <span class='ocrx_word' id='word_1_195' title='bbox 3036 1400 3308 1459; x_wconf 87' lang='lat' dir='ltr'><strong>bibiturus</strong></span> <span class='ocrx_word' id='word_1_196' title='bbox 3352 1414 3494 1472; x_wconf 91' lang='lat' dir='ltr'><strong>erat,</strong></span> 
     </span>
    </p>
   </div>
   <div class='ocr_carea' id='block_1_29' title="bbox 1905 1467 3494 1558">
    <p class='ocr_par' dir='ltr' id='par_1_29' title="bbox 1905 1467 3494 1558">
     <span class='ocr_line' id='line_1_29' title="bbox 1905 1467 3494 1558; baseline 0.007 -17"><span class='ocrx_word' id='word_1_197' title='bbox 1905 1486 1972 1541; x_wconf 89' lang='lat' dir='ltr'><strong>de</strong></span> <span class='ocrx_word' id='word_1_198' title='bbox 1996 1493 2123 1556; x_wconf 92' lang='lat' dir='ltr'><strong>potu</strong></span> <span class='ocrx_word' id='word_1_199' title='bbox 2146 1467 2212 1558; x_wconf 62' lang='lat' dir='ltr'><strong>[ﬂ</strong></span> <span class='ocrx_word' id='word_1_200' title='bbox 2245 1485 2312 1542; x_wconf 90' lang='lat' dir='ltr'><strong>de</strong></span> <span class='ocrx_word' id='word_1_201' title='bbox 2334 1485 2482 1558; x_wconf 91' lang='lat' dir='ltr'><strong>vino]</strong></span> <span class='ocrx_word' id='word_1_202' title='bbox 2509 1487 2850 1544; x_wconf 89' lang='lat' dir='ltr'><strong>admisceret.</strong></span> <span class='ocrx_word' id='word_1_203' title='bbox 2885 1488 3021 1557; x_wconf 87' lang='lat' dir='ltr'><strong>Quia</strong></span> <span class='ocrx_word' id='word_1_204' title='bbox 3048 1497 3307 1550; x_wconf 85' lang='lat' dir='ltr'><strong>tamenin</strong></span> <span class='ocrx_word' id='word_1_205' title='bbox 3335 1467 3494 1553; x_wconf 52' lang='lat' dir='ltr'><strong>sene;</strong></span> 
     </span>
    </p>
   </div>
   <div class='ocr_carea' id='block_1_30' title="bbox 1907 1565 3498 1653">
    <p class='ocr_par' dir='ltr' id='par_1_30' title="bbox 1907 1565 3498 1653">
     <span class='ocr_line' id='line_1_30' title="bbox 1907 1565 3498 1653; baseline 0.006 -17"><span class='ocrx_word' id='word_1_206' title='bbox 1907 1587 2055 1636; x_wconf 90' lang='lat' dir='ltr'><strong>ctute</strong></span> <span class='ocrx_word' id='word_1_207' title='bbox 2079 1596 2176 1635; x_wconf 91' lang='lat' dir='ltr'><strong>sua</strong></span> <span class='ocrx_word' id='word_1_208' title='bbox 2208 1580 2366 1635; x_wconf 92' lang='lat' dir='ltr'><strong>solita</strong></span> <span class='ocrx_word' id='word_1_209' title='bbox 2398 1580 2644 1650; x_wconf 91' lang='lat' dir='ltr'><strong>nequivit</strong></span> <span class='ocrx_word' id='word_1_210' title='bbox 2668 1581 2746 1636; x_wconf 92' lang='lat' dir='ltr'><strong>uti</strong></span> <span class='ocrx_word' id='word_1_211' title='bbox 2773 1583 3130 1653; x_wconf 85' lang='lat' dir='ltr'><strong>parcimonia,</strong></span> <span class='ocrx_word' id='word_1_212' title='bbox 3160 1565 3367 1644; x_wconf 61' lang='lat' dir='ltr'><strong>studuit</strong></span> <span class='ocrx_word' id='word_1_213' title='bbox 3393 1590 3498 1646; x_wconf 92' lang='lat' dir='ltr'><strong>hoc</strong></span> 
     </span>
    </p>
   </div>
   <div class='ocr_carea' id='block_1_31' title="bbox 1907 1671 3496 1746">
    <p class='ocr_par' dir='ltr' id='par_1_31' title="bbox 1907 1671 3496 1746">
     <span class='ocr_line' id='line_1_31' title="bbox 1907 1671 3496 1746; baseline 0.005 -18"><span class='ocrx_word' id='word_1_214' title='bbox 1907 1671 2268 1743; x_wconf 87' lang='lat' dir='ltr'><strong>eleemosynis</strong></span> <span class='ocrx_word' id='word_1_215' title='bbox 2319 1681 2374 1728; x_wconf 90' lang='lat' dir='ltr'><strong>et</strong></span> <span class='ocrx_word' id='word_1_216' title='bbox 2437 1672 2776 1730; x_wconf 87' lang='lat' dir='ltr'><strong>orationibus</strong></span> <span class='ocrx_word' id='word_1_217' title='bbox 2829 1675 3120 1746; x_wconf 87' lang='lat' dir='ltr'><strong>multisque</strong></span> <span class='ocrx_word' id='word_1_218' title='bbox 3174 1679 3293 1734; x_wconf 91' lang='lat' dir='ltr'><strong>aliis</strong></span> <span class='ocrx_word' id='word_1_219' title='bbox 3336 1681 3496 1736; x_wconf 90' lang='lat' dir='ltr'><strong>bonis</strong></span> 
     </span>
    </p>
   </div>
   <div class='ocr_carea' id='block_1_32' title="bbox 1909 1762 3475 1845">
    <p class='ocr_par' dir='ltr' id='par_1_32' title="bbox 1909 1762 3475 1845">
     <span class='ocr_line' id='line_1_32' title="bbox 1909 1762 3475 1845; baseline 0.006 -26"><span class='ocrx_word' id='word_1_220' title='bbox 1909 1779 2286 1834; x_wconf 87' lang='lat' dir='ltr'><strong>compensare.</strong></span> <span class='ocrx_word' id='word_1_221' title='bbox 2316 1762 2488 1832; x_wconf 86' lang='lat' dir='ltr'><strong>Hujus</strong></span> <span class='ocrx_word' id='word_1_222' title='bbox 2522 1765 2600 1819; x_wconf 88' lang='lat' dir='ltr'><strong>rei</strong></span> <span class='ocrx_word' id='word_1_223' title='bbox 2631 1766 2806 1834; x_wconf 86' lang='lat' dir='ltr'><strong>gratia</strong></span> <span class='ocrx_word' id='word_1_224' title='bbox 2837 1769 3036 1824; x_wconf 90' lang='lat' dir='ltr'><strong>multos</strong></span> <span class='ocrx_word' id='word_1_225' title='bbox 3065 1771 3298 1828; x_wconf 83' lang='lat' dir='ltr'><strong>redemit</strong></span> <span class='ocrx_word' id='word_1_226' title='bbox 3327 1774 3475 1845; x_wconf 89' lang='lat' dir='ltr'><strong>capti</strong></span> 
     </span>
    </p>
   </div>
   <div class='ocr_carea' id='block_1_33' title="bbox 211 1843 3497 1927">
    <p class='ocr_par' dir='ltr' id='par_1_33' title="bbox 211 1843 3497 1927">
     <span class='ocr_line' id='line_1_33' title="bbox 211 1843 3497 1927; baseline 0.002 -19"><span class='ocrx_word' id='word_1_227' title='bbox 211 1869 434 1908; x_wconf 87' lang='lat' dir='ltr'><strong>carnem</strong></span> <span class='ocrx_word' id='word_1_228' title='bbox 463 1868 568 1908; x_wconf 92' lang='lat' dir='ltr'><strong>non</strong></span> <span class='ocrx_word' id='word_1_229' title='bbox 611 1853 784 1909; x_wconf 91' lang='lat' dir='ltr'><strong>solum</strong></span> <span class='ocrx_word' id='word_1_230' title='bbox 829 1855 884 1908; x_wconf 93' lang='lat' dir='ltr'><strong>in</strong></span> <span class='ocrx_word' id='word_1_231' title='bbox 913 1855 1020 1919; x_wconf 91' lang='lat' dir='ltr'><strong>die,</strong></span> <span class='ocrx_word' id='word_1_232' title='bbox 1047 1854 1141 1909; x_wconf 89' lang='lat' dir='ltr'><strong>sed</strong></span> <span class='ocrx_word' id='word_1_233' title='bbox 1170 1854 1336 1910; x_wconf 89' lang='lat' dir='ltr'><strong>etiam</strong></span> <span class='ocrx_word' id='word_1_234' title='bbox 1375 1853 1429 1908; x_wconf 92' lang='lat' dir='ltr'><strong>in</strong></span> <span class='ocrx_word' id='word_1_235' title='bbox 1475 1861 1636 1908; x_wconf 90' lang='lat' dir='ltr'><strong>nocte</strong></span> <span class='ocrx_word' id='word_1_236' title='bbox 1676 1865 1806 1907; x_wconf 90' lang='lat' dir='ltr'><strong>usus</strong></span> <span class='ocrx_word' id='word_1_237' title='bbox 1835 1843 1882 1904; x_wconf 85' lang='grc' dir='ltr'><strong>Β</strong></span> <span class='ocrx_word' id='word_1_238' title='bbox 1909 1873 2008 1912; x_wconf 88' lang='lat' dir='ltr'><strong>vos</strong></span> <span class='ocrx_word' id='word_1_239' title='bbox 2036 1899 2051 1924; x_wconf 77' lang='lat'><strong>,</strong></span> <span class='ocrx_word' id='word_1_240' title='bbox 2113 1857 2310 1927; x_wconf 87' lang='lat' dir='ltr'><strong>quibus</strong></span> <span class='ocrx_word' id='word_1_241' title='bbox 2368 1856 2677 1912; x_wconf 90' lang='lat' dir='ltr'><strong>libertatem</strong></span> <span class='ocrx_word' id='word_1_242' title='bbox 2733 1859 2909 1924; x_wconf 89' lang='lat' dir='ltr'><strong>dedit;</strong></span> <span class='ocrx_word' id='word_1_243' title='bbox 2971 1863 3259 1919; x_wconf 88' lang='lat' dir='ltr'><strong>nonnullos</strong></span> <span class='ocrx_word' id='word_1_244' title='bbox 3318 1843 3497 1922; x_wconf 59' lang='lat' dir='ltr'><strong>tamen</strong></span> 
     </span>
    </p>
   </div>
   <div class='ocr_carea' id='block_1_34' title="bbox 210 1942 1801 2016">
    <p class='ocr_par' dir='ltr' id='par_1_34' title="bbox 210 1942 1801 2016">
     <span class='ocr_line' id='line_1_34' title="bbox 210 1942 1801 2016; baseline -0.001 -18"><span class='ocrx_word' id='word_1_245' title='bbox 210 1953 328 2010; x_wconf 91' lang='lat' dir='ltr'><strong>est,</strong></span> <span class='ocrx_word' id='word_1_246' title='bbox 359 1955 414 2000; x_wconf 90' lang='lat' dir='ltr'><strong>et</strong></span> <span class='ocrx_word' id='word_1_247' title='bbox 458 1959 786 2016; x_wconf 82' lang='lat' dir='ltr'><strong>magnopere</strong></span> <span class='ocrx_word' id='word_1_248' title='bbox 827 1945 1039 2016; x_wconf 91' lang='lat' dir='ltr'><strong>populis</strong></span> <span class='ocrx_word' id='word_1_249' title='bbox 1073 1945 1300 2001; x_wconf 89' lang='lat' dir='ltr'><strong>verbum</strong></span> <span class='ocrx_word' id='word_1_250' title='bbox 1347 1943 1561 2000; x_wconf 89' lang='lat' dir='ltr'><strong>Domini</strong></span> <span class='ocrx_word' id='word_1_251' title='bbox 1608 1942 1801 2013; x_wconf 82' lang='lat' dir='ltr'><strong>praedi-</strong></span> 
     </span>
    </p>
   </div>
   <div class='ocr_carea' id='block_1_35' title="bbox 211 2037 1802 2109">
    <p class='ocr_par' dir='ltr' id='par_1_35' title="bbox 211 2037 1802 2109">
     <span class='ocr_line' id='line_1_35' title="bbox 211 2037 1802 2109; baseline -0.004 -14"><span class='ocrx_word' id='word_1_252' title='bbox 211 2037 385 2095; x_wconf 87' lang='lat' dir='ltr'><strong>cando</strong></span> <span class='ocrx_word' id='word_1_253' title='bbox 416 2039 663 2094; x_wconf 82' lang='lat' dir='ltr'><strong>studebat</strong></span> <span class='ocrx_word' id='word_1_254' title='bbox 687 2039 964 2109; x_wconf 86' lang='lat' dir='ltr'><strong>prodesse.</strong></span> <span class='ocrx_word' id='word_1_255' title='bbox 988 2037 1262 2092; x_wconf 88' lang='lat' dir='ltr'><strong>Interdum</strong></span> <span class='ocrx_word' id='word_1_256' title='bbox 1291 2044 1491 2097; x_wconf 88' lang='lat' dir='ltr'><strong>tamen,</strong></span> <span class='ocrx_word' id='word_1_257' title='bbox 1516 2044 1571 2088; x_wconf 91' lang='lat' dir='ltr'><strong>ut</strong></span> <span class='ocrx_word' id='word_1_258' title='bbox 1600 2045 1802 2090; x_wconf 85' lang='lat' dir='ltr'><strong>semet-</strong></span> 
     </span>
    </p>
   </div>
   <div class='ocr_carea' id='block_1_36' title="bbox 210 2126 1803 2202">
    <p class='ocr_par' dir='ltr' id='par_1_36' title="bbox 210 2126 1803 2202">
     <span class='ocr_line' id='line_1_36' title="bbox 210 2126 1803 2202; baseline -0.003 -16"><span class='ocrx_word' id='word_1_259' title='bbox 210 2131 390 2202; x_wconf 89' lang='lat' dir='ltr'><strong>ipsum</strong></span> <span class='ocrx_word' id='word_1_260' title='bbox 414 2132 467 2185; x_wconf 94' lang='lat' dir='ltr'><strong>in</strong></span> <span class='ocrx_word' id='word_1_261' title='bbox 494 2131 676 2186; x_wconf 88' lang='lat' dir='ltr'><strong>divina</strong></span> <span class='ocrx_word' id='word_1_262' title='bbox 717 2137 998 2185; x_wconf 76' lang='lat' dir='ltr'><strong>exerceret</strong></span> <span class='ocrx_word' id='word_1_263' title='bbox 1030 2127 1391 2199; x_wconf 87' lang='lat' dir='ltr'><strong>philosophia,</strong></span> <span class='ocrx_word' id='word_1_264' title='bbox 1415 2127 1470 2181; x_wconf 92' lang='lat' dir='ltr'><strong>in</strong></span> <span class='ocrx_word' id='word_1_265' title='bbox 1515 2126 1803 2182; x_wconf 89' lang='lat' dir='ltr'><strong>solitudine</strong></span> 
     </span>
    </p>
   </div>
   <div class='ocr_carea' id='block_1_37' title="bbox 212 2219 1801 2292">
    <p class='ocr_par' dir='ltr' id='par_1_37' title="bbox 212 2219 1801 2292">
     <span class='ocr_line' id='line_1_37' title="bbox 212 2219 1801 2292; baseline 0.001 -14"><span class='ocrx_word' id='word_1_266' title='bbox 212 2224 467 2278; x_wconf 89' lang='lat' dir='ltr'><strong>manebat</strong></span> <span class='ocrx_word' id='word_1_267' title='bbox 493 2239 508 2278; x_wconf 90' lang='lat'><strong>:</strong></span> <span class='ocrx_word' id='word_1_268' title='bbox 538 2223 606 2276; x_wconf 91' lang='lat' dir='ltr'><strong>ad</strong></span> <span class='ocrx_word' id='word_1_269' title='bbox 633 2223 776 2292; x_wconf 91' lang='lat' dir='ltr'><strong>quod</strong></span> <span class='ocrx_word' id='word_1_270' title='bbox 802 2236 937 2291; x_wconf 90' lang='lat' dir='ltr'><strong>opus</strong></span> <span class='ocrx_word' id='word_1_271' title='bbox 973 2220 1163 2276; x_wconf 89' lang='lat' dir='ltr'><strong>cellam</strong></span> <span class='ocrx_word' id='word_1_272' title='bbox 1207 2227 1388 2291; x_wconf 90' lang='lat' dir='ltr'><strong>aptam</strong></span> <span class='ocrx_word' id='word_1_273' title='bbox 1422 2219 1526 2274; x_wconf 89' lang='lat' dir='ltr'><strong>sibi</strong></span> <span class='ocrx_word' id='word_1_274' title='bbox 1553 2227 1801 2279; x_wconf 81' lang='lat' dir='ltr'><strong>constru~</strong></span> 
     </span>
    </p>
   </div>
   <div class='ocr_carea' id='block_1_38' title="bbox 210 2313 1802 2386">
    <p class='ocr_par' dir='ltr' id='par_1_38' title="bbox 210 2313 1802 2386">
     <span class='ocr_line' id='line_1_38' title="bbox 210 2313 1802 2386; baseline -0.002 -16"><span class='ocrx_word' id='word_1_275' title='bbox 210 2324 356 2371; x_wconf 88' lang='lat' dir='ltr'><strong>ctam</strong></span> <span class='ocrx_word' id='word_1_276' title='bbox 400 2315 663 2380; x_wconf 89' lang='lat' dir='ltr'><strong>habebat,</strong></span> <span class='ocrx_word' id='word_1_277' title='bbox 709 2330 870 2384; x_wconf 92' lang='lat' dir='ltr'><strong>quam</strong></span> <span class='ocrx_word' id='word_1_278' title='bbox 911 2314 1216 2386; x_wconf 89' lang='lat' dir='ltr'><strong>appellabat</strong></span> <span class='ocrx_word' id='word_1_279' title='bbox 1256 2314 1499 2384; x_wconf 90' lang='lat' dir='ltr'><strong>quietum</strong></span> <span class='ocrx_word' id='word_1_280' title='bbox 1542 2313 1720 2369; x_wconf 91' lang='lat' dir='ltr'><strong>locum</strong></span> <span class='ocrx_word' id='word_1_281' title='bbox 1746 2320 1802 2369; x_wconf 88' lang='lat' dir='ltr'><strong>et</strong></span> 
     </span>
    </p>
   </div>
   <div class='ocr_carea' id='block_1_39' title="bbox 211 2405 1802 2478">
    <p class='ocr_par' dir='ltr' id='par_1_39' title="bbox 211 2405 1802 2478">
     <span class='ocr_line' id='line_1_39' title="bbox 211 2405 1802 2478; baseline -0.001 -16"><span class='ocrx_word' id='word_1_282' title='bbox 211 2407 446 2463; x_wconf 91' lang='lat' dir='ltr'><strong>amicum</strong></span> <span class='ocrx_word' id='word_1_283' title='bbox 464 2408 703 2463; x_wconf 64' lang='lat' dir='ltr'><strong>maerori.</strong></span> <span class='ocrx_word' id='word_1_284' title='bbox 725 2405 824 2462; x_wconf 88' lang='lat' dir='ltr'><strong>Ubi</strong></span> <span class='ocrx_word' id='word_1_285' title='bbox 846 2423 968 2462; x_wconf 92' lang='lat' dir='ltr'><strong>cum</strong></span> <span class='ocrx_word' id='word_1_286' title='bbox 996 2407 1183 2478; x_wconf 90' lang='lat' dir='ltr'><strong>paucis</strong></span> <span class='ocrx_word' id='word_1_287' title='bbox 1204 2407 1535 2471; x_wconf 87' lang='lat' dir='ltr'><strong>demoratus,</strong></span> <span class='ocrx_word' id='word_1_288' title='bbox 1561 2407 1802 2476; x_wconf 83' lang='lat' dir='ltr'><strong>quoties-</strong></span> 
     </span>
    </p>
   </div>
   <div class='ocr_carea' id='block_1_40' title="bbox 209 2495 1800 2569">
    <p class='ocr_par' dir='ltr' id='par_1_40' title="bbox 209 2495 1800 2569">
     <span class='ocr_line' id='line_1_40' title="bbox 209 2495 1800 2569; baseline -0.001 -17"><span class='ocrx_word' id='word_1_289' title='bbox 209 2513 424 2567; x_wconf 89' lang='lat' dir='ltr'><strong>cunque</strong></span> <span class='ocrx_word' id='word_1_290' title='bbox 461 2514 489 2552; x_wconf 87' lang='lat' dir='ltr'><strong>a</strong></span> <span class='ocrx_word' id='word_1_291' title='bbox 526 2497 909 2569; x_wconf 67' lang='lat' dir='ltr'><strong>prmdicatione</strong></span> <span class='ocrx_word' id='word_1_292' title='bbox 949 2507 1004 2552; x_wconf 90' lang='lat' dir='ltr'><strong>et</strong></span> <span class='ocrx_word' id='word_1_293' title='bbox 1041 2497 1425 2554; x_wconf 88' lang='lat' dir='ltr'><strong>ecclesiasticis</strong></span> <span class='ocrx_word' id='word_1_294' title='bbox 1472 2495 1692 2562; x_wconf 76' lang='lat' dir='ltr'><strong>ciliciis,</strong></span> <span class='ocrx_word' id='word_1_295' title='bbox 1731 2496 1800 2550; x_wconf 91' lang='lat' dir='ltr'><strong>ab</strong></span> 
     </span>
    </p>
   </div>
   <div class='ocr_carea' id='block_1_41' title="bbox 208 2589 1801 2661">
    <p class='ocr_par' dir='ltr' id='par_1_41' title="bbox 208 2589 1801 2661">
     <span class='ocr_line' id='line_1_41' title="bbox 208 2589 1801 2661; baseline -0.003 -14"><span class='ocrx_word' id='word_1_296' title='bbox 208 2590 584 2661; x_wconf 84' lang='lat' dir='ltr'><strong>inquietudine</strong></span> <span class='ocrx_word' id='word_1_297' title='bbox 612 2604 942 2660; x_wconf 79' lang='lat' dir='ltr'><strong>paganorum</strong></span> <span class='ocrx_word' id='word_1_298' title='bbox 979 2590 1117 2645; x_wconf 90' lang='lat' dir='ltr'><strong>liber</strong></span> <span class='ocrx_word' id='word_1_299' title='bbox 1159 2605 1282 2646; x_wconf 89' lang='lat' dir='ltr'><strong>esse</strong></span> <span class='ocrx_word' id='word_1_300' title='bbox 1324 2597 1558 2659; x_wconf 88' lang='lat' dir='ltr'><strong>poterat,</strong></span> <span class='ocrx_word' id='word_1_301' title='bbox 1589 2589 1801 2644; x_wconf 65' lang='lat' dir='ltr'><strong>habita-</strong></span> 
     </span>
    </p>
   </div>
   <div class='ocr_carea' id='block_1_42' title="bbox 209 2680 1800 2753">
    <p class='ocr_par' dir='ltr' id='par_1_42' title="bbox 209 2680 1800 2753">
     <span class='ocr_line' id='line_1_42' title="bbox 209 2680 1800 2753; baseline -0.002 -17"><span class='ocrx_word' id='word_1_302' title='bbox 209 2682 287 2736; x_wconf 89' lang='lat' dir='ltr'><strong>vit</strong></span> <span class='ocrx_word' id='word_1_303' title='bbox 321 2699 334 2734; x_wconf 91' lang='lat'>:</span> <span class='ocrx_word' id='word_1_304' title='bbox 370 2682 443 2736; x_wconf 90' lang='lat' dir='ltr'><strong>ita</strong></span> <span class='ocrx_word' id='word_1_305' title='bbox 484 2691 662 2738; x_wconf 88' lang='lat' dir='ltr'><strong>tamen</strong></span> <span class='ocrx_word' id='word_1_306' title='bbox 708 2690 768 2736; x_wconf 93' lang='lat' dir='ltr'><strong>ut</strong></span> <span class='ocrx_word' id='word_1_307' title='bbox 814 2696 1087 2753; x_wconf 89' lang='lat' dir='ltr'><strong>nunquam</strong></span> <span class='ocrx_word' id='word_1_308' title='bbox 1135 2681 1412 2752; x_wconf 89' lang='lat' dir='ltr'><strong>proprium</strong></span> <span class='ocrx_word' id='word_1_309' title='bbox 1455 2680 1800 2736; x_wconf 89' lang='lat' dir='ltr'><strong>commodum</strong></span> 
     </span>
    </p>
   </div>
   <div class='ocr_carea' id='block_1_43' title="bbox 207 2772 1800 2846">
    <p class='ocr_par' dir='ltr' id='par_1_43' title="bbox 207 2772 1800 2846">
     <span class='ocr_line' id='line_1_43' title="bbox 207 2772 1800 2846; baseline -0.002 -17"><span class='ocrx_word' id='word_1_310' title='bbox 207 2781 266 2829; x_wconf 90' lang='lat' dir='ltr'><strong>et</strong></span> <span class='ocrx_word' id='word_1_311' title='bbox 311 2773 618 2829; x_wconf 91' lang='lat' dir='ltr'><strong>solitudinis</strong></span> <span class='ocrx_word' id='word_1_312' title='bbox 660 2789 900 2830; x_wconf 90' lang='lat' dir='ltr'><strong>amorem</strong></span> <span class='ocrx_word' id='word_1_313' title='bbox 928 2772 1106 2846; x_wconf 89' lang='lat' dir='ltr'><strong>gregis</strong></span> <span class='ocrx_word' id='word_1_314' title='bbox 1140 2773 1243 2830; x_wconf 91' lang='lat' dir='ltr'><strong>sibi</strong></span> <span class='ocrx_word' id='word_1_315' title='bbox 1284 2773 1562 2830; x_wconf 90' lang='lat' dir='ltr'><strong>commissi</strong></span> <span class='ocrx_word' id='word_1_316' title='bbox 1592 2786 1800 2843; x_wconf 57' lang='lat' dir='ltr'><strong>praepo-</strong></span> 
     </span>
    </p>
   </div>
   <div class='ocr_carea' id='block_1_44' title="bbox 207 2863 634 2920">
    <p class='ocr_par' dir='ltr' id='par_1_44' title="bbox 207 2863 634 2920">
     <span class='ocr_line' id='line_1_44' title="bbox 207 2863 634 2920; baseline -0.002 -1"><span class='ocrx_word' id='word_1_317' title='bbox 207 2872 367 2920; x_wconf 90' lang='lat' dir='ltr'><strong>neret</strong></span> <span class='ocrx_word' id='word_1_318' title='bbox 391 2863 634 2918; x_wconf 87' lang='lat' dir='ltr'><strong>utilitati.</strong></span> 
     </span>
    </p>
   </div>
   <div class='ocr_carea' id='block_1_45' title="bbox 209 2974 1796 3047">
    <p class='ocr_par' dir='ltr' id='par_1_45' title="bbox 209 2974 1796 3047">
     <span class='ocr_line' id='line_1_45' title="bbox 209 2974 1796 3047; baseline -0.001 -17"><span class='ocrx_word' id='word_1_319' title='bbox 209 2975 416 3031; x_wconf 83' lang='lat' dir='ltr'><strong>Parcus</strong></span> <span class='ocrx_word' id='word_1_320' title='bbox 446 2976 502 3030; x_wconf 86' lang='lat' dir='ltr'><strong>in</strong></span> <span class='ocrx_word' id='word_1_321' title='bbox 525 2976 684 3047; x_wconf 72' lang='lat' dir='ltr'><strong>uictu,</strong></span> <span class='ocrx_word' id='word_1_322' title='bbox 716 2975 779 3030; x_wconf 88' lang='lat' dir='ltr'><strong>ob</strong></span> <span class='ocrx_word' id='word_1_323' title='bbox 808 2977 864 3047; x_wconf 76' lang='lat' dir='ltr'><strong>id</strong></span> <span class='ocrx_word' id='word_1_324' title='bbox 893 2993 1028 3031; x_wconf 84' lang='lat' dir='ltr'><strong>vana</strong></span> <span class='ocrx_word' id='word_1_325' title='bbox 1057 2976 1226 3047; x_wconf 81' lang='lat' dir='ltr'><strong>gloria</strong></span> <span class='ocrx_word' id='word_1_326' title='bbox 1258 2985 1518 3041; x_wconf 82' lang='lat' dir='ltr'><strong>tentatus,</strong></span> <span class='ocrx_word' id='word_1_327' title='bbox 1547 2974 1796 3047; x_wconf 80' lang='lat' dir='ltr'><strong>divinitus</strong></span> 
     </span>
    </p>
   </div>
   <div class='ocr_carea' id='block_1_46' title="bbox 277 3045 1799 3129">
    <p class='ocr_par' dir='ltr' id='par_1_46' title="bbox 277 3045 1799 3129">
     <span class='ocr_line' id='line_1_46' title="bbox 277 3045 1799 3129; baseline -0.003 -25"><span class='ocrx_word' id='word_1_328' title='bbox 277 3063 338 3104; x_wconf 76' lang='lat' dir='ltr'><strong>eo</strong></span> <span class='ocrx_word' id='word_1_329' title='bbox 368 3047 491 3129; x_wconf 79' lang='lat' dir='ltr'><strong>vitio</strong></span> <span class='ocrx_word' id='word_1_330' title='bbox 529 3045 801 3101; x_wconf 83' lang='lat' dir='ltr'><strong>liberatur.</strong></span> <span class='ocrx_word' id='word_1_331' title='bbox 833 3046 1004 3102; x_wconf 75' lang='lat' dir='ltr'><strong>Senex</strong></span> <span class='ocrx_word' id='word_1_332' title='bbox 1029 3045 1409 3119; x_wconf 74' lang='lat' dir='ltr'><strong>parcimoniam</strong></span> <span class='ocrx_word' id='word_1_333' title='bbox 1436 3045 1640 3117; x_wconf 81' lang='lat' dir='ltr'><strong>supplet</strong></span> <span class='ocrx_word' id='word_1_334' title='bbox 1667 3045 1799 3099; x_wconf 76' lang='lat' dir='ltr'><strong>elec—</strong></span> 
     </span>
    </p>
   </div>
   <div class='ocr_carea' id='block_1_47' title="bbox 281 3135 530 3189">
    <p class='ocr_par' dir='ltr' id='par_1_47' title="bbox 281 3135 530 3189">
     <span class='ocr_line' id='line_1_47' title="bbox 281 3135 530 3189; baseline 0.004 -17"><span class='ocrx_word' id='word_1_335' title='bbox 281 3135 530 3189; x_wconf 83' lang='lat' dir='ltr'><strong>mosyms.</strong></span> 
     </span>
    </p>
   </div>
   <div class='ocr_carea' id='block_1_48' title="bbox 1905 1945 3499 2016">
    <p class='ocr_par' dir='ltr' id='par_1_48' title="bbox 1905 1945 3499 2016">
     <span class='ocr_line' id='line_1_48' title="bbox 1905 1945 3499 2016; baseline 0.004 -12"><span class='ocrx_word' id='word_1_336' title='bbox 1905 1962 2093 2004; x_wconf 89' lang='lat' dir='ltr'><strong>eorum</strong></span> <span class='ocrx_word' id='word_1_337' title='bbox 2121 1946 2188 2001; x_wconf 90' lang='lat' dir='ltr'><strong>ad</strong></span> <span class='ocrx_word' id='word_1_338' title='bbox 2212 1946 2308 2000; x_wconf 89' lang='lat' dir='ltr'><strong>Dei</strong></span> <span class='ocrx_word' id='word_1_339' title='bbox 2355 1945 2638 2001; x_wconf 88' lang='lat' dir='ltr'><strong>servitium</strong></span> <span class='ocrx_word' id='word_1_340' title='bbox 2680 1947 3007 2016; x_wconf 87' lang='lat' dir='ltr'><strong>educandos,</strong></span> <span class='ocrx_word' id='word_1_341' title='bbox 3063 1949 3260 2007; x_wconf 90' lang='lat' dir='ltr'><strong>litteris</strong></span> <span class='ocrx_word' id='word_1_342' title='bbox 3299 1952 3499 2010; x_wconf 83' lang='lat' dir='ltr'><strong>divinis</strong></span> 
     </span>
    </p>
   </div>
   <div class='ocr_carea' id='block_1_49' title="bbox 1905 2036 2376 2108">
    <p class='ocr_par' dir='ltr' id='par_1_49' title="bbox 1905 2036 2376 2108">
     <span class='ocr_line' id='line_1_49' title="bbox 1905 2036 2376 2108; baseline 0 -15"><span class='ocrx_word' id='word_1_343' title='bbox 1905 2039 2173 2094; x_wconf 90' lang='lat' dir='ltr'><strong>instruere</strong></span> <span class='ocrx_word' id='word_1_344' title='bbox 2190 2036 2376 2108; x_wconf 88' lang='lat' dir='ltr'><strong>jussit.</strong></span> 
     </span>
    </p>
   </div>
   <div class='ocr_carea' id='block_1_50' title="bbox 1904 2211 3490 2297">
    <p class='ocr_par' dir='ltr' id='par_1_50' title="bbox 1904 2211 3490 2297">
     <span class='ocr_line' id='line_1_50' title="bbox 1904 2211 3490 2297; baseline 0.01 -31"><span class='ocrx_word' id='word_1_345' title='bbox 1904 2211 2216 2297; x_wconf 66' lang='lat' dir='ltr'><strong>Devotionis</strong></span> <span class='ocrx_word' id='word_1_346' title='bbox 2230 2213 2404 2270; x_wconf 82' lang='lat' dir='ltr'><strong>studio</strong></span> <span class='ocrx_word' id='word_1_347' title='bbox 2433 2215 2604 2297; x_wconf 37' lang='lat' dir='ltr'><strong>libros.</strong></span> <span class='ocrx_word' id='word_1_348' title='bbox 2617 2218 2822 2297; x_wconf 47' lang='lat' dir='ltr'><strong>scribit</strong></span> <span class='ocrx_word' id='word_1_349' title='bbox 2842 2220 3187 2279; x_wconf 79' lang='lat' dir='ltr'><strong>Anselmrius.</strong></span> <span class='ocrx_word' id='word_1_350' title='bbox 3220 2225 3490 2297; x_wconf 83' lang='lat' dir='ltr'><strong>Lacrymis</strong></span> 
     </span>
    </p>
   </div>
   <div class='ocr_carea' id='block_1_51' title="bbox 2079 2283 3310 2362">
    <p class='ocr_par' dir='ltr' id='par_1_51' title="bbox 2079 2283 3310 2362">
     <span class='ocr_line' id='line_1_51' title="bbox 2079 2283 3310 2362; baseline 0.011 -25"><span class='ocrx_word' id='word_1_351' title='bbox 2079 2283 2307 2352; x_wconf 81' lang='lat' dir='ltr'><strong>deditus,</strong></span> <span class='ocrx_word' id='word_1_352' title='bbox 2339 2304 2468 2342; x_wconf 86' lang='lat' dir='ltr'><strong>usus</strong></span> <span class='ocrx_word' id='word_1_353' title='bbox 2493 2288 2564 2342; x_wconf 87' lang='lat' dir='ltr'><strong>ad</strong></span> <span class='ocrx_word' id='word_1_354' title='bbox 2583 2289 2681 2344; x_wconf 81' lang='lat' dir='ltr'><strong>hoc</strong></span> <span class='ocrx_word' id='word_1_355' title='bbox 2704 2288 2993 2362; x_wconf 73' lang='lat' dir='ltr'><strong>Scriptura:</strong></span> <span class='ocrx_word' id='word_1_356' title='bbox 3020 2296 3310 2351; x_wconf 76' lang='lat' dir='ltr'><strong>sententiis.</strong></span> 
     </span>
    </p>
   </div>
   <div class='ocr_carea' id='block_1_52' title="bbox 1973 2411 3496 2488">
    <p class='ocr_par' dir='ltr' id='par_1_52' title="bbox 1973 2411 3496 2488">
     <span class='ocr_line' id='line_1_52' title="bbox 1973 2411 3496 2488; baseline 0.014 -22"><span class='ocrx_word' id='word_1_357' title='bbox 1973 2411 2061 2468; x_wconf 84' lang='lat'><strong>59.</strong></span> <span class='ocrx_word' id='word_1_358' title='bbox 2091 2411 2260 2469; x_wconf 90' lang='lat' dir='ltr'><strong>Porro</strong></span> <span class='ocrx_word' id='word_1_359' title='bbox 2282 2415 2350 2470; x_wconf 92' lang='lat' dir='ltr'><strong>ad</strong></span> <span class='ocrx_word' id='word_1_360' title='bbox 2371 2416 2711 2474; x_wconf 90' lang='lat' dir='ltr'><strong>devotionem</strong></span> <span class='ocrx_word' id='word_1_361' title='bbox 2740 2419 2840 2475; x_wconf 92' lang='lat' dir='ltr'><strong>sibi</strong></span> <span class='ocrx_word' id='word_1_362' title='bbox 2873 2421 2929 2476; x_wconf 93' lang='lat' dir='ltr'><strong>in</strong></span> <span class='ocrx_word' id='word_1_363' title='bbox 2963 2421 3060 2479; x_wconf 91' lang='lat' dir='ltr'><strong>Dei</strong></span> <span class='ocrx_word' id='word_1_364' title='bbox 3087 2440 3275 2484; x_wconf 90' lang='lat' dir='ltr'><strong>amore</strong></span> <span class='ocrx_word' id='word_1_365' title='bbox 3295 2445 3496 2488; x_wconf 83' lang='lat' dir='ltr'><strong>acuen-</strong></span> 
     </span>
    </p>
   </div>
   <div class='ocr_carea' id='block_1_53' title="bbox 1902 2502 3496 2594">
    <p class='ocr_par' dir='ltr' id='par_1_53' title="bbox 1902 2502 3496 2594">
     <span class='ocr_line' id='line_1_53' title="bbox 1902 2502 3496 2594; baseline 0.013 -35"><span class='ocrx_word' id='word_1_366' title='bbox 1902 2502 2040 2594; x_wconf 75' lang='lat' dir='ltr'><strong>dam</strong></span> <span class='ocrx_word' id='word_1_367' title='bbox 2053 2519 2215 2574; x_wconf 89' lang='lat' dir='ltr'><strong>quam</strong></span> <span class='ocrx_word' id='word_1_368' title='bbox 2247 2507 2524 2564; x_wconf 92' lang='lat' dir='ltr'><strong>studiosus</strong></span> <span class='ocrx_word' id='word_1_369' title='bbox 2554 2509 2740 2575; x_wconf 81' lang='lat' dir='ltr'><strong>fuerit,</strong></span> <span class='ocrx_word' id='word_1_370' title='bbox 2771 2519 3040 2570; x_wconf 88' lang='lat' dir='ltr'><strong>testantur</strong></span> <span class='ocrx_word' id='word_1_371' title='bbox 3059 2517 3276 2574; x_wconf 87' lang='lat' dir='ltr'><strong>codices</strong></span> <span class='ocrx_word' id='word_1_372' title='bbox 3308 2525 3496 2594; x_wconf 89' lang='lat' dir='ltr'><strong>magni</strong></span> 
     </span>
    </p>
   </div>
   <div class='ocr_carea' id='block_1_54' title="bbox 1902 2589 3496 2672">
    <p class='ocr_par' dir='ltr' id='par_1_54' title="bbox 1902 2589 3496 2672">
     <span class='ocr_line' id='line_1_54' title="bbox 1902 2589 3496 2672; baseline 0.015 -30"><span class='ocrx_word' id='word_1_373' title='bbox 1902 2589 2042 2659; x_wconf 91' lang='lat' dir='ltr'><strong>apud</strong></span> <span class='ocrx_word' id='word_1_374' title='bbox 2075 2605 2196 2658; x_wconf 92' lang='lat' dir='ltr'><strong>nos,</strong></span> <span class='ocrx_word' id='word_1_375' title='bbox 2223 2608 2360 2662; x_wconf 92' lang='lat' dir='ltr'><strong>quos</strong></span> <span class='ocrx_word' id='word_1_376' title='bbox 2388 2596 2502 2664; x_wconf 89' lang='lat' dir='ltr'><strong>ipse</strong></span> <span class='ocrx_word' id='word_1_377' title='bbox 2524 2597 2740 2666; x_wconf 90' lang='lat' dir='ltr'><strong>propria</strong></span> <span class='ocrx_word' id='word_1_378' title='bbox 2781 2613 2944 2655; x_wconf 92' lang='lat' dir='ltr'><strong>manu</strong></span> <span class='ocrx_word' id='word_1_379' title='bbox 2988 2617 3086 2672; x_wconf 88' lang='lat' dir='ltr'><strong>per</strong></span> <span class='ocrx_word' id='word_1_380' title='bbox 3133 2613 3290 2662; x_wconf 90' lang='lat' dir='ltr'><strong>notas</strong></span> <span class='ocrx_word' id='word_1_381' title='bbox 3311 2620 3338 2648; x_wconf 72' lang='grc' dir='ltr'>α</span> <span class='ocrx_word' id='word_1_382' title='bbox 3365 2589 3496 2666; x_wconf 76' lang='lat' dir='ltr'><strong>cou-</strong></span> 
     </span>
    </p>
   </div>
   <div class='ocr_carea' id='block_1_55' title="bbox 1902 2684 3495 2772">
    <p class='ocr_par' dir='ltr' id='par_1_55' title="bbox 1902 2684 3495 2772">
     <span class='ocr_line' id='line_1_55' title="bbox 1902 2684 3495 2772; baseline 0.011 -33"><span class='ocrx_word' id='word_1_383' title='bbox 1902 2684 2137 2754; x_wconf 89' lang='lat' dir='ltr'><strong>scripsit,</strong></span> <span class='ocrx_word' id='word_1_384' title='bbox 2153 2686 2245 2755; x_wconf 93' lang='lat' dir='ltr'><strong>qui</strong></span> <span class='ocrx_word' id='word_1_385' title='bbox 2269 2686 2607 2744; x_wconf 87' lang='lat' dir='ltr'><strong>solummodo</strong></span> <span class='ocrx_word' id='word_1_386' title='bbox 2625 2689 2715 2745; x_wconf 87' lang='lat' dir='ltr'><strong>illa</strong></span> <span class='ocrx_word' id='word_1_387' title='bbox 2737 2691 3016 2749; x_wconf 88' lang='lat' dir='ltr'><strong>continere</strong></span> <span class='ocrx_word' id='word_1_388' title='bbox 3041 2706 3358 2767; x_wconf 91' lang='lat' dir='ltr'><strong>noscuntur,</strong></span> <span class='ocrx_word' id='word_1_389' title='bbox 3373 2717 3495 2772; x_wconf 60' lang='lat' dir='ltr'><strong>qua:</strong></span> 
     </span>
    </p>
   </div>
   <div class='ocr_carea' id='block_1_56' title="bbox 1901 2775 3494 2860">
    <p class='ocr_par' dir='ltr' id='par_1_56' title="bbox 1901 2775 3494 2860">
     <span class='ocr_line' id='line_1_56' title="bbox 1901 2775 3494 2860; baseline 0.012 -31"><span class='ocrx_word' id='word_1_390' title='bbox 1901 2777 1968 2831; x_wconf 88' lang='lat' dir='ltr'><strong>ad</strong></span> <span class='ocrx_word' id='word_1_391' title='bbox 2001 2775 2215 2832; x_wconf 91' lang='lat' dir='ltr'><strong>laudem</strong></span> <span class='ocrx_word' id='word_1_392' title='bbox 2260 2779 2652 2849; x_wconf 89' lang='lat' dir='ltr'><strong>omnipotentis</strong></span> <span class='ocrx_word' id='word_1_393' title='bbox 2681 2782 2774 2837; x_wconf 89' lang='lat' dir='ltr'><strong>Dei</strong></span> <span class='ocrx_word' id='word_1_394' title='bbox 2804 2785 3096 2852; x_wconf 89' lang='lat' dir='ltr'><strong>pertinent,</strong></span> <span class='ocrx_word' id='word_1_395' title='bbox 3124 2796 3182 2844; x_wconf 91' lang='lat' dir='ltr'><strong>et</strong></span> <span class='ocrx_word' id='word_1_396' title='bbox 3205 2789 3272 2843; x_wconf 87' lang='lat' dir='ltr'><strong>ad</strong></span> <span class='ocrx_word' id='word_1_397' title='bbox 3303 2806 3494 2860; x_wconf 84' lang='lat' dir='ltr'><strong>pecca-</strong></span> 
     </span>
    </p>
   </div>
   <div class='ocr_carea' id='block_1_57' title="bbox 1900 2869 3499 2947">
    <p class='ocr_par' dir='ltr' id='par_1_57' title="bbox 1900 2869 3499 2947">
     <span class='ocr_line' id='line_1_57' title="bbox 1900 2869 3499 2947; baseline 0.011 -27"><span class='ocrx_word' id='word_1_398' title='bbox 1900 2875 2080 2921; x_wconf 90' lang='lat' dir='ltr'><strong>torum</strong></span> <span class='ocrx_word' id='word_1_399' title='bbox 2134 2869 2600 2940; x_wconf 88' lang='lat' dir='ltr'><strong>redargutionem,</strong></span> <span class='ocrx_word' id='word_1_400' title='bbox 2645 2872 2713 2927; x_wconf 88' lang='lat' dir='ltr'><strong>ad</strong></span> <span class='ocrx_word' id='word_1_401' title='bbox 2754 2872 2967 2929; x_wconf 90' lang='lat' dir='ltr'><strong>laudem</strong></span> <span class='ocrx_word' id='word_1_402' title='bbox 2994 2891 3210 2947; x_wconf 89' lang='lat' dir='ltr'><strong>quoque</strong></span> <span class='ocrx_word' id='word_1_403' title='bbox 3242 2881 3414 2936; x_wconf 62' lang='lat' dir='ltr'><strong>beatie</strong></span> <span class='ocrx_word' id='word_1_404' title='bbox 3439 2891 3499 2937; x_wconf 91' lang='lat' dir='ltr'><strong>et</strong></span> 
     </span>
    </p>
   </div>
   <div class='ocr_carea' id='block_1_58' title="bbox 1900 2958 3498 3042">
    <p class='ocr_par' dir='ltr' id='par_1_58' title="bbox 1900 2958 3498 3042">
     <span class='ocr_line' id='line_1_58' title="bbox 1900 2958 3498 3042; baseline 0.01 -29"><span class='ocrx_word' id='word_1_405' title='bbox 1900 2969 2115 3014; x_wconf 69' lang='lat' dir='ltr'><strong>aeternae</strong></span> <span class='ocrx_word' id='word_1_406' title='bbox 2140 2958 2284 3026; x_wconf 60' lang='lat' dir='ltr'><strong>vitae,</strong></span> <span class='ocrx_word' id='word_1_407' title='bbox 2317 2968 2372 3014; x_wconf 90' lang='lat' dir='ltr'><strong>et</strong></span> <span class='ocrx_word' id='word_1_408' title='bbox 2415 2970 2681 3017; x_wconf 91' lang='lat' dir='ltr'><strong>terrorem</strong></span> <span class='ocrx_word' id='word_1_409' title='bbox 2721 2965 3014 3034; x_wconf 64' lang='lat' dir='ltr'><strong>gehennae;</strong></span> <span class='ocrx_word' id='word_1_410' title='bbox 3056 2977 3112 3024; x_wconf 89' lang='lat' dir='ltr'><strong>et</strong></span> <span class='ocrx_word' id='word_1_411' title='bbox 3136 2971 3396 3042; x_wconf 85' lang='lat' dir='ltr'><strong>quidquid</strong></span> <span class='ocrx_word' id='word_1_412' title='bbox 3428 2975 3498 3030; x_wconf 89' lang='lat' dir='ltr'><strong>ad</strong></span> 
     </span>
    </p>
   </div>
   <div class='ocr_carea' id='block_1_59' title="bbox 1901 3051 3499 3122">
    <p class='ocr_par' dir='ltr' id='par_1_59' title="bbox 1901 3051 3499 3122">
     <span class='ocr_line' id='line_1_59' title="bbox 1901 3051 3499 3122; baseline 0.009 -16"><span class='ocrx_word' id='word_1_413' title='bbox 1901 3051 2379 3120; x_wconf 91' lang='lat' dir='ltr'><strong>compunctionem</strong></span> <span class='ocrx_word' id='word_1_414' title='bbox 2404 3056 2662 3122; x_wconf 89' lang='lat' dir='ltr'><strong>pertinet,</strong></span> <span class='ocrx_word' id='word_1_415' title='bbox 2693 3063 2748 3109; x_wconf 91' lang='lat' dir='ltr'><strong>et</strong></span> <span class='ocrx_word' id='word_1_416' title='bbox 2794 3055 3111 3114; x_wconf 86' lang='lat' dir='ltr'><strong>lameutum.</strong></span> <span class='ocrx_word' id='word_1_417' title='bbox 3150 3059 3338 3118; x_wconf 88' lang='lat' dir='ltr'><strong>Testes</strong></span> <span class='ocrx_word' id='word_1_418' title='bbox 3369 3074 3499 3120; x_wconf 86' lang='lat' dir='ltr'><strong>sunt</strong></span> 
     </span>
    </p>
   </div>
   <div class='ocr_carea' id='block_1_60' title="bbox 1901 3141 3496 3224">
    <p class='ocr_par' dir='ltr' id='par_1_60' title="bbox 1901 3141 3496 3224">
     <span class='ocr_line' id='line_1_60' title="bbox 1901 3141 3496 3224; baseline 0.011 -29"><span class='ocrx_word' id='word_1_419' title='bbox 1901 3149 1956 3195; x_wconf 84' lang='lat' dir='ltr'><strong>et</strong></span> <span class='ocrx_word' id='word_1_420' title='bbox 1984 3141 2180 3196; x_wconf 78' lang='lat' dir='ltr'><strong>fratres</strong></span> <span class='ocrx_word' id='word_1_421' title='bbox 2205 3142 2345 3211; x_wconf 91' lang='lat' dir='ltr'><strong>apud</strong></span> <span class='ocrx_word' id='word_1_422' title='bbox 2378 3157 2477 3197; x_wconf 90' lang='lat' dir='ltr'><strong>nos</strong></span> <span class='ocrx_word' id='word_1_423' title='bbox 2507 3143 2534 3184; x_wconf 72' lang='grc' dir='ltr'>ι»</span> <span class='ocrx_word' id='word_1_424' title='bbox 2567 3152 2622 3198; x_wconf 91' lang='lat' dir='ltr'><strong>et</strong></span> <span class='ocrx_word' id='word_1_425' title='bbox 2666 3144 2719 3199; x_wconf 94' lang='lat' dir='ltr'><strong>in</strong></span> <span class='ocrx_word' id='word_1_426' title='bbox 2754 3160 2894 3200; x_wconf 90' lang='lat' dir='ltr'><strong>nova</strong></span> <span class='ocrx_word' id='word_1_427' title='bbox 2941 3148 3170 3212; x_wconf 86' lang='lat' dir='ltr'><strong>Corbeia</strong></span> <span class='ocrx_word' id='word_1_428' title='bbox 3217 3153 3496 3224; x_wconf 88' lang='lat' dir='ltr'><strong>degentes,</strong></span> 
     </span>
    </p>
   </div>
   <div class='ocr_carea' id='block_1_61' title="bbox 279 3228 3497 3314">
    <p class='ocr_par' dir='ltr' id='par_1_61' title="bbox 279 3228 3497 3314">
     <span class='ocr_line' id='line_1_61' title="bbox 279 3228 3497 3314; baseline 0.002 -26"><span class='ocrx_word' id='word_1_429' title='bbox 279 3231 368 3289; x_wconf 81' lang='lat'><strong>58.</strong></span> <span class='ocrx_word' id='word_1_430' title='bbox 401 3233 570 3288; x_wconf 90' lang='lat' dir='ltr'><strong>Porro</strong></span> <span class='ocrx_word' id='word_1_431' title='bbox 599 3247 877 3303; x_wconf 89' lang='lat' dir='ltr'><strong>quousque</strong></span> <span class='ocrx_word' id='word_1_432' title='bbox 899 3232 1199 3304; x_wconf 86' lang='lat' dir='ltr'><strong>juventutis</strong></span> <span class='ocrx_word' id='word_1_433' title='bbox 1236 3231 1577 3302; x_wconf 88' lang='lat' dir='ltr'><strong>aliquatenus</strong></span> <span class='ocrx_word' id='word_1_434' title='bbox 1597 3230 1802 3301; x_wconf 89' lang='lat' dir='ltr'><strong>potitus</strong></span> <span class='ocrx_word' id='word_1_435' title='bbox 1829 3228 1874 3292; x_wconf 90' lang='lat' dir='ltr'><strong>C</strong></span> <span class='ocrx_word' id='word_1_436' title='bbox 1904 3245 2042 3300; x_wconf 90' lang='lat' dir='ltr'><strong>quos</strong></span> <span class='ocrx_word' id='word_1_437' title='bbox 2069 3245 2170 3300; x_wconf 89' lang='lat' dir='ltr'><strong>pro</strong></span> <span class='ocrx_word' id='word_1_438' title='bbox 2197 3231 2302 3286; x_wconf 91' lang='lat' dir='ltr'><strong>hoc</strong></span> <span class='ocrx_word' id='word_1_439' title='bbox 2321 3246 2486 3301; x_wconf 90' lang='lat' dir='ltr'><strong>opere</strong></span> <span class='ocrx_word' id='word_1_440' title='bbox 2508 3232 2827 3304; x_wconf 77' lang='lat' dir='ltr'><strong>frequenter</strong></span> <span class='ocrx_word' id='word_1_441' title='bbox 2850 3238 3172 3308; x_wconf 89' lang='lat' dir='ltr'><strong>postulavit;</strong></span> <span class='ocrx_word' id='word_1_442' title='bbox 3199 3244 3399 3314; x_wconf 87' lang='lat' dir='ltr'><strong>quique</strong></span> <span class='ocrx_word' id='word_1_443' title='bbox 3421 3247 3497 3302; x_wconf 80' lang='lat' dir='ltr'><strong>illi</strong></span> 
     </span>
    </p>
   </div>
   <div class='ocr_carea' id='block_1_62' title="bbox 211 3322 1804 3397">
    <p class='ocr_par' dir='ltr' id='par_1_62' title="bbox 211 3322 1804 3397">
     <span class='ocr_line' id='line_1_62' title="bbox 211 3322 1804 3397; baseline -0.003 -15"><span class='ocrx_word' id='word_1_444' title='bbox 211 3333 295 3382; x_wconf 89' lang='lat' dir='ltr'><strong>est</strong></span> <span class='ocrx_word' id='word_1_445' title='bbox 323 3325 541 3393; x_wconf 90' lang='lat' dir='ltr'><strong>robore,</strong></span> <span class='ocrx_word' id='word_1_446' title='bbox 567 3339 809 3397; x_wconf 76' lang='lat' dir='ltr'><strong>persaepe</strong></span> <span class='ocrx_word' id='word_1_447' title='bbox 847 3340 1041 3396; x_wconf 89' lang='lat' dir='ltr'><strong>panem</strong></span> <span class='ocrx_word' id='word_1_448' title='bbox 1071 3325 1124 3380; x_wconf 92' lang='lat' dir='ltr'><strong>in</strong></span> <span class='ocrx_word' id='word_1_449' title='bbox 1167 3322 1404 3394; x_wconf 84' lang='lat' dir='ltr'><strong>pondere</strong></span> <span class='ocrx_word' id='word_1_450' title='bbox 1442 3333 1498 3378; x_wconf 91' lang='lat' dir='ltr'><strong>et</strong></span> <span class='ocrx_word' id='word_1_451' title='bbox 1527 3338 1723 3394; x_wconf 91' lang='lat' dir='ltr'><strong>aquam</strong></span> <span class='ocrx_word' id='word_1_452' title='bbox 1748 3323 1804 3377; x_wconf 91' lang='lat' dir='ltr'><strong>in</strong></span> 
     </span>
    </p>
   </div>
   <div class='ocr_carea' id='block_1_63' title="bbox 213 3415 1807 3496">
    <p class='ocr_par' dir='ltr' id='par_1_63' title="bbox 213 3415 1807 3496">
     <span class='ocr_line' id='line_1_63' title="bbox 213 3415 1807 3496; baseline -0.004 -21"><span class='ocrx_word' id='word_1_453' title='bbox 213 3435 465 3496; x_wconf 82' lang='lat' dir='ltr'><strong>mensura</strong></span> <span class='ocrx_word' id='word_1_454' title='bbox 516 3418 796 3485; x_wconf 89' lang='lat' dir='ltr'><strong>sumebat;</strong></span> <span class='ocrx_word' id='word_1_455' title='bbox 853 3417 1092 3472; x_wconf 81' lang='lat' dir='ltr'><strong>maxime</strong></span> <span class='ocrx_word' id='word_1_456' title='bbox 1139 3416 1375 3488; x_wconf 91' lang='lat' dir='ltr'><strong>quandiu</strong></span> <span class='ocrx_word' id='word_1_457' title='bbox 1428 3416 1715 3473; x_wconf 88' lang='lat' dir='ltr'><strong>solitudine</strong></span> <span class='ocrx_word' id='word_1_458' title='bbox 1755 3415 1807 3472; x_wconf 91' lang='lat' dir='ltr'><strong>ei</strong></span> 
     </span>
    </p>
   </div>
   <div class='ocr_carea' id='block_1_64' title="bbox 213 3507 1809 3580">
    <p class='ocr_par' dir='ltr' id='par_1_64' title="bbox 213 3507 1809 3580">
     <span class='ocr_line' id='line_1_64' title="bbox 213 3507 1809 3580; baseline -0.005 -12"><span class='ocrx_word' id='word_1_459' title='bbox 213 3513 294 3568; x_wconf 91' lang='lat' dir='ltr'><strong>uti</strong></span> <span class='ocrx_word' id='word_1_460' title='bbox 338 3510 543 3567; x_wconf 87' lang='lat' dir='ltr'><strong>licitmn</strong></span> <span class='ocrx_word' id='word_1_461' title='bbox 579 3518 713 3565; x_wconf 90' lang='lat' dir='ltr'><strong>erat.</strong></span> <span class='ocrx_word' id='word_1_462' title='bbox 758 3508 874 3577; x_wconf 93' lang='lat' dir='ltr'><strong>Quo</strong></span> <span class='ocrx_word' id='word_1_463' title='bbox 905 3518 1142 3580; x_wconf 88' lang='lat' dir='ltr'><strong>tempore</strong></span> <span class='ocrx_word' id='word_1_464' title='bbox 1173 3522 1280 3562; x_wconf 91' lang='lat' dir='ltr'><strong>non</strong></span> <span class='ocrx_word' id='word_1_465' title='bbox 1311 3507 1545 3572; x_wconf 89' lang='lat' dir='ltr'><strong>modice,</strong></span> <span class='ocrx_word' id='word_1_466' title='bbox 1592 3514 1650 3561; x_wconf 92' lang='lat' dir='ltr'><strong>ut</strong></span> <span class='ocrx_word' id='word_1_467' title='bbox 1695 3507 1809 3578; x_wconf 84' lang='lat' dir='ltr'><strong>ipse</strong></span> 
     </span>
    </p>
   </div>
   <div class='ocr_carea' id='block_1_65' title="bbox 214 3596 1809 3672">
    <p class='ocr_par' dir='ltr' id='par_1_65' title="bbox 214 3596 1809 3672">
     <span class='ocr_line' id='line_1_65' title="bbox 214 3596 1809 3672; baseline -0.004 -14"><span class='ocrx_word' id='word_1_468' title='bbox 214 3602 548 3666; x_wconf 86' lang='lat' dir='ltr'><strong>allirmabat,</strong></span> <span class='ocrx_word' id='word_1_469' title='bbox 595 3619 625 3656; x_wconf 91' lang='lat' dir='ltr'><strong>a</strong></span> <span class='ocrx_word' id='word_1_470' title='bbox 665 3601 858 3672; x_wconf 91' lang='lat' dir='ltr'><strong>spiritu</strong></span> <span class='ocrx_word' id='word_1_471' title='bbox 905 3609 1143 3656; x_wconf 91' lang='lat' dir='ltr'><strong>tentatus</strong></span> <span class='ocrx_word' id='word_1_472' title='bbox 1187 3606 1272 3654; x_wconf 89' lang='lat' dir='ltr'><strong>est</strong></span> <span class='ocrx_word' id='word_1_473' title='bbox 1314 3598 1643 3654; x_wconf 80' lang='lat' dir='ltr'><strong>ceuodoxiae.</strong></span> <span class='ocrx_word' id='word_1_474' title='bbox 1685 3596 1809 3652; x_wconf 90' lang='lat' dir='ltr'><strong>Stu-</strong></span> 
     </span>
    </p>
   </div>
   <div class='ocr_carea' id='block_1_66' title="bbox 215 3691 1808 3768">
    <p class='ocr_par' dir='ltr' id='par_1_66' title="bbox 215 3691 1808 3768">
     <span class='ocr_line' id='line_1_66' title="bbox 215 3691 1808 3768; baseline -0.008 -11"><span class='ocrx_word' id='word_1_475' title='bbox 215 3701 380 3758; x_wconf 89' lang='lat' dir='ltr'><strong>debat</strong></span> <span class='ocrx_word' id='word_1_476' title='bbox 408 3713 640 3768; x_wconf 89' lang='lat' dir='ltr'><strong>namque</strong></span> <span class='ocrx_word' id='word_1_477' title='bbox 683 3696 937 3752; x_wconf 90' lang='lat' dir='ltr'><strong>inimicus</strong></span> <span class='ocrx_word' id='word_1_478' title='bbox 979 3694 1205 3750; x_wconf 81' lang='lat' dir='ltr'><strong>humani</strong></span> <span class='ocrx_word' id='word_1_479' title='bbox 1239 3692 1454 3763; x_wconf 83' lang='lat' dir='ltr'><strong>generis</strong></span> <span class='ocrx_word' id='word_1_480' title='bbox 1504 3701 1657 3763; x_wconf 87' lang='lat' dir='ltr'><strong>peste</strong></span> <span class='ocrx_word' id='word_1_481' title='bbox 1694 3691 1808 3762; x_wconf 91' lang='lat' dir='ltr'><strong>jam</strong></span> 
     </span>
    </p>
   </div>
   <div class='ocr_carea' id='block_1_67' title="bbox 217 3784 1810 3858">
    <p class='ocr_par' dir='ltr' id='par_1_67' title="bbox 217 3784 1810 3858">
     <span class='ocr_line' id='line_1_67' title="bbox 217 3784 1810 3858; baseline -0.008 -7"><span class='ocrx_word' id='word_1_482' title='bbox 217 3794 362 3851; x_wconf 88' lang='lat' dir='ltr'><strong>dicta</strong></span> <span class='ocrx_word' id='word_1_483' title='bbox 396 3793 633 3848; x_wconf 90' lang='lat' dir='ltr'><strong>animam</strong></span> <span class='ocrx_word' id='word_1_484' title='bbox 663 3790 808 3846; x_wconf 90' lang='lat' dir='ltr'><strong>illius</strong></span> <span class='ocrx_word' id='word_1_485' title='bbox 850 3788 1095 3855; x_wconf 83' lang='lat' dir='ltr'><strong>inlicere,</strong></span> <span class='ocrx_word' id='word_1_486' title='bbox 1141 3796 1197 3843; x_wconf 90' lang='lat' dir='ltr'><strong>et</strong></span> <span class='ocrx_word' id='word_1_487' title='bbox 1227 3801 1454 3858; x_wconf 90' lang='lat' dir='ltr'><strong>magnus</strong></span> <span class='ocrx_word' id='word_1_488' title='bbox 1498 3785 1612 3856; x_wconf 82' lang='lat' dir='ltr'><strong>ipse</strong></span> <span class='ocrx_word' id='word_1_489' title='bbox 1639 3784 1810 3839; x_wconf 88' lang='lat' dir='ltr'><strong>oculis</strong></span> 
     </span>
    </p>
   </div>
   <div class='ocr_carea' id='block_1_68' title="bbox 216 3872 1846 3960">
    <p class='ocr_par' dir='ltr' id='par_1_68' title="bbox 216 3872 1846 3960">
     <span class='ocr_line' id='line_1_68' title="bbox 216 3872 1846 3960; baseline -0.008 -19"><span class='ocrx_word' id='word_1_490' title='bbox 216 3886 332 3941; x_wconf 91' lang='lat' dir='ltr'><strong>suis</strong></span> <span class='ocrx_word' id='word_1_491' title='bbox 378 3872 684 3948; x_wconf 77' lang='lat' dir='ltr'><strong>videbatur,</strong></span> <span class='ocrx_word' id='word_1_492' title='bbox 716 3881 843 3952; x_wconf 89' lang='lat' dir='ltr'><strong>quia</strong></span> <span class='ocrx_word' id='word_1_493' title='bbox 893 3879 1074 3934; x_wconf 88' lang='lat' dir='ltr'><strong>taliter</strong></span> <span class='ocrx_word' id='word_1_494' title='bbox 1121 3877 1439 3933; x_wconf 85' lang='lat' dir='ltr'><strong>abstineret.</strong></span> <span class='ocrx_word' id='word_1_495' title='bbox 1484 3873 1600 3942; x_wconf 90' lang='lat' dir='ltr'><strong>Qua</strong></span> <span class='ocrx_word' id='word_1_496' title='bbox 1648 3874 1714 3929; x_wconf 90' lang='lat' dir='ltr'><strong>de</strong></span> <span class='ocrx_word' id='word_1_497' title='bbox 1750 3888 1846 3960; x_wconf 47' lang='lat' dir='ltr'><strong>re.</strong></span> 
     </span>
    </p>
   </div>
   <div class='ocr_carea' id='block_1_69' title="bbox 217 3965 1810 4038">
    <p class='ocr_par' dir='ltr' id='par_1_69' title="bbox 217 3965 1810 4038">
     <span class='ocr_line' id='line_1_69' title="bbox 217 3965 1810 4038; baseline -0.008 -6"><span class='ocrx_word' id='word_1_498' title='bbox 217 3975 392 4032; x_wconf 87' lang='lat' dir='ltr'><strong>tristis</strong></span> <span class='ocrx_word' id='word_1_499' title='bbox 444 3972 636 4035; x_wconf 80' lang='lat' dir='ltr'><strong>factus,</strong></span> <span class='ocrx_word' id='word_1_500' title='bbox 687 3979 743 4025; x_wconf 90' lang='lat' dir='ltr'><strong>et</strong></span> <span class='ocrx_word' id='word_1_501' title='bbox 791 3969 858 4024; x_wconf 90' lang='lat' dir='ltr'><strong>ad</strong></span> <span class='ocrx_word' id='word_1_502' title='bbox 919 3968 1132 4024; x_wconf 88' lang='lat' dir='ltr'><strong>Domini</strong></span> <span class='ocrx_word' id='word_1_503' title='bbox 1186 3967 1444 4038; x_wconf 88' lang='lat' dir='ltr'><strong>pietatem</strong></span> <span class='ocrx_word' id='word_1_504' title='bbox 1475 3966 1530 4020; x_wconf 92' lang='lat' dir='ltr'><strong>in</strong></span> <span class='ocrx_word' id='word_1_505' title='bbox 1563 3965 1810 4021; x_wconf 88' lang='lat' dir='ltr'><strong>oratione</strong></span> 
     </span>
    </p>
   </div>
   <div class='ocr_carea' id='block_1_70' title="bbox 217 4057 1812 4136">
    <p class='ocr_par' dir='ltr' id='par_1_70' title="bbox 217 4057 1812 4136">
     <span class='ocr_line' id='line_1_70' title="bbox 217 4057 1812 4136; baseline -0.008 -12"><span class='ocrx_word' id='word_1_506' title='bbox 217 4081 517 4124; x_wconf 87' lang='lat' dir='ltr'><strong>conversus</strong></span> <span class='ocrx_word' id='word_1_507' title='bbox 546 4106 561 4131; x_wconf 92' lang='lat'><strong>,</strong></span> <span class='ocrx_word' id='word_1_508' title='bbox 607 4061 912 4136; x_wconf 89' lang='lat' dir='ltr'><strong>postulabat</strong></span> <span class='ocrx_word' id='word_1_509' title='bbox 956 4068 1017 4115; x_wconf 92' lang='lat' dir='ltr'><strong>ut</strong></span> <span class='ocrx_word' id='word_1_510' title='bbox 1059 4075 1157 4116; x_wconf 92' lang='lat' dir='ltr'><strong>sua</strong></span> <span class='ocrx_word' id='word_1_511' title='bbox 1199 4073 1321 4114; x_wconf 91' lang='lat' dir='ltr'><strong>eum</strong></span> <span class='ocrx_word' id='word_1_512' title='bbox 1369 4059 1546 4129; x_wconf 90' lang='lat' dir='ltr'><strong>gratia</strong></span> <span class='ocrx_word' id='word_1_513' title='bbox 1589 4058 1657 4112; x_wconf 90' lang='lat' dir='ltr'><strong>ab</strong></span> <span class='ocrx_word' id='word_1_514' title='bbox 1708 4057 1812 4112; x_wconf 90' lang='lat' dir='ltr'><strong>hac</strong></span> 
     </span>
    </p>
   </div>
   <div class='ocr_carea' id='block_1_71' title="bbox 216 4146 1810 4230">
    <p class='ocr_par' dir='ltr' id='par_1_71' title="bbox 216 4146 1810 4230">
     <span class='ocr_line' id='line_1_71' title="bbox 216 4146 1810 4230; baseline -0.007 -17"><span class='ocrx_word' id='word_1_515' title='bbox 216 4155 679 4230; x_wconf 88' lang='lat' dir='ltr'><strong>perniciosissima</strong></span> <span class='ocrx_word' id='word_1_516' title='bbox 707 4153 985 4226; x_wconf 90' lang='lat' dir='ltr'><strong>impietate</strong></span> <span class='ocrx_word' id='word_1_517' title='bbox 1010 4149 1286 4214; x_wconf 88' lang='lat' dir='ltr'><strong>liberaret,</strong></span> <span class='ocrx_word' id='word_1_518' title='bbox 1313 4149 1458 4219; x_wconf 89' lang='lat' dir='ltr'><strong>quod</strong></span> <span class='ocrx_word' id='word_1_519' title='bbox 1501 4157 1557 4204; x_wconf 90' lang='lat' dir='ltr'><strong>et</strong></span> <span class='ocrx_word' id='word_1_520' title='bbox 1607 4146 1810 4204; x_wconf 79' lang='lat' dir='ltr'><strong>factum</strong></span> 
     </span>
    </p>
   </div>
   <div class='ocr_carea' id='block_1_72' title="bbox 219 4242 1814 4322">
    <p class='ocr_par' dir='ltr' id='par_1_72' title="bbox 219 4242 1814 4322">
     <span class='ocr_line' id='line_1_72' title="bbox 219 4242 1814 4322; baseline -0.009 -13"><span class='ocrx_word' id='word_1_521' title='bbox 219 4263 323 4310; x_wconf 91' lang='lat' dir='ltr'><strong>est.</strong></span> <span class='ocrx_word' id='word_1_522' title='bbox 373 4250 615 4322; x_wconf 88' lang='lat' dir='ltr'><strong>Cumque</strong></span> <span class='ocrx_word' id='word_1_523' title='bbox 653 4264 752 4320; x_wconf 91' lang='lat' dir='ltr'><strong>pro</strong></span> <span class='ocrx_word' id='word_1_524' title='bbox 802 4249 905 4303; x_wconf 87' lang='lat' dir='ltr'><strong>hac</strong></span> <span class='ocrx_word' id='word_1_525' title='bbox 954 4261 1014 4302; x_wconf 90' lang='lat' dir='ltr'><strong>re</strong></span> <span class='ocrx_word' id='word_1_526' title='bbox 1063 4243 1346 4300; x_wconf 89' lang='lat' dir='ltr'><strong>sollicitius</strong></span> <span class='ocrx_word' id='word_1_527' title='bbox 1391 4242 1634 4297; x_wconf 89' lang='lat' dir='ltr'><strong>intentus</strong></span> <span class='ocrx_word' id='word_1_528' title='bbox 1668 4250 1814 4297; x_wconf 88' lang='lat' dir='ltr'><strong>esset</strong></span> 
     </span>
    </p>
   </div>
   <div class='ocr_carea' id='block_1_73' title="bbox 218 4331 1811 4415">
    <p class='ocr_par' dir='ltr' id='par_1_73' title="bbox 218 4331 1811 4415">
     <span class='ocr_line' id='line_1_73' title="bbox 218 4331 1811 4415; baseline -0.008 -17"><span class='ocrx_word' id='word_1_529' title='bbox 218 4341 497 4415; x_wconf 90' lang='lat' dir='ltr'><strong>precibus,</strong></span> <span class='ocrx_word' id='word_1_530' title='bbox 521 4341 756 4409; x_wconf 89' lang='lat' dir='ltr'><strong>quadam</strong></span> <span class='ocrx_word' id='word_1_531' title='bbox 783 4346 941 4392; x_wconf 90' lang='lat' dir='ltr'><strong>nocte</strong></span> <span class='ocrx_word' id='word_1_532' title='bbox 965 4335 1148 4405; x_wconf 89' lang='lat' dir='ltr'><strong>sopori</strong></span> <span class='ocrx_word' id='word_1_533' title='bbox 1168 4334 1402 4397; x_wconf 91' lang='lat' dir='ltr'><strong>deditus,</strong></span> <span class='ocrx_word' id='word_1_534' title='bbox 1416 4331 1552 4386; x_wconf 88' lang='lat' dir='ltr'><strong>vidit</strong></span> <span class='ocrx_word' id='word_1_535' title='bbox 1575 4347 1634 4387; x_wconf 88' lang='lat' dir='ltr'><strong>se</strong></span> <span class='ocrx_word' id='word_1_536' title='bbox 1655 4331 1811 4402; x_wconf 89' lang='lat' dir='ltr'><strong>quasi</strong></span> 
     </span>
    </p>
   </div>
   <div class='ocr_carea' id='block_1_74' title="bbox 222 4422 1810 4504">
    <p class='ocr_par' dir='ltr' id='par_1_74' title="bbox 222 4422 1810 4504">
     <span class='ocr_line' id='line_1_74' title="bbox 222 4422 1810 4504; baseline -0.009 -14"><span class='ocrx_word' id='word_1_537' title='bbox 222 4448 396 4504; x_wconf 92' lang='lat' dir='ltr'><strong>usque</strong></span> <span class='ocrx_word' id='word_1_538' title='bbox 427 4431 481 4485; x_wconf 94' lang='lat' dir='ltr'><strong>in</strong></span> <span class='ocrx_word' id='word_1_539' title='bbox 507 4429 704 4485; x_wconf 76' lang='lat' dir='ltr'><strong>cmlum</strong></span> <span class='ocrx_word' id='word_1_540' title='bbox 741 4427 880 4498; x_wconf 89' lang='lat' dir='ltr'><strong>rapi,</strong></span> <span class='ocrx_word' id='word_1_541' title='bbox 914 4434 970 4481; x_wconf 90' lang='lat' dir='ltr'><strong>et</strong></span> <span class='ocrx_word' id='word_1_542' title='bbox 1001 4433 1173 4481; x_wconf 90' lang='lat' dir='ltr'><strong>totum</strong></span> <span class='ocrx_word' id='word_1_543' title='bbox 1199 4423 1456 4479; x_wconf 70' lang='lat' dir='ltr'><strong>saaculum</strong></span> <span class='ocrx_word' id='word_1_544' title='bbox 1482 4437 1547 4477; x_wconf 90' lang='lat' dir='ltr'><strong>ac</strong></span> <span class='ocrx_word' id='word_1_545' title='bbox 1567 4422 1615 4477; x_wconf 90' lang='lat' dir='ltr'><strong>si</strong></span> <span class='ocrx_word' id='word_1_546' title='bbox 1642 4422 1696 4476; x_wconf 93' lang='lat' dir='ltr'><strong>in</strong></span> <span class='ocrx_word' id='word_1_547' title='bbox 1727 4429 1810 4476; x_wconf 90' lang='lat' dir='ltr'><strong>te-</strong></span> 
     </span>
    </p>
   </div>
   <div class='ocr_carea' id='block_1_75' title="bbox 224 4515 1812 4586">
    <p class='ocr_par' dir='ltr' id='par_1_75' title="bbox 224 4515 1812 4586">
     <span class='ocr_line' id='line_1_75' title="bbox 224 4515 1812 4586; baseline -0.008 -6"><span class='ocrx_word' id='word_1_548' title='bbox 224 4525 505 4582; x_wconf 80' lang='lat' dir='ltr'><strong>terrimam</strong></span> <span class='ocrx_word' id='word_1_549' title='bbox 535 4520 727 4576; x_wconf 89' lang='lat' dir='ltr'><strong>vallem</strong></span> <span class='ocrx_word' id='word_1_550' title='bbox 752 4517 1066 4581; x_wconf 91' lang='lat' dir='ltr'><strong>collectum;</strong></span> <span class='ocrx_word' id='word_1_551' title='bbox 1100 4530 1168 4570; x_wconf 83' lang='lat' dir='ltr'><strong>ex</strong></span> <span class='ocrx_word' id='word_1_552' title='bbox 1198 4530 1306 4586; x_wconf 92' lang='lat' dir='ltr'><strong>quo</strong></span> <span class='ocrx_word' id='word_1_553' title='bbox 1329 4522 1512 4570; x_wconf 91' lang='lat' dir='ltr'><strong>tamen</strong></span> <span class='ocrx_word' id='word_1_554' title='bbox 1540 4522 1596 4569; x_wconf 91' lang='lat' dir='ltr'><strong>et</strong></span> <span class='ocrx_word' id='word_1_555' title='bbox 1622 4515 1812 4569; x_wconf 86' lang='lat' dir='ltr'><strong>beato-</strong></span> 
     </span>
    </p>
   </div>
   <div class='ocr_carea' id='block_1_76' title="bbox 1909 3319 3495 3396">
    <p class='ocr_par' dir='ltr' id='par_1_76' title="bbox 1909 3319 3495 3396">
     <span class='ocr_line' id='line_1_76' title="bbox 1909 3319 3495 3396; baseline 0.01 -22"><span class='ocrx_word' id='word_1_556' title='bbox 1909 3319 2170 3376; x_wconf 89' lang='lat' dir='ltr'><strong>nonnulla</strong></span> <span class='ocrx_word' id='word_1_557' title='bbox 2236 3319 2607 3389; x_wconf 88' lang='lat' dir='ltr'><strong>hujuscemodi</strong></span> <span class='ocrx_word' id='word_1_558' title='bbox 2666 3324 2974 3396; x_wconf 88' lang='lat' dir='ltr'><strong>conscripta</strong></span> <span class='ocrx_word' id='word_1_559' title='bbox 3037 3327 3322 3386; x_wconf 87' lang='lat' dir='ltr'><strong>miserunt.</strong></span> <span class='ocrx_word' id='word_1_560' title='bbox 3387 3332 3495 3390; x_wconf 88' lang='lat' dir='ltr'><strong>Sed</strong></span> 
     </span>
    </p>
   </div>
   <div class='ocr_carea' id='block_1_77' title="bbox 1910 3409 3496 3484">
    <p class='ocr_par' dir='ltr' id='par_1_77' title="bbox 1910 3409 3496 3484">
     <span class='ocr_line' id='line_1_77' title="bbox 1910 3409 3496 3484; baseline 0.011 -21"><span class='ocrx_word' id='word_1_561' title='bbox 1910 3425 2187 3479; x_wconf 89' lang='lat' dir='ltr'><strong>nunquam</strong></span> <span class='ocrx_word' id='word_1_562' title='bbox 2215 3409 2292 3465; x_wconf 91' lang='lat' dir='ltr'><strong>illi</strong></span> <span class='ocrx_word' id='word_1_563' title='bbox 2331 3420 2416 3465; x_wconf 88' lang='lat' dir='ltr'><strong>sat</strong></span> <span class='ocrx_word' id='word_1_564' title='bbox 2443 3426 2563 3468; x_wconf 86' lang='lat' dir='ltr'><strong>esse</strong></span> <span class='ocrx_word' id='word_1_565' title='bbox 2608 3423 2848 3484; x_wconf 90' lang='lat' dir='ltr'><strong>poterat,</strong></span> <span class='ocrx_word' id='word_1_566' title='bbox 2878 3417 3008 3484; x_wconf 91' lang='lat' dir='ltr'><strong>quin</strong></span> <span class='ocrx_word' id='word_1_567' title='bbox 3057 3434 3274 3477; x_wconf 90' lang='lat' dir='ltr'><strong>omnem</strong></span> <span class='ocrx_word' id='word_1_568' title='bbox 3325 3424 3496 3480; x_wconf 88' lang='lat' dir='ltr'><strong>vitam</strong></span> 
     </span>
    </p>
   </div>
   <div class='ocr_carea' id='block_1_78' title="bbox 1912 3500 3499 3578">
    <p class='ocr_par' dir='ltr' id='par_1_78' title="bbox 1912 3500 3499 3578">
     <span class='ocr_line' id='line_1_78' title="bbox 1912 3500 3499 3578; baseline 0.011 -23"><span class='ocrx_word' id='word_1_569' title='bbox 1912 3516 2063 3555; x_wconf 89' lang='lat' dir='ltr'><strong>suam</strong></span> <span class='ocrx_word' id='word_1_570' title='bbox 2093 3501 2150 3555; x_wconf 91' lang='lat' dir='ltr'><strong>in</strong></span> <span class='ocrx_word' id='word_1_571' title='bbox 2174 3500 2323 3558; x_wconf 92' lang='lat' dir='ltr'><strong>luctu</strong></span> <span class='ocrx_word' id='word_1_572' title='bbox 2347 3511 2404 3558; x_wconf 89' lang='lat' dir='ltr'><strong>et</strong></span> <span class='ocrx_word' id='word_1_573' title='bbox 2432 3502 2687 3576; x_wconf 85' lang='lat' dir='ltr'><strong>lacrymis</strong></span> <span class='ocrx_word' id='word_1_574' title='bbox 2728 3507 2948 3578; x_wconf 82' lang='lat' dir='ltr'><strong>exigere</strong></span> <span class='ocrx_word' id='word_1_575' title='bbox 2987 3509 3166 3567; x_wconf 90' lang='lat' dir='ltr'><strong>vellet.</strong></span> <span class='ocrx_word' id='word_1_576' title='bbox 3198 3511 3334 3569; x_wconf 86' lang='lat' dir='ltr'><strong>Nam</strong></span> <span class='ocrx_word' id='word_1_577' title='bbox 3369 3515 3499 3572; x_wconf 88' lang='lat' dir='ltr'><strong>licet</strong></span> 
     </span>
    </p>
   </div>
   <div class='ocr_carea' id='block_1_79' title="bbox 1912 3591 3498 3670">
    <p class='ocr_par' dir='ltr' id='par_1_79' title="bbox 1912 3591 3498 3670">
     <span class='ocr_line' id='line_1_79' title="bbox 1912 3591 3498 3670; baseline 0.012 -24"><span class='ocrx_word' id='word_1_578' title='bbox 1912 3591 1990 3646; x_wconf 92' lang='lat' dir='ltr'><strong>illi</strong></span> <span class='ocrx_word' id='word_1_579' title='bbox 2013 3594 2358 3663; x_wconf 88' lang='lat' dir='ltr'><strong>compunctio</strong></span> <span class='ocrx_word' id='word_1_580' title='bbox 2380 3596 2560 3650; x_wconf 90' lang='lat' dir='ltr'><strong>cordis</strong></span> <span class='ocrx_word' id='word_1_581' title='bbox 2582 3595 2848 3668; x_wconf 84' lang='lat' dir='ltr'><strong>lacrymas</strong></span> <span class='ocrx_word' id='word_1_582' title='bbox 2869 3600 3152 3670; x_wconf 84' lang='lat' dir='ltr'><strong>excitaret,</strong></span> <span class='ocrx_word' id='word_1_583' title='bbox 3177 3621 3285 3662; x_wconf 91' lang='lat' dir='ltr'><strong>non</strong></span> <span class='ocrx_word' id='word_1_584' title='bbox 3315 3615 3498 3665; x_wconf 86' lang='lat' dir='ltr'><strong>tamen</strong></span> 
     </span>
    </p>
   </div>
   <div class='ocr_carea' id='block_1_80' title="bbox 1911 3681 3498 3770">
    <p class='ocr_par' dir='ltr' id='par_1_80' title="bbox 1911 3681 3498 3770">
     <span class='ocr_line' id='line_1_80' title="bbox 1911 3681 3498 3770; baseline 0.012 -34"><span class='ocrx_word' id='word_1_585' title='bbox 1911 3681 1962 3736; x_wconf 91' lang='lat' dir='ltr'><strong>ei</strong></span> <span class='ocrx_word' id='word_1_586' title='bbox 2016 3697 2258 3754; x_wconf 89' lang='lat' dir='ltr'><strong>unquam</strong></span> <span class='ocrx_word' id='word_1_587' title='bbox 2303 3683 2631 3743; x_wconf 76' lang='lat' dir='ltr'><strong>sufﬁcientes</strong></span> <span class='ocrx_word' id='word_1_588' title='bbox 2657 3689 3000 3758; x_wconf 86' lang='lat' dir='ltr'><strong>videbantur,</strong></span> <span class='ocrx_word' id='word_1_589' title='bbox 3031 3694 3134 3770; x_wconf 80' lang='lat' dir='ltr'><strong>nisi</strong></span> <span class='ocrx_word' id='word_1_590' title='bbox 3159 3698 3304 3766; x_wconf 89' lang='lat' dir='ltr'><strong>quod</strong></span> <span class='ocrx_word' id='word_1_591' title='bbox 3335 3699 3389 3754; x_wconf 94' lang='lat' dir='ltr'><strong>in</strong></span> <span class='ocrx_word' id='word_1_592' title='bbox 3418 3700 3498 3754; x_wconf 89' lang='lat' dir='ltr'><strong>ul-</strong></span> 
     </span>
    </p>
   </div>
   <div class='ocr_carea' id='block_1_81' title="bbox 1915 3775 3494 3860">
    <p class='ocr_par' dir='ltr' id='par_1_81' title="bbox 1915 3775 3494 3860">
     <span class='ocr_line' id='line_1_81' title="bbox 1915 3775 3494 3860; baseline 0.013 -33"><span class='ocrx_word' id='word_1_593' title='bbox 1915 3775 2046 3830; x_wconf 90' lang='lat' dir='ltr'><strong>timo</strong></span> <span class='ocrx_word' id='word_1_594' title='bbox 2097 3776 2275 3832; x_wconf 77' lang='lat' dir='ltr'><strong>aetatis</strong></span> <span class='ocrx_word' id='word_1_595' title='bbox 2319 3793 2431 3834; x_wconf 70' lang='lat' dir='ltr'><strong>sua:</strong></span> <span class='ocrx_word' id='word_1_596' title='bbox 2480 3794 2623 3835; x_wconf 82' lang='lat' dir='ltr'><strong>anno</strong></span> <span class='ocrx_word' id='word_1_597' title='bbox 2668 3782 2808 3838; x_wconf 89' lang='lat' dir='ltr'><strong>hanc</strong></span> <span class='ocrx_word' id='word_1_598' title='bbox 2838 3785 3070 3853; x_wconf 85' lang='lat' dir='ltr'><strong>gratiam</strong></span> <span class='ocrx_word' id='word_1_599' title='bbox 3092 3788 3182 3842; x_wconf 90' lang='lat' dir='ltr'><strong>diu</strong></span> <span class='ocrx_word' id='word_1_600' title='bbox 3211 3792 3494 3860; x_wconf 62' lang='lat' dir='ltr'><strong>quassitam</strong></span> 
     </span>
    </p>
   </div>
   <div class='ocr_carea' id='block_1_82' title="bbox 1914 3865 3498 3950">
    <p class='ocr_par' dir='ltr' id='par_1_82' title="bbox 1914 3865 3498 3950">
     <span class='ocr_line' id='line_1_82' title="bbox 1914 3865 3498 3950; baseline 0.013 -32"><span class='ocrx_word' id='word_1_601' title='bbox 1914 3865 2142 3922; x_wconf 89' lang='lat' dir='ltr'><strong>Domino</strong></span> <span class='ocrx_word' id='word_1_602' title='bbox 2167 3867 2429 3939; x_wconf 87' lang='lat' dir='ltr'><strong>largiente</strong></span> <span class='ocrx_word' id='word_1_603' title='bbox 2446 3873 2765 3940; x_wconf 85' lang='lat' dir='ltr'><strong>promeruit,</strong></span> <span class='ocrx_word' id='word_1_604' title='bbox 2785 3882 2844 3929; x_wconf 93' lang='lat' dir='ltr'><strong>ut</strong></span> <span class='ocrx_word' id='word_1_605' title='bbox 2866 3878 3296 3950; x_wconf 89' lang='lat' dir='ltr'><strong>quotiescunque</strong></span> <span class='ocrx_word' id='word_1_606' title='bbox 3318 3882 3498 3949; x_wconf 87' lang='lat' dir='ltr'><strong>vellet,</strong></span> 
     </span>
    </p>
   </div>
   <div class='ocr_carea' id='block_1_83' title="bbox 1911 3956 3498 4044">
    <p class='ocr_par' dir='ltr' id='par_1_83' title="bbox 1911 3956 3498 4044">
     <span class='ocr_line' id='line_1_83' title="bbox 1911 3956 3498 4044; baseline 0.016 -35"><span class='ocrx_word' id='word_1_607' title='bbox 1911 3956 2169 4027; x_wconf 86' lang='lat' dir='ltr'><strong>ploraret.</strong></span> <span class='ocrx_word' id='word_1_608' title='bbox 2201 3959 2443 4032; x_wconf 91' lang='lat' dir='ltr'><strong>Denique</strong></span> <span class='ocrx_word' id='word_1_609' title='bbox 2470 3978 2537 4018; x_wconf 81' lang='lat' dir='ltr'><strong>ex</strong></span> <span class='ocrx_word' id='word_1_610' title='bbox 2583 3963 2715 4034; x_wconf 89' lang='lat' dir='ltr'><strong>ipsis</strong></span> <span class='ocrx_word' id='word_1_611' title='bbox 2767 3969 3160 4037; x_wconf 89' lang='lat' dir='ltr'><strong>compunctivis</strong></span> <span class='ocrx_word' id='word_1_612' title='bbox 3203 3974 3383 4044; x_wconf 88' lang='lat' dir='ltr'><strong>rebus,</strong></span> <span class='ocrx_word' id='word_1_613' title='bbox 3428 3993 3498 4033; x_wconf 77' lang='lat' dir='ltr'><strong>ex</strong></span> 
     </span>
    </p>
   </div>
   <div class='ocr_carea' id='block_1_84' title="bbox 1914 4050 3501 4138">
    <p class='ocr_par' dir='ltr' id='par_1_84' title="bbox 1914 4050 3501 4138">
     <span class='ocr_line' id='line_1_84' title="bbox 1914 4050 3501 4138; baseline 0.013 -33"><span class='ocrx_word' id='word_1_614' title='bbox 1914 4065 2067 4105; x_wconf 90' lang='lat' dir='ltr'><strong>sacra</strong></span> <span class='ocrx_word' id='word_1_615' title='bbox 2085 4050 2364 4123; x_wconf 86' lang='lat' dir='ltr'><strong>Scriptura</strong></span> <span class='ocrx_word' id='word_1_616' title='bbox 2381 4055 2635 4126; x_wconf 90' lang='lat' dir='ltr'><strong>sumptis,</strong></span> <span class='ocrx_word' id='word_1_617' title='bbox 2649 4073 2747 4128; x_wconf 89' lang='lat' dir='ltr'><strong>per</strong></span> <span class='ocrx_word' id='word_1_618' title='bbox 2758 4074 2949 4116; x_wconf 89' lang='lat' dir='ltr'><strong>omnes</strong></span> <span class='ocrx_word' id='word_1_619' title='bbox 2971 4063 3206 4133; x_wconf 83' lang='lat' dir='ltr'><strong>psalmos</strong></span> <span class='ocrx_word' id='word_1_620' title='bbox 3231 4069 3501 4138; x_wconf 87' lang='lat' dir='ltr'><strong>propriam</strong></span> 
     </span>
    </p>
   </div>
   <div class='ocr_carea' id='block_1_85' title="bbox 1916 4143 3496 4226">
    <p class='ocr_par' dir='ltr' id='par_1_85' title="bbox 1916 4143 3496 4226">
     <span class='ocr_line' id='line_1_85' title="bbox 1916 4143 3496 4226; baseline 0.013 -30"><span class='ocrx_word' id='word_1_621' title='bbox 1916 4143 2122 4213; x_wconf 88' lang='lat' dir='ltr'><strong>aptavit</strong></span> <span class='ocrx_word' id='word_1_622' title='bbox 2157 4145 2554 4202; x_wconf 86' lang='lat' dir='ltr'><strong>oratiunculam</strong></span> <span class='ocrx_word' id='word_1_623' title='bbox 2580 4159 2630 4214; x_wconf 76' lang='grc' dir='ltr'><strong>ο,</strong></span> <span class='ocrx_word' id='word_1_624' title='bbox 2659 4151 2803 4220; x_wconf 91' lang='lat' dir='ltr'><strong>quod</strong></span> <span class='ocrx_word' id='word_1_625' title='bbox 2827 4153 2940 4222; x_wconf 90' lang='lat' dir='ltr'><strong>ipse</strong></span> <span class='ocrx_word' id='word_1_626' title='bbox 2960 4155 3233 4226; x_wconf 88' lang='lat' dir='ltr'><strong>pigmenta</strong></span> <span class='ocrx_word' id='word_1_627' title='bbox 3254 4160 3496 4216; x_wconf 86' lang='lat' dir='ltr'><strong>vocitare</strong></span> 
     </span>
    </p>
   </div>
   <div class='ocr_carea' id='block_1_86' title="bbox 1919 4235 3495 4309">
    <p class='ocr_par' dir='ltr' id='par_1_86' title="bbox 1919 4235 3495 4309">
     <span class='ocr_line' id='line_1_86' title="bbox 1919 4235 3495 4309; baseline 0.011 -19"><span class='ocrx_word' id='word_1_628' title='bbox 1919 4235 2127 4291; x_wconf 89' lang='lat' dir='ltr'><strong>solebat</strong></span> <span class='ocrx_word' id='word_1_629' title='bbox 2153 4251 2168 4289; x_wconf 89' lang='lat'><strong>:</strong></span> <span class='ocrx_word' id='word_1_630' title='bbox 2205 4246 2264 4291; x_wconf 91' lang='lat' dir='ltr'><strong>ut</strong></span> <span class='ocrx_word' id='word_1_631' title='bbox 2291 4239 2342 4293; x_wconf 92' lang='lat' dir='ltr'><strong>ei</strong></span> <span class='ocrx_word' id='word_1_632' title='bbox 2377 4240 2568 4309; x_wconf 90' lang='lat' dir='ltr'><strong>psalmi</strong></span> <span class='ocrx_word' id='word_1_633' title='bbox 2597 4242 2699 4297; x_wconf 92' lang='lat' dir='ltr'><strong>hac</strong></span> <span class='ocrx_word' id='word_1_634' title='bbox 2723 4243 2791 4298; x_wconf 91' lang='lat' dir='ltr'><strong>de</strong></span> <span class='ocrx_word' id='word_1_635' title='bbox 2818 4259 2979 4299; x_wconf 92' lang='lat' dir='ltr'><strong>causa</strong></span> <span class='ocrx_word' id='word_1_636' title='bbox 3011 4247 3405 4306; x_wconf 88' lang='lat' dir='ltr'><strong>dulcescerent.</strong></span> <span class='ocrx_word' id='word_1_637' title='bbox 3437 4252 3495 4308; x_wconf 88' lang='lat' dir='ltr'><strong>lu</strong></span> 
     </span>
    </p>
   </div>
   <div class='ocr_carea' id='block_1_87' title="bbox 1916 4324 3501 4404">
    <p class='ocr_par' dir='ltr' id='par_1_87' title="bbox 1916 4324 3501 4404">
     <span class='ocr_line' id='line_1_87' title="bbox 1916 4324 3501 4404; baseline 0.011 -28"><span class='ocrx_word' id='word_1_638' title='bbox 1916 4324 2112 4393; x_wconf 90' lang='lat' dir='ltr'><strong>quibus</strong></span> <span class='ocrx_word' id='word_1_639' title='bbox 2137 4326 2391 4382; x_wconf 79' lang='lat' dir='ltr'><strong>videlicet</strong></span> <span class='ocrx_word' id='word_1_640' title='bbox 2413 4329 2723 4400; x_wconf 88' lang='lat' dir='ltr'><strong>pigmentis,</strong></span> <span class='ocrx_word' id='word_1_641' title='bbox 2751 4346 2861 4386; x_wconf 91' lang='lat' dir='ltr'><strong>non</strong></span> <span class='ocrx_word' id='word_1_642' title='bbox 2904 4337 3348 4404; x_wconf 86' lang='lat' dir='ltr'><strong>compositionem</strong></span> <span class='ocrx_word' id='word_1_643' title='bbox 3377 4355 3501 4396; x_wconf 85' lang='lat' dir='ltr'><strong>ver-</strong></span> 
     </span>
    </p>
   </div>
   <div class='ocr_carea' id='block_1_88' title="bbox 1917 4413 3494 4490">
    <p class='ocr_par' dir='ltr' id='par_1_88' title="bbox 1917 4413 3494 4490">
     <span class='ocr_line' id='line_1_88' title="bbox 1917 4413 3494 4490; baseline 0.013 -23"><span class='ocrx_word' id='word_1_644' title='bbox 1917 4413 2109 4468; x_wconf 88' lang='lat' dir='ltr'><strong>borum</strong></span> <span class='ocrx_word' id='word_1_645' title='bbox 2146 4417 2391 4483; x_wconf 87' lang='lat' dir='ltr'><strong>curabat,</strong></span> <span class='ocrx_word' id='word_1_646' title='bbox 2418 4419 2512 4473; x_wconf 90' lang='lat' dir='ltr'><strong>sed</strong></span> <span class='ocrx_word' id='word_1_647' title='bbox 2557 4423 3030 4490; x_wconf 88' lang='lat' dir='ltr'><strong>compunctionem</strong></span> <span class='ocrx_word' id='word_1_648' title='bbox 3069 4429 3249 4484; x_wconf 87' lang='lat' dir='ltr'><strong>cordis</strong></span> <span class='ocrx_word' id='word_1_649' title='bbox 3284 4439 3494 4488; x_wconf 88' lang='lat' dir='ltr'><strong>tantum</strong></span> 
     </span>
    </p>
   </div>
   <div class='ocr_carea' id='block_1_89' title="bbox 1917 4506 3500 4588">
    <p class='ocr_par' dir='ltr' id='par_1_89' title="bbox 1917 4506 3500 4588">
     <span class='ocr_line' id='line_1_89' title="bbox 1917 4506 3500 4588; baseline 0.016 -31"><span class='ocrx_word' id='word_1_650' title='bbox 1917 4506 2192 4574; x_wconf 77' lang='lat' dir='ltr'><strong>qumrebat</strong></span> <span class='ocrx_word' id='word_1_651' title='bbox 2216 4526 2228 4561; x_wconf 91' lang='lat'>:</span> <span class='ocrx_word' id='word_1_652' title='bbox 2260 4507 2317 4562; x_wconf 90' lang='lat' dir='ltr'><strong>in</strong></span> <span class='ocrx_word' id='word_1_653' title='bbox 2345 4509 2540 4578; x_wconf 89' lang='lat' dir='ltr'><strong>quibus</strong></span> <span class='ocrx_word' id='word_1_654' title='bbox 2567 4512 2855 4582; x_wconf 82' lang='lat' dir='ltr'><strong>pigmentis</strong></span> <span class='ocrx_word' id='word_1_655' title='bbox 2884 4516 3173 4588; x_wconf 86' lang='lat' dir='ltr'><strong>aliquando</strong></span> <span class='ocrx_word' id='word_1_656' title='bbox 3199 4523 3292 4578; x_wconf 91' lang='lat' dir='ltr'><strong>Dei</strong></span> <span class='ocrx_word' id='word_1_657' title='bbox 3315 4524 3500 4582; x_wconf 85' lang='lat' dir='ltr'><strong>laudat</strong></span> 
     </span>
    </p>
   </div>
   <div class='ocr_carea' id='block_1_90' title="bbox 225 4599 3496 4688">
    <p class='ocr_par' dir='ltr' id='par_1_90' title="bbox 225 4599 3496 4688">
     <span class='ocr_line' id='line_1_90' title="bbox 225 4599 3496 4688; baseline -0.001 -16"><span class='ocrx_word' id='word_1_658' title='bbox 225 4607 347 4672; x_wconf 85' lang='lat' dir='ltr'><strong>rum</strong></span> <span class='ocrx_word' id='word_1_659' title='bbox 392 4615 606 4688; x_wconf 58' lang='lat' dir='ltr'><strong>animae,</strong></span> <span class='ocrx_word' id='word_1_660' title='bbox 655 4611 782 4666; x_wconf 92' lang='lat' dir='ltr'><strong>licet</strong></span> <span class='ocrx_word' id='word_1_661' title='bbox 813 4624 958 4675; x_wconf 88' lang='lat' dir='ltr'><strong>raro,</strong></span> <span class='ocrx_word' id='word_1_662' title='bbox 991 4607 1235 4679; x_wconf 88' lang='lat' dir='ltr'><strong>angelico</strong></span> <span class='ocrx_word' id='word_1_663' title='bbox 1281 4606 1586 4662; x_wconf 89' lang='lat' dir='ltr'><strong>ministerio</strong></span> <span class='ocrx_word' id='word_1_664' title='bbox 1635 4605 1814 4676; x_wconf 90' lang='lat' dir='ltr'><strong>rapie-</strong></span> <span class='ocrx_word' id='word_1_665' title='bbox 1838 4611 1893 4670; x_wconf 78' lang='grc' dir='ltr'><strong>Ι)</strong></span> <span class='ocrx_word' id='word_1_666' title='bbox 1917 4599 2382 4668; x_wconf 88' lang='lat' dir='ltr'><strong>omnipotentiam,</strong></span> <span class='ocrx_word' id='word_1_667' title='bbox 2406 4604 2775 4674; x_wconf 90' lang='lat' dir='ltr'><strong>etjudicium;</strong></span> <span class='ocrx_word' id='word_1_668' title='bbox 2830 4609 3119 4679; x_wconf 87' lang='lat' dir='ltr'><strong>aliquando</strong></span> <span class='ocrx_word' id='word_1_669' title='bbox 3145 4618 3496 4688; x_wconf 86' lang='lat' dir='ltr'><strong>semetipsum</strong></span> 
     </span>
    </p>
   </div>
   <div class='ocr_carea' id='block_1_91' title="bbox 223 4696 1812 4771">
    <p class='ocr_par' dir='ltr' id='par_1_91' title="bbox 223 4696 1812 4771">
     <span class='ocr_line' id='line_1_91' title="bbox 223 4696 1812 4771; baseline -0.008 -9"><span class='ocrx_word' id='word_1_670' title='bbox 223 4707 442 4771; x_wconf 91' lang='lat' dir='ltr'><strong>bantur,</strong></span> <span class='ocrx_word' id='word_1_671' title='bbox 473 4711 530 4760; x_wconf 90' lang='lat' dir='ltr'><strong>et</strong></span> <span class='ocrx_word' id='word_1_672' title='bbox 582 4702 916 4759; x_wconf 87' lang='lat' dir='ltr'><strong>ducebantur</strong></span> <span class='ocrx_word' id='word_1_673' title='bbox 963 4698 1018 4752; x_wconf 94' lang='lat' dir='ltr'><strong>in</strong></span> <span class='ocrx_word' id='word_1_674' title='bbox 1074 4697 1293 4764; x_wconf 72' lang='lat' dir='ltr'><strong>cmlum,</strong></span> <span class='ocrx_word' id='word_1_675' title='bbox 1332 4698 1387 4752; x_wconf 93' lang='lat' dir='ltr'><strong>in</strong></span> <span class='ocrx_word' id='word_1_676' title='bbox 1420 4712 1527 4767; x_wconf 93' lang='lat' dir='ltr'><strong>qua</strong></span> <span class='ocrx_word' id='word_1_677' title='bbox 1561 4696 1812 4752; x_wconf 88' lang='lat' dir='ltr'><strong>videlicet</strong></span> 
     </span>
    </p>
   </div>
   <div class='ocr_carea' id='block_1_92' title="bbox 226 4788 1812 4860">
    <p class='ocr_par' dir='ltr' id='par_1_92' title="bbox 226 4788 1812 4860">
     <span class='ocr_line' id='line_1_92' title="bbox 226 4788 1812 4860; baseline -0.008 -6"><span class='ocrx_word' id='word_1_678' title='bbox 226 4798 514 4854; x_wconf 87' lang='lat' dir='ltr'><strong>tenebrosa</strong></span> <span class='ocrx_word' id='word_1_679' title='bbox 538 4793 697 4860; x_wconf 89' lang='lat' dir='ltr'><strong>valle,</strong></span> <span class='ocrx_word' id='word_1_680' title='bbox 728 4803 1010 4849; x_wconf 90' lang='lat' dir='ltr'><strong>ostensum</strong></span> <span class='ocrx_word' id='word_1_681' title='bbox 1039 4797 1124 4846; x_wconf 87' lang='lat' dir='ltr'><strong>est</strong></span> <span class='ocrx_word' id='word_1_682' title='bbox 1151 4788 1202 4844; x_wconf 89' lang='lat' dir='ltr'><strong>ei</strong></span> <span class='ocrx_word' id='word_1_683' title='bbox 1228 4789 1391 4844; x_wconf 89' lang='lat' dir='ltr'><strong>etiam</strong></span> <span class='ocrx_word' id='word_1_684' title='bbox 1425 4789 1582 4859; x_wconf 90' lang='lat' dir='ltr'><strong>quasi</strong></span> <span class='ocrx_word' id='word_1_685' title='bbox 1606 4803 1812 4844; x_wconf 84' lang='lat' dir='ltr'><strong>semen-</strong></span> 
     </span>
    </p>
   </div>
   <div class='ocr_carea' id='block_1_93' title="bbox 227 4877 1814 4958">
    <p class='ocr_par' dir='ltr' id='par_1_93' title="bbox 227 4877 1814 4958">
     <span class='ocr_line' id='line_1_93' title="bbox 227 4877 1814 4958; baseline -0.008 -14"><span class='ocrx_word' id='word_1_686' title='bbox 227 4888 400 4944; x_wconf 92' lang='lat' dir='ltr'><strong>tiuum</strong></span> <span class='ocrx_word' id='word_1_687' title='bbox 429 4886 720 4958; x_wconf 90' lang='lat' dir='ltr'><strong>quoddam,</strong></span> <span class='ocrx_word' id='word_1_688' title='bbox 760 4897 825 4938; x_wconf 85' lang='lat' dir='ltr'><strong>ex</strong></span> <span class='ocrx_word' id='word_1_689' title='bbox 858 4897 965 4952; x_wconf 91' lang='lat' dir='ltr'><strong>quo</strong></span> <span class='ocrx_word' id='word_1_690' title='bbox 998 4895 1170 4953; x_wconf 89' lang='lat' dir='ltr'><strong>genus</strong></span> <span class='ocrx_word' id='word_1_691' title='bbox 1193 4879 1491 4934; x_wconf 90' lang='lat' dir='ltr'><strong>humanum</strong></span> <span class='ocrx_word' id='word_1_692' title='bbox 1517 4878 1664 4934; x_wconf 88' lang='lat' dir='ltr'><strong>ducit</strong></span> <span class='ocrx_word' id='word_1_693' title='bbox 1699 4877 1814 4933; x_wconf 93' lang='lat' dir='ltr'><strong>ori-</strong></span> 
     </span>
    </p>
   </div>
   <div class='ocr_carea' id='block_1_94' title="bbox 229 4959 1815 5052">
    <p class='ocr_par' dir='ltr' id='par_1_94' title="bbox 229 4959 1815 5052">
     <span class='ocr_line' id='line_1_94' title="bbox 229 4959 1815 5052; baseline -0.005 -18"><span class='ocrx_word' id='word_1_694' title='bbox 229 4959 430 5052; x_wconf 80' lang='lat' dir='ltr'><strong>ginem.</strong></span> <span class='ocrx_word' id='word_1_695' title='bbox 455 4976 698 5047; x_wconf 87' lang='lat' dir='ltr'><strong>Cumque</strong></span> <span class='ocrx_word' id='word_1_696' title='bbox 719 4975 834 5031; x_wconf 71' lang='lat' dir='ltr'><strong>hzec</strong></span> <span class='ocrx_word' id='word_1_697' title='bbox 859 4973 1042 5031; x_wconf 91' lang='lat' dir='ltr'><strong>omnia</strong></span> <span class='ocrx_word' id='word_1_698' title='bbox 1071 4971 1345 5027; x_wconf 90' lang='lat' dir='ltr'><strong>admirans</strong></span> <span class='ocrx_word' id='word_1_699' title='bbox 1391 4979 1447 5026; x_wconf 92' lang='lat' dir='ltr'><strong>et</strong></span> <span class='ocrx_word' id='word_1_700' title='bbox 1491 4970 1815 5026; x_wconf 86' lang='lat' dir='ltr'><strong>horrescens</strong></span> 
     </span>
    </p>
   </div>
   <div class='ocr_carea' id='block_1_95' title="bbox 229 5061 1814 5142">
    <p class='ocr_par' dir='ltr' id='par_1_95' title="bbox 229 5061 1814 5142">
     <span class='ocr_line' id='line_1_95' title="bbox 229 5061 1814 5142; baseline -0.008 -15"><span class='ocrx_word' id='word_1_701' title='bbox 229 5072 521 5142; x_wconf 86' lang='lat' dir='ltr'><strong>aspiceret,</strong></span> <span class='ocrx_word' id='word_1_702' title='bbox 542 5067 727 5139; x_wconf 88' lang='lat' dir='ltr'><strong>jussus</strong></span> <span class='ocrx_word' id='word_1_703' title='bbox 752 5075 838 5123; x_wconf 91' lang='lat' dir='ltr'><strong>est</strong></span> <span class='ocrx_word' id='word_1_704' title='bbox 862 5072 923 5120; x_wconf 90' lang='lat' dir='ltr'><strong>ut</strong></span> <span class='ocrx_word' id='word_1_705' title='bbox 947 5063 1394 5133; x_wconf 88' lang='lat' dir='ltr'><strong>attenderet,quo</strong></span> <span class='ocrx_word' id='word_1_706' title='bbox 1417 5061 1572 5117; x_wconf 91' lang='lat' dir='ltr'><strong>initio</strong></span> <span class='ocrx_word' id='word_1_707' title='bbox 1593 5061 1646 5116; x_wconf 90' lang='lat' dir='ltr'><strong>in</strong></span> <span class='ocrx_word' id='word_1_708' title='bbox 1674 5063 1814 5117; x_wconf 78' lang='lat' dir='ltr'><strong>hanc</strong></span> 
     </span>
    </p>
   </div>
   <div class='ocr_carea' id='block_1_96' title="bbox 230 5151 1817 5224">
    <p class='ocr_par' dir='ltr' id='par_1_96' title="bbox 230 5151 1817 5224">
     <span class='ocr_line' id='line_1_96' title="bbox 230 5151 1817 5224; baseline -0.004 -8"><span class='ocrx_word' id='word_1_709' title='bbox 230 5161 398 5216; x_wconf 83' lang='lat' dir='ltr'><strong>vitam</strong></span> <span class='ocrx_word' id='word_1_710' title='bbox 424 5159 666 5224; x_wconf 89' lang='lat' dir='ltr'><strong>veniret;</strong></span> <span class='ocrx_word' id='word_1_711' title='bbox 697 5173 763 5213; x_wconf 92' lang='lat' dir='ltr'><strong>ac</strong></span> <span class='ocrx_word' id='word_1_712' title='bbox 792 5156 995 5213; x_wconf 91' lang='lat' dir='ltr'><strong>dictum</strong></span> <span class='ocrx_word' id='word_1_713' title='bbox 1021 5164 1106 5210; x_wconf 92' lang='lat' dir='ltr'><strong>est</strong></span> <span class='ocrx_word' id='word_1_714' title='bbox 1131 5168 1146 5208; x_wconf 86' lang='lat'><strong>:</strong></span> <span class='ocrx_word' id='word_1_715' title='bbox 1177 5151 1356 5220; x_wconf 89' lang='lat' dir='ltr'><strong>Unde,</strong></span> <span class='ocrx_word' id='word_1_716' title='bbox 1383 5152 1577 5223; x_wconf 91' lang='lat' dir='ltr'><strong>inquit,</strong></span> <span class='ocrx_word' id='word_1_717' title='bbox 1610 5153 1817 5210; x_wconf 90' lang='lat' dir='ltr'><strong>homini</strong></span> 
     </span>
    </p>
   </div>
   <div class='ocr_carea' id='block_1_97' title="bbox 233 5244 1815 5324">
    <p class='ocr_par' dir='ltr' id='par_1_97' title="bbox 233 5244 1815 5324">
     <span class='ocr_line' id='line_1_97' title="bbox 233 5244 1815 5324; baseline -0.006 -16"><span class='ocrx_word' id='word_1_718' title='bbox 233 5252 341 5308; x_wconf 87' lang='lat' dir='ltr'><strong>ulla</strong></span> <span class='ocrx_word' id='word_1_719' title='bbox 363 5250 628 5324; x_wconf 89' lang='lat' dir='ltr'><strong>jactantia</strong></span> <span class='ocrx_word' id='word_1_720' title='bbox 657 5263 777 5305; x_wconf 88' lang='lat' dir='ltr'><strong>esse</strong></span> <span class='ocrx_word' id='word_1_721' title='bbox 810 5246 1034 5319; x_wconf 90' lang='lat' dir='ltr'><strong>poterit,</strong></span> <span class='ocrx_word' id='word_1_722' title='bbox 1055 5245 1149 5317; x_wconf 91' lang='lat' dir='ltr'><strong>qui</strong></span> <span class='ocrx_word' id='word_1_723' title='bbox 1173 5245 1240 5301; x_wconf 86' lang='lat' dir='ltr'><strong>de</strong></span> <span class='ocrx_word' id='word_1_724' title='bbox 1269 5253 1383 5301; x_wconf 91' lang='lat' dir='ltr'><strong>tam</strong></span> <span class='ocrx_word' id='word_1_725' title='bbox 1417 5245 1510 5301; x_wconf 88' lang='lat' dir='ltr'><strong>vili</strong></span> <span class='ocrx_word' id='word_1_726' title='bbox 1531 5244 1742 5317; x_wconf 89' lang='lat' dir='ltr'><strong>origine</strong></span> <span class='ocrx_word' id='word_1_727' title='bbox 1763 5245 1815 5299; x_wconf 92' lang='lat' dir='ltr'><strong>in</strong></span> 
     </span>
    </p>
   </div>
   <div class='ocr_carea' id='block_1_98' title="bbox 308 5401 1821 5476">
    <p class='ocr_par' dir='ltr' id='par_1_98' title="bbox 308 5401 1821 5476">
     <span class='ocr_line' id='line_1_98' title="bbox 308 5401 1821 5476; baseline -0.005 -12"><span class='ocrx_word' id='word_1_728' title='bbox 308 5422 332 5451; x_wconf 80' lang='grc' dir='ltr'><strong><em>ο</em></strong></span> <span class='ocrx_word' id='word_1_729' title='bbox 376 5407 573 5476; x_wconf 78' lang='lat' dir='ltr'><strong>Quales</strong></span> <span class='ocrx_word' id='word_1_730' title='bbox 600 5406 809 5463; x_wconf 90' lang='lat' dir='ltr'><strong>scilicet</strong></span> <span class='ocrx_word' id='word_1_731' title='bbox 836 5401 1432 5476; x_wconf 23' lang='lat' dir='ltr'><strong>adinvenitHCicerouis</strong></span> <span class='ocrx_word' id='word_1_732' title='bbox 1475 5401 1732 5469; x_wconf 86' lang='lat' dir='ltr'><strong>libertus,</strong></span> <span class='ocrx_word' id='word_1_733' title='bbox 1759 5409 1821 5456; x_wconf 92' lang='lat' dir='ltr'><strong>ut</strong></span> 
     </span>
    </p>
   </div>
   <div class='ocr_carea' id='block_1_99' title="bbox 236 5473 1744 5549">
    <p class='ocr_par' dir='ltr' id='par_1_99' title="bbox 236 5473 1744 5549">
     <span class='ocr_line' id='line_1_99' title="bbox 236 5473 1744 5549; baseline -0.007 -12"><span class='ocrx_word' id='word_1_734' title='bbox 236 5473 570 5538; x_wconf 74' lang='lat' dir='ltr'><strong>celeritatem</strong></span> <span class='ocrx_word' id='word_1_735' title='bbox 599 5477 793 5549; x_wconf 68' lang='lat' dir='ltr'><strong>linguae</strong></span> <span class='ocrx_word' id='word_1_736' title='bbox 818 5490 1011 5549; x_wconf 71' lang='lat' dir='ltr'><strong>manus</strong></span> <span class='ocrx_word' id='word_1_737' title='bbox 1031 5473 1320 5549; x_wconf 80' lang='lat' dir='ltr'><strong>scribentis</strong></span> <span class='ocrx_word' id='word_1_738' title='bbox 1344 5482 1744 5549; x_wconf 74' lang='lat' dir='ltr'><strong>assequeretnr.</strong></span> 
     </span>
    </p>
   </div>
   <div class='ocr_carea' id='block_1_100' title="bbox 307 5543 1817 5614">
    <p class='ocr_par' dir='ltr' id='par_1_100' title="bbox 307 5543 1817 5614">
     <span class='ocr_line' id='line_1_100' title="bbox 307 5543 1817 5614; baseline -0.003 -10"><span class='ocrx_word' id='word_1_739' title='bbox 307 5552 338 5592; x_wconf 68' lang='grc' dir='ltr'>δ</span> <span class='ocrx_word' id='word_1_740' title='bbox 376 5550 430 5606; x_wconf 93' lang='lat' dir='ltr'><strong>ld</strong></span> <span class='ocrx_word' id='word_1_741' title='bbox 455 5559 539 5606; x_wconf 92' lang='lat' dir='ltr'><strong>est</strong></span> <span class='ocrx_word' id='word_1_742' title='bbox 565 5549 618 5602; x_wconf 91' lang='lat' dir='ltr'><strong>in</strong></span> <span class='ocrx_word' id='word_1_743' title='bbox 647 5543 874 5602; x_wconf 74' lang='lat' dir='ltr'><strong>ecclesia</strong></span> <span class='ocrx_word' id='word_1_744' title='bbox 905 5544 1204 5610; x_wconf 89' lang='lat' dir='ltr'><strong>Bremensi,</strong></span> <span class='ocrx_word' id='word_1_745' title='bbox 1230 5543 1284 5614; x_wconf 86' lang='lat' dir='ltr'><strong>iu</strong></span> <span class='ocrx_word' id='word_1_746' title='bbox 1318 5559 1422 5614; x_wconf 92' lang='lat' dir='ltr'><strong>qua</strong></span> <span class='ocrx_word' id='word_1_747' title='bbox 1455 5543 1679 5613; x_wconf 89' lang='lat' dir='ltr'><strong>proinde</strong></span> <span class='ocrx_word' id='word_1_748' title='bbox 1703 5559 1817 5600; x_wconf 81' lang='lat' dir='ltr'><strong>mo—</strong></span> 
     </span>
    </p>
   </div>
   <div class='ocr_carea' id='block_1_101' title="bbox 239 5613 1602 5678">
    <p class='ocr_par' dir='ltr' id='par_1_101' title="bbox 239 5613 1602 5678">
     <span class='ocr_line' id='line_1_101' title="bbox 239 5613 1602 5678; baseline -0.007 0"><span class='ocrx_word' id='word_1_749' title='bbox 239 5621 402 5678; x_wconf 86' lang='lat' dir='ltr'><strong>uachi</strong></span> <span class='ocrx_word' id='word_1_750' title='bbox 425 5635 494 5675; x_wconf 84' lang='lat' dir='ltr'><strong>ex</strong></span> <span class='ocrx_word' id='word_1_751' title='bbox 519 5619 854 5674; x_wconf 84' lang='lat' dir='ltr'><strong>institutione</strong></span> <span class='ocrx_word' id='word_1_752' title='bbox 874 5614 1161 5670; x_wconf 85' lang='lat' dir='ltr'><strong>Anscharii</strong></span> <span class='ocrx_word' id='word_1_753' title='bbox 1184 5613 1431 5669; x_wconf 87' lang='lat' dir='ltr'><strong>collocati</strong></span> <span class='ocrx_word' id='word_1_754' title='bbox 1458 5622 1602 5668; x_wconf 92' lang='lat' dir='ltr'><strong>sunt.</strong></span> 
     </span>
    </p>
   </div>
   <div class='ocr_carea' id='block_1_102' title="bbox 271 5683 1820 5756">
    <p class='ocr_par' dir='ltr' id='par_1_102' title="bbox 271 5683 1820 5756">
     <span class='ocr_line' id='line_1_102' title="bbox 271 5683 1820 5756; baseline -0.006 -8"><span class='ocrx_word' id='word_1_755' title='bbox 271 5721 276 5725; x_wconf 55' lang='grc' dir='ltr'><strong><em>λ</em></strong></span> <span class='ocrx_word' id='word_1_756' title='bbox 313 5703 336 5733; x_wconf 80' lang='grc' dir='ltr'><strong><em>ο</em></strong></span> <span class='ocrx_word' id='word_1_757' title='bbox 379 5690 439 5747; x_wconf 90' lang='lat' dir='ltr'><strong>In</strong></span> <span class='ocrx_word' id='word_1_758' title='bbox 466 5689 695 5745; x_wconf 88' lang='lat' dir='ltr'><strong>vetustis</strong></span> <span class='ocrx_word' id='word_1_759' title='bbox 720 5686 1054 5742; x_wconf 87' lang='lat' dir='ltr'><strong>Psalmorum</strong></span> <span class='ocrx_word' id='word_1_760' title='bbox 1083 5683 1234 5756; x_wconf 88' lang='lat' dir='ltr'><strong>libris</strong></span> <span class='ocrx_word' id='word_1_761' title='bbox 1258 5692 1383 5754; x_wconf 90' lang='lat' dir='ltr'><strong>post</strong></span> <span class='ocrx_word' id='word_1_762' title='bbox 1411 5684 1652 5756; x_wconf 84' lang='lat' dir='ltr'><strong>singulos</strong></span> <span class='ocrx_word' id='word_1_763' title='bbox 1679 5687 1820 5756; x_wconf 90' lang='lat' dir='ltr'><strong>psal—</strong></span> 
     </span>
    </p>
   </div>
   <div class='ocr_carea' id='block_1_103' title="bbox 244 5754 1822 5827">
    <p class='ocr_par' dir='ltr' id='par_1_103' title="bbox 244 5754 1822 5827">
     <span class='ocr_line' id='line_1_103' title="bbox 244 5754 1822 5827; baseline -0.004 -7"><span class='ocrx_word' id='word_1_764' title='bbox 244 5779 362 5820; x_wconf 88' lang='lat' dir='ltr'><strong>mos</strong></span> <span class='ocrx_word' id='word_1_765' title='bbox 395 5761 680 5820; x_wconf 83' lang='lat' dir='ltr'><strong>habentur</strong></span> <span class='ocrx_word' id='word_1_766' title='bbox 721 5756 943 5827; x_wconf 72' lang='lat' dir='ltr'><strong>singulre</strong></span> <span class='ocrx_word' id='word_1_767' title='bbox 991 5755 1293 5827; x_wconf 70' lang='lat' dir='ltr'><strong>orationes,</strong></span> <span class='ocrx_word' id='word_1_768' title='bbox 1321 5762 1392 5827; x_wconf 83' lang='lat' dir='ltr'><strong>ut</strong></span> <span class='ocrx_word' id='word_1_769' title='bbox 1438 5754 1522 5809; x_wconf 60' lang='lat' dir='ltr'><strong>in&#39;</strong></span> <span class='ocrx_word' id='word_1_770' title='bbox 1545 5754 1696 5812; x_wconf 68' lang='lat' dir='ltr'><strong>libro</strong></span> <span class='ocrx_word' id='word_1_771' title='bbox 1729 5757 1822 5813; x_wconf 91' lang='lat' dir='ltr'><strong>illo</strong></span> 
     </span>
    </p>
   </div>
   <div class='ocr_carea' id='block_1_104' title="bbox 244 5823 1820 5906">
    <p class='ocr_par' dir='ltr' id='par_1_104' title="bbox 244 5823 1820 5906">
     <span class='ocr_line' id='line_1_104' title="bbox 244 5823 1820 5906; baseline -0.005 -15"><span class='ocrx_word' id='word_1_772' title='bbox 244 5850 407 5906; x_wconf 86' lang='lat' dir='ltr'><strong>quem</strong></span> <span class='ocrx_word' id='word_1_773' title='bbox 431 5840 649 5887; x_wconf 88' lang='lat' dir='ltr'><strong>sanctus</strong></span> <span class='ocrx_word' id='word_1_774' title='bbox 677 5823 964 5882; x_wconf 75' lang='lat' dir='ltr'><strong>Rotbertus</strong></span> <span class='ocrx_word' id='word_1_775' title='bbox 982 5866 995 5891; x_wconf 93' lang='lat'><strong>,</strong></span> <span class='ocrx_word' id='word_1_776' title='bbox 1022 5825 1190 5882; x_wconf 86' lang='lat' dir='ltr'><strong>abbas</strong></span> <span class='ocrx_word' id='word_1_777' title='bbox 1229 5823 1609 5894; x_wconf 82' lang='lat' dir='ltr'><strong>Molisuteusis,</strong></span> <span class='ocrx_word' id='word_1_778' title='bbox 1629 5827 1820 5885; x_wconf 76' lang='lat' dir='ltr'><strong>detulit</strong></span> 
     </span>
    </p>
   </div>
   <div class='ocr_carea' id='block_1_105' title="bbox 608 5915 1202 5982">
    <p class='ocr_par' dir='ltr' id='par_1_105' title="bbox 608 5915 1202 5982">
     <span class='ocr_line' id='line_1_105' title="bbox 608 5915 1202 5982; baseline -0.008 -1"><span class='ocrx_word' id='word_1_779' title='bbox 608 5920 876 5981; x_wconf 74' lang='grc' dir='ltr'><strong>ΡΑτιιοι..</strong></span> <span class='ocrx_word' id='word_1_780' title='bbox 920 5915 1202 5982; x_wconf 79' lang='lat' dir='ltr'><strong>CXVIII.</strong></span> 
     </span>
    </p>
   </div>
   <div class='ocr_carea' id='block_1_106' title="bbox 1919 4694 3506 4776">
    <p class='ocr_par' dir='ltr' id='par_1_106' title="bbox 1919 4694 3506 4776">
     <span class='ocr_line' id='line_1_106' title="bbox 1919 4694 3506 4776; baseline 0.014 -30"><span class='ocrx_word' id='word_1_781' title='bbox 1919 4694 2216 4762; x_wconf 90' lang='lat' dir='ltr'><strong>vituperat;</strong></span> <span class='ocrx_word' id='word_1_782' title='bbox 2241 4695 2531 4766; x_wconf 89' lang='lat' dir='ltr'><strong>aliquando</strong></span> <span class='ocrx_word' id='word_1_783' title='bbox 2555 4709 2791 4768; x_wconf 90' lang='lat' dir='ltr'><strong>sanctos,</strong></span> <span class='ocrx_word' id='word_1_784' title='bbox 2819 4703 2910 4772; x_wconf 91' lang='lat' dir='ltr'><strong>qui</strong></span> <span class='ocrx_word' id='word_1_785' title='bbox 2940 4705 3050 4761; x_wconf 91' lang='lat' dir='ltr'><strong>Deo</strong></span> <span class='ocrx_word' id='word_1_786' title='bbox 3077 4707 3352 4776; x_wconf 89' lang='lat' dir='ltr'><strong>obediunt,</strong></span> <span class='ocrx_word' id='word_1_787' title='bbox 3376 4712 3506 4768; x_wconf 86' lang='lat' dir='ltr'><strong>bea-</strong></span> 
     </span>
    </p>
   </div>
   <div class='ocr_carea' id='block_1_107' title="bbox 1921 4785 3503 4873">
    <p class='ocr_par' dir='ltr' id='par_1_107' title="bbox 1921 4785 3503 4873">
     <span class='ocr_line' id='line_1_107' title="bbox 1921 4785 3503 4873; baseline 0.013 -34"><span class='ocrx_word' id='word_1_788' title='bbox 1921 4785 2119 4853; x_wconf 88' lang='lat' dir='ltr'><strong>titicat;</strong></span> <span class='ocrx_word' id='word_1_789' title='bbox 2151 4787 2440 4858; x_wconf 91' lang='lat' dir='ltr'><strong>aliquando</strong></span> <span class='ocrx_word' id='word_1_790' title='bbox 2464 4791 2694 4848; x_wconf 90' lang='lat' dir='ltr'><strong>miseros</strong></span> <span class='ocrx_word' id='word_1_791' title='bbox 2717 4803 2770 4849; x_wconf 88' lang='lat' dir='ltr'><strong>et</strong></span> <span class='ocrx_word' id='word_1_792' title='bbox 2793 4804 3106 4866; x_wconf 89' lang='lat' dir='ltr'><strong>peccatores</strong></span> <span class='ocrx_word' id='word_1_793' title='bbox 3125 4799 3290 4873; x_wconf 85' lang='lat' dir='ltr'><strong>luget,</strong></span> <span class='ocrx_word' id='word_1_794' title='bbox 3306 4804 3503 4872; x_wconf 92' lang='lat' dir='ltr'><strong>quibus</strong></span> 
     </span>
    </p>
   </div>
   <div class='ocr_carea' id='block_1_108' title="bbox 1920 4879 3500 4958">
    <p class='ocr_par' dir='ltr' id='par_1_108' title="bbox 1920 4879 3500 4958">
     <span class='ocr_line' id='line_1_108' title="bbox 1920 4879 3500 4958; baseline 0.012 -24"><span class='ocrx_word' id='word_1_795' title='bbox 1920 4881 2173 4936; x_wconf 90' lang='lat' dir='ltr'><strong>omnibus</strong></span> <span class='ocrx_word' id='word_1_796' title='bbox 2223 4884 2575 4954; x_wconf 89' lang='lat' dir='ltr'><strong>semetipsum</strong></span> <span class='ocrx_word' id='word_1_797' title='bbox 2638 4901 2852 4958; x_wconf 85' lang='lat' dir='ltr'><strong>semper</strong></span> <span class='ocrx_word' id='word_1_798' title='bbox 2894 4889 3218 4948; x_wconf 88' lang='lat' dir='ltr'><strong>deteriorem</strong></span> <span class='ocrx_word' id='word_1_799' title='bbox 3265 4879 3500 4953; x_wconf 86' lang='lat' dir='ltr'><strong>dicebat.</strong></span> 
     </span>
    </p>
   </div>
   <div class='ocr_carea' id='block_1_109' title="bbox 1921 4971 3498 5058">
    <p class='ocr_par' dir='ltr' id='par_1_109' title="bbox 1921 4971 3498 5058">
     <span class='ocr_line' id='line_1_109' title="bbox 1921 4971 3498 5058; baseline 0.013 -33"><span class='ocrx_word' id='word_1_800' title='bbox 1921 4971 2051 5039; x_wconf 70' lang='lat' dir='ltr'><strong>Qua:</strong></span> <span class='ocrx_word' id='word_1_801' title='bbox 2080 4980 2284 5040; x_wconf 89' lang='lat' dir='ltr'><strong>tamen,</strong></span> <span class='ocrx_word' id='word_1_802' title='bbox 2319 4974 2440 5032; x_wconf 92' lang='lat' dir='ltr'><strong>aliis</strong></span> <span class='ocrx_word' id='word_1_803' title='bbox 2467 4978 2788 5034; x_wconf 89' lang='lat' dir='ltr'><strong>canentibus</strong></span> <span class='ocrx_word' id='word_1_804' title='bbox 2817 4995 2941 5036; x_wconf 90' lang='lat' dir='ltr'><strong>cum</strong></span> <span class='ocrx_word' id='word_1_805' title='bbox 2974 4997 3060 5048; x_wconf 88' lang='lat' dir='ltr'><strong>eo,</strong></span> <span class='ocrx_word' id='word_1_806' title='bbox 3082 4984 3232 5042; x_wconf 83' lang='lat' dir='ltr'><strong>linito</strong></span> <span class='ocrx_word' id='word_1_807' title='bbox 3260 4987 3498 5058; x_wconf 89' lang='lat' dir='ltr'><strong>psalmo,</strong></span> 
     </span>
    </p>
   </div>
   <div class='ocr_carea' id='block_1_110' title="bbox 1921 5061 3504 5136">
    <p class='ocr_par' dir='ltr' id='par_1_110' title="bbox 1921 5061 3504 5136">
     <span class='ocr_line' id='line_1_110' title="bbox 1921 5061 3504 5136; baseline 0.013 -19"><span class='ocrx_word' id='word_1_808' title='bbox 1921 5061 2036 5134; x_wconf 88' lang='lat' dir='ltr'><strong>ipse</strong></span> <span class='ocrx_word' id='word_1_809' title='bbox 2061 5064 2210 5120; x_wconf 91' lang='lat' dir='ltr'><strong>solus</strong></span> <span class='ocrx_word' id='word_1_810' title='bbox 2237 5067 2437 5123; x_wconf 88' lang='lat' dir='ltr'><strong>tacitus</strong></span> <span class='ocrx_word' id='word_1_811' title='bbox 2462 5068 2739 5125; x_wconf 89' lang='lat' dir='ltr'><strong>ruminare</strong></span> <span class='ocrx_word' id='word_1_812' title='bbox 2763 5069 2990 5126; x_wconf 91' lang='lat' dir='ltr'><strong>solebat.</strong></span> <span class='ocrx_word' id='word_1_813' title='bbox 3036 5072 3146 5130; x_wconf 86' lang='lat' dir='ltr'><strong>Nec</strong></span> <span class='ocrx_word' id='word_1_814' title='bbox 3173 5075 3268 5132; x_wconf 93' lang='lat' dir='ltr'><strong>ulli</strong></span> <span class='ocrx_word' id='word_1_815' title='bbox 3293 5093 3360 5134; x_wconf 89' lang='lat' dir='ltr'><strong>ea</strong></span> <span class='ocrx_word' id='word_1_816' title='bbox 3385 5080 3504 5136; x_wconf 84' lang='lat' dir='ltr'><strong>ma-</strong></span> 
     </span>
    </p>
   </div>
   <div class='ocr_carea' id='block_1_111' title="bbox 1921 5153 3501 5240">
    <p class='ocr_par' dir='ltr' id='par_1_111' title="bbox 1921 5153 3501 5240">
     <span class='ocr_line' id='line_1_111' title="bbox 1921 5153 3501 5240; baseline 0.01 -31"><span class='ocrx_word' id='word_1_817' title='bbox 1921 5153 2179 5211; x_wconf 87' lang='lat' dir='ltr'><strong>nifestare</strong></span> <span class='ocrx_word' id='word_1_818' title='bbox 2224 5157 2458 5214; x_wconf 90' lang='lat' dir='ltr'><strong>volebat.</strong></span> <span class='ocrx_word' id='word_1_819' title='bbox 2491 5157 2719 5226; x_wconf 90' lang='lat' dir='ltr'><strong>Quidem</strong></span> <span class='ocrx_word' id='word_1_820' title='bbox 2764 5170 2946 5219; x_wconf 88' lang='lat' dir='ltr'><strong>tamen</strong></span> <span class='ocrx_word' id='word_1_821' title='bbox 2997 5175 3278 5236; x_wconf 87' lang='lat' dir='ltr'><strong>nostrum,</strong></span> <span class='ocrx_word' id='word_1_822' title='bbox 3322 5170 3417 5240; x_wconf 91' lang='lat' dir='ltr'><strong>qui</strong></span> <span class='ocrx_word' id='word_1_823' title='bbox 3449 5171 3501 5227; x_wconf 90' lang='lat' dir='ltr'><strong>ei</strong></span> 
     </span>
    </p>
   </div>
   <div class='ocr_carea' id='block_1_112' title="bbox 1923 5250 3502 5327">
    <p class='ocr_par' dir='ltr' id='par_1_112' title="bbox 1923 5250 3502 5327">
     <span class='ocr_line' id='line_1_112' title="bbox 1923 5250 3502 5327; baseline 0.008 -22"><span class='ocrx_word' id='word_1_824' title='bbox 1923 5250 2380 5310; x_wconf 86' lang='lat' dir='ltr'><strong>familiarissimus</strong></span> <span class='ocrx_word' id='word_1_825' title='bbox 2399 5261 2537 5321; x_wconf 89' lang='lat' dir='ltr'><strong>erat,</strong></span> <span class='ocrx_word' id='word_1_826' title='bbox 2569 5269 2764 5326; x_wconf 90' lang='lat' dir='ltr'><strong>magna</strong></span> <span class='ocrx_word' id='word_1_827' title='bbox 2795 5256 2846 5311; x_wconf 90' lang='lat' dir='ltr'><strong>vi</strong></span> <span class='ocrx_word' id='word_1_828' title='bbox 2878 5271 3103 5327; x_wconf 89' lang='lat' dir='ltr'><strong>precum</strong></span> <span class='ocrx_word' id='word_1_829' title='bbox 3131 5261 3224 5316; x_wconf 84' lang='lat' dir='ltr'><strong>vix</strong></span> <span class='ocrx_word' id='word_1_830' title='bbox 3265 5262 3502 5318; x_wconf 89' lang='lat' dir='ltr'><strong>obtinuit</strong></span> 
     </span>
    </p>
   </div>
   <div class='ocr_carea' id='block_1_113' title="bbox 1921 5408 3506 5485">
    <p class='ocr_par' dir='ltr' id='par_1_113' title="bbox 1921 5408 3506 5485">
     <span class='ocr_line' id='line_1_113' title="bbox 1921 5408 3506 5485; baseline 0.005 -21"><span class='ocrx_word' id='word_1_831' title='bbox 1921 5408 2236 5485; x_wconf 69' lang='lat' dir='ltr'><strong>gisterium.</strong></span> <span class='ocrx_word' id='word_1_832' title='bbox 2299 5408 2360 5485; x_wconf 90' lang='lat' dir='ltr'><strong>_ld</strong></span> <span class='ocrx_word' id='word_1_833' title='bbox 2414 5409 2760 5485; x_wconf 69' lang='lat' dir='ltr'><strong>observatum</strong></span> <span class='ocrx_word' id='word_1_834' title='bbox 2794 5413 3098 5485; x_wconf 85' lang='lat' dir='ltr'><strong>aliquando</strong></span> <span class='ocrx_word' id='word_1_835' title='bbox 3141 5430 3173 5470; x_wconf 90' lang='lat' dir='ltr'><strong>a</strong></span> <span class='ocrx_word' id='word_1_836' title='bbox 3223 5417 3506 5472; x_wconf 89' lang='lat' dir='ltr'><strong>monachis</strong></span> 
     </span>
    </p>
   </div>
   <div class='ocr_carea' id='block_1_114' title="bbox 1923 5478 3509 5555">
    <p class='ocr_par' dir='ltr' id='par_1_114' title="bbox 1923 5478 3509 5555">
     <span class='ocr_line' id='line_1_114' title="bbox 1923 5478 3509 5555; baseline 0.005 -20"><span class='ocrx_word' id='word_1_837' title='bbox 1923 5478 2182 5555; x_wconf 77' lang='lat' dir='ltr'><strong>orientis,</strong></span> <span class='ocrx_word' id='word_1_838' title='bbox 2204 5489 2272 5554; x_wconf 81' lang='lat' dir='ltr'><strong>ut</strong></span> <span class='ocrx_word' id='word_1_839' title='bbox 2299 5480 2420 5537; x_wconf 90' lang='lat' dir='ltr'><strong>loco</strong></span> <span class='ocrx_word' id='word_1_840' title='bbox 2442 5496 2635 5538; x_wconf 88' lang='lat' dir='ltr'><strong>versus</strong></span> <span class='ocrx_word' id='word_1_841' title='bbox 2657 5479 2838 5555; x_wconf 82' lang='lat' dir='ltr'><strong>Gloria</strong></span> <span class='ocrx_word' id='word_1_842' title='bbox 2863 5478 3036 5550; x_wconf 71' lang='lat' dir='ltr'><strong>Patri,</strong></span> <span class='ocrx_word' id='word_1_843' title='bbox 3066 5499 3226 5555; x_wconf 89' lang='lat' dir='ltr'><strong>quem</strong></span> <span class='ocrx_word' id='word_1_844' title='bbox 3247 5485 3509 5543; x_wconf 89' lang='lat' dir='ltr'><strong>Occiden-</strong></span> 
     </span>
    </p>
   </div>
   <div class='ocr_carea' id='block_1_115' title="bbox 1924 5552 3508 5624">
    <p class='ocr_par' dir='ltr' id='par_1_115' title="bbox 1924 5552 3508 5624">
     <span class='ocr_line' id='line_1_115' title="bbox 1924 5552 3508 5624; baseline 0.005 -18"><span class='ocrx_word' id='word_1_845' title='bbox 1924 5552 2060 5624; x_wconf 88' lang='lat' dir='ltr'><strong>tales</strong></span> <span class='ocrx_word' id='word_1_846' title='bbox 2086 5552 2209 5622; x_wconf 88' lang='lat' dir='ltr'><strong>post</strong></span> <span class='ocrx_word' id='word_1_847' title='bbox 2233 5567 2672 5624; x_wconf 79' lang='lat' dir='ltr'><strong>unumquemque</strong></span> <span class='ocrx_word' id='word_1_848' title='bbox 2699 5554 2966 5624; x_wconf 90' lang='lat' dir='ltr'><strong>psalmum</strong></span> <span class='ocrx_word' id='word_1_849' title='bbox 2991 5552 3259 5611; x_wconf 34' lang='lat' dir='ltr'><strong>can—ebant</strong></span> <span class='ocrx_word' id='word_1_850' title='bbox 3277 5598 3292 5623; x_wconf 93' lang='lat'><strong>,</strong></span> <span class='ocrx_word' id='word_1_851' title='bbox 3329 5558 3508 5614; x_wconf 88' lang='lat' dir='ltr'><strong>oratio</strong></span> 
     </span>
    </p>
   </div>
   <div class='ocr_carea' id='block_1_116' title="bbox 1923 5622 3506 5694">
    <p class='ocr_par' dir='ltr' id='par_1_116' title="bbox 1923 5622 3506 5694">
     <span class='ocr_line' id='line_1_116' title="bbox 1923 5622 3506 5694; baseline 0.004 -17"><span class='ocrx_word' id='word_1_852' title='bbox 1923 5623 2404 5694; x_wconf 71' lang='lat' dir='ltr'><strong>diceretur,_teste</strong></span> <span class='ocrx_word' id='word_1_853' title='bbox 2427 5622 2714 5680; x_wconf 85' lang='lat' dir='ltr'><strong>Cassiano</strong></span> <span class='ocrx_word' id='word_1_854' title='bbox 2757 5627 2810 5680; x_wconf 92' lang='lat' dir='ltr'><strong>in</strong></span> <span class='ocrx_word' id='word_1_855' title='bbox 2854 5625 2946 5679; x_wconf 90' lang='lat' dir='ltr'><strong>lib.</strong></span> <span class='ocrx_word' id='word_1_856' title='bbox 2990 5640 3028 5678; x_wconf 85' lang='grc' dir='ltr'>η</span> <span class='ocrx_word' id='word_1_857' title='bbox 3067 5625 3506 5694; x_wconf 88' lang='lat' dir='ltr'><strong>Institutionum,</strong></span> 
     </span>
    </p>
   </div>
   <div class='ocr_carea' id='block_1_117' title="bbox 1923 5691 3506 5772">
    <p class='ocr_par' dir='ltr' id='par_1_117' title="bbox 1923 5691 3506 5772">
     <span class='ocr_line' id='line_1_117' title="bbox 1923 5691 3506 5772; baseline 0.004 -27"><span class='ocrx_word' id='word_1_858' title='bbox 1923 5708 2041 5772; x_wconf 79' lang='lat' dir='ltr'><strong>cap.</strong></span> <span class='ocrx_word' id='word_1_859' title='bbox 2061 5692 2115 5748; x_wconf 89' lang='lat'><strong>9.</strong></span> <span class='ocrx_word' id='word_1_860' title='bbox 2321 5692 2629 5772; x_wconf 76' lang='lat' dir='ltr'><strong>tribuuntur</strong></span> <span class='ocrx_word' id='word_1_861' title='bbox 2650 5694 2912 5772; x_wconf 83' lang='lat' dir='ltr'><strong>ejusmodi</strong></span> <span class='ocrx_word' id='word_1_862' title='bbox 2946 5695 3236 5766; x_wconf 79' lang='lat' dir='ltr'><strong>pigmenta,</strong></span> <span class='ocrx_word' id='word_1_863' title='bbox 3263 5691 3506 5764; x_wconf 61' lang='lat' dir='ltr'><strong>Scintilla</strong></span> 
     </span>
    </p>
   </div>
   <div class='ocr_carea' id='block_1_118' title="bbox 1926 5764 2788 5828">
    <p class='ocr_par' dir='ltr' id='par_1_118' title="bbox 1926 5764 2788 5828">
     <span class='ocr_line' id='line_1_118' title="bbox 1926 5764 2788 5828; baseline 0.001 -9"><span class='ocrx_word' id='word_1_864' title='bbox 1926 5764 2092 5828; x_wconf 89' lang='lat' dir='ltr'><strong>dicta;</strong></span> <span class='ocrx_word' id='word_1_865' title='bbox 2120 5764 2321 5820; x_wconf 89' lang='lat' dir='ltr'><strong>similia</strong></span> <span class='ocrx_word' id='word_1_866' title='bbox 2348 5765 2510 5821; x_wconf 89' lang='lat' dir='ltr'><strong>etiam</strong></span> <span class='ocrx_word' id='word_1_867' title='bbox 2541 5764 2788 5822; x_wconf 84' lang='lat' dir='ltr'><strong>Alcuiuo.</strong></span> 
     </span>
    </p>
   </div>
   <div class='ocr_carea' id='block_1_119' title="bbox 2989 5927 3068 5987">
    <p class='ocr_par' dir='ltr' id='par_1_119' title="bbox 2989 5927 3068 5987">
     <span class='ocr_line' id='line_1_119' title="bbox 2989 5927 3068 5987; baseline 0 0"><span class='ocrx_word' id='word_1_868' title='bbox 2989 5927 3068 5987; x_wconf 79' lang='lat'><strong>32</strong></span> 
     </span>
    </p>
   </div>
  </div>
