4020 6338
536 366 694 444 eoos

1534 360 1898 419 ANSCHARII
1935 352 2472 416 HAMBURGENSIS
2509 352 2816 425 EPISCOPI

473 450 485 463 ί
550 485 624 543 ab
644 498 736 552 eo,
764 488 826 539 ut
847 477 899 539 ei
928 479 1044 551 ipsa
1064 479 1366 551 pigmenta,
1398 479 1539 533 sicut
1567 477 1656 533 ille
1692 486 1916 533 cantare
1948 475 2141 531 solitus
2166 479 2218 538 Α
2243 482 2300 528 et
2349 473 2690 542 dispensator
2737 471 3093 543 elocutos!“
3132 485 3245 527 suc
3287 470 3539 537 deesset,
3563 469 3699 542 ipso
3728 471 3869 529 sine

551 584 695 644 erat,
727 575 973 633 dictaret.
998 572 1131 641 Quae
1157 579 1337 628 tamen
1368 572 1482 643 ipse
1506 572 1814 641 conscripta
1837 571 2055 626 vivente
2074 578 2139 625 eo

552 665 758 725 nemini
788 664 1040 731 innotuit,
1073 664 1168 720 sed
1192 671 1316 734 post
1338 663 1546 720 obitum
1572 664 1692 735 eius
1721 663 2028 735 quibusque
2066 661 2141 717 Ie-

546 774 684 833 gere
703 756 1009 814 volentibus
1028 755 1291 812 exhibuit.

617 876 641 898 '
661 871 908 951 Reatinos
936 886 1033 942 pro
1067 872 1182 926 loco
1214 881 1263 926 et
1302 880 1529 943 tempore
1562 871 1733 926 varios
1757 868 2030 926 recitabat.

625 983 716 1040 60.
753 982 901 1039 Inter
926 982 1165 1055 psalmos
1200 990 1381 1037 autem
1421 981 1745 1038 cantandum
1777 995 1804 1023 ι
1830 980 2145 1053 frequenter
2180 1002 2187 1009 ·

542 1074 720 1132 etiam
758 1074 1010 1130 manibus
1040 1075 1255 1144 operari
1287 1073 1517 1139 solebat,
1548 1089 1672 1130 nam
1701 1073 1787 1129 his
1810 1073 2145 1144 temporibus

553 1176 675 1224 rete
700 1167 1053 1238 operabatur.
1088 1167 1164 1222 De
1193 1165 1324 1238 ipsis
1372 1182 1500 1221 vero
1552 1165 1773 1236 psalmis
1822 1165 2145 1237 dispositum

553 1260 767 1327 habuit,
797 1274 937 1332 quos
976 1260 1028 1314 in
1071 1258 1179 1324 die,
1210 1273 1347 1328 quos
1374 1257 1429 1312 in
1461 1262 1618 1314 nocte
1664 1266 1944 1323 cantaret;
1985 1272 2145 1329 quos,

555 1355 681 1409 dum
712 1367 770 1409 se
792 1353 858 1407 ad
889 1352 1113 1408 miSSam
1141 1350 1498 1422 praeparabat,
1526 1356 1807 1417 cantaret;
1837 1366 1994 1420 quos,
2020 1348 2147 1405 dum

543 1444 915 1501 'discaiceatus
943 1445 1010 1499 ad
1041 1442 1239 1499 lectum
1264 1442 1343 1498 ire
1370 1441 1600 1498 volebat.
1631 1440 1787 1498 Mane
1809 1452 1989 1498 autem
2013 1457 2150 1496 sem-

553 1550 652 1608 per
682 1536 902 1611 quando
928 1548 988 1591 se
1012 1533 1307 1600 calceabat,
1335 1544 1391 1589 et
1418 1532 1636 1593 lavabat
1684 1549 1903 1599 manus,
1933 1528 2150 1587 litanias

553 1634 814 1691 cantabat
842 1651 857 1688 :
885 1638 940 1689 et
963 1632 1045 1688 sic
1087 1631 1155 1689 ad
1209 1630 1495 1687 ecclesiam
1544 1629 1855 1700 profectus,
1902 1637 2014 1682 tres
2058 1636 2153 1682 aut

556 1732 787 1796 quatuor
834 1724 1027 1779 missas
1079 1719 1341 1777 celebrari
1384 1716 1646 1783 faciebat,
1698 1718 1811 1787 ipse
1862 1724 2049 1772 astans
2096 1724 2150 1771 et

557 1812 793 1870 cilicium
826 1828 993 1886 agens
1035 1829 1049 1865 :
1105 1816 1305 1867 statuto
1355 1817 1498 1864 tame

552 1907 613 1962 in
642 1907 729 1962 die
757 1903 1027 1976 publicam
1054 1902 1296 1967 missam,
1331 1901 1435 1956 nisi
1464 1900 1643 1972 aliqua
1694 1898 1745 1956 ei
1788 1898 2147 1956 incommodi-

556 2008 642 2053 tas
660 1996 968 2063 accidisset,
1003 1996 1119 2066 ipse
1147 1995 1420 2050 cantabat.
1768 2065 1793 2074 Ὦ

554 2108 811 2164 Liberalis
839 2110 893 2163 in
924 2123 1208 2178 pauperes,
1243 2106 1628 2178 modochiam
1661 2106 1809 2178 dotat
1838 2104 1893 2178 in
1919 2108 2149 2176 gratiam

625 2174 934 2250 pauperum_.
975 2174 1223 2250 Qinnium
1252 2192 1433 2250 curam
1463 2176 1614 2250 gerit.
1661 2174 1945 2231 Saeculum
1975 2184 2149 2246 portat

625 2244 681 2306 in
709 2244 865 2304 seua.
898 2247 966 2302 In
989 2247 1405 2318 Quadragesima
1435 2244 1599 2317 réﬁcit
1625 2261 1877 2317 pauperes
1894 2244 2146 2318 quatuor,

626 2329 674 2376 et
696 2322 771 2375 eis
801 2319 1087 2374 ministrat.

554 2482 565 2489 .
627 2430 725 2490 εις
756 2433 816 2489 In
840 2431 1200 2504 eleemosyuis
1225 2444 1357 2486 vero
1387 2430 1581 2487 dandis
1607 2445 1772 2502 quam
1800 2435 1917 2503 ipse
1952 2429 2149 2487 libera-

555 2526 796 2583 lissimus
827 2523 1022 2590 fuerit,
1052 2524 1176 2594 quis
1226 2534 1487 2579 enarrare
1528 2523 1751 2593 poterit,
1796 2536 1921 2577 cum
1966 2522 2147 2577 omnia

556 2632 678 2688 quae
704 2616 1017 2673 habebatin
1046 2615 1262 2670 Domini
1287 2613 1588 2679 voluntate,
1620 2613 1997 2669 necessitatem
2045 2628 2145 2684 pa-

558 2712 819 2772 tientibus
854 2707 1273 2765 subministrare
1298 2704 1592 2776 cupiebat?
1641 2704 1955 2775 Ubicunque
2001 2704 2149 2758 enim

558 2806 793 2876 aliquem
830 2800 888 2855 in
939 2797 1264 2854 necessitate
1304 2796 1543 2866 positum
1591 2796 1816 2861 sciebat,
1844 2809 1915 2850 ex
1947 2802 2150 2864 quanto

556 2902 773 2969 poterat
823 2906 947 2947 eum
994 2888 1253 2957 adjuvare
1300 2887 1600 2958 satagebat.
1647 2885 1716 2940 Et
1753 2898 1859 2941 non
1893 2884 2066 2940 solum
2096 2884 2148 2938 in

559 2985 779 3060 propria
804 2980 1088 3053 parochia,
1109 2978 1204 3033 sed
1230 2979 1393 3032 etiam
1424 2978 1480 3031 in
1502 2976 1810 3047 longinquis
1840 2975 2151 3047 regionibus

560 3077 755 3151 positis
772 3072 1078 3131 subsidium
1104 3071 1186 3126 sui
1231 3069 1484 3140 adjutorii
1530 3068 1908 3124 ministrabat:
1938 3069 2150 3139 specia-

561 3172 667 3227 lius
697 3178 877 3225 tamen
903 3163 1170 3236 hospitale
1189 3175 1487 3261 pauperum
1520 3170 1544 3199 ο
1582 3159 1855 3261 ill-Brome
2179 3202 2221 3261 Ο

559 3269 675 3316 tum
725 3255 976 3321 habebat,
1021 3256 1090 3309 ad
1129 3251 1285 3324 quod
1335 3251 1572 3307 decimas
1615 3249 1684 3306 de
1713 3251 1984 3307 nonnullis
2010 3251 2164 3308 villis

561 3351 848 3422 disposuit,
872 3356 936 3403 ut
960 3347 1036 3402 ibi
1066 3359 1188 3401 cum
1228 3343 1545 3414 quotidiana
1583 3343 1925 3413 susceptione
1953 3350 2154 3414 paupe-

562 3459 683 3501 rum
716 3442 908 3515 aegroti
957 3445 1355 3496 recrearentur.
1388 3436 1495 3492 Per
1530 3451 1746 3492 omnem
1776 3436 2149 3507 episcopatum

562 3552 722 3594 suum
755 3534 998 3590 decimas
1021 3529 1339 3586 animalium
1367 3536 1421 3583 et
1457 3528 1700 3583 omnium
1744 3528 2052 3583 reddituum
2097 3528 2145 3595 ὁ,

563 3629 914 3698 decimasque
941 3623 1276 3679 decimarum
1298 3660 1312 3684 ,
1345 3633 1464 3690 quae
1499 3619 1567 3674 ad
1614 3632 1735 3673 eum
1787 3617 2150 3689 pertinebant,

563 3723 619 3777 in
650 3731 948 3791 pauperum
974 3715 1358 3786 expensionem
1386 3709 1783 3767 distribuebat:
1812 3718 1869 3764 et
1892 3709 2152 3782 quidquid

567 3813 776 3885 argenti
806 3810 891 3867 vel
916 3807 1203 3879 cujuslibet
1230 3819 1423 3861 census
1444 3804 1519 3858 illi
1543 3802 1914 3875 proveniebat,
1938 3802 1992 3857 in
2022 3818 2152 3859 usus

568 3902 923 3975 indigentium
981 3897 1304 3954 decimabat.
1366 3895 1591 3966 insuper
1653 3894 1707 3949 in
1765 3893 1955 3964 quinto
2008 3906 2152 3949 anno

567 3994 810 4049 omnium
841 3988 1177 4051 animalium,
1206 3986 1330 4041 licet
1358 3993 1516 4040 antea
1545 3985 1809 4040 decitnata
1832 3982 2053 4050 fuerint,
2083 3983 2151 4037 ad

567 4086 1032 4154 eleemosynarum
1084 4078 1356 4133 dationem
1401 4076 1597 4131 iterum
1641 4091 1710 4130 ex
1761 4075 1973 4146 integro
2002 4074 2147 4130 deci-

572 4174 863 4231 mationem
892 4170 1156 4226 iaciebat:
1183 4168 1250 4225 de
1274 4175 1497 4237 argento
1524 4166 1689 4222 etiam
1710 4167 1855 4239 quod
1882 4168 1951 4222 ad
1975 4167 2151 4223 eccle-

476 4286 480 4295 ’
569 4267 679 4323 aias
702 4265 756 4319 in
786 4259 1132 4317 monasteriis
1151 4256 1419 4321 veniebat,
1440 4265 1692 4327 quartam
1721 4266 1929 4328 partem
1952 4258 2019 4313 ad
2049 4260 2152 4315 hoc

568 4374 747 4433 ipsum
778 4355 1102 4414 destinabat.
1132 4351 1331 4408 Curam
1354 4365 1485 4422 ergo
1521 4350 1847 4421 pupillorum
1876 4351 1930 4406 et
1962 4349 2151 4407 vidua.

572 4466 690 4506 rum
731 4448 1025 4505 maximam
1053 4459 1267 4514 semper
1284 4443 1540 4509 habebat,
1579 4451 1635 4498 et
1681 4444 1986 4513 ubicunque
2015 4459 2148 4499 ana-

492 4551 499 4567 '
570 4542 824 4599 eboretas
871 4552 991 4594 esse
1030 4536 1254 4600 sciebat,
1283 4537 1398 4591 sive
1420 4530 1587 4602 viros,
1612 4536 1727 4592 sive
1767 4534 2014 4603 feminas,
2043 4535 2149 4592 fre-

572 4629 861 4703 quentibus
888 4626 1288 4684 visitationibus
1317 4635 1372 4681 et
1399 4624 1556 4681 donis
1582 4626 1729 4696 ipsos
1775 4626 1829 4680 in
1883 4624 1976 4680 Dei
2035 4640 2152 4681 ser-

568 4725 702 4781 vitio
724 4719 1084 4783 confortabat,
1113 4727 1170 4772 et
1219 4717 1540 4773 necessariis
1586 4716 1840 4772 subsidiis
1896 4716 2150 4787 adjuvare

572 4814 836 4872 studebat.
865 4812 1111 4869 Habebat
1132 4824 1347 4880 quoque
1392 4809 1444 4863 in
1489 4822 1624 4863 zona
1678 4808 1896 4879 propria
1940 4818 2152 4879 semper

574 4905 845 4963 saeculum
866 4918 992 4960 cum
1019 4900 1278 4967 nummis,
1302 4909 1382 4967 ut,
1408 4901 1454 4955 si
1477 4899 1692 4969 quando
1724 4914 1890 4968 egens
1917 4900 2150 4967 veniret,

648 5049 674 5079 ι
715 5035 809 5092 Sic
832 5032 1073 5108 Egyptii
1108 5034 1355 5108 monachi
1388 5050 1520 5108 opus
1558 5050 1815 5108 manuum
1837 5044 1891 5108 et
1918 5035 2150 5108 psalmo-

574 5123 697 5166 rum
718 5104 993 5163 orationes
1019 5105 1221 5175 pariter
1249 5104 1575 5175 exercebant
1600 5144 1614 5168 ,
1648 5104 1787 5172 apud
1832 5104 2148 5160 Cassianum

577 5182 632 5238 in
680 5177 933 5249 ejusdem
965 5173 1085 5231 libri
1128 5176 1350 5249 εει).-ξό
1378 5185 1432 5230 et
1463 5173 1549 5228 id.
1596 5174 1687 5249 S_ic
1748 5185 1967 5249 sanctus
1996 5175 2154 5249 Adaif

577 5244 784 5308 hard—us
814 5248 872 5304 in
899 5244 1235 5328 Statutorum
1256 5244 1347 5300 lib.
1374 5262 1436 5309 ιι,
1458 5259 1576 5313 cap.
1603 5244 1656 5309 4,
1681 5245 1925 5367 praecipit
1956 5254 2017 5327 ut
2060 5245 2153 5315 qui

580 5322 633 5367 in
673 5319 918 5367 comtinat
950 5327 1253 5367 ministerio
1290 5315 1557 5367 laborant.
1588 5330 1681 5367 osa
1709 5330 1821 5367 mos
1844 5330 1961 5367 sme
1986 5324 2153 5367 mter-

580 5322 634 5377 in
673 5319 918 5390 coquinae
950 5315 1253 5390 ministerio
1290 5315 1557 5390 laborant,
1588 5315 1821 5390 psalmos
1844 5316 1961 5370 sine
1986 5315 2154 5390 inter-

579 5385 835 5447 missione
860 5397 1097 5451 cantent,
1129 5387 1180 5441 id
1207 5393 1289 5440 est
1327 5385 1572 5441 recitent.
1621 5385 1739 5454 Quo
1782 5400 1945 5441 sensu
1986 5386 2150 5441 etiam

578 5462 681 5518 ista
702 5476 806 5516 vox
828 5461 931 5515 hoc
956 5460 1009 5513 in
1038 5458 1158 5512 loco
1185 5463 1493 5525 usurpatur.

650 5533 680 5574 δ
718 5532 859 5602 Ergo
895 5545 997 5602 non
1036 5526 1294 5602 quotidie,
1320 5523 1413 5602 sed
1439 5523 1852 5602 solemnioribus
1894 5524 2154 5582 duntaxat

577 5604 767 5661 diebus
790 5594 961 5658 sacris
986 5594 1311 5668 operabatur
1339 5594 1685 5668 Anscharius.

651 5686 674 5714 ο
720 5673 797 5729 Eo
824 5672 876 5725 in
905 5663 1232 5741 loco-postca
1259 5667 1563 5741 institutum
1607 5663 1895 5741 collegium
1920 5664 2142 5741 _duodc-

577 5745 685 5800 cim
710 5736 1116 5803 canonicoruin,
1148 5746 1203 5793 et
1241 5738 1494 5807 templum
1540 5736 1889 5807 subgiiomine
1916 5736 1972 5807 ξ.
2005 5738 2149 5794 Ans-

578 5814 771 5879 charii,
801 5812 966 5869 etiam
1000 5824 1146 5865 nunc
1167 5804 1435 5880 perstans,
1465 5816 1598 5862 teste
1639 5805 1886 5876 Philippo
1910 5804 2146 5875 Caesare,

2244 574 2400 617 mora
2422 564 2567 632 quod
2596 562 2751 616 daret
2773 561 3018 618 haberet.
3043 560 3310 619 Studebat
3336 559 3485 618 enim
3524 560 3661 618 illud
3699 562 3868 620 beati

2240 652 2344 710 Job
2365 653 2571 710 dictum
2596 668 2696 724 per
2721 653 2907 710 omnia
2946 653 3192 725 iulpiere,
3220 663 3283 709 ut
3306 653 3629 718 necsaltetu
3652 656 3871 713 oculos

2244 747 2418 802 viduae
2446 746 2739 817 aliquando
2761 757 3080 817 exspectare
3106 745 3313 811 iaceret
3345 766 3360 800 τ
3397 747 3590 819 sicque
3629 756 3697 803 et
3726 762 3869 805 oeu-

2243 838 2329 894 lus
2353 853 2498 894 caeco
2521 846 2577 893 et
2602 853 2699 908 pes
2726 839 2920 895 claudo
2963 847 3021 895 et
3062 848 3221 911 pater
3260 852 3579 911 pauperum-
3614 841 3866 897 omnino

2244 944 2365 985 esse
2392 930 2665 986 studebat.
2696 929 2756 985 In
2776 930 3217 1004 Quadragoaimte
3242 946 3374 987 vero
3415 941 3673 1005 tempore
3720 949 3868 1004 qua-

2246 1033 2669 1095 tuor‘pauperes
2690 1021 2934 1095 quotidie
2960 1026 3019 1080 in
3046 1025 3242 1081 Brome
3280 1025 3350 1082 ad
3397 1040 3580 1083 escam
3638 1029 3861 1100 suscipi

2241 1104 2490 1187 iubebat,
2512 1117 2650 1171 duos
2679 1115 2889 1173 scilicet
2913 1117 3061 1172 viros
3093 1126 3148 1173 et
3173 1119 3309 1174 duas
3336 1115 3597 1187 feminas,
3630 1128 3696 1176 et
3722 1120 3862 1176 viris

2236 1206 2465 1276 quidem
2494 1206 2610 1277 ipse
2635 1220 2757 1261 cum
2802 1204 3067 1263 fratribus
3111 1207 3277 1278 pedes
3326 1208 3570 1274 lavabat;
3615 1209 3860 1268 feminas

2248 1306 2428 1352 autem
2453 1281 2508 1351 ίὶι
2549 1297 2811 1367 praedicto
2848 1296 3101 1368 hospitali
3142 1310 3462 1369 palmum,
3503 1298 3637 1354 vice
3688 1298 3855 1365 illius,

2248 1389 2495 1459 quedam
2533 1387 2644 1444 Deo
2673 1398 2886 1444 sacrata
2928 1402 3090 1459 quam
3126 1390 3327 1461 ipso-in
3353 1390 3449 1445 Dei
3475 1389 3778 1446 voluntate
3805 1401 3858 1447 et

2251 1479 2527 1550 religionis
2561 1494 2747 1535 amore
2782 1480 3065 1551 probatam
3112 1480 3366 1536 habebat.
3428 1481 3689 1551 Denique
3736 1498 3857 1539 cum

2252 1572 2538 1643 parochias
2591 1586 2743 1627 more
2766 1571 3059 1644 episcopali
3099 1573 3380 1640 circuiret,
3405 1581 3716 1644 antequam
3748 1575 3858 1647 ipse

2244 1664 2321 1719 ad
2367 1664 2676 1719 convivium
2720 1664 3027 1731 accederet,
3073 1678 3342 1738 pauperes
3381 1667 3751 1739 praecipiebat
3781 1670 3857 1724 ia-

2254 1753 2467 1809 troduci
2489 1770 2503 1807 :
2528 1753 2727 1824 quibus
2748 1766 2944 1824 aquam
2965 1754 3131 1810 etiam
3157 1756 3226 1810 ad
3251 1766 3446 1812 manus
3469 1756 3750 1814 levandas
3770 1772 3858 1815 ex-

1502 1826 1532 1917 ξῗ
1574 1807 1818 1917 ¹⁸⁸ίίῗῖ¹¹ῗ¹
1846 1807 2147 1917 ¹ῗᾼ¹⁶¹¹³¹ῗίῖῗθ
2170 1836 2224 1899 Β
2254 1807 2498 1913 ﬂebit.
2521 1807 2578 1902 ἐι
2601 1807 3853 1917 ῴὶᾷείίέᾖὲιίὲῖέὲὶἐοέὲέῐῐζῖι

2132 1990 2135 1991 ν
2256 1941 2404 2010 ipsos
2424 1941 2620 2011 posita,
2660 1940 2741 1997 sic
2781 1941 2994 1997 detnum
3051 1941 3121 1996 ad
3163 1940 3474 1997 convivium
3518 1955 3688 1998 suum
3734 1956 3849 1998 atra

2248 2032 2556 2101 hospitibus
2577 2032 2890 2088 accedebat.
2927 2032 2948 2072 τ
2978 2032 3048 2087 Et
3071 2040 3128 2086 ut
3149 2032 3542 2089 misericordia
3566 2046 3635 2089 ac
3673 2033 3852 2105 μίαν

2248 2123 2324 2179 tis
2348 2122 2466 2192 eius
2485 2124 2695 2180 viscera
2733 2122 2998 2195 exemplis
3018 2124 3404 2194 apirobemus,
3417 2122 3659 2179 vidimus
3674 2137 3851 2193 quon-

2250 2218 2397 2283 dam,
2425 2232 2550 2273 cum
2577 2218 2719 2273 inter
2747 2217 2950 2274 multos
2972 2217 3109 2272 alios
3140 2215 3425 2286 cujusdam
3464 2217 3650 2272 vidum
3676 2216 3841 2272 mum

2250 2308 2304 2364 in
2335 2307 2626 2380 longinqua
2657 2309 2877 2380 regione
2898 2309 3174 2380 captivum
3206 2309 3503 2365 abductum
3523 2348 3539 2375 ,
3567 2309 3625 2364 in
3673 2307 3841 2365 Suco-

2251 2411 2380 2452 aum
2424 2396 2694 2464 videlicet,
2745 2399 2921 2470 pretio
2971 2399 3331 2470 redemptum,
3384 2400 3506 2472 ipse
3550 2414 3741 2457 seum
3780 2402 3840 2458 ad

2250 2488 2469 2559 propria
2497 2490 2831 2555 reduxisset;
2857 2496 2911 2545 et
2937 2505 3060 2545 cum
3087 2491 3265 2561 ipsum
3295 2498 3471 2546 mater
3485 2506 3590 2546 sua
3609 2492 3842 2561 gaudeas

2250 2584 2461 2641 videret
2498 2590 2806 2651 reversum,
2840 2584 3032 2656 (sicuti
3064 2600 3184 2642 mos
3218 2594 3305 2641 est
3335 2584 3704 2655 {maiust-um)
3741 2598 3840 2659 piat

2252 2678 2449 2746 gaudio
2477 2678 2531 2733 in
2575 2687 2867 2750 conspectu
2901 2686 3087 2734 astans
3142 2678 3436 2752 lacrymata
3472 2679 3710 2748 fuisset;
3736 2683 3839 2753 ipe

2252 2783 2467 2838 quoque
2493 2767 2778 2838 episcopus
2805 2777 3163 2841 compunctus
3188 2783 3297 2827 non
3330 2771 3516 2828 minus
3565 2771 3702 2829 itere
3736 2788 3835 2829 cte-

2254 2859 2416 2929 perit,
2452 2858 2747 2930 statimque
2766 2858 2937 2916 tilium
2964 2861 3138 2932 ipsum
3166 2862 3344 2918 vidua:
3373 2862 3639 2921 libertate
3685 2862 3834 2922 deas-

2258 2959 2369 3007 tum
2399 2952 2560 3009 matri
2595 2952 2847 3020 reddidit,
2873 2953 3201 3024 domumque
3240 2955 3547 3026 gaudentes
3602 2958 3685 3014 ire
3718 2972 3830 3028 pere

2256 3044 2425 3100 misit.

2257 3158 2464 3234 Futura
2498 3162 2809 3234 pjmnoscit;
2848 3162 2903 3234 in
2939 3164 3155 3234 agendis
3199 3162 3369 3217 Deum
3414 3166 3663 3220 consulit.
3704 3163 3822 3220 Bre-

2200 3240 2225 3263 λ
2290 3233 2487 3286 mensis
2500 3228 2762 3289 Ecclesia
2782 3248 2838 3286 se
2859 3228 3255 3305 for-(pastorem
3275 3234 3477 3290 sortitus
3490 3234 3776 3304 praeﬁcit.

2323 3343 2411 3398 6‘2.
2456 3340 2523 3397 Et
2559 3343 2685 3414 quia
2721 3345 3059 3400 conversatio
3099 3345 3238 3416 eius,
3279 3347 3566 3402 secundum
3613 3344 3828 3401 beatum

2254 3435 2477 3491 Paulum
2525 3434 2822 3507 apostolum
2870 3433 3038 3509 (Phil.
3066 3446 3153 3505 ni,
3190 3427 3306 3509 2'0),
3357 3450 3571 3509 semper
3617 3445 3735 3495 erat
3774 3436 3827 3494 in

2254 3526 2393 3583 εωιο
2411 3566 2427 3593 ,
2473 3538 2859 3597 nonnunquam
2905 3527 3020 3598 ipse
3062 3528 3374 3586 cmlestibus
3420 3529 3825 3588 revelationibus

2254 3618 2435 3689 (sicuti
2459 3616 2571 3687 jam
2602 3615 2810 3690 prmfatl
2850 3632 3059 3687 sumus,
3104 3619 3233 3676 licet
3271 3620 3442 3677 multa
3472 3618 3820 3692 omiserimus)

2256 3710 2628 3767 illustrabatur
2657 3710 2710 3766 in
2742 3718 2885 3767 terra
2904 3754 2920 3778 ,
2953 3711 3028 3767 ita
3054 3722 3119 3769 ut
3142 3711 3256 3770 fere
3282 3714 3461 3771 omnia
3490 3728 3619 3785 quae
3643 3715 3691 3770 ei
3712 3726 3824 3785 pm-

2254 3814 2484 3861 ventura
2520 3812 2708 3871 erant,
2756 3814 2915 3861 antea
2945 3818 3179 3877 semper,
3223 3804 3338 3864 sive
3386 3818 3488 3879 per
3534 3808 3819 3869 somnium.

2254 3897 2370 3953 sive
2405 3910 2503 3966 per
2528 3896 2773 3951 intimam
2801 3892 3184 3953 revelationem
3226 3894 3283 3954 in
3321 3906 3543 3968 mente,
3594 3900 3708 3957 sive
3738 3908 3827 3970 per

2253 4005 2559 4055 excessum,
2611 3988 2713 4059 ipsi
2757 3989 2971 4061 cognita
3000 3986 3213 4046 fierent.
3265 3986 3398 4059 Eam
3431 3991 3581 4062 quod
3609 3991 3823 4047 diximus

2256 4080 2372 4136 ﬂeri
2419 4081 2473 4135 in
2520 4089 2735 4145 mente,
2778 4080 3086 4151 huiusmodi
3111 4094 3231 4138 esse
3267 4088 3559 4153 putamus,
3613 4082 3747 4141 slent
3779 4082 3820 4138 in

2253 4171 2482 4227 Actibus
2507 4166 2872 4241 apostolorum
2901 4170 3133 4243 legitur:
3170 4172 3347 4237 Dicit,
3378 4171 3591 4245 inquit,
3623 4169 3823 4248 Spiritu

2256 4258 2501 4333 Philippo
2530 4260 2669 4334 (Act.
2698 4274 2815 4328 Vill,
2840 4261 2953 4333 29).
3013 4262 3093 4319 Ad
3135 4256 3315 4319 omnia
3360 4265 3505 4320 enim
3544 4277 3673 4337 qua
3705 4264 3821 4320 forte

2253 4355 2524 4426 praecipua
2550 4350 2780 4410 deﬁnire
2808 4354 3058 4421 debebat,
3084 4356 3314 4426 spatium
3340 4356 3627 4427 cogitandi
3650 4354 3825 4414 habere

2254 4444 2506 4512 volebat;
2542 4453 2599 4501 et
2626 4444 2762 4500 nihil
2788 4452 2995 4501 temere
3023 4442 3369 4516 disponebat,
3397 4452 3699 4519 antequam
3722 4460 3824 4519 gra-

2256 4535 2328 4590 tia
2356 4534 2454 4590 Dei
2484 4532 2811 4602 illustratus,
2857 4535 2971 4606 ipse
3001 4534 3057 4591 in
3085 4542 3267 4592 mente
3304 4548 3400 4592 sua
3440 4539 3681 4594 sentiret
3716 4532 3829 4609 quid

2254 4623 2448 4681 melius
2471 4634 2615 4680 esset
2647 4643 2657 4679 :
2699 4625 2888 4697 sicque
2912 4640 3147 4697 superna
3176 4626 3484 4684 visitatione
3507 4627 3831 4686 certidcatns

2257 4715 2311 4770 in
2339 4725 2541 4781 mente,
2562 4716 2679 4772 sine
2706 4717 3053 4774 cunctatione
3078 4732 3201 4788 quae
3230 4716 3440 4790 agenda
3462 4729 3651 4788 erant,
3672 4708 3832 4789 disp?

2255 4805 2439 4861 nebat.
2493 4805 2664 4863 Porro
2690 4820 2755 4863 ea
2791 4822 2912 4878 qua:
2950 4822 3050 4879 per
3079 4809 3350 4865 somnium
3383 4806 3644 4877 videbat,
3686 4804 3833 4865 sicuti

2247 4899 2361 4970 jam
2408 4902 2658 4971 superius
2701 4900 2868 4957 multa
2911 4902 3306 4974 comprehensa
3345 4910 3512 4971 sunt,
3560 4906 3682 4960 tam
3716 4914 3833 4960 ven

2256 5034 2347 5103 qui
2405 5049 2529 5093 cum
2575 5032 2750 5088 adhuc
2795 5034 3087 5099 ἀκαθολικός
3136 5045 3314 5103 esset,
3368 5032 3571 5094 ibidem
3624 5037 3836 5094 eam

2256 5102 2549 5178 Dlltil‘egii
2593 5110 2647 5157 et
2703 5112 3034 5178 pastorem:
3092 5115 3277 5178 postea
3323 5120 3641 5178 conversus
3686 5102 3835 5178 hujus

2254 5173 2524 5254 prmcipue
2579 5174 2774 5255 sancti,
2810 5175 2915 5256 .uti
2981 5173 3110 5245 ipse
3153 5176 3402 5244 credidit,
3439 5178 3721 5301 precibus
3754 5173 3832 5230 ‘ac

2256 5253 2506 5321 tuentis,
2551 5257 2706 5314 Clljlls
2762 5243 2941 5299 Vitam
2991 5245 3235 5305 studiose
3286 5263 3351 5303 ac
3399 5248 3825 5321 dugonterper

2293 5314 2535 5368 uisierat.
2560 5340 2593 5351 --

2254 5330 2624 5459 Tl‘l‘flﬁi‘imm
2677 5386 3027 5449 ordinaverat
3054 5386 3420 5459 AAdalhaI-dus
3472 5387 3647 5444 abbas
3700 5385 3828 5459 apti

2254 5450 2537 5527 Corbeiam
2568 5464 2829 5521 veterem,
2858 5466 2916 5511 ut
2941 5472 3004 5515 ex
3036 5457 3265 5513 Statutis
3287 5459 3733 5527 ipsiuscoustat.

2330 5536 2353 5563 θ
2391 5522 2451 5596 id
2492 5537 2578 5580 est
2632 5535 2819 5596 potum
2846 5527 3138 5596 praebebit.
3166 5527 3280 5584 Hoc
3302 5522 3465 5585 sensu
3487 5528 3722 5585 verbum
3744 5528 3825 5583 mi-

2254 5611 2407 5668 scere
2431 5593 2684 5668 frequens
2712 5604 2793 5668 est
2817 5593 2958 5668 apud
2982 5607 3233 5668 auctores
3254 5599 3448 5657 media
3466 5602 3672 5655 atatis.
3710 5597 3827 5655 Vide

2254 5663 2588 5732 Glossarium
2618 5663 2678 5721 V.
2709 5664 2789 5723 Cl.
2823 5663 3000 5732 Caroli
3030 5667 3258 5725 Fresuii.

2332 5736 2349 5776 ί
2391 5730 2604 5819 abhinc
2628 5753 2798 5819 usque
2825 5730 2893 5793 ad
2921 5755 3071 5819 nutu.
3099 5740 3167 5795 68
3206 5738 3368 5806 inira,
3414 5740 3635 5799 Gueidu
3683 5747 3829 5812 p00“

2255 5808 2483 5863 transilit
2512 5808 2816 5878 prosaicam
2840 5809 3162 5873 orationem.
