4020 6338
249 378 405 446 ϊοοιί

1803 370 1982 436 πη.

3396 373 3537 435 1006

264 504 454 562 erant,
495 502 555 551 ut
581 504 857 565 nunquam
883 506 948 549 ea
974 494 1188 548 cassata
1218 488 1657 545 reminiscamur.
1710 484 1845 545 Nam
1874 489 2155 561 Aperiter
2198 496 2251 544 et
2298 486 2625 562 Reginario:
2665 484 2850 560 Cujus,
2892 488 3095 561 inquit,
3141 489 3230 546 hic
3257 491 3536 548 hominem

264 596 325 645 ut
368 584 435 643 ad
482 582 858 657 probationem
904 581 1086 654 huius
1116 583 1196 637 rei
1241 579 1492 637 omissae
1523 576 1844 646 referamus,

266 684 555 748 antequam
577 675 646 731 ad
665 674 1015 731 Bremensem
1041 673 1365 729 invitaretur
1383 668 1703 741 Ecclesiam,
1717 686 1848 743 qua-

269 765 391 821 tiam
419 771 579 820 nocte
605 761 781 818 visum
811 770 897 819 est
948 762 998 818 ei
1042 761 1189 833 quod
1215 760 1451 816 venisset
1478 759 1532 816 in
1560 759 1848 831 quamdam

268 858 546 929 regionem
575 855 1024 919 smmi-simam,
1052 854 1108 909 in
1137 868 1247 924 qua
1270 852 1477 909 invenit
1504 853 1720 908 beatum
1750 851 1851 907 Pe-

262 957 412 1005 trum
432 946 757 1018 apostolum.
783 944 1029 1016 Cumque
1050 944 1200 1000 illum
1220 945 1603 1010 admiraretur,
1626 944 1851 1000 veniunt

266 1039 484 1109 quidam
517 1038 765 1094 homines
797 1046 1064 1108 petentes,
1116 1044 1178 1091 ut
1220 1036 1339 1106 ipse
1381 1036 1577 1092 beatus
1607 1035 1855 1094 videlicet

265 1130 460 1188 Petrus
503 1130 585 1186 eis
612 1141 888 1200 pastorem
919 1139 976 1186 et
1004 1130 1282 1186 doctorem
1310 1128 1586 1185 destinare
1610 1129 1847 1186 deberet.

266 1222 473 1292 Quibus
495 1237 619 1277 cum
642 1221 734 1278 ille
757 1219 1125 1292 respondisset
1150 1238 1164 1273 :
1198 1218 1304 1275 lste
1327 1227 1432 1285 est,
1458 1234 1622 1292 quem
1645 1219 1854 1276 debetis

267 1316 471 1373 habere
516 1323 795 1389 pastorem
816 1354 832 1379 ,
897 1315 1156 1369 domuum
1206 1312 1517 1383 episcopum
1566 1326 1750 1367 coram
1795 1327 1854 1368 se

267 1416 502 1463 stantem
525 1418 862 1475 proponens;
892 1404 1069 1459 visum
1094 1410 1178 1459 est
1199 1400 1301 1472 ipsi
1325 1403 1469 1474 quod
1493 1411 1654 1457 terra:
1678 1412 1855 1458 motus

269 1498 424 1555 ﬁeret
450 1511 699 1567 magnus,
730 1504 784 1551 et
810 1496 925 1567 ipse
956 1495 1013 1551 in
1039 1503 1241 1550 terram
1271 1494 1592 1561 cecidisset,
1629 1504 1685 1549 et
1710 1495 1856 1564 quod

267 1592 505 1647 venisset
523 1605 627 1646 vox
658 1605 824 1660 super
844 1605 987 1654 eum,
1013 1599 1070 1646 et
1092 1604 1286 1661 magna
1308 1590 1547 1647 suavitas
1571 1590 1628 1645 in
1654 1600 1853 1657 mente,

270 1685 455 1741 unctio
481 1683 733 1741 videlicet
756 1682 994 1756 Spiritus
1020 1684 1217 1751 sancti,
1243 1684 1317 1739 ita
1342 1693 1407 1767 ut
1426 1699 1485 1739 se
1512 1684 1667 1755 quasi
1697 1685 1853 1740 inno-

269 1784 450 1831 vatum
475 1775 703 1831 sentiret
721 1775 777 1829 in
799 1775 977 1848 gratia
997 1773 1221 1830 Christi.
1251 1773 1369 1830 Vox
1393 1791 1522 1831 vero
1541 1791 1663 1846 qua
1686 1777 1851 1843 venit,

1951 592 2047 636 vos
2095 586 2201 634 tam
2250 580 2478 651 turpiter
2520 579 2935 637 dehonestatis?
2986 581 3200 649 scitote,
3250 582 3377 654 quia
3428 584 3535 641 iste

1951 671 2237 728 Dominum
2264 671 2452 737 habet,
2486 679 2542 728 et
2567 687 2664 731 vos
2693 671 2761 729 de
2786 673 2890 729 hac
2918 688 3081 731 causa
3111 688 3219 730 non
3247 673 3403 730 eritis
3427 675 3532 731 im-

1952 764 2214 820 mulctati.
2265 764 2383 834 Quo
2419 762 2564 820 dicto
2607 762 2708 837 ipsi
2752 764 3000 821 exterriti
3044 763 3177 820 facti
3221 766 3533 823 conturbati

1949 865 2117 911 sunt:
2152 855 2384 910 domnus
2423 867 2550 919 vero
2591 855 2877 926 episcopus
2922 853 3216 925 evigilavit.
3270 852 3426 924 Quod
3456 855 3532 912 illi

1950 955 2230 1004 ostensum
2256 960 2419 1016 quam
2447 958 2637 1001 verum
2669 944 2862 1013 fuerit,
2896 954 3127 1002 testatur
3155 945 3289 1002 ultio
3317 947 3501 1004 divina
3519 990 3533 1014 ,

1950 1054 2072 1109 qua:
2096 1053 2258 1110 super
2283 1038 2459 1108 ipsum
2485 1037 2634 1094 venit
2656 1036 3028 1109 Reginarium.
3046 1036 3204 1093 ~Nam
3233 1053 3340 1094 non
3369 1038 3539 1095 multo

1952 1130 2077 1202 post
2110 1132 2250 1186 iram
2278 1131 2424 1203 regis
2453 1132 2680 1197 meruit,
2728 1137 2786 1187 et
2824 1130 3017 1187 cellam
3061 1132 3235 1204 ipsam
3269 1148 3378 1189 una
3413 1148 3535 1190 cum

1952 1223 2222 1291 omnibus,
2251 1239 2373 1295 quae
2398 1239 2467 1281 ex
2492 1231 2648 1295 parte
2673 1224 2818 1296 regis
2841 1225 3106 1294 habebat,
3135 1226 3406 1298 perdidit,
3439 1242 3539 1283 nec

1954 1315 2182 1373 ulterius
2207 1315 2264 1372 in
2288 1316 2523 1388 gratiam
2548 1315 2834 1388 pristinam
2862 1316 3040 1373 redire
3063 1319 3260 1389 potuit.
3582 1324 3587 1329 ‘

1956 1447 2033 1503 De
2081 1464 2233 1520 grege
2278 1464 2435 1519 quam
2486 1446 2781 1514 sollicitus;
2829 1449 2886 1505 in
2930 1450 3308 1523 praedicatione
3357 1438 3533 1508 suavis

2593 1529 2643 1574 et
2670 1534 2900 1576 merus.

2027 1656 2116 1712 64.
2159 1655 2359 1711 Verum
2389 1656 2455 1711 de
2482 1654 2742 1726 pastorali
2785 1656 2906 1727 ejus
2950 1655 3132 1727 gratia
3158 1657 3339 1730 qualis
3363 1674 3539 1731 quan-

1958 1755 2150 1818 tusque
2188 1746 2491 1812 exstiterit,
2537 1746 2848 1817 praeterisse
2888 1761 2957 1803 ne
2985 1745 3301 1817 videamur;
3351 1750 3409 1804 in
3452 1750 3545 1806 illo

269 1866 421 1935 quasi
448 1838 881 1921 benedictionem
909 1878 1073 1935 super
1104 1879 1227 1920 eum
1253 1862 1413 1921 ludit.
1457 1838 1589 1922 Post
1614 1866 1730 1924 haec
1757 1838 1855 1922 ite;
1884 1850 1931 1913 Β
1958 1849 2107 1935 “me
2128 1839 2498 1935 WObfWimus'
2519 1853 2682 1907 quam
2702 1851 2897 1935 ven"?
2914 1838 3392 1935 ﬁt'ﬂwd‘beaujs
3411 1840 3544 1935 θῗθῖ

271 1972 415 2023 rum,
436 1957 575 2012 sicut
598 1957 697 2027 ipsi
733 1956 1033 2021 videbatur,
1052 1955 1167 2026 jam
1191 1958 1315 2012 dicti
1341 1958 1443 2014 viri
1464 1959 1861 2016 admonuerunt

274 2048 613 2121 apostolum,
657 2063 764 2118 quo
801 2049 882 2104 eis
919 2048 1198 2104 doctorem
1242 2049 1535 2118 quemlibet
1564 2051 1860 2106 destinaret

271 2138 551 2212 (contrarii
583 2140 727 2195 enim
754 2154 878 2194 esse
900 2136 1221 2199 videbantur
1271 2140 1337 2195 iis
1369 2155 1489 2211 qua:
1516 2141 1604 2196 ille
1629 2144 1709 2197 eis
1735 2151 1862 2199 ante

268 2234 666 2307 proposuerat);
684 2234 879 2304 quibus
909 2234 999 2290 ille
1014 2234 1176 2306 quasi
1199 2235 1525 2307 indignando
1552 2236 1857 2307 respondit:

270 2325 460 2381 Nonne
508 2322 618 2381 dixi
689 2326 843 2385 vobis
899 2326 1025 2397 quia
1069 2326 1159 2383 hic
1201 2341 1323 2383 esse
1369 2327 1617 2392 deberet,
1667 2329 1760 2399 qui
1804 2329 1858 2385 in

269 2416 684 2489 praesentiarum
714 2416 866 2472 stat?
897 2416 1028 2488 quid
1058 2418 1390 2474 dubitastis?
1429 2434 1609 2475 nonne
1634 2420 1863 2476 audistis

269 2522 458 2567 vocem
488 2525 649 2581 super
678 2525 803 2566 eum
832 2510 1069 2580 Spiritus
1096 2511 1274 2567 sancti
1314 2511 1383 2568 ad
1417 2512 1522 2568 hoc
1548 2510 1858 2583 delapsam,

268 2608 329 2655 ut
374 2614 498 2656 eum
542 2599 697 2656 vobis
745 2609 1094 2657 consecraret
1144 2600 1463 2673 pastorem?
1522 2601 1641 2670 Quo
1684 2602 1859 2668 dicto,

272 2705 467 2749 somno
517 2690 960 2763 expergefactus,
1003 2691 1149 2763 quod
1196 2692 1431 2748 triennio
1468 2701 1595 2748 ante
1657 2693 1864 2747 viderat

270 2797 435 2855 quam
481 2781 548 2837 ad
594 2782 939 2838 Bremensem
983 2782 1274 2852 regendam
1320 2783 1643 2839 invitaretur
1680 2784 1859 2840 eccle-

270 2872 440 2935 siam,
477 2880 661 2927 certus
685 2873 908 2927 omnino
937 2871 1115 2927 factus
1140 2879 1249 2939 est,
1276 2873 1422 2943 quod
1450 2868 1647 2929 alicubi
1675 2874 1730 2928 in
1761 2889 1857 2928 no-

269 2961 418 3019 mine
446 2956 661 3017 Domini
690 2962 772 3018 ire
801 2962 1023 3019 deberet
1052 2980 1065 3017 :
1096 2962 1194 3018 sed
1219 2978 1350 3034 que,
1380 2964 1678 3021 nesciebat.
1707 2963 1861 3020 Post-

272 3069 433 3126 quam
480 3068 607 3109 vero
655 3054 804 3126 regio
845 3054 1004 3126 jussu
1058 3053 1128 3110 ad
1177 3054 1529 3111 Bremensem
1572 3056 1861 3112 ecclesiam

271 3146 449 3212 venit,
494 3155 549 3205 et
586 3161 733 3225 eam,
754 3145 809 3200 in
849 3144 1058 3203 honore
1098 3146 1275 3201 sancti
1311 3144 1460 3201 Petri
1489 3155 1860 3201 consecratam

1960 1933 2145 2005 gorius
2171 1932 2227 1987 in
2259 1929 2430 2002 ﬁgura
2462 1936 2739 1999 pastorum
2761 1968 2776 1995 ,
2808 1928 2900 1999 qui
2927 1928 2983 1985 in
3007 1927 3303 1987 Nativitate
3332 1932 3545 1987 Domini

1961 2036 2126 2093 super
2164 2036 2381 2092 gregem
2424 2035 2581 2075 suum
2621 2018 2955 2090 vigilabant,
3006 2022 3073 2077 de
3102 2021 3415 2093 pastoribus
3446 2023 3547 2079 Ec'

1961 2112 2140 2169 clesiae
2158 2111 2326 2167 dixit:
2352 2111 2490 2181 Quid
2516 2119 2623 2178 est,
2651 2110 2850 2182 inquit,
2878 2110 3003 2178 hoc,
3031 2113 3177 2185 quod
3204 2113 3550 2185 vigilantibus

1959 2204 2269 2277 pastoribus
2316 2203 2541 2276 angelus
2589 2203 2878 2276 apparuit,
2927 2219 3130 2276 eosque
3173 2206 3270 2264 Dei
3327 2208 3550 2266 claritas

1961 2296 2366 2355 circumfulsit?
2403 2297 2508 2352 nisi
2532 2296 2675 2369 quod
2703 2295 2778 2351 illi
2801 2306 2916 2368 prae
2935 2298 3151 2354 caeteris
3171 2298 3359 2356 videre
3383 2300 3548 2357 subli-

1960 2392 2070 2447 mia
2108 2400 2413 2456 merentur,
2445 2390 2535 2462 qui
2569 2389 2820 2447 ﬁdelibus
2854 2392 3111 2463 gregibus
3136 2408 3372 2464 praeesse
3400 2394 3549 2451 solli-

1960 2482 2069 2538 cite
2096 2481 2317 2538 sciunt?
2346 2481 2591 2552 Dumque
2618 2481 2721 2553 ipsi
2749 2481 2839 2555 pie
2864 2498 3028 2554 super
3052 2499 3275 2557 gregem
3299 2487 3545 2559 vigilant,

1962 2574 2144 2630 divina
2177 2590 2341 2647 super
2376 2591 2471 2631 eos
2511 2576 2685 2647 gratia
2727 2576 2931 2649 largius
2971 2587 3241 2635 coruscat.
3292 2579 3353 2637 ln
3398 2584 3547 2638 omni

1960 2669 2106 2726 enim
2146 2669 2362 2724 actione
2403 2668 2549 2726 illius
2591 2669 2823 2742 gratiam
2865 2670 2963 2726 Dei
3010 2686 3135 2728 cum
3163 2687 3230 2729 eo
3255 2674 3549 2732 comitasse

1961 2760 2145 2815 multis
2173 2761 2561 2832 experimentis
2586 2761 2954 2833 probavimus.
2988 2762 3127 2821 Nam
3148 2767 3294 2837 quod
3318 2768 3434 2838 ipse
3457 2784 3550 2825 su-

1960 2868 2059 2929 per
2086 2854 2267 2925 gregis
2312 2854 2397 2910 sui
2445 2856 2689 2912 custodia
2737 2856 3034 2925 sollicitus,
3081 2859 3250 2916 multa
3297 2861 3547 2935 sublimia

1960 2943 2146 2998 videre
2172 2945 2506 3012 promeruit,
2548 2954 2604 3001 et
2642 2947 2695 3001 in
2725 2955 2906 3003 mente
2943 2963 3179 3020 superna
3209 2949 3551 3022 frequentius

1960 3033 2271 3090 visitatione
2311 3034 2609 3106 inspiratus
2649 3035 2752 3103 sit,
2803 3038 3055 3107 superius
3096 3037 3214 3109 jam
3259 3041 3317 3096 in
3364 3043 3550 3100 multis

1962 3125 2413 3194 comprehensum
2443 3127 2801 3183 ostendimus.
2843 3128 3087 3201 Denique
3112 3133 3278 3189 etiam
3309 3120 3549 3193 extérius

274 3239 494 3302 didicit.
536 3247 592 3297 et
626 3213 915 3295 nonnullos
941 3254 1158 3310 quoque
1185 3240 1426 3306 invenit,
1471 3238 1563 3311 qui
1595 3254 1721 3296 eum
1746 3254 1855 3295 non

1963 3213 2135 3285 gratia
2183 3214 2280 3269 Dei
2328 3214 2381 3273 in
2412 3231 2477 3271 eo
2508 3215 2711 3287 largius
2740 3228 3084 3287 coruscante,
3124 3237 3307 3281 sermo
3335 3241 3550 3298 quoque

273 3332 461 3390 libenti
513 3333 818 3405 reciperent
865 3333 1086 3399 animo,
1141 3332 1459 3390 recordatus
1507 3341 1594 3389 est
1636 3332 1860 3389 visionis

275 3439 421 3479 suae:
457 3424 667 3495 hacque
690 3423 757 3478 de
785 3438 949 3478 causa
976 3423 1274 3491 consensit,
1301 3430 1361 3478 ut
1385 3422 1533 3479 illam
1565 3422 1857 3495 regendam

276 3514 575 3585 susciperet
600 3514 899 3570 dioecesim.
938 3511 1056 3569 Non
1078 3512 1238 3569 aliter
1266 3527 1541 3585 nunquam
1567 3527 1627 3573 se
1652 3512 1757 3571 hoc
1779 3508 1859 3566 fa-

275 3626 401 3669 cere
424 3611 660 3669 voluisse
682 3611 991 3667 attestando
1015 3609 1250 3667 dicebat.

280 3743 519 3800 Turbam
546 3744 711 3799 nutrit
739 3758 926 3810 pueros
953 3741 1384 3797 Nortmanm’cos.
1417 3737 1678 3794 Precidet
1702 3736 1859 3809 Regi-

561 3814 702 3869 uarii
725 3826 931 3884 pinnam
950 3814 1018 3868 ob
1042 3829 1129 3869 eos
1153 3813 1275 3869 inde
1297 3812 1568 3867 abductos.

349 3926 439 3980 63.
482 3926 560 3980 Eo
582 3936 797 3995 quoque
820 3933 1064 3994 tempore
1085 3925 1302 3994 quando
1327 3924 1518 3979 cellam
1544 3925 1859 3995 praedictam

279 4016 510 4072 Turholt
539 4016 804 4071 habuerat
824 4057 837 4081 ,
867 4016 1124 4086 quoniam
1151 4016 1329 4072 omnis
1356 4016 1408 4073 ei
1440 4030 1569 4073 cura
1602 4017 1669 4073 de
1693 4028 1860 4073 voca-

280 4109 429 4163 tione
454 4108 694 4180 gentium
722 4115 872 4173 crat,
904 4117 963 4162 ut
991 4108 1073 4163 eis
1099 4108 1152 4163 in
1183 4123 1280 4163 sua
1308 4108 1573 4181 legalium
1603 4108 1862 4180 prodesse

281 4204 586 4274 potuisset,
640 4201 927 4257 nonnullos
974 4212 1170 4271 pueros
1196 4242 1209 4264 ,
1261 4215 1329 4255 ex
1379 4199 1731 4256 Nortmannis
1777 4199 1863 4256 vel

283 4290 491 4351 Solavis
516 4302 748 4363 emptos,
769 4293 825 4346 in
850 4292 1040 4348 eadem
1068 4292 1200 4346 cella
1225 4302 1392 4346 causa
1416 4291 1663 4347 discendi
1688 4291 1754 4347 ad
1778 4304 1865 4347 sas

280 4398 432 4443 eram
463 4383 714 4438 militiam
746 4382 1068 4437 nutriendos
1096 4387 1369 4451 posuerat.
1418 4378 1658 4447 Quorum
1698 4390 1863 4450 quor

280 4478 403 4533 dam
447 4474 739 4546 praedictus
784 4470 1129 4543 Reginarius,
1177 4469 1396 4540 quando
1442 4470 1519 4525 illi
1564 4470 1702 4525 cella
1751 4468 1864 4539 ipsa

1962 3306 2363 3375 praedicationis
2389 3306 2534 3363 illius
2562 3306 2731 3363 multa
2754 3310 3026 3366 suavitate
3048 3313 3324 3382 perfusus,
3348 3319 3547 3387 partim

1963 3404 2081 3450 erat
2124 3394 2438 3450 horribilis:
2493 3404 2552 3451 ut
2598 3404 2750 3453 certo
2778 3399 3106 3468 probaretur
3136 3403 3363 3474 judicio,
3406 3406 3550 3463 infu-

1962 3484 2115 3541 sione
2149 3485 2380 3557 spiritali
2412 3488 2577 3545 verba
2608 3487 2724 3558 eius
2750 3491 3021 3548 moderari
3048 3512 3061 3548 :
3099 3493 3155 3549 in
3179 3510 3291 3566 quo
3314 3497 3550 3557 miscens

1963 3577 2264 3632 terroribus
2294 3577 2698 3648 blandimenta,
2738 3580 2847 3637 vim
2878 3583 3046 3639 divini
3078 3589 3441 3655 pratenderet
3462 3590 3549 3660 ju-

1946 3670 2115 3737 ‘dicii,
2136 3671 2191 3727 in
2210 3688 2320 3743 quo
2338 3673 2562 3730 veniens
2583 3675 2845 3731 Dominus
2870 3677 3131 3734 terribilis
3152 3683 3547 3751 peccatoribus,

1963 3770 2020 3818 et
2057 3763 2287 3820 blandus
2321 3766 2607 3837 apparebit
2636 3766 2819 3837 iustis.
2874 3767 2989 3825 Hac
3031 3772 3232 3843 quippe
3276 3776 3449 3844 gratia
3498 3778 3552 3832 in

1964 3854 2145 3909 verbis
2172 3863 2227 3910 et
2246 3854 2395 3915 vultu
2423 3855 2775 3913 admirandus
2798 3867 2951 3915 erat:
2977 3860 3050 3916 ita
3077 3870 3136 3916 ut
3160 3877 3285 3919 eum
3306 3875 3556 3936 potentes

1965 3954 2021 3999 et
2050 3944 2265 4010 divites,
2315 3946 2551 4001 maxime
2596 3955 2775 4003 tamen
2820 3959 3170 4015 contumaces
3215 3962 3272 4010 et
3315 3958 3554 4027 protervi

1966 4032 2263 4091 terribilem
2285 4037 2659 4104 attenderem;
2683 4040 2985 4099 mediocres
3005 4058 3133 4101 vero
3150 4048 3307 4117 quasi
3330 4047 3557 4107 fratrem

1967 4127 2490 4199 complecterentur;
2516 4145 2786 4201 pauperes
2814 4140 2997 4211 autem
3018 4136 3176 4206 quasi
3198 4148 3408 4208 patrem
3428 4141 3560 4211 piis-

1967 4221 2105 4278 simo
2133 4232 2523 4278 venerarentur
2548 4221 2767 4280 all'ectu.

1971 4352 2223 4410 Prohibet
2271 4354 2503 4409 laborent
2550 4354 2605 4408 in
2644 4354 2933 4482 gmw.
2968 4355 3113 4413 Deus
3147 4366 3556 4432 transgressam

2644 4441 2716 4494 ραι

281 4570 406 4624 data
436 4544 551 4631 est,
579 4566 702 4621 inde
732 4563 983 4629 abstulit,
1018 4570 1074 4618 et
1102 4565 1170 4619 ad
1199 4576 1356 4617 suum
1384 4563 1666 4617 servitium
1694 4560 1862 4616 misit.
1898 4589 1948 4649 υ
2046 4544 2137 4614 65.
2177 4556 2348 4649 Porro
2373 4555 2513 4649 licet
2529 4556 2681 4628 signa
2708 4557 2992 4625 virtutum,
3020 4560 3169 4617 velut
3196 4558 3575 4623 instrumenta

285 4662 403 4728 Qua
432 4660 498 4714 de
521 4672 685 4715 causa
708 4697 721 4723 ,
748 4670 871 4713 cum
902 4655 1127 4710 nimium
1152 4661 1297 4710 esset
1324 4654 1557 4709 domnus
1579 4653 1869 4723 episcopus
1898 4644 1933 4649 ⁷
1967 4648 2269 4720 iactantiae,
2298 4653 2461 4702 caute
2488 4644 2724 4719 fugeret,
2758 4656 2939 4705 tamen
2970 4663 3036 4705 eo
3062 4667 3169 4706 non
3199 4665 3477 4725 quaerente
3506 4670 3557 4712 et

287 4752 560 4817 anxiatus,
585 4756 708 4819 post
730 4746 1003 4820 paululum
1022 4746 1199 4802 visum
1228 4754 1312 4800 est
1352 4744 1429 4800 illi
1469 4744 1614 4814 quod
1633 4744 1871 4799 venisset

285 4846 339 4901 in
370 4843 659 4914 quamdam
687 4842 906 4896 domum
933 4879 947 4905 ,
980 4839 1379 4909 invenissetque
1411 4839 1483 4893 ibi
1522 4845 1576 4894 et
1602 4844 1870 4893 venenu-

284 4938 412 4993 dum
462 4948 648 5008 regem
677 4930 930 4991 Carolum
977 4942 1034 4989 et
1081 4934 1254 5005 ipsum
1298 4930 1667 5004 Reginariurn.
1720 4931 1870 4999 Quos

284 5030 421 5100 ipse,
452 5036 514 5084 ιιι
540 5028 595 5083 ei
620 5027 927 5093 videbatur,
968 5028 1040 5081 de
1078 5026 1276 5082 iisdem
1314 5026 1497 5096 pueris
1534 5025 1865 5097 increpavit,

286 5134 537 5177 asserens
582 5120 731 5191 quod
771 5132 867 5176 eos
911 5120 977 5175 ad
1020 5118 1117 5175 Dei
1155 5119 1545 5189 onmipotentis
1585 5118 1867 5174 servitium

286 5215 497 5273 nutrire
535 5214 915 5286 disposuerat,
968 5228 1074 5268 non
1128 5217 1186 5267 ut
1238 5211 1529 5284 Reginario
1577 5211 1864 5267 servirent.

287 5307 405 5375 Quo
436 5306 583 5363 dicto
609 5307 786 5361 visum
827 5314 914 5361 est
948 5307 995 5361 ei
1016 5342 1031 5370 ,
1072 5306 1214 5375 quod
1245 5306 1386 5361 idem
1416 5304 1760 5373 Reginarius,
1792 5302 1867 5357 le~

287 5408 415 5453 vaso
459 5398 593 5467 pede
636 5408 735 5453 suo
783 5397 853 5453 ad
898 5411 963 5452 os
1016 5395 1329 5451 calcitraret
1374 5395 1558 5451 domui
1605 5394 1863 5465 episcopi.

288 5483 532 5560 Denique
576 5492 680 5545 hoc
722 5489 867 5545 facto
900 5502 1023 5543 mox
1061 5488 1234 5543 visum
1272 5492 1360 5543 est
1401 5490 1485 5553 et,
1533 5485 1677 5556 quod
1710 5483 1868 5540 Jesus

234 5572 239 5577 ’
288 5582 539 5640 Christus
564 5596 735 5655 prope
761 5597 885 5639 eum
915 5589 1139 5647 astaret,
1162 5579 1475 5652 diceretque
1503 5581 1612 5651 regi
1642 5577 1869 5649 praefato

363 5752 388 5780 α
413 5738 489 5795 De
512 5737 789 5795 Remberti
817 5737 1146 5794 successoris
1171 5736 1542 5808 designatione
1568 5736 1747 5808 aliqua
1779 5734 1866 5808 hic

288 5811 473 5868 addita
520 5817 713 5877 erant,
763 5817 822 5865 ut
868 5815 1015 5882 patet
1063 5822 1131 5867 ex
1180 5805 1317 5865 Viti
1366 5808 1535 5865 sancti
1587 5805 1863 5863 Rembcrti

1971 4741 2088 4796 haec
2116 4740 2230 4810 ipsa
2266 4754 2375 4796 non
2405 4740 2672 4795 deerant:
2712 4741 2856 4811 quod
2890 4741 3125 4798 evidenti
3157 4747 3445 4817 probatum
3477 4761 3553 4806 est

1973 4833 2197 4898 indicio,
2225 4833 2351 4905 quia
2379 4832 2587 4902 scilicet
2616 4836 2927 4890 mandatum
2956 4835 3170 4892 Domini
3199 4854 3265 4894 ex
3297 4856 3393 4897 ore
3417 4842 3560 4899 illius

1973 4931 2030 4985 in
2066 4929 2284 4984 irritum
2323 4926 2593 4999 prolatum
2622 4940 2732 4983 non
2762 4929 2946 4984 cessit.
2999 4927 3135 4985 Nam
3170 4948 3293 4988 cum
3322 4936 3556 5006 quodam

1973 5030 2216 5092 tempore
2244 5020 2297 5075 in
2323 5018 2520 5085 Frisia,
2553 5016 2605 5073 in
2635 5026 2772 5091 pago
2807 5018 3072 5093 Ostergao
3100 5020 3218 5095 [al.,
3241 5022 3553 5102 Ostargao],

1973 5116 2027 5170 in
2072 5113 2159 5169 die
2193 5108 2474 5169 Dominica
2518 5111 2841 5183 praedicaret
2887 5112 3117 5185 populo,
3167 5124 3223 5171 et
3266 5117 3407 5175 inter
3453 5118 3556 5174 alia

1969 5206 2311 5279 prohiberet,
2354 5216 2422 5259 ne
2452 5200 2574 5274 quis
2609 5204 2664 5258 in
2693 5203 2781 5259 die
2818 5200 2957 5260 festo
2984 5221 3119 5278 opus
3159 5208 3355 5265 servile
3393 5224 3553 5265 exer-

1971 5308 2148 5363 ceret,
2179 5296 2398 5368 quidam
2422 5296 2657 5364 illorum,
2681 5302 2741 5352 ut
2761 5304 2887 5353 sunt
2908 5307 3257 5357 contumaces
3276 5310 3332 5357 et
3352 5303 3555 5373 stolidi,

1968 5394 2188 5451 domum
2232 5388 2470 5457 reversi,
2513 5390 2640 5462 quia
2674 5396 2897 5447 serenus
2934 5400 3050 5449 erat
3082 5410 3195 5459 aer,
3244 5394 3295 5448 in
3341 5406 3556 5467 pratum

1971 5495 2181 5553 eumes,
2204 5480 2431 5541 collecto
2453 5483 2579 5542 i'eno
2602 5496 2828 5540 acervos
2848 5482 3114 5541 fecerunt.
3148 5483 3354 5553 Quibus
3378 5483 3556 5555 factis,

1971 5581 2453 5651 advesperascente
2481 5577 2599 5644 die,
2648 5592 2835 5634 omnes
2877 5577 2948 5632 illi
2980 5579 3197 5645 acervi,
3242 5582 3332 5648 qui
3367 5581 3555 5638 eadem

1972 5729 2308 5857 Si.un
2328 5729 2651 5786 Rembertus
2675 5731 2785 5802 ipse
2806 5730 3083 5807 modestiae
3103 5747 3265 5788 causa
3293 5735 3557 5795 delevisse

1972 5817 2027 5857 νι
2181 5833 2203 5857 .

1970 5817 2203 5860 vtuetur.
