4020 6338
473 269 609 324 1007
1463 257 1835 316 ANSCHARll
1869 256 2069 312 HAMB‘

2178 255 2414 314 GENSIS
2449 254 2756 312 EPISCOPI
3649 248 3828 300 ’ὶυοδ

468 387 557 440 die
586 381 717 438 facti
747 380 978 444 fuerant,
1002 377 1260 432 divinitus
1286 373 1396 446 igni
1423 373 1728 442 consumpti
1757 380 1903 437 sunt,
1929 370 2056 424 illae-
2083 374 2137 434 Α
2163 387 2324 442 usque
2353 369 2423 424 ad
2448 367 2949 424 consummationem
2973 364 3157 421 saeculi
3179 361 3400 436 (Matth.
3425 375 3610 416 xxvm
3627 399 3652 425 ,
3670 359 3818 428 20).

468 477 546 534 sis
575 475 679 531 illis
706 469 1148 544 permanentibus
1179 468 1271 538 qui
1301 467 1355 521 in
1388 464 1753 521 anterioribus
1783 463 1972 518 diebus
2001 463 2054 516 in
2159 461 2329 516 Tanta
2361 460 2726 532 prosperitate
2751 465 2805 514 et
2831 458 3024 529 gaudio
3074 457 3178 511 iter
3228 454 3356 510 illud
3402 451 3663 524 perfecit
3686 490 3709 517 ,
3753 458 3830 503 ut

469 565 649 620 medio
693 543 979 633 praeparati
1021 558 1364 614 constabant.
1419 556 1537 623 Quo
1567 555 1730 620 facto,
1776 553 1958 625 p0pu|i
2003 553 2057 606 in
2159 553 2378 622 quidam
2407 567 2531 607 cum
2561 567 2627 606 eo
2661 549 2986 606 comitantes
3008 547 3275 611 dicerent,
3301 559 3588 615 nunquam
3643 555 3726 598 se
3756 543 3821 595 iit

467 657 697 715 circuitu
728 662 1030 718 manentes,
1058 652 1263 706 fumum
1292 667 1322 705 a
1349 649 1508 720 longe
1536 656 1842 711 cernentes,
1872 647 2059 700 hostes
2157 643 2270 697 vita
2306 657 2404 698 sua
2434 651 2545 696 tam
2575 641 2777 696 bonum
2800 648 2855 695 et
2881 647 2993 693 tam
3020 653 3187 694 suave
3214 638 3321 692 iter
3344 636 3549 707 egisse.

468 753 658 806 adesse
678 756 954 819 putantes,
979 747 1277 802 timuerunt
1298 743 1456 799 valde
1479 760 1491 797 :
1521 743 1616 796 sed
1641 741 1953 812 diligentius
1980 738 2061 796 rei

467 841 754 895 veritatem
785 844 1210 907 perscrutantes,
1240 833 1640 890 contumaciam
1678 831 2058 886 nonnullorum

468 933 834 1004 probaverunt
860 943 980 984 esse
1008 927 1312 982 multatam.

2338 754 2468 809 Oleo
2498 764 2649 810 sanat
2673 763 2917 824 wgrotos.
2947 751 3146 806 Vanam
3173 749 3398 822 gloriam
3424 748 3589 820 fugit.

2231 868 2320 922 67.
2361 868 2560 936 Quanti
2597 882 2725 922 vero
2774 866 3020 921 oratione
3069 865 3212 920 illius
3249 873 3306 920 et
3349 863 3622 918 unctione
3683 859 3810 918 olei

2163 959 2336 1014 sanati
2385 966 2541 1023 sunt,
2592 971 2917 1012 enumerare
2961 972 3069 1011 non
3106 969 3416 1025 possumus.
3463 951 3587 1007 Hoc
3637 951 3809 1007 enim

2165 1051 2456 1107 multorum
2481 1050 2786 1106 assertione
2813 1056 3118 1119 comperto,
3147 1047 3397 1103 certatim
3425 1045 3493 1100 ad
3515 1060 3660 1100 eum
3689 1060 3807 1098 non
3837 1107 3844 1128 ι

2165 1145 2338 1201 solum
2382 1145 2449 1199 de
2493 1145 2664 1214 ipsius
2711 1143 2974 1205 dioecesi,
3014 1142 3112 1197 sed
3141 1141 3303 1196 etiam
3354 1139 3421 1193 de
3472 1137 3804 1208 longinquo
3839 1125 3860 1161 ’⁷

2164 1239 2352 1292 venire
2376 1236 2630 1292 'solebant
2657 1246 3008 1308 aegrotantes,
3035 1236 3362 1292 medicinam
3393 1235 3466 1289 ab
3490 1249 3562 1289 eo
3587 1233 3807 1288 salutis

751 1046 1086 1118 Captivorum
1118 1043 1477 1097 liberationem
1507 1048 1776 1112 procurat.

539 1160 628 1216 66.
671 1159 784 1216 Nec
828 1159 1098 1243 silendum
1142 1155 1471 1209 arbitramur
1510 1151 1637 1221 quia
1668 1167 1790 1205 cum
1828 1149 2061 1218 quodam

470 1263 712 1324 tempore
732 1267 864 1324 gens
885 1240 1377 1315 Nordalbingorum
1406 1244 1696 1314 plurimum
1719 1240 2061 1310 deliquisset,

469 1362 700 1417 quorum
726 1345 981 1401 delictum
1005 1339 1310 1410 hujusmodi
1336 1345 1476 1399 erat,
1503 1334 1751 1390 videlicet
1778 1348 1902 1388 cum
1931 1347 2064 1385 non-

468 1437 600 1494 nulli
627 1435 811 1493 miseri
837 1432 1038 1502 captivi
1063 1431 1130 1486 de
1152 1428 1490 1490 Christianis,
1521 1426 1612 1495 qui
1637 1424 1776 1493 apud
1805 1423 2065 1476 barbaros

470 1529 861 1602 allligebantur,
897 1526 1021 1580 inde
1048 1523 1381 1593 effugerent,
1427 1530 1480 1575 et
1509 1520 1577 1573 ad
1607 1517 1945 1574 Christianos
1975 1530 2066 1569 ve-

469 1622 652 1677 nirent
691 1621 761 1675 ad
795 1618 1082 1689 praedictos
1112 1612 1538 1682 Nordalbingos,
1583 1610 1674 1680 qui
1707 1607 1939 1678 proximi
1969 1621 2066 1660 no-

2165 1338 2467 1399 poscentes.
2511 1329 2632 1398 Ipse
2665 1337 2845 1384 tamen
2877 1330 2994 1384 haec
3031 1328 3214 1384 omnia
3247 1343 3464 1396 semper
3505 1325 3802 1382 occultari

2168 1423 2360 1476 maluit
2388 1437 2552 1491 quam
2582 1422 2812 1493 vulgari.
2849 1420 3052 1493 Nempe
3079 1437 3203 1478 cum
3231 1421 3296 1475 de
3326 1417 3654 1487 huiusmodi
3686 1419 3803 1472 vir-

2170 1521 2347 1568 tutum
2374 1513 2545 1583 signis
2568 1512 2860 1582 aliquando
2899 1528 3082 1568 coram
3122 1527 3189 1566 eo
3218 1510 3374 1565 fieret
3407 1525 3635 1572 sermo,
3669 1510 3794 1579 ipse

2169 1605 2382 1660 cuidam
2434 1619 2533 1658 suo
2575 1604 2710 1659 dixit
2759 1602 3012 1658 familiari
3046 1621 3058 1656 :
3092 1601 3151 1657 Si
3189 1602 3384 1673 dignus
3413 1615 3598 1657 essent
3641 1601 3796 1670 apud

469 1723 698 1770 scuntur
725 1728 847 1768 esse
873 1702 1126 1781 paganis;
1170 1706 1272 1776 ipsi
1302 1720 1395 1759 eos
1426 1703 1744 1772 capiebant,
1776 1709 1830 1755 et
1859 1700 1910 1752 in
1941 1698 2063 1751 vin-
2091 1736 2140 1797 Β
2170 1696 2338 1750 Deum
2369 1711 2552 1750 meum
2571 1736 2585 1760 ,
2621 1709 2870 1764 rogarem
2899 1701 3169 1762 quatenus
3198 1707 3366 1747 unum
3405 1692 3540 1746 mihi
3578 1707 3789 1746 conce-

467 1805 605 1860 culis
639 1802 948 1874 ponebant:
991 1813 1221 1869 quorum
1263 1796 1397 1850 alios
1437 1795 1632 1849 iterum
1676 1792 1899 1862 paganis
1933 1804 2062 1843 ven-

467 1901 697 1963 debant,
744 1897 880 1953 alios
926 1910 1024 1950 suo
1075 1893 1460 1962 mancipabant
1509 1887 1757 1952 servitio,
1809 1894 1899 1940 aut
1942 1884 2063 1938 aliis

465 1990 794 2048 Christianis
841 1986 1240 2044 venundabant.
1298 1983 1432 2038 Cum
1485 1982 1651 2053 igitur
1713 1981 1818 2034 hoc
1865 1980 2062 2033 domno

466 2084 794 2141 innotuisset
834 2087 1126 2153 episcopo,
1173 2086 1229 2132 et
1269 2078 1334 2132 de
1375 2078 1480 2130 hac
1516 2091 1574 2129 re
1603 2074 1831 2128 nimium
1867 2071 2064 2125 anxius

466 2188 645 2243 esset,
691 2175 836 2248 quod
880 2174 935 2228 in
981 2187 1081 2227 sua
1112 2170 1337 2226 dioecesi
1383 2177 1593 2222 tantum
1622 2163 1777 2220 nefas
1806 2162 2065 2232 contigis-

466 2278 590 2335 set;
639 2266 736 2324 sed
765 2265 1001 2337 qualiter
1030 2264 1084 2319 id
1121 2261 1398 2318 emendari
1436 2259 1736 2329 potuisset,
1781 2271 1888 2310 non
1936 2255 2067 2308 satis

467 2361 681 2416 ratione
728 2357 1017 2429 colligebat
1048 2374 1060 2409 :
1090 2354 1345 2424 quoniam
1417 2351 1472 2406 in
1521 2351 1626 2406 hoc
1678 2345 2066 2402 ncl'andissimo

468 2450 677 2507 scelere
723 2456 878 2505 erant
923 2445 1142 2517 plurimi
1193 2443 1389 2498 irretiti
1417 2485 1430 2508 ,
1484 2442 1576 2511 qui
1627 2447 1876 2515 potentes
1925 2437 2066 2506 apud

467 2556 564 2596 eos
605 2548 663 2595 et
705 2537 913 2594 nobiles
960 2534 1322 2590 habebantur.
1386 2532 1629 2601 Denique
1675 2544 1798 2583 cum
1851 2527 1915 2580 de
1967 2527 2068 2579 hac

467 2648 531 2687 re
575 2629 800 2684 nimium
848 2633 993 2681 esset
1038 2625 1261 2689 anxius,
1311 2620 1542 2692 quadam
1590 2628 1748 2675 nocte
1792 2617 1971 2671 divina
2017 2616 2066 2670 ei

408 2729 414 2733 '
471 2720 722 2792 apparuit
764 2716 1084 2774 consolatio.
1134 2715 1434 2770 Videbatur
1473 2727 1706 2781 namque
1756 2709 1870 2775 illi,
1923 2708 2068 2778 quod

471 2810 735 2866 Dominus
779 2807 938 2863 Jesus
1001 2815 1148 2861 esset
1209 2807 1262 2859 in
1324 2803 1580 2875 praesenti
1642 2800 1876 2864 saeculo,
1928 2799 2070 2854 sicut

469 2904 601 2960 olim
660 2902 800 2966 fuit,
861 2901 1081 2968 quando
1140 2913 1250 2951 sum
1306 2894 1612 2965 praesentiae
1665 2893 1969 2947 doctrinam
2015 2900 2070 2946 et

471 2994 717 3064 exempla
777 2990 991 3062 populis
1052 2987 1435 3058 praedicabat:
1493 2985 1779 3054 visumque
1838 2991 1922 3040 est
1974 2983 2066 3049 ei,

2167 1787 2320 1842 deret
2346 1787 2586 1857 signum,
2615 1786 2869 1842 videlicet
2897 1795 2956 1840 ut
2983 1786 3048 1841 de
3088 1801 3177 1840 me
3218 1800 3316 1841 sua
3361 1784 3542 1856 gratia
3575 1784 3788 1839 faceret

2164 1879 2366 1933 bonum
2408 1879 2710 1933 hominem.

2168 1989 2378 2062 Martyr
2421 2000 2528 2044 tota
2577 1991 2702 2044 vita.
2749 1989 2980 2062 A/Tectus
3028 1989 3348 2060 dysenteria.
3401 1987 3683 2042 Tristatur
3722 1987 3781 2040 ob

2571 2063 2887 2132 martyrium
2913 2061 3012 2115 sibi
3039 2069 3376 2130 prwreptum.

2238 2174 2326 2230 68.
2366 2173 2635 2228 Praeterea
2672 2189 2796 2228 cum
2826 2172 2946 2227 talis
2975 2172 3026 2227 ei
3059 2180 3204 2227 esset
3240 2171 3390 2236 vita,
3436 2170 3496 2224 in
3543 2170 3780 2224 inﬁmi-

2175 2274 2286 2320 tate
2326 2276 2507 2320 tamcn
2539 2263 2785 2333 corporis
2818 2261 3024 2333 proprii
3051 2277 3190 2332 pene
3218 2261 3437 2316 assidue
3468 2260 3776 2315 laborabat.

2169 2357 2357 2413 Omnis
2384 2359 2583 2427 quippe
2612 2356 2723 2410 vita
2751 2354 2871 2421 ejus
2898 2353 3013 2409 fere
3042 2352 3363 2424 martyrium
3405 2351 3545 2418 fuit,
3579 2352 3778 2422 quippe

2171 2449 2224 2502 in
2259 2446 2534 2502 laboribus
2566 2445 2814 2515 plurimis
2841 2442 2982 2498 infra
3015 2443 3295 2497 dimcesim
3316 2443 3632 2512 propriam,
3658 2456 3779 2510 pro-

2169 2545 2287 2609 pter
2316 2536 2658 2593 incursiones
2684 2545 2741 2589 et
2771 2535 3202 2605 depraedationes
3230 2533 3618 2594 barbarorum,
3651 2548 3774 2587 nec—

2171 2643 2278 2682 non
2328 2635 2384 2682 et
2429 2625 2891 2682 contradictiones
2943 2624 3394 2694 malignantium;
3444 2622 3680 2692 insuper
3729 2631 3780 2676 et

2170 2720 2505 2775 cruciatione
2533 2717 2779 2789 propria,
2803 2732 2966 2787 quam
3000 2716 3102 2772 sibi
3141 2716 3256 2787 ipse
3298 2715 3352 2769 in
3395 2730 3634 2784 corpore
3679 2730 3771 2769 suo

2169 2825 2269 2880 pro
2297 2824 2485 2866 amore
2515 2808 2721 2864 Christi
2749 2823 3028 2877 nunquam
3068 2807 3304 2861 cessavit
3347 2805 3638 2860 inducere.
3670 2804 3772 2859 Sed

2171 2899 2301 2970 quid
2348 2898 2615 2962 facimus,
2645 2897 2740 2966 qui
2771 2905 2896 2966 post
2935 2904 3014 2951 tot
3039 2895 3217 2950 dulcia
3256 2902 3313 2950 et
3349 2895 3597 2949 salubria
3648 2894 3771 2950 illud

2171 2991 2420 3060 cogimur
2449 2988 2686 3053 referre,
2722 2989 2866 3059 quod
2909 2988 3027 3044 sine
3059 2996 3247 3042 nostro
3289 2987 3439 3042 luctu
3484 3003 3596 3041 non
3629 2987 3767 3039 vale-

473 3086 619 3156 quod
648 3151 654 3158 ἥ
680 3090 827 3139 esset
885 3096 1009 3136 cum
1077 3077 1420 3132 multitudine
1477 3075 1755 3142 fidelium,
1821 3083 1876 3129 et
1927 3074 2070 3144 quod
2099 3085 2144 3148 ρ
2176 3097 2299 3138 mus
2345 3081 2654 3152 explicare?
2696 3080 2832 3135 Nam
2875 3081 3052 3136 {matis
3095 3096 3207 3135 suae
3249 3095 3395 3134 anno
3440 3079 3766 3151 sexagesimo

475 3179 589 3248 ipse
635 3175 864 3230 domnus
924 3171 1210 3241 episcopus
1270 3184 1395 3223 cum
1451 3181 1518 3222 eo
1571 3166 1626 3221 in
1680 3166 1872 3221 eodem
1926 3172 2071 3220 esset

474 3269 670 3323 itinere
718 3263 873 3319 laetus
926 3270 983 3318 et
1023 3261 1308 3333 gaudens;
1368 3265 1452 3323 et,
1511 3264 1571 3311 ut
1610 3256 1713 3326 ipsi
1762 3255 2067 3318 videbatur,

473 3368 594 3416 erat
655 3359 712 3414 in
781 3357 1034 3413 omnibus
1096 3352 1510 3410 contumacibus
1573 3359 1751 3406 terror
1812 3349 2072 3404 divinitus

472 3449 678 3515 illatus,
709 3456 767 3503 et
796 3446 1005 3515 ereptio
1028 3443 1192 3499 ﬁebat
1223 3456 1639 3513 oppressorum,
1671 3449 1725 3495 et
1756 3440 1913 3510 quies
1958 3453 2072 3493 ma-

473 3556 578 3611 gna
610 3541 664 3594 in
693 3539 945 3596 omnibus
967 3579 981 3604 ,
1013 3538 1087 3592 ita
1122 3545 1181 3590 ut
1223 3534 1359 3589 nihil
1401 3532 1807 3590 contrarietatis
1852 3532 1904 3586 in
1955 3531 2072 3600 ipso

473 3631 753 3689 videretur
795 3647 917 3687 esse
963 3630 1181 3685 itinere.
1223 3627 1354 3684 Post
1400 3629 1542 3682 hanc
1591 3626 1775 3695 itaque
1808 3625 2073 3679 visionem

474 3724 848 3787 confirmatus,
873 3722 941 3776 ad
971 3721 1286 3792 praedictum
1315 3719 1572 3789 populum
1605 3733 1759 3772 suum
1788 3717 1900 3786 ipse
1921 3731 2076 3786 para-

475 3817 556 3871 vit
592 3815 1008 3887 profectionem,
1033 3811 1380 3868 ea‘videlicet
1411 3811 1704 3876 voluntate,
1737 3817 1797 3864 ut
1824 3817 1879 3863 et
1909 3809 2072 3864 mise-

477 3925 570 3963 ros
601 3909 694 3978 qui
742 3905 1188 3961 irrationabiliter
1233 3903 1481 3960 servituti
1523 3901 1722 3958 addicti
1764 3901 1983 3954 fuerant
2022 3909 2078 3955 et

476 3996 708 4062 venditi,
747 4010 966 4065 quoquo
1002 4002 1161 4062 pacto
1191 3993 1482 4057 liberaret;
1516 4001 1572 4045 et
1599 4005 1668 4044 ne
1710 3991 1764 4044 in
1797 3999 2076 4059 posterum

477 4089 676 4160 aliquis
704 4094 915 4141 tantum
946 4084 1146 4138 malum
1169 4083 1512 4138 committere
1540 4081 1800 4146 auderet,
1823 4097 1946 4137 cum
1970 4081 2077 4135 Do-

477 4181 612 4238 mini
661 4177 839 4252 gratia
884 4175 1214 4247 prohiberet.
1257 4173 1325 4252 [ni
1346 4188 1452 4243 qua
1489 4171 1825 4242 profectione
1869 4179 2078 4226 tantam

478 4271 557 4330 illi
585 4251 849 4328 Dominus
876 4268 1107 4340 gratiam
1135 4251 1443 4338 concessit,
1490 4272 1809 4332 tantumque
1843 4264 2080 4318 auctori-

478 4365 611 4422 tatis
644 4364 762 4435 ejus
796 4359 1206 4417 contumacibus
1229 4366 1495 4414 terrorem
1525 4357 1785 4422 incussit,
1818 4365 1910 4422 ut,
1950 4356 2080 4413 licet

2175 3185 2393 3247 quarto,
2417 3174 2762 3245 episcopatus
2786 3188 2916 3228 vero
2937 3173 3221 3244 trigesimo
3244 3180 3460 3242 quarto,
3484 3171 3643 3242 gravi
3666 3185 3770 3225 cte-

2177 3269 2259 3338 pit
2313 3266 2560 3336 corporis
2604 3268 2796 3323 morbo
2843 3266 3127 3331 laborare,
3189 3265 3497 3335 dysenteria
3558 3263 3766 3318 scilicet

2169 3357 2308 3428 jngi,
2339 3373 2447 3428 qua
2473 3372 2596 3411 cum
2635 3371 2734 3426 per
2778 3355 2979 3410 multos
3005 3355 3122 3409 dies
3148 3395 3162 3420 ,
3197 3354 3478 3409 mensibus
3519 3353 3769 3407 videlicet

2175 3458 2411 3517 quatuor
2439 3457 2494 3503 et
2522 3447 2776 3518 amplius,
2799 3448 3001 3502 acriter
3027 3445 3341 3512 laboraret,
3364 3455 3422 3500 et
3445 3460 3505 3500 se
3532 3446 3602 3499 ad
3629 3460 3767 3499 mor-

2176 3554 2285 3597 tem
2326 3542 2508 3611 urgeri
2548 3542 2814 3608 sentiret,
2862 3556 3078 3612 semper
3124 3541 3234 3595 Deo
3285 3539 3491 3611 gratias
3548 3539 3767 3610 agebat,

2175 3633 2552 3704 minoremque
2590 3634 2767 3704 ipsum
2795 3633 3032 3689 laborem
3063 3647 3186 3688 esse
3213 3632 3450 3697 dicebat,
3477 3647 3649 3702 quam
3681 3645 3763 3687 sua

2180 3737 2483 3782 mereretur
2523 3726 2812 3796 iniquitas;
2847 3725 2979 3781 illud
3013 3725 3157 3782 beati
3193 3723 3294 3780 Job
3330 3725 3533 3794 saepius
3584 3725 3765 3779 decan-

2179 3829 2338 3874 tans:
2373 3817 2432 3872 Si
2469 3817 2604 3871 bona
2643 3819 2969 3887 suscepimus
2994 3818 3058 3871 de
3086 3833 3244 3870 manu
3278 3815 3406 3880 Dei,
3433 3832 3606 3884 quare
3639 3816 3766 3868 mla

2177 3925 2280 3962 non
2322 3907 2717 3978 suscipiamus?
2770 3904 2892 3976 (Job
2937 3922 3022 3970 ιιι,
3060 3904 3170 3975 10.)
3205 3905 3406 3959 Tamen
3453 3920 3514 3958 se
3560 3914 3770 3975 propter

2180 4001 2522 4072 supradictas
2547 4001 2787 4056 visiones
2824 3998 3084 4070 martyrio
3112 3998 3291 4069 potius
3316 4012 3480 4068 quam
3508 3997 3604 4051 tali
3634 3998 3770 4051 inﬁr-

2178 4092 2368 4147 mitate
2381 4092 2636 4148 credebat
2649 4091 3039 4156 consummari,
3069 4090 3242 4146 tristis
3261 4088 3557 4146 admodum
3580 4090 3763 4152 factus,

2181 4184 2508 4255 sibimetipsi
2541 4194 2596 4240 et
2629 4183 2872 4256 peccatis
2919 4183 3033 4238 suis
3078 4185 3246 4253 coepit
3292 4192 3552 4254 reputare
3576 4226 3594 4250 ,
3635 4182 3769 4254 quod

2181 4277 2341 4346 quasi
2371 4291 2468 4348 spe
2496 4276 2800 4333 certissima
2847 4291 2944 4332 sua
2985 4285 3133 4332 esset
3183 4275 3344 4347 culpa
3386 4275 3769 4339 defraudatus,

2181 4367 2310 4422 illud
2339 4366 2735 4440 Psalmigraphi
2762 4368 2960 4440 saepius
2987 4368 3285 4423 decantans
3309 4385 3322 4421 :
3352 4366 3546 4422 Justus
3570 4385 3647 4433 es,
3677 4369 3775 4423 Do-

428 4491 432 4512 ;
478 4464 663 4514 essent
685 4453 894 4510 nobiles
917 4461 973 4508 et
993 4451 1132 4506 male
1155 4458 1421 4520 potentes,
1449 4448 1626 4504 nullus
1651 4459 1831 4503 tamen
1860 4447 2074 4502 illorum
2104 4449 2153 4508 D
2182 4461 2340 4525 ηιίηε,
2363 4470 2410 4513 ει
2453 4470 2648 4514 rectum
2685 4459 2950 4530 judicium
2989 4468 3137 4513 tuum
3177 4456 3350 4530 (Psal.
3392 4475 3590 4523 cxvm,
3629 4459 3770 4526 137).

480 4566 581 4607 suo
602 4548 830 4620 imperio
860 4546 1088 4601 auderet
1114 4543 1523 4598 contradicere:
1555 4542 1648 4598 sed
1688 4541 2073 4612 quaerebantur

483 4642 668 4698 miseri
717 4640 1028 4708 ubicunque
1060 4635 1265 4690 venditi
1297 4634 1550 4688 fuerant:
1583 4641 1639 4689 et
1677 4632 1862 4688 donati
1911 4633 2075 4689 liber-

481 4741 613 4797 tate,
640 4731 1071 4792 dimittebantur,
1100 4735 1160 4780 ut
1183 4727 1328 4782 irent
1358 4741 1683 4796 quocunque
1716 4726 1934 4781 vellent.
1988 4725 2075 4781 ln-

481 4837 736 4893 superne
763 4822 870 4876 ulla
895 4822 1045 4876 fraus
1073 4821 1126 4874 in
1158 4819 1400 4874 futurum
1437 4835 1536 4891 pro
1563 4821 1749 4876 eadem
1789 4837 1850 4876 re
1886 4820 2076 4878 obten-

481 4914 722 4981 deretur,
753 4914 1165 4970 conventionem
1195 4911 1358 4966 talem
1382 4910 1663 4979 fecerunt,
1700 4919 1760 4966 ut
1785 4927 1891 4967 non
1916 4912 2072 4982 jura-

481 5016 666 5063 mento
692 5022 795 5062 nec
826 5008 1051 5062 testibus
1089 5023 1147 5062 se
1175 5005 1317 5062 ullus
1342 5021 1554 5072 eorum,
1585 5007 1678 5077 qui
1720 5006 1775 5061 in
1815 5007 2073 5076 praedicta

483 5098 787 5171 rapacitate
815 5099 1072 5154 maculati
1099 5098 1338 5165 fuerant,
1367 5097 1717 5164 defenderet;
1743 5100 1838 5155 sed
1867 5099 2072 5170 judicio

481 5192 871 5264 omnipotentis
898 5193 992 5248 Dei
1022 5208 1080 5248 se
1107 5192 1498 5257 committeret,
1530 5200 1626 5246 aut
1667 5191 1813 5262 ipse,
1852 5194 1946 5262 qui
1973 5207 2073 5262 pro

483 5281 579 5337 tali
625 5282 829 5339 scelere
875 5283 1258 5354 impetebatur,
1296 5277 1399 5336 aut
1445 5293 1593 5339 certe
1637 5283 1883 5353 captivus
1911 5298 2070 5354 quem

483 5373 623 5430 alius
653 5375 966 5448 impetebat.
992 5375 1106 5431 Hoc
1134 5390 1264 5446 ergo
1300 5375 1450 5432 facto
1497 5376 1552 5430 in
1589 5376 1706 5446 ipso
1749 5376 1943 5432 itinere
1973 5377 2078 5432 Do-

483 5463 664 5521 minus
713 5468 984 5522 veraciter
1017 5466 1288 5531 exhibuit,
1331 5467 1474 5535 quod
1519 5467 1766 5524 tidelibus
1805 5468 2078 5539 pollicitus

483 5565 587 5624 est,
617 5559 804 5616 dicens
829 5575 842 5613 :
873 5560 1007 5614 Ecce
1037 5575 1130 5631 ego
1155 5559 1417 5613 vobiscum
1455 5575 1571 5613 sum
1612 5562 1853 5617 omnibus
1895 5562 2074 5616 diebus

2184 4552 2356 4620 Quem
2382 4549 2636 4605 videlicet
2659 4565 2950 4604 mmrorem
2994 4565 3118 4605 cum
3163 4564 3263 4605 suo
3307 4547 3626 4605 ﬁdelissimo
3648 4562 3680 4590 ι
3706 4549 3775 4604 di-

2185 4645 2414 4716 scipulo,
2439 4645 2530 4714 qui
2551 4645 2602 4699 ei
2627 4643 2900 4710 conscius,
2929 4643 3224 4714 quaerendo
3250 4643 3551 4710 revelaret;
3577 4653 3635 4699 et
3651 4658 3772 4699 eum

2186 4741 2301 4811 ipse
2327 4737 2598 4794 consolari
2629 4737 2894 4792 intentius
2921 4737 3242 4803 studuisset,
3267 4737 3475 4802 dicens,
3498 4736 3642 4806 quod
3665 4751 3770 4790 non

2186 4835 2236 4889 ei
2273 4833 2599 4905 promissum
2641 4829 2855 4896 fuisset,
2907 4837 2965 4884 ut
3010 4829 3192 4902 gladio
3245 4829 3637 4894 trucidaretur,
3687 4835 3776 4882 aut

2184 4925 2307 4997 igne
2343 4931 2698 4984 cremaretur,
2731 4929 2826 4974 aut
2856 4920 2908 4974 in
2933 4935 3074 4997 aqua
3098 4930 3415 4986 necaretur;
3441 4920 3537 4976 sed
3569 4928 3630 4974 ut
3649 4934 3773 4975 cum

2183 5030 2382 5072 corona
2412 5013 2658 5085 martyrii
2691 5012 2758 5067 ad
2786 5012 3079 5068 Dominum
3105 5013 3293 5069 venire
3317 5014 3573 5079 deberet;
3600 5013 3775 5068 nulla-

2183 5117 2340 5165 tenus
2369 5116 2550 5162 tamen
2573 5106 3000 5162 consolationem
3038 5107 3280 5178 recipere
3307 5107 3503 5179 potuit.
3529 5106 3784 5180 Denique,

2185 5217 2305 5258 cum
2342 5201 2539 5270 saepius
2565 5200 2632 5254 de
2661 5200 2852 5255 eadem
2883 5215 2942 5254 re
2970 5216 3094 5256 cum
3132 5199 3404 5271 discipulo
3433 5216 3566 5265 suo,
3594 5202 3693 5273 qui
3728 5199 3770 5256 ei

2183 5291 2430 5349 conscius
2451 5305 2589 5360 pene
2609 5289 2663 5344 in
2684 5290 2936 5346 omnibus
2956 5289 3081 5357 fuit,
3095 5289 3527 5362 colloqueretur;
3551 5302 3770 5362 etsum-

2184 5397 2404 5454 mopere
2424 5397 2548 5437 eum
2575 5380 2843 5438 consolari
2873 5381 3157 5447 voluisset,
3195 5381 3262 5437 ad
3306 5385 3634 5439 memoriam
3661 5385 3772 5454 ejus

2183 5489 2442 5530 revocare
2471 5472 2717 5540 studens,
2738 5481 3001 5544 quantam
3027 5475 3081 5529 in
3115 5475 3210 5529 Dei
3237 5475 3465 5531 servitio
3507 5477 3772 5532 sustinue-

2185 5568 2276 5635 rit,
2308 5573 2678 5636 quantamque
2706 5564 2951 5634 corporis
2994 5564 3080 5620 sui
3128 5565 3412 5636 pertulerit
3445 5565 3766 5629 molestiam,

561 5729 588 5759 ι
619 5719 971 5779 lombertum
1004 5723 1230 5794 scilicet,
1266 5725 1426 5796 hujus
1455 5723 1588 5780 V’ilze
1619 5727 1970 5796 scriptorem,
1998 5727 2076 5783 uti
2113 5725 2609 5798 explicatAdamus
2640 5723 2695 5779 in
2726 5723 2820 5780 lib.
2856 5738 2893 5789 ι,
2927 5739 3048 5798 cap.
3079 5722 3169 5784 3i.
