4020 6338
262 467 416 546 ιοηιι

1826 497 1996 553 νιτΑ.

3415 511 3553 567 1010

258 618 323 662 et
353 609 495 679 quod
527 609 691 664 etiam
736 611 848 678 ipsa
896 609 1184 666 inﬁrmitas
1231 613 1525 667 novissima
1557 614 1739 682 gravis
1778 615 1860 668 ui—
1887 619 1937 676 Α
1965 616 2138 670 cebat.
2185 615 2536 674 lllucescente
2576 635 2704 675 vero
2727 620 2840 690 jam
2870 620 3028 676 dicta}
3071 622 3384 679 festivitatis
3431 624 3552 690 die,

255 702 443 756 mium
467 711 524 757 et
547 700 802 757 diuturna
829 710 885 756 et
908 703 1040 758 satis
1065 703 1170 774 ipsi
1199 719 1297 774 pro
1328 706 1592 776 martyrio
1619 707 1858 775 reputari

253 796 579 866 potuisset;
627 796 741 866 ipse
788 803 969 851 tamen
1023 795 1172 852 nullo
1220 799 1381 852 modo
1433 798 1858 853 consolationem

253 887 562 958 recipiens,
589 888 685 942 sed
710 887 766 942 in
798 887 1108 957 supradicto
1144 887 1395 944 manebat
1427 902 1685 944 maerore.

249 1022 299 1074 Α
337 1020 450 1076 Deo
478 1023 830 1092 confortatur.
876 1020 1162 1094 Privilegia
1209 1025 1309 1078 sibi
1353 1041 1596 1079 concessa
1636 1025 1859 1080 describi

483 1101 667 1159 curat,
699 1094 1078 1148 exsecutionem
1103 1097 1210 1165 regi
1248 1097 1618 1150 commendans

262 1253 265 1255 .
334 1206 428 1262 69.
473 1207 628 1263 Unde
663 1206 866 1264 factum
892 1217 1004 1273 est,
1036 1218 1097 1264 ut
1128 1209 1391 1265 Dominus
1422 1224 1639 1264 servum
1668 1225 1855 1276 suum,

242 1311 372 1351 non
399 1295 512 1367 jam
545 1307 604 1352 ut
626 1299 777 1368 prius
804 1313 901 1369 per
930 1299 1230 1364 somnium,
1263 1300 1355 1354 sed
1389 1301 1629 1370 apertius
1665 1316 1860 1356 conso-

242 1387 360 1442 lari
396 1389 649 1460 dignatus
684 1391 775 1456 sit,
804 1400 1072 1460 quatenus
1105 1400 1258 1445 tanto
1287 1392 1506 1446 maerori
1535 1407 1645 1446 sua:
1673 1391 1859 1464 gratia:

240 1491 550 1550 praestaret
581 1483 898 1537 remedium.
930 1481 1064 1537 Nam
1095 1498 1216 1537 cum
1243 1484 1474 1553 quadam
1515 1483 1601 1538 die
1629 1485 1695 1538 ad
1729 1485 1859 1540 mis-

240 1588 376 1628 sam
414 1574 466 1628 in
513 1575 754 1630 oratorio
790 1575 1134 1640 consistens,
1175 1587 1274 1646 pro
1315 1576 1419 1630 hoc
1468 1577 1584 1646 ipso
1630 1574 1857 1631 nimium

239 1666 524 1722 sollicitus
578 1677 748 1732 esset;
795 1668 974 1723 subito
1025 1668 1401 1723 in‘exeessum
1448 1669 1644 1723 mentis
1673 1679 1858 1738 raptus

238 1757 465 1810 audivit
488 1772 674 1812 vocem
706 1759 862 1828 quasi
893 1758 1139 1829 vigilans,
1168 1775 1286 1828 quae
1310 1759 1482 1828 ipsum
1508 1759 1858 1814 vehementer

238 1845 575 1917 increpabat
598 1891 612 1913 ,
645 1849 788 1919 quod
825 1849 1132 1904 nullatenus
1155 1849 1220 1904 de
1244 1849 1338 1903 Dei
1368 1849 1728 1919 promissione
1753 1850 1854 1904 du-

237 1939 434 1994 bitare
465 1941 763 2006 debuisset,
794 1941 949 2010 quasi
980 1941 1160 2010 aliqua
1190 1940 1445 2009 iniquitas
1473 1939 1566 1995 Dei
1590 1941 1854 2010 potuisset

236 2031 514 2102 pietatem
547 2033 786 2104 vincere.
812 2032 1145 2087 Firmissime
1174 2032 1354 2095 crede,
1385 2031 1580 2100 inquit,
1603 2040 1659 2085 et
1680 2032 1851 2084 nulla-

239 2129 417 2175 tenus
443 2121 682 2188 dubites,
715 2122 843 2192 quia
885 2131 1180 2190 utrumque
1229 2120 1325 2173 tibi
1358 2121 1499 2174 Deus
1544 2136 1640 2174 sua
1675 2121 1849 2190 gratia

237 2209 438 2273 faciet,
472 2211 525 2264 id
550 2219 634 2265 est
659 2219 715 2265 et
741 2220 963 2280 peccata
1000 2209 1267 2275 dimittet,
1308 2225 1406 2280 pro
1450 2211 1646 2280 quibus
1691 2211 1850 2265 modo

237 2298 524 2354 sollicitus
563 2315 642 2365 es,
671 2310 726 2355 et
754 2300 936 2354 omnia
968 2314 1087 2369 quae
1128 2299 1405 2370 promisit,
1437 2299 1698 2368 implebit.
1732 2299 1848 2366 Qua

237 2389 625 2446 consolatione
651 2399 921 2460 suscepta,
953 2391 1069 2461 ipse
1105 2405 1319 2460 quoque
1351 2390 1732 2446 consolabatur
1757 2408 1847 2448 se-

235 2479 566 2548 metipsum.
600 2480 665 2534 Et
695 2481 890 2536 exinde
933 2480 1216 2536 sollicitius
1257 2495 1481 2550 quaeque
1523 2481 1576 2535 in
1624 2482 1846 2538 dicecesi

237 2586 345 2625 sua
391 2571 735 2638 procurando
758 2572 924 2641 cmpit
955 2571 1278 2642 disponere:
1307 2571 1526 2641 insuper
1567 2572 1846 2643 privilegia

234 2663 563 2733 apostolicae
591 2663 758 2728 sedis,
785 2679 905 2734 quae
937 2671 1094 2718 erant
1114 2662 1182 2716 de
1206 2662 1474 2731 legatione
1511 2660 1628 2729 ejus
1668 2661 1840 2728 facta,

235 2756 294 2809 in
347 2755 537 2809 multis
566 2755 761 2810 libellis
803 2754 966 2823 jussit
1014 2754 1350 2816 describere,
1406 2764 1460 2808 et
1506 2770 1602 2823 per
1650 2770 1842 2809 omnes

231 2861 382 2916 pene
430 2845 633 2900 domini
685 2847 941 2902 Ludovici
989 2847 1131 2918 regis
1181 2847 1461 2916 episcopos
1493 2847 1768 2902 destinare
1792 2860 1839 2901 ο.

229 2937 343 3007 Ipsi
376 2952 596 3007 quoque
623 2939 734 3008 regi
777 2939 1082 3002 Ludovico,
1114 2937 1332 3007 ﬁlioque
1376 2937 1491 3006 ejus
1535 2939 1838 3007 teqnivoco,

231 3031 340 3084 hoc
370 3031 551 3099 ipsum
583 3031 821 3101 dirigens
842 3072 856 3096 ,
905 3031 1108 3086 addens
1136 3038 1192 3084 et
1219 3030 1302 3086 sui
1331 3031 1563 3086 nominis
1600 3030 1838 3096 litteras,

227 3122 444 3192 quibus
475 3121 802 3192 postulavit,
833 3130 895 3176 ut
921 3122 1039 3176 haec
1081 3122 1133 3174 in
1178 3122 1498 3175 memoriam
1543 3122 1838 3186 haberent,

227 3209 400 3266 simul
453 3211 616 3264 etiam
637 3251 652 3275 ,
685 3219 846 3280 prout
885 3210 1120 3264 dictaret
1151 3226 1240 3265 res
1261 3251 1277 3276 ,
1313 3209 1584 3278 adjutorio
1614 3223 1795 3266 essent
1822 3226 1837 3264 :

224 3310 512 3373 quatenus
546 3301 743 3372 legatio
782 3303 916 3372 ipsa,
949 3303 1041 3357 Dei
1082 3302 1377 3357 auxiliante
1399 3304 1570 3374 gratia
1591 3345 1606 3368 ,
1628 3314 1683 3359 et
1707 3305 1838 3376 ipsis
1867 3330 1912 3393 ρ
1943 3337 2094 3393 ,καθ’

223 3393 648 3471 adjuvantibus,
680 3392 1008 3450 fructiﬁcare
1035 3403 1090 3449 et
1119 3409 1369 3450 crescere
1397 3396 1452 3450 in
1477 3395 1728 3466 gentibus
1747 3411 1840 3466 po-

225 3488 462 3544 tuisset.

225 3606 392 3678 Optat
426 3608 568 3678 gnari
593 3608 678 3661 die
702 3606 1100 3677 Puriﬁcationis
1130 3611 1294 3664 beata:
1318 3608 1540 3674 Marica,
1585 3612 1638 3662 in
1680 3609 1838 3678 cujus

298 3676 498 3747 vigilia
525 3688 638 3750 tres
657 3676 1075 3750 cereosaccendi
1093 3681 1262 3750 jubet.
1293 3679 1360 3733 In
1389 3681 1474 3733 die
1499 3681 1630 3749 [esto
1667 3676 1838 3732 missis

295 3765 395 3818 pro
420 3763 486 3800 se
513 3747 684 3811 dictis,
716 3751 928 3802 missam
954 3747 1216 3819 publicam
1243 3747 1507 3820 exspectat
1520 3750 1761 3820 jejunus.

299 3863 393 3916 70.
451 3859 620 3915 Porro
655 3876 777 3916 cum
820 3863 932 3930 jam
979 3880 1078 3934 per
1121 3874 1234 3919 tres
1287 3880 1504 3920 menses
1553 3866 1838 3921 continuos

222 3953 504 4025 praedicta
535 3951 806 4008 laboraret
833 3953 1182 4020 infirmitate,
1210 3964 1264 4010 et
1293 3956 1595 4027 Epiphania
1624 3957 1836 4012 Domini

228 4043 566 4108 transisset,
596 4052 785 4113 Optare
811 4045 994 4114 cmpit,
1027 4058 1294 4115 quatenus
1331 4062 1453 4100 eum
1484 4047 1537 4100 in
1575 4047 1838 4102 Puriﬁca-

234 4133 387 4202 tione
415 4143 618 4187 sanctae
643 4134 823 4188 Maria:
851 4135 919 4190 ad
946 4134 1158 4190 Domini
1191 4135 1419 4206 gratiam
1445 4137 1676 4190 transire
1709 4137 1835 4192 lice-

229 4235 334 4280 ret.
377 4224 497 4291 Qua
526 4241 654 4296 ergo
706 4225 1000 4282 festivitate
1051 4227 1546 4296 appropinquante,
1581 4226 1836 4296 praecepit

229 4317 384 4370 clero
411 4325 468 4370 et
493 4317 820 4385 pauperibus
843 4317 1154 4372 convivium
1177 4332 1484 4386 praaparare
1502 4357 1516 4380 ,
1542 4325 1602 4369 ut
1636 4317 1688 4370 in
1719 4317 1836 4385 ipso

227 4403 582 4462 sanctissimo
628 4405 714 4458 die
763 4406 1132 4474 epularentur.
1185 4403 1356 4459 Jussit
1403 4406 1568 4459 etiam
1611 4416 1668 4460 ut
1726 4415 1835 4460 tres

230 4497 432 4551 ﬁerent
460 4495 604 4550 cerei
638 4496 815 4563 magni
847 4511 913 4549 ex
945 4512 1039 4549 sua
1077 4496 1298 4566 speciali
1328 4511 1472 4550 cera.
1507 4496 1716 4562 Quibus
1759 4496 1835 4549 fa-

228 4588 355 4651 ctis,
391 4586 448 4639 in
495 4584 611 4654 ipsa
661 4585 842 4657 vigilia
891 4586 1163 4655 praedicta:
1208 4585 1518 4641 festivitatis
1565 4585 1693 4641 fecit
1740 4602 1835 4642 eos

1962 722 2061 776 pro
2086 721 2152 761 eo
2176 708 2404 774 missas,
2437 709 2578 764 sicut
2621 711 2864 780 quotidie
2891 712 3034 768 soliti
3066 712 3322 779 fuerant,
3367 717 3553 771 cuncti

1961 797 2052 864 qui
2083 795 2304 852 adfuere
2333 798 2665 864 sacerdotes,
2693 800 3057 856 celebrarunt.
3088 801 3206 873 Ipse
3230 817 3360 858 vero
3400 804 3550 860 ordi-

1961 900 2093 940 nare
2115 887 2301 956 cmpit,
2329 888 2561 956 qualiter
2592 890 2659 944 ad
2686 891 2941 961 populum
2967 892 3124 948 ﬁeret
3151 907 3368 960 sermo,
3408 909 3555 950 asse-

1960 991 2088 1031 rens
2127 993 2186 1031 se
2216 977 2351 1031 nihil
2391 977 2582 1032 eodem
2609 978 2696 1034 die
2727 989 3100 1051 gustaturum,
3130 983 3302 1038 donec
3338 983 3552 1054 publica

1961 1066 2211 1122 finiretur
2242 1069 2424 1124 missa.
2473 1068 2589 1136 Qua
2628 1069 2812 1137 finita,
2862 1089 2984 1127 cum
3034 1089 3329 1144 parumper
3369 1091 3552 1130 come-

1959 1160 2128 1215 disset
2152 1169 2206 1214 et
2245 1161 2503 1224 bibisset,
2536 1177 2633 1232 per
2657 1178 2872 1217 omnem
2900 1165 3042 1219 diem
3074 1166 3370 1222 studiosius
3422 1182 3552 1224 suos

1959 1264 2326 1317 commonere,
2358 1261 2414 1305 et
2440 1253 2506 1305 ad
2536 1253 2746 1306 Domini
2776 1254 3058 1308 servitium
3091 1257 3394 1312 accendere
3433 1266 3551 1312 stu-

1959 1341 2106 1406 duit,
2152 1358 2295 1397 nunc
2333 1345 2712 1409 communiter,
2745 1361 2889 1400 nunc
2936 1348 3211 1418 sigillatim
3241 1364 3548 1422 quemque,

1957 1447 2118 1508 prout
2181 1447 2430 1508 poterat,
2485 1441 2552 1494 ad
2617 1441 2858 1495 divinum
2925 1443 3171 1499 animans
3225 1447 3549 1513 servitium,

1957 1531 2194 1584 maxime
2233 1539 2410 1584 tamen
2439 1529 2555 1598 ejus
2586 1548 2715 1586 cura
2744 1540 2799 1586 et
2836 1533 3142 1589 sollicitudo
3186 1535 3288 1590 fuit
3339 1538 3405 1593 de
3452 1555 3551 1594 sua

1957 1620 2223 1690 legatione
2252 1622 2318 1676 ad
2349 1631 2556 1692 gentes.
2595 1621 2818 1678 Noctem
2865 1641 3080 1696 quoque
3133 1637 3448 1697 sequentem
3493 1630 3548 1684 in

1958 1712 2156 1767 talibus
2186 1714 2644 1770 admonitionibus
2673 1717 2923 1785 perduxit
2953 1719 3286 1774 continuam.

1957 1843 2180 1898 Litaniis
2214 1846 2387 1911 dictis,
2414 1857 2529 1913 post
2558 1847 2744 1901 missas
2784 1849 3032 1923 viaticum
3081 1853 3282 1923 recipit.
3316 1851 3547 1923 Ingemi-

2175 1925 2261 1969 nat
2292 1933 2466 1985 preces
2495 1932 2589 1986 pro
2621 1934 2676 1970 se
2707 1928 2754 1970 et
2783 1934 2877 1987 pro
2908 1919 3048 1973 aliis.
3081 1919 3331 1975 Moritur.

2026 2051 2114 2104 71.
2157 2050 2380 2106 Fratres
2413 2067 2544 2108 vero
2569 2053 2660 2122 qui
2685 2053 2942 2119 aderant,
2971 2069 3094 2109 cum
3124 2054 3370 2110 litaniam
3395 2055 3545 2112 face-

1922 2145 1927 2151 '
1953 2149 2094 2206 rent,
2125 2151 2179 2196 et
2200 2143 2436 2212 psalmos
2457 2158 2525 2198 ex
2553 2158 2705 2199 more
2731 2160 2830 2214 pro
2851 2145 2970 2216 ejus
2990 2147 3140 2202 exitu
3164 2148 3541 2216 decantarent,

1952 2231 2230 2286 admonuit
2283 2233 2418 2302 ipse,
2472 2244 2531 2288 ut
2577 2233 2741 2288 etiam
2793 2236 3051 2306 hymnum
3098 2238 3166 2292 ad
3205 2236 3420 2293 laudem
3447 2238 3542 2294 Dei

1951 2323 2330 2393 compositum,
2354 2323 2408 2378 id
2433 2331 2518 2379 est
2548 2322 2620 2378 Te
2646 2324 2812 2379 Deum
2842 2325 3147 2394 laudamus,
3173 2330 3380 2398 pariter
3407 2345 3542 2384 can-

1950 2422 2165 2470 tarent:
2197 2412 2356 2468 fidem
2383 2429 2602 2484 quoque
2634 2415 2956 2471 catholicam
2991 2432 3022 2471 a
3048 2419 3208 2473 beato
3243 2419 3543 2475 Athanasio

1949 2506 2324 2575 compositam.
2357 2505 2515 2560 Mane
2541 2521 2670 2562 vero
2702 2507 2845 2563 facto
2869 2509 3124 2566 omnibus
3156 2511 3249 2580 qui
3281 2511 3541 2578 aderant,

1949 2597 2320 2652 sacerdotibus
2350 2612 2504 2653 sacra
2530 2598 2792 2654 solemnia
2823 2601 3114 2657 missarum
3147 2617 3245 2672 pro
3287 2618 3354 2658 eo
3394 2603 3540 2659 cele-

1947 2687 2264 2753 brantibus,
2293 2687 2557 2770 Dominici
2585 2691 2831 2760 corporis
2877 2694 3254 2770 etsanguinis
3297 2709 3540 2751 commu-

1947 2778 2109 2832 nione
2157 2768 2728 2849 perceptafelevatis
2778 2782 3026 2838 manibus
3071 2768 3430 2854 precabatur,
3478 2796 3542 2842 ut

1945 2873 2253 2942 quicunque
2282 2874 2334 2926 in
2365 2889 2489 2928 eum
2522 2876 2905 2944 quoquomodo
2930 2887 3242 2948 peccasset,
3271 2879 3453 2934 divina
3485 2881 3538 2935 ei

1946 2961 2050 3015 hoc
2075 2962 2250 3030 pietas
2285 2963 2604 3018 dimitteret.
2631 2964 2835 3020 Deinde
2864 2966 3165 3022 versiculos
3200 2969 3333 3023 istos
3373 2970 3540 3039 capit

1943 3055 2281 3125 frequentius
2307 3065 2554 3127 repetere
2579 3076 2591 3111 :
2619 3056 2919 3112 Secundum
2940 3059 3354 3115 misericordiam
3391 3070 3539 3115 tuam

1943 3157 2199 3200 memento
2228 3150 2329 3201 mei
2363 3158 2440 3212 tu,
2473 3159 2685 3219 propter
2732 3150 3014 3204 bonitatem
3059 3163 3238 3218 tuam,
3283 3151 3538 3218 Domine;

1941 3245 1994 3292 et
2020 3255 2033 3290 :
2058 3236 2222 3302 Deus,
2249 3239 2505 3308 propitius
2533 3250 2640 3292 esto
2670 3239 2798 3292 mihi
2819 3243 3112 3310 peccaturi;
3136 3250 3190 3296 et
3217 3261 3229 3295 :
3257 3241 3324 3296 In
3349 3260 3538 3298 manus

2138 3327 2392 3393 Domine,
2433 3329 2738 3382 commendo
2767 3329 3010 3399 spiritum
3038 3346 3230 3384 meum.
3257 3329 3393 3384 Cum
3424 3332 3540 3386 hac

1943 3421 2058 3491 ipse
2086 3422 2284 3492 saepius
2323 3429 2622 3492 repeteret,
2652 3430 2706 3475 et
2735 3420 3004 3490 frequenti
3046 3422 3284 3476 anhelitu
3323 3423 3436 3493 jam
3472 3438 3539 3478 ea

1941 3513 2288 3584 frequentare
2327 3528 2435 3568 non
2467 3499 2948 3577 valereticuiuam
2990 3512 3145 3568 fratri
3191 3515 3445 3583 praecepit
3480 3523 3541 3568 ut

1941 3606 2058 3658 haec
2084 3605 2274 3659 eadem
2299 3605 2418 3659 vice
2448 3603 2593 3658 illius
2621 3604 3020 3674 frequentando
3041 3613 3307 3659 cantaret.
3335 3602 3536 3673 Sicque

1939 3696 2110 3752 oculis
2145 3697 2200 3750 in
2230 3695 2427 3750 ctelum
2451 3696 2697 3762 intentis,
2730 3693 2946 3751 Domini
2974 3695 3162 3766 gratiae
3185 3695 3535 3750 commenda-

1941 3798 2053 3844 tum
2075 3789 2328 3860 spiritum
2355 3789 2631 3844 exhalavit
2659 3789 2708 3842 ι).

2202 3922 2399 3992 Lugent
2427 3939 2624 3977 omnes.
2661 3921 2917 3994 Epilogus
2945 3925 3060 3994 ejus
3091 3923 3267 3995 elogii.

2008 4035 2097 4090 72.
2128 4034 2294 4103 Cujus
2321 4051 2548 4106 corpore
2567 4052 2635 4092 ex
2663 4053 2814 4092 more
2844 4047 3057 4103 curato,
3088 4037 3399 4108 feretroque
3424 4039 3529 4093 im-

1934 4129 2132 4199 posito,
2170 4144 2290 4183 cum
2323 4130 2390 4185 ad
2425 4128 2711 4185 ecclesiam
2734 4129 3057 4196 deferretur,
3077 4131 3263 4186 iterari
3283 4133 3430 4187 visus
3450 4141 3534 4188 est

1936 4221 2110 4274 luctus
2138 4221 2380 4275 omnium
2406 4261 2422 4286 ,
2471 4229 2525 4275 et
2572 4237 2676 4276 vox
2704 4237 2812 4275 una
2851 4223 3222 4292 plangentium
3244 4263 3258 4288 ,
3291 4225 3533 4280 maxime

1939 4319 2117 4364 tamen
2141 4310 2484 4376 clericorum,
2516 4312 2882 4380 orphanorum
2905 4352 2920 4376 ,
2953 4294 3269 4375 viduarum,
3298 4313 3530 4383 pupillo-

1936 4418 2054 4454 rum
2091 4411 2147 4456 et
2188 4402 2564 4470 indigentium.
2609 4399 2868 4467 Quamvis
2899 4402 3044 4455 enim
3087 4403 3154 4456 de
3188 4402 3330 4457 illius
3359 4403 3534 4458 salute

1935 4509 2040 4547 non
2064 4493 2135 4547 sit
2157 4493 2532 4557 dubitandum,
2557 4493 2679 4562 quis
2702 4493 3074 4563 religiosorum
3096 4502 3189 4548 aut
3215 4493 3452 4549 fidelium
3473 4510 3532 4550 se

1933 4599 1964 4637 a
1992 4582 2116 4639 lletu
2145 4584 2420 4639 continere
2446 4583 2664 4652 poterit,
2694 4598 2818 4637 cum
2860 4582 2948 4638 ille
2988 4599 3087 4638 nos
3107 4583 3378 4639 desolatos
3401 4584 3527 4639 reli-

229 4687 358 4732 ante
385 4694 446 4733 se
475 4677 626 4742 ferri,
656 4687 712 4732 et
746 4694 911 4733 unum
937 4689 1061 4733 ante
1090 4679 1261 4735 altare
1287 4687 1486 4735 sancta:
1521 4679 1702 4735 Mariae
1739 4697 1826 4736 ac-
1856 4691 1908 4750 ι)
1936 4679 2115 4747 querit
2135 4718 2150 4742 ,
2188 4677 2241 4730 in
2283 4691 2390 4746 quo
2414 4675 2528 4730 solo
2555 4691 2692 4746 pene
2718 4676 2960 4730 omnium
3000 4677 3349 4747 antiquorum
3376 4677 3530 4746 vige-

229 4768 471 4821 cendere
511 4768 799 4836 praecepit,
841 4767 1070 4822 alterum
1098 4784 1228 4823 vero
1273 4777 1398 4823 ante
1443 4769 1611 4826 altare
1652 4773 1828 4826 sancti

230 4855 405 4922 Petri,
438 4859 658 4912 tertium
690 4867 816 4913 ante
861 4859 1031 4914 altare
1076 4861 1248 4914 sancti
1283 4859 1505 4916 Joannis
1541 4861 1824 4933 Baptistae,

229 4957 430 5016 optans
460 4956 521 5002 ut
547 4949 648 5018 ipsi
675 4964 798 5004 eum
823 4950 887 5003 de
915 4965 1145 5019 corpore
1178 4951 1516 5020 susciperent
1541 4951 1824 5022 egredien-

233 5049 378 5105 tem,
427 5041 521 5110 qui
573 5041 628 5095 iu
681 5043 989 5112 supradicta
1041 5043 1248 5098 visione
1291 5043 1418 5097 olim
1460 5043 1578 5114 ejus
1611 5041 1827 5099 fuerant

229 5129 510 5188 ductores.
552 5131 821 5188 Czeterum
860 5133 1117 5204 praedicta
1147 5133 1462 5189 infirmitate
1491 5135 1566 5190 ita
1597 5145 1716 5191 erat
1742 5133 1823 5190 fa-

233 5223 436 5295 tigatus
461 5236 519 5279 et
543 5226 781 5292 attritus,
816 5237 875 5281 ut
903 5243 1044 5297 pene
1065 5225 1180 5295 jam
1203 5226 1257 5282 in
1290 5243 1518 5297 corpore
1541 5227 1658 5297 ejus
1691 5229 1824 5284 nihil

234 5327 581 5385 remaneret,
605 5319 847 5388 exceptis
885 5319 1100 5375 ossibus
1146 5320 1328 5374 nervis
1362 5319 1560 5391 ligatis,
1592 5329 1648 5375 et
1674 5320 1824 5376 corio

234 5406 410 5462 tectis.
440 5407 694 5463 Attamen
720 5409 836 5479 ipse
855 5424 1069 5482 semper
1094 5411 1147 5465 in
1171 5411 1380 5465 Domini
1408 5409 1564 5466 laude
1590 5427 1649 5468 se
1668 5427 1824 5467 exer-

306 5573 335 5637 9
363 5563 482 5637 Huc
507 5576 752 5637 spectare
776 5566 991 5622 videtur
1017 5565 1300 5637 Anscharii
1343 5564 1567 5637 epistola
1614 5564 1667 5637 in
1695 5567 1821 5637 ﬁne

235 5631 396 5700 hujus
423 5631 562 5708 vus
587 5637 776 5702 relata,
807 5653 913 5708 qua
942 5639 1058 5692 haec
1085 5631 1657 5706 privilegia—episcopis
1682 5633 1819 5690 Ger-

235 5707 466 5760 manicis
495 5707 910 5764 commendavit.

310 5774 389 5846 δι
427 5775 570 5834 Obiit
614 5795 756 5834 anno
799 5777 1008 5833 Domini
1039 5776 1164 5843 865,
1208 5775 1396 5832 indict.
1440 5791 1572 5841 xm,
1615 5777 1706 5846 qui
1740 5785 1824 5834 est

237 5841 534 5924 lsuthevﬁci
557 5849 1091 5924 secundivicesimus
1135 5841 1344 5924 sextus,
1367 5841 1715 5924 sepultusque
1740 5857 1824 5924 est

240 5915 296 5967 in
318 5915 537 5975 basilica
559 5921 730 5978 sancti
761 5921 921 5977 Petri
938 5928 1065 5975 ante
1103 5919 1273 5975 altare
1301 5915 1503 5976 sancta:
1531 5915 1645 5974 Dei
1666 5919 1819 5987 geni-

1931 4768 2064 4823 bant
2115 4767 2360 4838 exempla
2409 4767 2766 4821 sanctorum?
2813 4766 3131 4837 Siquidem,
3191 4775 3251 4820 ut
3293 4769 3360 4821 ab
3413 4769 3530 4836 ipso

1930 4857 2224 4912 electorum
2252 4858 2495 4911 omnium
2523 4857 2699 4925 capite
2729 4857 3072 4927 incipiamus,
3097 4855 3371 4912 Christum
3405 4857 3527 4912 ino-

1931 4966 2051 5022 pem
2096 4951 2248 5021 inops
2276 4951 2393 5021 ipse
2438 4959 2656 5006 secutus
2705 4959 2811 5015 est,
2867 4965 2990 5004 cum
3037 4951 3296 5020 apostolis
3343 4953 3526 5007 omnia

1928 5044 2237 5114 dereliquit,
2268 5055 2322 5099 et
2349 5060 2473 5099 cum
2503 5052 2692 5100 sancto
2712 5041 2917 5099 Joanne
2938 5042 3178 5114 Baptista
3207 5044 3525 5115 primaevum

1931 5145 2142 5206 tempus
2186 5152 2218 5190 a
2265 5137 2543 5190 turbarum
2592 5134 2897 5204 frequentia
2947 5145 3219 5189 remotum
3279 5135 3516 5201 ducens,

1931 5228 2243 5283 monasterii
2314 5225 2656 5281 solitudinem
2723 5225 3006 5295 expetiit:
3059 5224 3309 5281 videlicet
3395 5240 3518 5280 cum

1931 5322 2188 5392 temporis
2233 5335 2491 5391 processu
2521 5318 2838 5388 quotidiano
2867 5317 3113 5388 profectu
3151 5317 3516 5381 excrevisset,

1927 5423 1982 5470 et
2023 5413 2088 5469 de
2118 5413 2317 5468 virtute
2361 5411 2415 5465 in
2451 5411 2708 5466 virtutem
2751 5411 2959 5478 ivisset,
3003 5426 3100 5466 vas
3136 5409 3413 5464 electionis
3454 5409 3522 5463 ad

1929 5569 2084 5642 tricis
2105 5569 2307 5642 Mariaa,
2342 5590 2360 5623 ι
2397 5571 2573 5642 inquit
2593 5573 2832 5629 Adamus
2862 5575 2915 5628 in
2949 5573 3042 5628 lib.
3072 5588 3126 5638 ι,
3158 5587 3278 5642 cap.
3307 5572 3395 5627 51.
3429 5572 3522 5626 Al-

1926 5641 2113 5696 bertus
2161 5641 2442 5698 Stadensis
2469 5641 2524 5698 et
2557 5643 2862 5700 Chronicon
2903 5641 3240 5698 Saxonicum’
3270 5645 3518 5700 eumdem

1927 5727 2129 5766 annum
2165 5713 2419 5786 signant:
2456 5733 2474 5786 ι
2516 5713 2666 5770 Sedit
2707 5729 2896 5770 omnes
2929 5727 3100 5786 annos
3133 5714 3354 5786 triginta
3388 5730 3522 5784 qua-

1928 5791 2070 5855 tuor,
2093 5781 2246 5855 cujus
2289 5784 2552 5855 depositio
2579 5801 2789 5840 summa
2832 5785 3182 5842 veneratione
3208 5781 3422 5842 'colitur
3458 5801 3518 5840 ιιι

1925 5851 2063 5909 Non.
2091 5851 2394 5922 Februarii,
2431 5875 2450 5910 ›
2477 5872 2544 5912 ex
2561 5856 2790 5911 Adamo.
