4020 6338
504 455 633 515 1011

1367 440 1731 502 ANSCHARII
1768 436 2309 497 HAMBURGENSIS
2348 436 2654 495 EPlSCOPl
2695 437 2875 495 Vl’l‘A.

3659 440 3825 501 ιοη

497 569 822 640 portantium
849 566 1053 624 Christi
1076 578 1273 623 nomen
1302 576 1485 619 coram
1511 560 1763 633 gentibus
1786 574 1909 616 cum
1930 558 2089 613 beato
2116 555 2167 623 Α
2193 563 2247 640 et
2272 555 2545 611 nuditate:
2573 562 2771 627 praeter
2793 553 2878 609 illa
2905 568 3025 625 quae
3044 553 3385 610 extrinsecus
3412 564 3561 621 sunt,
3588 558 3827 614 instan-

499 663 743 735 apostolo
756 660 922 725 Paulo
935 661 1257 731 deputatus;
1274 656 1667 728 pascendarum
1684 653 1888 713 Christi
1903 652 2082 709 ovium

500 754 840 827 postmodum
866 767 1057 813 curant
1085 766 1211 817 cum
1251 748 1498 819 principe
1530 746 1893 819 apostolorum
1921 743 2087 799 Petro

500 846 736 916 suscepit
774 862 790 902 :
821 846 877 899 in
918 859 1027 914 quo
1072 841 1337 911 regimine
1380 840 1593 910 qualem
1629 854 1687 894 se
1715 843 2088 907 quantumque

498 936 827 1001 exhibuerit,
874 936 977 995 hoc
1010 933 1096 991 vel
1130 932 1367 995 maxime
1402 931 1635 1000 probare
1678 928 1908 993 videtur,
1940 926 2087 996 quod

499 1029 645 1085 inter
675 1027 875 1083 omium
894 1033 951 1082 et
973 1033 1176 1083 terram
1198 1022 1433 1087 medius,
1462 1021 1603 1085 inter
1628 1019 1797 1081 Deum
1825 1025 1878 1072 et
1899 1016 2086 1087 proxi-

2191 636 2263 698 tia
2287 644 2403 719 ejus
2424 645 2760 715 quotidiana,
2785 644 3091 705 sollicitudo
3119 646 3360 700 omnium
3392 645 3819 703 Ecclesiarum.

2190 737 2322 815 Quis
2368 737 2761 803 iniirmabatur,
2807 745 2862 794 et
2894 738 3010 819 ipse
3041 754 3147 797 non
3188 738 3289 797 fuit
3333 740 3633 796 inﬁrmus?
3678 744 3825 815 quis

2190 830 2681 912 scandalizabatur,
2707 839 2761 886 et
2787 830 2901 902 ipse
2931 846 3038 887 non
3071 830 3372 893 urebatur?
3414 831 3515 903 Qui
3543 849 3689 905 ergo
3732 842 3824 892 tot

2190 937 2253 1001 ac
2283 924 2446 977 tantis
2470 932 2552 978 est
2574 937 2675 993 pro
2717 922 2946 977 Domino
2975 931 3030 976 et
3060 922 3304 992 corporis
3345 923 3815 993 adversitatibus,

2192 1024 2245 1070 et
2289 1016 2453 1069 animi
2497 1015 2721 1070 testibus
2768 1022 3048 1079 excoctus,
3098 1014 3371 1083 quomodo
3415 1020 3640 1088 martyr
3678 1033 3819 1076 esse

498 1134 646 1179 tuum
696 1126 999 1188 sequester,
1044 1131 1189 1172 nunc
1235 1113 1431 1171 divinae
1473 1110 1667 1173 visioni
1693 1117 1749 1166 et
1777 1108 2090 1164 coelestibus
2184 1107 2308 1178 jure
2328 1106 2614 1176 negabitur
2630 1107 2655 1159 ‘!
2672 1104 2808 1161 Nam
2832 1106 2877 1161 si
2897 1104 3012 1161 sola
3029 1105 3140 1160 vita
3155 1120 3253 1176 per
3268 1108 3583 1176 passionem
3612 1112 3815 1166 termi—

498 1210 920 1270 revelationibus
974 1209 1274 1272 intererat,
1324 1219 1470 1261 nunc
1518 1200 1934 1257 commissorum
1986 1198 2088 1252 sibi

499 1312 655 1365 actus
676 1310 731 1359 et
751 1302 919 1359 vitam
943 1299 1264 1372 disponebat
1288 1317 1300 1352 :
1333 1296 1400 1350 ad
1423 1310 1557 1365 quas
1577 1293 1752 1350 active
1774 1301 1837 1349 et
1851 1298 2091 1347 contem~

496 1395 697 1467 plative
723 1394 970 1466 geminas
1017 1391 1135 1449 alas
1159 1390 1277 1446 ideo
1303 1389 1419 1460 ipse
1443 1385 1762 1449 sutﬁciebat,
1801 1384 1929 1455 quia
1968 1398 2090 1439 cum

498 1484 883 1543 mundicordes
923 1482 1023 1539 soli
1059 1479 1219 1551 juxta
1262 1478 1681 1548 Evangeliorum
1713 1475 1875 1531 ﬁdem
1904 1474 2090 1530 Domi-

497 1592 626 1633 num
651 1577 948 1632 credantur
975 1573 1167 1638 visuri,
1199 1572 1315 1641 ipse
1348 1571 1501 1641 virgo
1531 1570 1600 1627 ab
1626 1583 1692 1624 eo
1715 1568 1942 1631 electus,
1969 1581 2093 1623 cum

498 1676 686 1721 sancto
715 1666 957 1736 apostolo
992 1677 1049 1723 et
1097 1662 1431 1733 evangelista
1469 1659 1699 1723 Joanne,
1743 1668 1798 1714 et
1833 1666 2013 1714 mente
2039 1665 2098 1713 et

498 1773 729 1829 corpore
755 1759 909 1829 virgo
932 1759 989 1812 in
1017 1772 1192 1812 aevum
1234 1754 1568 1826 permansit;
1605 1761 1659 1808 et
1702 1761 1849 1807 tanta
1877 1753 2095 1821 insuper

500 1851 567 1906 ad
610 1858 839 1907 cunctos
862 1849 1129 1904 charitate
1152 1847 1460 1912 tenebatur,
1487 1856 1547 1900 ut
1576 1860 1696 1899 cum
1724 1844 1883 1899 beato
1907 1850 2093 1914 proto-

2192 1208 2318 1255 nata
2378 1198 2642 1271 martyrio
2697 1200 3072 1270 deputaretur,
3137 1213 3484 1270 nequaquam
3538 1210 3804 1257 sanctum

2193 1292 2574 1363 evangelistam
2622 1290 2887 1348 Joannem
2915 1290 3142 1345 calicem
3176 1305 3331 1346 suum
3360 1292 3633 1347 Dominus
3666 1293 3817 1348 bibi-

2194 1392 2374 1437 tttrum
2400 1397 2520 1437 esse
2547 1390 2859 1445 testaretur,
2888 1381 3309 1451 quem-minime
3332 1382 3503 1436 vitam
3528 1386 3815 1456 martyrio

2196 1477 2435 1533 finivisse
2474 1478 2695 1532 scimus.
2738 1475 2974 1531 Proinde
3007 1474 3053 1530 si
3088 1473 3237 1529 illum
3276 1473 3431 1544 juxta
3463 1475 3813 1531 dominicam

2195 1567 2518 1622 sententiam
2543 1567 2707 1621 inter
2737 1573 3041 1637 martyrum
3086 1580 3372 1622 numerum
3410 1566 3810 1623 ascribendum

2195 1674 2316 1716 esse
2365 1674 2470 1714 non
2512 1658 2843 1725 dubitamus,
2879 1660 2946 1714 de
2979 1673 3045 1714 eo
3073 1672 3310 1729 quoque,
3337 1673 3500 1729 quem
3528 1659 3814 1728 praemisi-

2197 1766 2342 1816 mus,
2391 1757 2580 1805 sancto
2619 1749 2778 1820 plane
2809 1763 2873 1805 ac
2901 1750 3061 1804 beato
3102 1748 3393 1803 admodum
3427 1747 3548 1802 viro
3574 1747 3813 1803 omnino

2199 1844 2474 1915 ambigere
2503 1857 2615 1899 non
2646 1843 2925 1899 debemus.
2951 1842 3157 1915 Martyr
3175 1842 3321 1897 enim
3342 1841 3467 1907 fuit,
3494 1843 3627 1913 quia
3646 1843 3803 1914 juxta

499 1946 740 2011 martyre
769 1937 1046 2009 Stephano
1072 1939 1236 1994 etiam
1265 1945 1447 1992 oraret
1468 1951 1566 2005 pro
1587 1935 1701 1990 suis
1729 1933 2092 2005 persecutori-
2119 1932 2168 1995 Β
2194 1934 2512 2006 Apostolum
2560 1943 2615 1990 et
2659 1934 2759 2006 ipsi
2791 1935 3024 1991 mundus
3058 1944 3115 1990 et
3162 1934 3251 1990 ille
3276 1934 3485 1990 mundo
3510 1934 3809 1992 crucifixus

497 2031 618 2086 bus.
670 2029 716 2088 Ο
738 2045 867 2086 vere
892 2031 1110 2086 beatum
1140 2038 1196 2084 et
1214 2029 1365 2107 omni
1392 2026 1565 2085 laudis
1585 2027 1857 2097 praeconio
1885 2024 2091 2095 dignis-

499 2124 695 2179 simum
721 2124 920 2190 virum,
948 2136 1111 2193 quem
1138 2122 1299 2177 talem
1329 2136 1393 2176 ac
1424 2128 1634 2173 tantum
1666 2119 1900 2184 imitari,
1932 2132 2097 2187 quem

499 2215 674 2271 solum
702 2216 1061 2286 plurimorum
1085 2255 1100 2281 ,
1130 2222 1209 2269 tot
1238 2212 1398 2267 simul
1426 2212 1629 2267 habere
1658 2212 1888 2267 virtutes
1916 2207 2094 2265 conti-

498 2308 616 2379 git!
643 2308 735 2378 qui
768 2315 952 2362 mente
993 2316 1214 2362 sanctus
1251 2314 1308 2360 et
1339 2317 1570 2374 corpore
1598 2310 1803 2367 castus,
1838 2318 1960 2358 cum
1988 2302 2098 2357 vir-

500 2401 713 2472 ginibus
743 2417 961 2474 agnum,
986 2415 1311 2471 quocunque
1341 2399 1482 2459 ierit,
1511 2404 1767 2467 sequetur
1795 2415 1808 2451 :
1836 2397 1927 2466 qui
1962 2411 2099 2451 sem-

499 2507 599 2563 per
640 2493 697 2547 in
756 2491 1098 2547 confessione
1139 2490 1343 2546 Christi
1390 2502 1751 2561 perseverans
1800 2488 2095 2557 gloriosum

503 2581 792 2638 admodum
840 2582 983 2636 inter
1015 2580 1359 2638 confessores
1393 2581 1575 2637 locum
1616 2580 1836 2635 habebit
1861 2594 1877 2634 t
1907 2580 1997 2650 qui
2040 2580 2095 2633 in

504 2672 719 2728 sublimi
748 2672 835 2727 illa
860 2688 983 2728 cum
1021 2672 1280 2744 apostolis
1302 2673 1547 2744 judieum
1576 2672 1706 2728 sede
1736 2671 1789 2725 in
1814 2684 2100 2741 regenera-

510 2768 659 2822 tione
684 2781 938 2822 sessurus
965 2774 1070 2832 est,
1096 2782 1160 2822 ac
1185 2766 1467 2831 mundum,
1486 2780 1648 2837 quem
1673 2771 2095 2834 contempserat,

497 2858 861 2928 judicaturus,
899 2868 1103 2914 etcum
1130 2857 1461 2929 martyribus
1492 2856 1720 2927 justitim
1759 2870 2015 2913 coronam
2043 2863 2100 2911 et
2132 2937 2145 2945 '

480 2947 739 3018 palmam
763 2948 1011 3019 martyrii
1032 2949 1347 3017 adepturus.

1037 3074 1250 3147 Martyr
1282 3068 1565 3157 quomodo.

575 3209 663 3265 73.
708 3210 951 3283 κει-ψει
1002 3212 1109 3267 duo
1154 3225 1352 3282 genera
1388 3225 1512 3267 esse
1537 3214 1785 3278 constat,
1828 3227 1994 3269 unum
2043 3213 2099 3267 in

2194 2033 2331 2080 erat.
2382 2025 2585 2099 Martyr
2622 2025 2744 2093 fuit,
2798 2028 2924 2097 quia
2974 2027 3117 2083 inter
3165 2025 3365 2082 diaboli
3416 2035 3803 2093 tentamenta,

2195 2119 2340 2172 inter
2382 2120 2565 2174 carnis
2610 2118 2910 2183 illecebras,
2955 2120 3097 2175 inter
3125 2129 3520 2193 persequentes
3540 2137 3800 2197 paganos,

2196 2212 2339 2268 inter
2361 2212 2694 2269 obsistentes
2720 2211 3060 2270 Christianos
3106 2229 3322 2285 semper
3371 2200 3800 2286 imperterritus,

2196 2313 2251 2359 et
2275 2304 2587 2372 immobilis,
2612 2316 2667 2361 et
2693 2305 2927 2363 invictus
2950 2307 3001 2361 in
3026 2306 3228 2363 Christi
3258 2305 3609 2364 confessione
3636 2324 3807 2380 usque

2197 2396 2264 2452 ad
2312 2397 2516 2451 exitum
2546 2396 2670 2452 vita:
2710 2399 3029 2468 permansit.
3079 2397 3288 2470 Martyr
3328 2398 3464 2466 fuit,
3498 2400 3633 2471 quia
3678 2400 3802 2455 dum

2198 2494 2407 2570 μάρτυρ
2437 2493 2580 2546 testis
2610 2491 2839 2557 dicatur,
2892 2491 3005 2561 ipse
3043 2490 3208 2545 divini
3254 2507 3471 2563 semper
3500 2493 3706 2559 verbi,
3754 2496 3808 2546 et

2198 2585 2503 2643 Christil'eri
2548 2585 2783 2641 nominis
2823 2584 3035 2639 exstitit
3077 2585 3251 2640 testis.
3294 2584 3414 2653 Qua
3454 2585 3512 2640 in
3546 2601 3607 2640 re
3647 2601 3805 2641 nemo

2200 2678 2428 2733 miretur
2474 2692 2599 2732 eum
2645 2674 2714 2731 ad
2760 2676 2882 2741 hoc,
2918 2675 3060 2746 quod
3104 2688 3317 2730 summo
3365 2675 3483 2746 ipse
3527 2676 3803 2748 desiderio

2199 2768 2457 2840 optabat,
2490 2775 2546 2823 et
2592 2766 2696 2822 sibi
2726 2766 3118 2838 repromissum
3158 2768 3382 2838 putabat
3405 2808 3421 2833 ,
3470 2768 3799 2840 martyrium

2200 2874 2307 2914 non
2336 2859 2678 2929 pervenisse;
2711 2859 2839 2929 quia
2881 2874 2982 2914 nec
3012 2859 3116 2914 hoc
3150 2856 3250 2913 sibi
3292 2857 3602 2929 pollicitum
3646 2859 3801 2928 juxta

2203 2947 2362 3018 hujus
2391 2950 2625 3006 nominis
2659 2949 3162 3020 interpretationem
3198 2948 3481 3020 probatur.
3533 2949 3604 3005 Et
3653 2961 3797 3006 certe

2203 3049 2415 3113 poterat
2439 3042 2491 3098 in
2523 3052 2748 3116 accepto
2771 3042 3015 3115 corporis
3027 3043 3286 3117 martyrio
3312 3042 3495 3117 aliqua
3528 3043 3675 3100 forte
3692 3061 3797 3101 suae

2202 3133 2369 3189 menti
2400 3132 2561 3190 elatio
2588 3135 2881 3205 subrepere
2907 3151 2920 3187 :
2953 3133 3095 3203 quod
3122 3141 3181 3187 ut
3207 3143 3514 3200 caveretur,
3574 3136 3679 3191 hoc
3721 3134 3798 3191 di-

2201 3225 2327 3279 vina
2373 3224 2660 3295 prudentia
2693 3232 2749 3279 et
2777 3223 3067 3295 Spopondit
3091 3232 3148 3278 et
3187 3225 3494 3289 concessit;
3546 3224 3799 3280 videlicet

504 3318 640 3374 pace
670 3303 926 3360 Ecclesiae
953 3304 1252 3371 occultum,
1277 3304 1512 3360 alterum
1539 3304 1933 3375 persecutionis
1960 3306 2096 3361 ιιι-ιε·
2121 3303 2168 3366 C
2199 3320 2260 3367 ut
2289 3311 2496 3368 meritis
2526 3312 2643 3368 suis
2668 3311 2801 3368 nihil
2830 3312 3191 3380 minueretur,
3235 3322 3292 3368 et
3331 3312 3640 3377 humilitati,
3673 3330 3803 3385 qua

505 3396 629 3451 culo
658 3395 947 3465 ingruente
973 3395 1323 3455 manifestum
1347 3410 1363 3449 t
1390 3405 1682 3466 utrumque
1709 3396 1984 3459 voluntate
2013 3405 2098 3452 te-

505 3487 667 3552 nuit;
714 3487 782 3542 ad
807 3487 1039 3544 alterum
1067 3486 1258 3544 eﬂ’ectu
1297 3489 1568 3560 pervenit.
1618 3488 1756 3557 Quia
1793 3490 1936 3544 enim
1968 3504 2103 3560 quo-

505 3578 640 3633 tidie
663 3592 878 3650 semper
905 3580 1196 3652 lacrymas,
1228 3581 1460 3652 vigilias,
1502 3579 1727 3652 jejunis,
1774 3581 1959 3637 carnis
1987 3596 2101 3636 ma-

507 3672 862 3734 ceratiouem.
901 3681 958 3728 et
983 3667 1371 3729 desideriorum
1396 3672 1695 3730 carnalium
1728 3674 2105 3732 mortificatio-t

508 3775 634 3817 nem
660 3762 713 3817 in
735 3778 830 3818 ara
855 3764 1035 3819 cordis
1050 3764 1159 3819 Deo
1180 3766 1474 3830 mactabat,
1495 3766 1817 3836 martyrium
1835 3765 2100 3835 profecto,

509 3854 655 3923 quod
675 3853 827 3922 pacis
867 3862 1108 3925 tempore
1133 3872 1237 3917 non
1267 3857 1462 3927 potuit,
1490 3864 1618 3915 voto
1644 3866 1968 3912 consecutus
1994 3865 2097 3912 est.

511 3942 649 4010 Quia
673 3958 803 3999 vero
826 3945 894 3999 ad
924 3956 1171 4015 apertum
1202 3948 1452 4017 corporis
1490 3948 1812 4019 martyrium
1850 3962 2103 4017 persecu-

513 4031 650 4086 toris
689 4031 793 4085 sibi
820 4031 1034 4086 animus
1062 4047 1168 4087 non
1201 4032 1392 4099 defuit,
1428 4035 1571 4102 quod
1611 4049 1775 4106 opere
1804 4036 1983 4090 minus
2010 4049 2104 4105 po-

513 4123 634 4188 tuit,
662 4122 941 4178 voluntate
958 4126 1185 4196 adeptus
1202 4135 1305 4181 est.
1330 4126 1587 4193 Quamvis
1609 4128 1713 4182 hoc
1732 4142 1946 4198 quoque
1969 4143 2105 4184 mar-

515 4214 714 4286 tyrium
745 4228 910 4286 opere
950 4229 1074 4271 eum
1103 4217 1356 4274 habuisse
1393 4218 1615 4275 omnino
1643 4235 1843 4292 negare
1872 4236 2103 4293 nequea-
2128 4211 2134 4217 ’

515 4321 665 4371 mus,
716 4307 761 4361 si
793 4315 974 4364 tantos
1007 4308 1124 4379 ejus
1146 4323 1245 4379 pro
1285 4310 1514 4367 Domino
1542 4312 1926 4383 laboresjuxta
1961 4314 2103 4385 Apo-

514 4399 714 4454 stolum
773 4402 1150 4468 attendamus,
1205 4403 1257 4458 in
1311 4405 1594 4462 itineribus
1641 4421 1805 4478 same,
1848 4409 2104 4479 periculis

513 4486 834 4556 ﬂuminum,
896 4493 1150 4563 periculis
1212 4494 1523 4563 latronum,
1586 4498 1840 4568 periculis
1891 4514 1955 4556 ex
2013 4516 2105 4572 ge-

515 4593 666 4646 nere,
721 4580 973 4651 periculis
1011 4600 1079 4640 ex
1121 4587 1402 4656 gentibus,
1444 4588 1700 4658 periculis
1750 4591 1805 4646 in
1849 4590 2098 4657 civitate,

2201 3403 2443 3457 omnium
2466 3412 2550 3459 est
2579 3412 2763 3459 custos
2792 3403 3070 3468 virtutum,
3102 3404 3496 3474 provideretur.

2274 3494 2362 3549 74.
2406 3495 2696 3564 Quocirca,
2723 3496 2848 3566 quia
2876 3494 2991 3566 jam
3020 3511 3087 3550 ex
3122 3497 3208 3551 his
3235 3510 3355 3567 quae
3379 3499 3635 3569 superius
3655 3515 3805 3555 com-

2202 3588 2659 3652 memoravimus,
2695 3587 2869 3643 elaret
2922 3597 3138 3658 quantae
3185 3589 3270 3643 vir
3318 3590 3423 3645 iste
3468 3592 3800 3656 sanctitatis,

2202 3679 2391 3749 quanti
2425 3679 2566 3750 apud
2599 3678 2764 3734 Deum
2797 3681 2977 3737 meriti
3005 3680 3197 3746 fuerit;
3228 3691 3399 3737 restat
3426 3692 3483 3737 ut
3513 3685 3663 3739 sicut
3689 3685 3801 3755 ipse

2202 3771 2404 3827 Christi
2430 3772 2670 3827 imitator
2696 3771 2750 3826 in
2782 3772 3033 3827 omnibus
3060 3771 3180 3836 fuit,
3212 3775 3292 3829 sic
3317 3790 3417 3829 nos
3440 3791 3663 3846 quoque
3686 3776 3797 3844 ejus

2206 3862 2503 3918 imitatores
2539 3876 2659 3918 esse
2687 3865 3017 3919 Studeamus.
3064 3865 3158 3920 Sic
3206 3866 3404 3937 quippe
3441 3865 3562 3921 ﬁeri
3605 3870 3798 3938 quibit,

2205 3963 2261 4007 ttt
2289 3963 2341 4009 et
2370 3955 2486 4024 ipse
2509 3970 2725 4025 semper
2750 3969 2922 4025 usque
2952 3956 3019 4010 ad
3057 3958 3593 4014 consummationem
3623 3959 3801 4014 δινευιί

2205 4047 2481 4102 nobiscum
2506 4047 2689 4101 vivere
2715 4048 2887 4119 possit
2907 4049 2958 4102 in
2983 4049 3158 4113 terris,
3176 4058 3237 4104 et
3252 4065 3348 4111 nos
3370 4060 3498 4121 post
3519 4052 3802 4122 praesentis

2203 4136 2328 4192 vita:
2353 4145 2721 4192 transcursum
2744 4151 2869 4192 cum
2896 4151 2962 4193 eo
2993 4138 3046 4192 in
3078 4138 3230 4194 caelis
3254 4140 3440 4195 vivere
3466 4155 3796 4195 intereamur.

2204 4227 2361 4285 Vivet
2385 4244 2618 4300 namque
2647 4229 2929 4286 nobiscum
2972 4230 3024 4285 in
3056 4231 3240 4297 terris,
3282 4233 3333 4287 si
3354 4246 3481 4286 eum
3508 4233 3643 4287 vitae
3679 4248 3796 4289 sau-

2206 4320 2369 4376 ctitas
2414 4328 2467 4374 et
2514 4320 2774 4376 doctrinae
2834 4321 3144 4376 recordatio
3187 4321 3345 4377 nobis
3383 4332 3796 4392 repraesentat:

2202 4409 2448 4464 vivemus
2474 4425 2573 4466 nos
2601 4425 2721 4465 cum
2752 4411 2868 4483 ipso
2894 4412 2949 4467 in
2975 4411 3145 4476 ctelis,
3195 4412 3244 4467 si
3272 4409 3391 4480 ejus
3418 4412 3677 4483 exempla
3730 4430 3804 4466 se-

2203 4514 2454 4576 quentes,
2485 4508 2552 4562 ad
2577 4522 2699 4562 eum
2721 4523 2937 4578 semper
2955 4516 3069 4563 toto
3090 4507 3362 4564 desiderio
3381 4516 3438 4563 et
3460 4516 3576 4562 tuta
3605 4508 3805 4561 virtute

2207 4598 2512 4667 tendamus,
2566 4599 2632 4653 ad
2660 4614 2818 4669 quem
2865 4614 2962 4655 nos
2998 4599 3086 4653 ille
3120 4599 3397 4669 praecessit
3422 4595 3609 4654 Jesum
3643 4596 3805 4653 Chri-

516 4670 772 4762 periculis
810 4673 864 4729 in
894 4674 1202 4745 solitudine,
1240 4679 1495 4749 periculis
1535 4680 1588 4736 in
1632 4683 1800 4745 mari.
1849 4684 2101 4755 periculis
2131 4664 2184 4726 Ῑ)
2209 4700 2351 4747 stum
2390 4664 2694 4757 Dominum
2728 4701 2993 4757 nostrum,
3041 4664 3285 4762 quicum
3310 4690 3472 4746 Patre
3510 4698 3571 4744 et
3597 4689 3808 4760 Spiritu

517 4759 574 4814 in
600 4758 750 4819 falsis
772 4763 1033 4823 fratribus
1062 4786 1075 4820 :
1122 4768 1175 4822 in
1207 4769 1388 4826 labore
1426 4778 1479 4826 et
1517 4788 1783 4841 aerumna,
1827 4775 1881 4830 in
1908 4774 2104 4848 vigiliis

520 4852 727 4921 multis,
758 4856 811 4912 in
839 4856 985 4915 fame
1002 4868 1057 4915 et
1080 4861 1190 4929 siti,
1237 4862 1291 4918 in
1323 4864 1543 4938 jejuniis
1574 4867 1777 4933 multis,
1816 4868 1868 4923 in
1899 4868 2102 4939 frigore

2209 4791 2398 4839 sancto
2426 4785 2559 4839 vivit
2584 4794 2639 4841 et
2668 4793 2855 4858 regnat
2881 4784 3024 4841 Deus
3057 4801 3154 4856 per
3183 4784 3367 4839 omnia
3395 4783 3595 4840 saecula
3631 4799 3804 4841 Siccu-

2211 4877 2404 4937 lorum.
2436 4876 2629 4931 Amen.
