4020 6338
966 639 2949 677 _________________________________,____.___.______._____

343 714 907 994 εἸνΙΤΑ
1072 718 1913 979 εΑΝαΤι
2005 809 3323 997 WILLEHADI

3171 626 3496 645 Μ

1264 1115 1647 1178 EPlSCOPl
1695 1111 2182 1173 BREMENSIS
2232 1111 2498 1175 PRIMI,

980 1298 1478 1410 Auctore
1568 1304 1957 1403 sancto
2026 1288 2715 1449 incohat-io.

1438 1680 1642 1747 (labill.
1661 1677 1833 1730 Annal.
1851 1676 2044 1729 Bened.
2065 1682 2195 1730 tome
2217 1675 2325 1736 IV.)

624 2038 992 2101 PROLOGUS
1029 2037 1377 2098 AUCTORIS
1405 2048 1453 2091 ι.

315 2161 451 2218 Cum
487 2164 796 2214 sanctorum
844 2154 1031 2209 laudes
1074 2162 1128 2208 et
1183 2161 1338 2209 actus
1390 2150 1640 2223 religiosa
1698 2148 1817 2205 iide-

246 2250 379 2310 lium
428 2247 699 2320 depromit
748 2244 982 2310 aii‘ectio,
1032 2243 1308 2299 Christum
1370 2241 1612 2317 profecto
1656 2241 1710 2297 in
1755 2241 1834 2295 eis

248 2341 568 2415 praedicare,
596 2337 869 2392 Christum
912 2336 1099 2395 nititur
1128 2334 1450 2407 gloriﬁcare.
1488 2333 1660 2402 ipsius
1693 2333 1833 2388 enim

250 2434 379 2491 facti
402 2440 530 2489 sunt
557 2431 757 2487 virtute
786 2429 1040 2493 victores,
1070 2428 1223 2499 cujus
1252 2427 1425 2498 gratia
1467 2425 1675 2496 probati
1719 2423 1836 2478 fue-

251 2535 376 2583 rant
413 2526 464 2580 in
496 2523 636 2581 bona
666 2521 1080 2579 conversatione
1126 2519 1331 2577 lldeles.
1384 2518 1573 2574 Gratia
1606 2530 1838 2586 namque

252 2620 347 2676 Dei
376 2616 671 2673 secundum
698 2613 1015 2685 Apostolum
1041 2620 1166 2667 sunt
1213 2611 1387 2665 sancti
1428 2608 1568 2680 quod
1599 2618 1743 2664 sunt.
1775 2608 1841 2663 Et

251 2707 377 2778 quia
402 2705 575 2779 gratia
605 2701 779 2773 ipsius
799 2716 1019 2772 semper
1043 2708 1127 2756 est
1158 2701 1317 2764 bona,
1344 2713 1441 2769 per
1463 2699 1601 2753 hanc
1625 2712 1840 2767 quoque
1959 2722 1967 2727 ι

254 2803 393 2859 ﬁunt
414 2801 665 2859 homines
698 2797 995 2855 voluntatis
1022 2796 1194 2851 bona.
1253 2795 1369 2864 Ipsa
1408 2807 1624 2863 quoque
1653 2791 1749 2847 Dei
1781 2791 1844 2845 iit

254 2891 448 2965 gratia,
486 2899 545 2946 ut
570 2890 687 2960 ipsa
725 2888 865 2943 bona
916 2887 1165 2942 voluntas
1206 2884 1461 2954 quaejam
1503 2880 1671 2952 erepit
1697 2895 1839 2944 esse,

258 2992 518 3057 augeatur
569 2984 622 3038 in
654 2981 798 3036 bono
830 2987 925 3036 :et
962 2981 1035 3034 ita
1080 2977 1377 3034 crescendo
1423 2975 1839 3046 multiplicetur,

260 3092 365 3147 quo
390 3074 560 3149 possit
589 3073 770 3144 justus
801 3070 1028 3142 quilibet
1069 3070 1247 3125 divina
1290 3068 1515 3138 implere
1543 3066 1795 3121 mandata
1822 3081 1836 3131 ;

260 3185 380 3241 quae
410 3168 658 3232 voluerit,
709 3165 867 3236 plene
911 3162 1255 3234 perfecteque
1281 3161 1531 3216 voluerit.
1564 3158 1843 3214 Laudandi

261 3264 442 3335 itaque
466 3268 592 3318 sunt
634 3257 809 3315 sancti
863 3265 1085 3329 propter
1137 3257 1274 3309 bona
1329 3253 1523 3308 merita
1580 3252 1842 3322 ipsorum,

1852 2037 1906 2099 Α
1932 2035 2034 2090 tari
2061 2043 2224 2103 atque
2251 2032 2497 2103 adjuvari
2523 2048 2718 2104 nempe
2744 2031 3115 2089 indubitanter
3157 2041 3319 2103 atque
3342 2031 3517 2090 ﬁdeli-

1935 2135 2020 2181 ter
2040 2125 2233 2181 credit.
2267 2125 2420 2182 Unde
2441 2134 2495 2185 et
2522 2142 2621 2181 nos
2650 2126 2793 2183 beati
2814 2126 2984 2196 patris
3004 2126 3173 2180 nostri
3201 2123 3518 2192 Willebadi,

1934 2215 2095 2286 primi
2127 2215 2435 2272 Bremensis
2471 2216 2727 2273 Ecclesiae
2753 2216 3012 2287 episcopi,
3052 2216 3359 2287 religiosam
3384 2226 3438 2273 et
3466 2218 3521 2273 in

1935 2307 2187 2362 omnibus
2229 2307 2339 2362 Deo
2364 2309 2613 2363 devotam
2641 2310 2863 2379 dignum
2894 2309 3147 2367 duximus
3175 2310 3524 2369 conscribere

1936 2398 2141 2454 vitam:
2178 2413 2285 2468 quo
2332 2399 2662 2468 triumphum
2695 2401 2910 2456 virtutis
2947 2399 3066 2470 ejus
3090 2411 3430 2469 enarrantes,
3467 2409 3525 2459 et

1938 2489 2179 2545 divinam
2220 2490 2574 2559 praedicamus
2623 2490 2680 2547 in
2726 2505 2793 2547 eo
2826 2491 3078 2562 gloriam,
3121 2499 3178 2555 et
3216 2490 3522 2563 exemplum

1938 2581 2245 2647 sanctitatis
2263 2580 2380 2651 eius
2404 2582 2474 2638 ad
2502 2581 2824 2647 imitandum
2850 2583 2974 2643 aliis
3006 2598 3399 2655 proponamus.

2452 2714 2681 2775 CAPUT
2716 2717 3005 2776 PRIMUM.

2207 2826 2285 2882 De
2303 2829 2474 2899 patria
2505 2830 2637 2903 ejus,
2668 2841 2718 2886 et
2745 2831 2873 2903 quid
2901 2833 2955 2887 in
2984 2850 3045 2888 ea
3066 2831 3245 2905 egerit.

2015 2960 2138 3017 Fuit
2167 2961 2352 3032 itaque
2377 2962 2464 3019 vir
2491 2965 2820 3023 venerabilis
2857 2966 2927 3021 de
2945 2973 3105 3037 gente
3128 2967 3425 3039 Anglorum
3459 2983 3524 3024 es

1945 3049 2359 3118 Nordbumbris,
2402 3053 2623 3110 nomine
2651 3054 3004 3123 Willebadus,
3054 3056 3144 3128 qui
3191 3059 3262 3113 ab
3301 3057 3533 3123 infantia

1945 3140 2117 3195 sacris
2134 3140 2381 3196 eruditus
2394 3141 2590 3199 litteris
2610 3158 2676 3200 ac
2701 3145 3034 3214 spiritalibus
3056 3147 3528 3206 instructusdisci-

1948 3229 2132 3297 plinis,
2170 3229 2409 3287 studiose
2438 3232 2493 3287 in
2520 3232 2617 3288 Dei
2645 3233 2812 3302 carpit
2838 3234 3049 3290 cultura
3074 3236 3278 3302 vivere,
3313 3245 3369 3295 et
3389 3236 3532 3308 jeju-

263 3321 503 3426 qulnimo
538 3353 711 3423 magis
737 3352 790 3406 in
818 3321 898 3411 eis
920 3321 1169 3405 Christus
1201 3356 1288 3401 est
1326 3321 1644 3408 laudandus,
1693 3341 1848 3411 cujus

1956 3321 2078 3387 niis,
2108 3321 2303 3393 vigiliis
2325 3329 2489 3393 atque
2511 3324 2980 3383 obsecrationibus
3014 3325 3101 3380 die
3130 3334 3399 3397 noctuque
3440 3327 3520 3383 in-

264 3411 439 3517 gratia
466 3411 850 3517 perceperunt,
880 3438 1090 3494 utboni
1137 3451 1201 3492 ac
1245 3434 1418 3492 sancti
1470 3433 1667 3489 ﬂerint.
1712 3432 1844 3501 Quae

1956 3421 2146 3477 tentus,
2176 3414 2228 3467 in
2261 3413 2355 3468 Dei
2379 3414 2764 3485 omnipotentis
2792 3416 3013 3477 servitio
3037 3416 3263 3475 devotus
3280 3418 3530 3477 exstitit:

265 3543 444 3591 tamen
490 3534 665 3589 laudis
707 3532 977 3603 prmconia
1029 3545 1152 3586 cum
1182 3528 1368 3584 multis
1406 3527 1458 3581 in
1488 3527 1591 3581 hae
1622 3527 1730 3580 vita
1756 3527 1845 3597 pie

269 3626 624 3700 religioseque
671 3624 977 3680 viventibus
1028 3622 1265 3678 fidelium
1319 3620 1604 3676 devotione
1650 3619 1849 3675 merito

268 3718 680 3791 impertiamus;
731 3714 923 3771 melius
968 3723 1146 3770 tamen
1194 3726 1259 3767 ac
1308 3709 1683 3766 rationabilius
1727 3716 1850 3780 post

268 3808 407 3865 bene
434 3815 712 3879 peractam
741 3822 806 3861 ac
833 3805 1065 3861 feliciter
1091 3809 1520 3860 consummatam
1550 3799 1711 3870 huius
1748 3816 1851 3856 sae-

269 3901 375 3956 culi
407 3898 922 3970 periculusissimam
954 3898 1116 3952 vitam
1150 3897 1353 3953 sanctis
1377 3895 1701 3952 exhibentur
1749 3894 1849 3949 ho-

272 3991 528 4045 minibus.
546 3989 681 4058 Quia
714 3997 842 4044 tunc
867 3989 1209 4060 potissimum
1226 3988 1567 4043 sanctitatem
1589 3986 1851 4057 cujusque

270 4082 522 4137 convenit
543 4080 803 4136 extollere
823 4096 887 4137 ac
916 4082 1229 4152 praedicare,
1256 4082 1472 4151 quando
1500 4095 1601 4135 nec
1621 4081 1712 4152 qui
1736 4080 1853 4134 lau-

270 4175 431 4230 datur
445 4173 687 4230 elatione
716 4174 931 4236 tentari,
970 4188 1069 4231 nec
1100 4174 1322 4229 laudans
1350 4173 1657 4229 adulatione
1696 4180 1852 4243 pote-

272 4264 346 4320 rit
374 4265 571 4322 notari.
614 4264 767 4321 Unde
788 4272 843 4319 et
864 4279 984 4320 mos
1011 4273 1212 4320 sanetae
1240 4263 1496 4320 Ecclesia;
1511 4262 1854 4332 iustissimus

274 4355 515 4420 inolevit,
546 4362 607 4409 ut
634 4363 945 4410 sanctorum
977 4355 1067 4425 qui
1108 4355 1162 4409 in
1191 4356 1294 4409 hac
1331 4356 1442 4408 vita
1492 4353 1770 4408 miraculis
1800 4360 1857 4406 et

275 4447 398 4504 iidei
423 4446 707 4504 devotione
734 4460 799 4500 ac
819 4446 1082 4500 bonorum
1115 4459 1335 4516 operum
1365 4444 1698 4516 perfectione
1720 4442 1855 4499 clari

275 4558 339 4599 ac
363 4539 661 4598 laudabiles
678 4539 1022 4605 exstiterunt,
1046 4546 1167 4611 post
1189 4553 1378 4593 eorum
1397 4538 1695 4595 discessum
1719 4552 1853 4593 con-

278 4635 511 4693 versatio
533 4648 599 4691 ac
624 4632 949 4704 religiositas
991 4628 1330 4693 describatur
1360 4650 1373 4686 :
1406 4640 1464 4686 ut
1503 4632 1707 4705 posteri
1753 4633 1855 4693 ha-

275 4729 439 4784 beant
466 4728 519 4785 in
563 4740 673 4796 quo
700 4725 1006 4796 exemplum
1041 4723 1259 4781 virtutis
1289 4723 1590 4789 imitentur,
1620 4723 1857 4780 habeant

277 4818 440 4873 etiam
467 4817 520 4880 in
555 4831 663 4889 quo
685 4816 914 4890 gratiam
939 4816 1133 4871 divinae
1159 4814 1523 4870 miserationis
1561 4822 1858 4869 conlueano

282 4915 370 4962 tur
402 4924 414 4965 :
461 4919 561 4969 nec
598 4906 883 4983 desperent
919 4918 977 4960 se
1004 4918 1159 4976 posse
1188 4918 1308 4976 quae
1337 4903 1475 4958 forte
1503 4902 1857 4975 impossibilia

282 4997 625 5063 videbantur,
655 5013 777 5055 cum
800 4997 916 5052 haec
941 4998 993 5052 in
1023 4997 1129 5052 illis
1157 5006 1382 5052 cernant
1421 4997 1662 5066 impleta,
1708 5011 1858 5066 quie-

279 5105 408 5161 que,
439 5098 500 5145 ut
539 5090 661 5161 ipsi,
699 5088 875 5160 fragili
925 5088 1013 5144 hic
1036 5103 1201 5143 carne
1239 5085 1581 5152 circumdati,
1613 5087 1746 5141 mira
1780 5093 1861 5139 at-

283 5197 387 5253 que
412 5181 609 5241 eximia
643 5180 821 5237 divina
850 5178 1016 5250 adjuti
1054 5179 1225 5250 gratia
1274 5185 1673 5250 perpetrarunt.
1723 5176 1859 5237 Cum

286 5288 417 5329 vero
438 5273 555 5328 haec
580 5287 610 5327 a
646 5271 893 5328 ﬁdelibus
932 5273 1142 5328 cunctis
1180 5271 1304 5343 jure
1344 5269 1703 5340 impendenda
1753 5268 1864 5323 sint

286 5364 511 5429 sanctis,
534 5363 677 5420 illius
722 5363 972 5419 videlicet
1011 5376 1257 5433 superna:
1300 5362 1491 5433 patriae
1538 5360 1865 5416 beatissimis

288 5458 527 5525 civibus;
558 5457 868 5528 diligentius
898 5464 1075 5511 tamen
1108 5457 1213 5512 hoc
1237 5454 1605 5527 unusquisque
1636 5452 1738 5508 illis
1769 5469 1865 5508 ex-

288 5551 477 5617 hibere
505 5551 747 5619 debebit,
775 5564 1005 5628 quorum
1034 5548 1350 5621 patrociniis
1381 5546 1667 5619 specialius
1693 5562 1752 5601 se
1780 5554 1867 5599 tu-

362 5722 390 5759 ι
419 5710 698 5781 Philippus
742 5708 924 5781 Gaesar
963 5706 1091 5763 hinc
1127 5715 1377 5781 numerat
1404 5713 1563 5781 caput
1604 5705 1860 5781 primum2

293 5775 661 5851 eamdemque
690 5776 1047 5851 capitulorum
1077 5777 1271 5833 seriem
1300 5775 1545 5847 producit
1586 5790 1753 5846 usque
1794 5775 1860 5831 ad

224 5873 231 5881 ο
293 5852 460 5911 ﬁnem
485 5848 607 5907 libri
635 5850 702 5906 de
727 5848 1014 5920 Miraculis.

1885 4773 1931 4836 C

1951 3504 2273 3574 fueruntque
2299 3503 2418 3573 ejus
2442 3513 2559 3561 acta
2584 3507 2794 3569 cunctis
2820 3507 2930 3563 illic
2967 3508 3359 3576 habitantibus,
3390 3511 3533 3566 sicut

1953 3597 2178 3651 honesta
2208 3604 2264 3651 et
2294 3598 2457 3662 bona,
2486 3598 2560 3652 ita
2587 3608 2803 3668 quoque
2838 3599 3089 3654 a‘mabilia
3120 3607 3177 3654 et
3221 3599 3529 3657 laudabilia.

1952 3688 2162 3757 Quique
2207 3688 2370 3742 etiam
2402 3687 2727 3744 succedente
2771 3698 2950 3755 aetate,
2997 3671 3317 3746 cunctorum
3343 3690 3530 3749 favore

1952 3793 2051 3849 per
2078 3779 2360 3838 electionis
2385 3780 2639 3852 gratiam,
2677 3780 2875 3839 ibidem
2898 3781 2964 3837 ad
2999 3783 3258 3841 honorem
3286 3790 3370 3841 est
3409 3798 3535 3854 pro-

1952 3877 2139 3927 vectus
2184 3870 2573 3929 sacerdotalem
2619 3889 2632 3926 :
2679 3872 2823 3942 quod
2857 3872 2947 3929 ille
2992 3874 3295 3930 sanctitatis
3320 3874 3532 3939 merito.

1954 3980 2019 4020 ac
2051 3963 2337 4034 praecipuis
2384 3964 2649 4020 bonorum
2693 3979 2920 4035 operum
2953 3967 3232 4023 exercitiis
3261 3968 3434 4040 magis
3469 3984 3536 4027 ac

1955 4056 2128 4128 niagis
2153 4071 2368 4126 semper
2394 4071 2662 4113 exemere
2697 4066 2859 4127 atque
2880 4068 3229 4130 augmentare
3257 4060 3533 4119 studebat.

1955 4147 2198 4229 Denique
2244 4158 2464 4218 accepta
2510 4150 2918 4209 consecratione
2956 4151 3303 4223 presbyterii,
3334 4152 3542 4215 audivit

1954 4245 2098 4315 quod
2126 4242 2394 4300 Fresones
2420 4252 2583 4314 atque
2608 4243 2871 4307 Saxones,
2917 4243 3100 4314 populi
3150 4245 3413 4303 hactenus
3457 4247 3540 4301 il-

1956 4335 2159 4391 creduli
2190 4344 2352 4405 atque
2389 4335 2602 4405 pagani,
2636 4333 2823 4390 relicta
2852 4320 3119 4391 idolorum
3146 4335 3384 4400 cultura,
3413 4335 3538 4392 lldei

1958 4426 2240 4481 catholicae
2269 4426 2667 4495 quodammodo
2688 4424 3115 4496 jamompissent
3140 4425 3349 4484 ambire
3375 4427 3538 4483 mini-

1959 4519 2145 4582 steria,
2175 4534 2237 4573 ac
2262 4518 2513 4587 baptismi
2556 4526 2897 4573 sacramento
2940 4519 3229 4574 vetustatis
3277 4529 3542 4589 cuperent

1962 4612 2185 4669 maculis
2231 4610 2533 4666 emundari.
2589 4609 2702 4666 Hoc
2746 4610 2929 4681 itaque
2964 4610 3171 4676 audito,
3228 4626 3425 4683 magno
3458 4611 3545 4668 vir

1962 4702 2055 4761 Dei
2090 4702 2325 4773 repletus
2353 4709 2435 4757 est
2455 4701 2652 4771 gaudio
2681 4720 2693 4754 :
2726 4710 2780 4757 et
2808 4700 2999 4757 intimo
3037 4715 3329 4757 succensus
3355 4717 3543 4758 amore

1965 4793 2236 4847 inhianter
2259 4806 2503 4863 quzerere
2529 4792 2713 4861 cmpit,
2742 4790 2981 4861 qualiter
3002 4804 3101 4861 pro
3132 4791 3224 4847 Dei
3268 4805 3455 4847 amore
3481 4791 3545 4847 ilo

1968 4885 2046 4940 las
2074 4885 2126 4938 in
2154 4892 2335 4953 partes
2363 4898 2482 4939 sese
2506 4882 2844 4939 transferret.
2871 4883 2938 4937 Et
2960 4883 3090 4955 quia
3118 4881 3304 4939 divino
3348 4883 3541 4939 instin-

1967 4989 2085 5037 ctus
2114 4977 2318 5050 Spiritu
2352 4993 2541 5035 servus
2569 4977 2663 5033 Dei
2704 4975 3074 5046 hujuscemodi
3107 4976 3222 5031 zelo
3246 4973 3312 5031 de
3353 4975 3441 5032 die
3488 4976 3544 5031 in

1967 5074 2107 5128 diem
2135 5070 2546 5134 exardescebat,
2589 5086 2695 5127 non
2745 5071 2918 5141 potuit
2961 5070 3181 5129 lucerna
3207 5083 3436 5133 accensa
3468 5067 3549 5124 la-

1970 5172 2082 5220 tere
2111 5165 2210 5221 sub
2258 5164 2437 5218 modio
2482 5163 2534 5217 iu
2583 5164 2849 5229 tenebris;
2897 5164 2990 5218 sed
3038 5164 3217 5233 posita
3265 5172 3351 5220 est
3387 5175 3550 5233 super

1968 5256 2375 5321 candelabrum,
2413 5263 2471 5309 ut
2518 5254 2722 5311 luceret
2757 5253 2933 5326 palam
2986 5257 3260 5323 omnibus,
3310 5255 3401 5325 qui
3461 5249 3550 5308 vel

1971 5359 2099 5405 tunc
2125 5349 2207 5405 vel
2232 5348 2396 5405 futuri
2424 5356 2581 5403 erant
2606 5347 2658 5403 in
2686 5347 2847 5403 domo
2870 5348 3101 5405 Domini.
3143 5347 3388 5403 Accessit
3414 5360 3548 5419 ergo

1971 5442 2039 5498 ad
2066 5455 2244 5512 regem
2270 5440 2361 5509 qui
2395 5447 2521 5493 tunc
2544 5439 2803 5508 temporis
2839 5439 2893 5493 ln
2934 5448 3095 5512 gente
3121 5437 3419 5507 Anglorum
3449 5437 3548 5492 do-

1974 5534 2298 5599 minabatur,
2315 5532 2529 5617 nomine
2553 5530 2870 5600 Alachratb,
2895 5539 3070 5603 etquo
3083 5532 3149 5586 ad
3169 5530 3383 5586 Domini
3406 5536 3553 5587 esset

2035 5700 2063 5740 ιδ
2100 5696 2323 5753 Rectius
2348 5710 2511 5766 quam
2544 5698 2683 5767 apud
2702 5698 2971 5767 Joannem
3008 5708 3042 5767 a_
3072 5688 3548 5767 Leidisglachart,

1964 5770 2104 5841 apud
2127 5761 2999 5841 Surium_eorrupt'e}lachintun_t.
3026 5764 3076 5819 ls
3099 5763 3239 5841 apud
3253 5761 3492 5841 Turgotu

1965 5833 2018 5899 in
2050 5840 2141 5896 lib.
2172 5854 2209 5893 ιι
2237 5839 2303 5894 de
2334 5833 2575 5899 Ecclesia
2624 5834 2969 5893 Dunelmensi
2990 5875 3007 5901 ,
3048 5833 3167 5911 cap.
3210 5833 3245 5888 4
3270 5873 3288 5902 ,
3328 5833 3388 5891 et
3407 5848 3510 5912 apu
