4020 6338
501 393 639 449 1015

1507 391 1876 450 ANSCHARII
1915 391 2456 451 HAMBURGENSIS
2490 395 2799 454 EPISCOPI

3662 407 3830 460 1016

499 509 780 568 servitium
825 507 939 562 zelo
983 519 1267 571 accensus,
1307 503 1384 560 illi
1419 504 1843 577 lacrymabiliter
1867 503 2084 559 intima-
2113 507 2164 565 Α
2191 504 2418 560 subsidii
2457 519 2676 576 sperare
2719 507 2990 564 solatium.
3027 507 3146 576 Quo
3183 512 3377 567 audito
3400 529 3535 584 gens
3577 515 3709 570 fera
3765 524 3828 572 et

498 603 598 668 vit,
626 601 922 672 petivitque
960 607 1023 654 ut
1071 597 1188 668 ejus
1234 600 1500 670 permissu
1549 609 1712 671 atque
1754 599 1971 655 licentia
2018 598 2084 654 ad

499 691 900 769 praedicandum
933 691 1155 746 verbum
1187 692 1400 748 Domini
1430 691 1638 761 patrias
1657 689 1770 759 jam
1802 690 2085 762 praedictas

499 787 603 846 sibi
631 785 783 841 adire
809 784 1018 840 liceret.
1045 783 1146 852 Qui
1173 792 1452 856 comperta
1478 783 1595 854 ejus
1620 782 1962 838 sanctissima
1991 796 2088 837 vo-

498 876 731 941 luntate,
762 882 1062 930 convocato
1106 875 1173 930 ad
1221 889 1280 930 se
1323 875 1699 944 episcoporum
1750 874 2086 944 aliorumque

498 969 597 1026 Dei
623 983 905 1024 servorum
940 983 1047 1023 non
1081 967 1306 1022 minimo
1335 977 1628 1034 conventu,
1677 983 1862 1023 coram
1913 969 2087 1024 omni-

496 1061 603 1117 bus
627 1059 745 1130 ejus
769 1059 1225 1116 ferventissimam
1250 1060 1546 1115 insinuavit
1567 1059 1932 1127 devotionem,
1975 1076 2089 1117 om-

498 1153 759 1224 niumque
779 1154 896 1225 pari
923 1168 1192 1210 consensu
1220 1154 1441 1226 (quippe
1482 1155 1609 1224 quia
1637 1163 1691 1209 et
1712 1156 1924 1211 cunctis
1947 1154 2089 1224 jam-

497 1245 709 1315 pridem
735 1245 976 1316 ejusdem
1003 1245 1149 1302 beati
1177 1245 1282 1300 viri
1324 1245 1620 1316 probabilis
1656 1245 1918 1301 sanctitas
1964 1244 2086 1317 fuit)

497 1351 626 1392 eum
653 1352 899 1408 supernae
920 1337 1357 1393 commendatum
1380 1341 1568 1409 gratia:
1589 1339 1655 1394 ad
1691 1340 1948 1409 praedicta
1972 1339 2087 1394 loca

497 1445 663 1486 causa
696 1430 1027 1502 praedicandi
1061 1431 1288 1487 verbum
1317 1430 1529 1486 Domini
1560 1430 1873 1486 destinavit.

1130 1562 1357 1620 CAPUT
1395 1563 1458 1618 ll.

500 1657 776 1723 Quomodo
809 1657 866 1711 in
885 1653 1130 1712 Fresiam
1153 1657 1348 1712 venerit
1371 1698 1385 1722 ,
1424 1667 1470 1712 et
1496 1658 1756 1728 quomodo
1781 1675 1862 1713 res
1891 1659 1940 1714 ei
1964 1675 2089 1714 oro-

1019 1728 1199 1782 ccdere
1234 1728 1305 1782 ibi
1336 1730 1561 1799 coeperit.
1768 1754 1776 1759 -

571 1840 744 1908 Quam
775 1840 863 1896 ille
889 1839 1383 1911 peregrinationem
1405 1839 1766 1896 libentissimo
1797 1841 2094 1912 suscipiens
2126 1871 2172 1929 Β

499 1930 710 1995 animo,
739 1931 1062 2000 quantocius
1092 1945 1243 1984 mare
1280 1931 1425 2002 quod
1467 1939 1587 1987 erat
1628 1932 1881 2003 adjacens
1912 1940 2095 1988 trans-

499 2025 738 2089 meavit,
780 2025 1035 2094 venitque
1084 2027 1138 2080 in
1179 2026 1421 2082 Fresiam
1463 2027 1532 2082 ad
1563 2027 1739 2083 locum
1777 2029 1870 2099 qui
1900 2028 2099 2084 dicitur

499 2113 850 2187 Docyncyrea
882 2129 930 2181 α,
964 2117 1108 2186 quOd
1151 2125 1234 2172 est
1278 2117 1333 2172 in
1381 2133 1521 2189 pago
1558 2117 1896 2186 Hostracha;
1927 2121 2018 2175 ubi
2043 2129 2098 2176 et

499 2207 736 2263 domnus
756 2207 1067 2263 Bonifacius
1087 2207 1494 2279 episcopusjam
1517 2208 1643 2264 olim
1669 2209 1930 2281 martyrio
1944 2225 2098 2266 coro-
2118 2221 2119 2224 ‘

495 2310 661 2355 natus
692 2299 890 2356 fuerat.
927 2301 1006 2358 lbi
1047 2317 1176 2373 ergo
1214 2318 1337 2357 cum
1377 2317 1476 2373 per
1509 2302 1947 2372 praedicationem
1980 2321 2097 2360 me-

495 2393 696 2448 morati
726 2394 987 2466 martyris
1025 2394 1180 2448 multi
1210 2401 1368 2449 antea
1400 2394 1468 2448 ad
1508 2394 1666 2448 {idem
1703 2394 1954 2451 instructi
1982 2396 2098 2451 fue-

495 2496 642 2554 rant,
669 2503 792 2543 cum
824 2503 1020 2558 magno
1043 2488 1110 2543 ab
1129 2487 1209 2544 eis
1229 2495 1313 2544 est
1334 2487 1542 2544 honore
1569 2497 1886 2558 susceptus:
1918 2489 2099 2558 ibique

497 2579 700 2634 docens
742 2593 807 2634 ea
851 2594 974 2648 quae
1000 2577 1097 2634 Dei
1140 2586 1303 2644 sunt,
1335 2577 1507 2633 multo
1535 2585 1778 2649 tempore
1812 2578 2095 2635 habitavit.

495 2667 634 2724 Nam
673 2677 730 2726 et
766 2668 985 2741 plurimi
1022 2669 1282 2724 nobilium
1311 2667 1548 2724 infantes
1590 2683 1718 2724 suos
1747 2669 1849 2740 ipsi
1883 2671 1950 2725 ad
1975 2685 2100 2726 eru-

496 2762 753 2818 diendum
795 2761 997 2818 ibidem
1041 2761 1428 2817 tradiderunt:
1471 2775 1607 2832 quos
1653 2761 1742 2817 ille
1781 2771 1891 2816 tam
1935 2764 2098 2818 verbo

497 2854 756 2912 doctrinae
777 2895 793 2920 ,
825 2869 988 2926 quam
1037 2855 1285 2924 exemplo
1318 2855 1422 2925 piae
1465 2853 1898 2911 conversationis
1924 2855 1992 2910 ad
2019 2855 2099 2910 di-

496 2948 679 3002 vinum
698 2947 900 3016 jugiter
918 2947 1181 3003 incitabat
1207 2961 1446 3001 amorem
1468 2988 1484 3013 ,
1516 2947 1822 3018 multosque
1852 2957 2098 3004 errantes

495 3040 625 3097 olim
655 3055 686 3093 a
714 3039 820 3095 fide
856 3039 925 3094 ad
952 3053 1137 3093 veram
1170 3047 1228 3094 et
1257 3039 1584 3095 catholicam
1612 3041 1888 3096 revocavit
1924 3042 2098 3097 scien-

498 3138 650 3202 tiam,
683 3148 849 3204 seque
875 3132 1173 3189 maximum
1213 3132 1394 3188 lumen
1429 3147 1678 3205 superna:
1713 3133 1978 3190 claritatis
2004 3151 2097 3192 eo-

2189 595 2511 654 idololatriis
2550 599 2777 654 nimium
2839 601 3056 668 dedita,
3117 602 3173 657 in
3219 604 3300 658 ira
3345 621 3542 678 magna
3587 609 3824 678 pariter

2187 702 2375 744 omnes
2401 690 2642 754 excitati,
2671 691 2974 747 stridebant
2994 691 3245 749 dentibus
3273 695 3326 750 iu
3349 711 3497 763 eum,
3521 699 3817 767 dicentes,

2187 795 2296 836 non
2343 779 2541 836 debere
2585 781 2869 852 profanum
2918 783 3129 854 longius
3195 787 3408 854 vivere;
3471 789 3586 845 imo
3641 808 3816 848 reum

2187 886 2310 928 esse
2336 871 2548 944 mortis,
2578 874 2668 942 qui
2695 883 2802 929 tam
2827 875 3088 946 sacrilega
3120 886 3307 932 contra
3343 879 3474 934 deos
3499 896 3635 936 suos
3663 882 3818 936 invi-

2189 961 2458 1018 ctissimos
2497 962 2745 1034 proferre
2784 967 3220 1036 praesumpsisset
3259 968 3495 1039 eloquia.
3558 971 3812 1038 Quidam

2188 1063 2370 1110 tamen
2397 1055 2538 1111 inter
2560 1072 2653 1111 eos
2687 1058 2891 1112 saniori
2935 1058 3162 1113 consilio
3202 1061 3504 1115 suadebant
3553 1065 3808 1127 ceteris,

2191 1147 2452 1213 dicentes,
2477 1148 2715 1218 ignotam
2749 1149 2851 1204 sibi
2879 1151 3017 1205 hanc
3043 1166 3165 1207 esse
3195 1152 3472 1224 religionis
3519 1171 3804 1219 normam,

2190 1248 2372 1294 utrum
2403 1254 2472 1294 ex
2502 1240 2683 1295 divina
2707 1241 2779 1296 sit
2807 1241 3090 1298 voluntate
3116 1245 3421 1315 proposita;
3454 1246 3634 1300 virum
3656 1265 3808 1318 quo—

2191 1348 2297 1404 que
2317 1335 2493 1404 ipsum
2521 1333 2653 1389 nulli
2679 1350 2905 1405 prorsus
2926 1337 3221 1392 obnoxium
3249 1339 3496 1404 crimini,
3522 1356 3634 1410 qua
3653 1341 3725 1396 de
3750 1355 3810 1395 re

2192 1442 2294 1483 nec
2309 1437 2565 1498 oportere
2584 1444 2709 1484 eum
2729 1437 2836 1484 tam
2853 1429 3016 1485 dubia
3039 1446 3172 1486 nece
3201 1432 3398 1501 perire,
3415 1448 3608 1487 verum
3626 1437 3809 1503 magis

2193 1519 2510 1575 mittendam
2555 1537 2674 1577 esse
2714 1529 2915 1577 sortem
2941 1534 2990 1588 ο,
3015 1537 3122 1591 quo
3147 1524 3623 1580 demonstraretur
3650 1529 3805 1582 caeli-

2195 1619 2301 1675 tus,
2339 1627 2408 1665 an
2439 1612 2634 1683 dignus
2676 1620 2825 1668 esset
2873 1613 3094 1668 interitu
3121 1632 3134 1667 :
3161 1614 3244 1668 sin
3277 1614 3412 1670 alias
3439 1625 3500 1669 ut
3549 1618 3806 1671 dimitte-

2195 1713 2317 1760 rent
2349 1721 2472 1760 eum
2504 1705 2757 1772 liberum,
2781 1713 2837 1761 et
2857 1705 2960 1776 ipsi
2985 1707 3038 1760 in
3067 1707 3214 1762 nullo
3237 1709 3474 1777 poenitus
3495 1709 3648 1763 noxii
3678 1725 3808 1778 pm-

2197 1797 2480 1853 bareutur.
2549 1796 2775 1852 Factum
2830 1807 2915 1853 est
2960 1814 3088 1869 ergo
3134 1799 3210 1854 uti
3269 1810 3698 1869 persuaserant,
3742 1816 3808 1855 ae

2201 1889 2496 1945 secundum
2526 1902 2736 1945 morem
2762 1891 3044 1962 gentilium
3071 1893 3236 1947 missa
3267 1901 3350 1948 est
3372 1908 3493 1948 sors
3524 1909 3694 1964 super
3715 1910 3802 1954 eo,

2202 1981 2384 2036 vivere
2414 1996 2482 2034 an
2513 1980 2652 2035 mori
2680 1980 2974 2036 debuisset.
3015 1982 3363 2039 Gubernantc
3397 1984 3583 2054 itaque
3620 1985 3800 2038 divina

2202 2072 2570 2137 Providentia,
2599 2087 2716 2129 sors
2740 2075 2932 2130 mortis
2963 2090 3122 2146 super
3152 2091 3276 2131 eum
3312 2076 3511 2131 cadere
3549 2092 3666 2130 non
3709 2092 3804 2146 po-

2201 2163 2324 2218 tuit.
2363 2162 2704 2234 Quapropter
2727 2180 2828 2221 nec
2853 2181 3047 2221 nocere
3077 2165 3152 2220 illi
3184 2166 3238 2220 in
3267 2165 3448 2236 aliquo
3477 2177 3610 2221 sunt
3643 2169 3758 2221 ausi
3785 2186 3798 2221 :

2201 2256 2295 2312 sed
2326 2257 2460 2312 inito
2483 2257 2726 2323 consilio,
2753 2259 3073 2314 dimiserunt
3092 2274 3215 2312 eum
3237 2275 3266 2312 a
3291 2273 3350 2312 se
3373 2259 3528 2313 abine
3550 2258 3799 2314 illaesum.

2818 2373 3046 2430 CAPUT
3082 2373 3169 2429 lV.

2203 2429 2477 2531 Quomodo
2512 2465 2680 2538 plagis
2719 2474 2770 2520 et
2815 2465 2993 2591 glzdio
3036 2483 3202 2591 e‘wsus
3244 2469 3567 2525 miraculose
3625 2487 3803 2526 screa-

2905 2554 2965 2591 us
3006 2555 3048 2591 δι
3079 2578 3092 2590 .

2905 2554 2965 2591 us
3006 2554 3092 2592 δη.

2271 2667 2373 2735 Qui
2401 2667 2527 2724 inde
2568 2667 2840 2724 transiens
2877 2669 3026 2724 venit
3062 2668 3325 2725 Thrianta
3352 2668 3405 2735 δ,
3442 2670 3638 2742 ibique
3678 2673 3804 2728 dum

2199 2760 2521 2831 pmdicaret
2549 2760 2773 2816 verbum
2820 2761 3070 2828 Domini,
3099 2761 3332 2832 plurima
3363 2762 3666 2818 multitudo
3687 2779 3806 2835 gen-

2198 2852 2374 2909 tilium
2401 2853 2664 2919 credidit,
2716 2867 2782 2908 ac
2807 2853 3064 2923 baptismi
3093 2862 3495 2909 sacramentum
3533 2858 3797 2928 percepit.

2198 2945 2318 3014 Quo
2344 2945 2400 2999 in
2431 2943 2551 3000 loco
2582 2943 2702 3013 ipse
2725 2943 2930 3000 diutius
2956 2945 3273 3011 immorans,
3300 2955 3356 3000 et
3382 2961 3490 3001 non
3516 2949 3800 3004 credentes

2197 3039 2485 3101 instruere,
2519 3037 2686 3092 etiam
2712 3035 2960 3092 credulos
3001 3037 3054 3092 in
3084 3037 3168 3092 via
3205 3038 3452 3094 veritatis
3481 3045 3593 3092 tam
3619 3040 3800 3094 verbis

2198 3148 2359 3203 quam
2396 3140 2452 3188 et
2497 3131 2758 3202 exemplis
2811 3131 3030 3187 sedulus
3085 3131 3441 3188 corroborare
3489 3132 3793 3188 studebat:

496 3229 618 3284 dem
663 3228 720 3282 in
747 3225 869 3282 loco
904 3225 1182 3292 exhibuit;
1214 3225 1496 3298 gentilium
1528 3240 1745 3297 quoque
1765 3227 2094 3298 quampluri-
2122 3241 2166 3303 α
2199 3231 2588 3293 coeperuntque
2628 3223 2846 3294 plurimi
2883 3225 3080 3279 bonam
3115 3224 3281 3279 vitam
3313 3225 3558 3295 magistri
3591 3224 3798 3297 [supple

492 3332 636 3374 mam
684 3325 961 3374 catervam
1005 3315 1173 3372 verbo
1217 3325 1419 3373 sancta:
1455 3315 1858 3387 praedicationis
1895 3317 2092 3373 instru-

493 3421 641 3469 ctam
663 3411 866 3468 ibidem
891 3409 1214 3480 baptizavit.

1109 3543 1340 3602 CAPUT
1375 3543 1464 3601 ΙΙΙ.

495 3659 772 3728 Quomodo
800 3659 1147 3724 occidendus,
1171 3666 1222 3712 et
1254 3667 1393 3714 sorte
1431 3659 1679 3714 diuinitus
1715 3658 1965 3714 liberatus
1997 3660 2086 3716 sit.

561 3773 692 3829 Inde
746 3787 876 3828 vero
918 3771 1217 3841 procedens
1259 3769 1514 3825 transivit
1553 3769 1774 3824 ﬂuvium
1811 3769 2009 3825 Laveke
2035 3770 2087 3836 ι),

491 3867 748 3936 venitque
792 3863 859 3919 ad
908 3863 1086 3920 locum
1138 3863 1230 3933 qui
1269 3863 1469 3919 dicitur
1511 3861 1857 3927 Humarcha,
1909 3862 2090 3932 ibique

490 3957 739 4015 barbaris
763 3957 929 4025 ccepit
961 3971 1158 4011 nomen
1180 3955 1393 4010 Domini
1424 3955 1744 4024 praedicare,
1774 3970 1839 4010 ac
1863 3969 2088 4024 persua-

491 4051 640 4114 dere,
671 4056 733 4101 ut
773 4045 960 4100 relicta
996 4045 1381 4116 superstitione
1428 4046 1696 4100 idolorum
1717 4087 1732 4111 ,
1775 4045 1938 4100 unius
1974 4045 2088 4101 veri

494 4138 593 4193 Dei
617 4135 868 4193 notitiam
892 4135 1264 4205 susciperent,
1288 4148 1396 4203 quo
1431 4149 1529 4204 per
1569 4135 1709 4190 sacri
1749 4133 2090 4204 baptismatis

492 4228 826 4284 ablutionem
866 4233 1215 4297 peccatorum
1261 4239 1484 4280 suorum
1537 4225 1748 4280 veniam
1790 4227 2090 4297 promereri

490 4321 797 4394 potuissent
821 4337 834 4374 :
864 4319 1071 4385 dicens,
1101 4317 1352 4372 insanum
1379 4331 1501 4372 esse
1532 4326 1588 4371 et
1611 4332 1809 4371 vanum
1829 4356 1845 4382 ,
1888 4331 1920 4371 a
1949 4317 2087 4388 lapi-

491 4416 652 4472 dibus
680 4412 941 4470 auxilium
960 4418 1168 4482 petere,
1190 4417 1246 4467 et
1271 4427 1303 4466 a
1326 4409 1630 4467 simulacris
1650 4409 1814 4466 mutis
1833 4421 1888 4466 et
1909 4409 2089 4468 surdis

2195 3315 2476 3387 diligere],
2505 3325 2561 3372 et
2587 3331 2804 3372 errores
2830 3316 3108 3386 gentilium
3133 3315 3260 3372 odio
3289 3316 3503 3379 habere.
3536 3324 3591 3371 et
3632 3316 3802 3372 Chri-

2195 3408 2428 3463 stianam
2472 3422 2634 3478 quam
2677 3408 3072 3478 profitebantur
3119 3407 3433 3479 religionem
3474 3407 3672 3462 devota
3711 3409 3802 3462 in-

2193 3498 2437 3554 tentione
2461 3498 2731 3554 venerari.
2769 3497 2924 3554 Unde
2948 3499 3173 3570 contigit
3202 3509 3262 3554 ut
3295 3498 3517 3568 quidam
3555 3499 3798 3570 discipu-

2193 3591 2368 3647 lorum
2417 3589 2533 3660 ejus
2557 3631 2571 3655 ,
2621 3590 2805 3646 divino
2833 3592 3140 3662 compuncti
3181 3591 3407 3653 ardore,
3442 3593 3573 3646 fana
3596 3594 3653 3647 in
3689 3609 3800 3648 mo-

2193 3700 2310 3739 rem
2332 3683 2615 3755 gentilium
2642 3684 3067 3754 circumquaque
3094 3693 3276 3739 erecta
3311 3685 3615 3755 cmpissent
3655 3701 3802 3741 ever-

2193 3784 2341 3843 tere,
2371 3783 2428 3830 et
2453 3775 2521 3829 ad
2557 3773 2788 3829 nihilum
2808 3815 2822 3838 ,
2851 3781 3012 3844 prout
3039 3783 3318 3844 poterant,
3359 3775 3638 3846 redigere.
3681 3778 3798 3842 Quo

2191 3867 2340 3921 facto
2364 3864 2583 3920 barbari
2611 3865 2704 3934 qui
2735 3865 2912 3919 adhuc
2941 3863 3082 3920 forte
3108 3864 3366 3920 increduli
3412 3869 3794 3937 perstiterant,

2191 3961 2376 4016 furore
2419 3960 2588 4016 nimio
2630 3961 2877 4016 succensi
2919 3961 3195 4016 irruerunt
3235 3977 3398 4033 super
3439 3978 3539 4019 eos
3578 3977 3796 4035 repente

2189 4069 2315 4110 cum
2356 4055 2557 4125 impetu
2577 4095 2592 4120 ,
2640 4053 2883 4110 volentes
2909 4069 3005 4110 eos
3038 4054 3280 4111 funditus
3304 4056 3628 4113 interimere
3657 4079 3672 4112 :
3705 4061 3793 4114 ibi-

2192 4145 2297 4215 qu’e
2338 4145 2434 4200 Dei
2473 4143 2734 4200 famulum
2764 4145 2995 4201 fustibus
3032 4161 3233 4202 casum
3271 4147 3456 4202 multis
3498 4148 3788 4204 admodum

2188 4237 2360 4309 plagis
2385 4236 2635 4293 all'ecere.
2653 4237 2894 4306 Quorum
2921 4239 3090 4293 etiam
3112 4255 3270 4304 unus,
3301 4240 3595 4310 evaginato
3618 4241 3786 4312 gladio

2190 4344 2353 4400 super
2379 4345 2594 4385 servum
2621 4330 2718 4386 Dei
2752 4331 2934 4397 irruit,
2962 4341 3190 4387 conatus
3218 4332 3268 4387 ei
3300 4341 3465 4402 caput
3484 4333 3787 4390 abscidere.

2176 4423 2392 4478 ‘Verum
2439 4424 2630 4480 beatus
2673 4423 2757 4478 vir
2801 4424 2918 4494 ipso
2965 4425 3022 4480 in
3074 4433 3316 4495 tempore
3353 4441 3580 4497 capsam
3606 4440 3630 4467 ε
3672 4445 3791 4485 cum

491 4566 1317 4667 iiﬂ‘iﬁBGmBEPSETE'LSSEe
1349 4563 2084 4667 ,ἓὲηὲἓξεξέτἮΞέέῐξέἱὲἱιὶΨν
2111 4604 2167 4667 ι)
2192 4593 2354 4667 super.
2371 4595 2532 4667 ραθοξ
2550 4578 2795 4662 quinque,
2825 4596 3049 4649 σαονανη
3071 4581 3182 4636 ἀτε
3213 4591 3335 4667 et"!
3365 4585 3622 4667 υρςαοαια
3649 4586 3796 4658 "-sr

489 4641 714 4699 Alchred
748 4639 945 4694 Moloni
969 4653 1111 4693 anno
1135 4636 1241 4706 865
1264 4637 1320 4690 in
1348 4635 1592 4706 regnum
1605 4635 2078 4693 Northauumbro-

488 4729 612 4770 rum
647 4711 982 4767 successisse
1023 4715 1395 4763 memoratur:
1429 4723 1564 4760 nono
1612 4716 1787 4760 autem
1817 4724 1954 4762 anno
2000 4725 2081 4762 re-

488 4785 598 4855 gni,
624 4781 1055 4855 fraude__suorum
1079 4778 1364 4847 primatum
1376 4775 1936 4855 _,_.ea_:silio_imperit_t‘m_
1965 4796 2082 4855 mu-

489 4845 696 4909 iavis'se.
788 4850 927 4906 Hinc
973 4845 1183 4918 tempus
1232 4863 1340 4917 quo
1376 4845 1808 4902 Willehadus'in
1847 4846 2080 4905 Frisiam

493 4931 706 5071 inﬁgi:
730 4920 1168 5071 ξῖἷξὲἓέόἓξιςῖἰξ
1194 4988 1260 5043 ad
1285 4987 1852 5071 Burdine_m_amnem_,
1876 4989 2080 5071 dic-tum

489 5068 544 5122 in
570 5062 692 5119 Vita
731 5056 789 5116 εἰ
807 5056 1081 5118 ’Βοηίῆιοίἱ
1101 5058 1169 5112 ad
1211 5075 1412 5114 annum
1435 5058 1558 5114 754.
1585 5059 1754 5114 Paulo
1783 5059 1921 5113 ultra
1948 5061 2080 5115 Bur-

487 5137 670 5195 dinem
691 5132 886 5188 visitur
911 5130 1106 5185 ﬂuvius
1132 5129 1350 5197 Lavica,
1378 5131 1443 5185 de
1467 5144 1575 5197 quo
1596 5129 1758 5185 infra.
1783 5130 2076 5186 Exordium

486 5203 890 5278 praedicationis
931 5200 992 5257 S.
1034 5199 1408 5278 Willebadijn
1432 5199 1898 5278 _lfris_ia_desumi_t
1934 5200 2078 5255 Ada-

486 5270 609 5332 inus
659 5275 726 5330 ab
767 5287 911 5328 anno
959 5273 1203 5342 martyrii
1232 5270 1289 5327 S.
1315 5271 1692 5342 Bonifacii,jd
1728 5279 1812 5326 est
1840 5271 1908 5325 ab
1933 5286 2076 5327 anno

487 5347 630 5402 754:
659 5343 926 5416 siquidem
971 5340 1334 5416 Willeha'dum
1363 5352 1475 5416 tam
1516 5343 1571 5397 in
1612 5340 1785 5416 Frisia
1821 5357 1986 5412 quam
2014 5344 2072 5416 in

487 5412 742 5488 Saxonia'
771 5430 868 5488 per
901 5428 1073 5488 annos
1099 5413 1320 5488 triginta
1344 5413 1584 5488 quinque
1619 5413 1723 5488 hoc
1751 5427 1946 5488 munus
1978 5412 2074 5468 ob-

487 5489 616 5544 iisse
643 5481 892 5542 aﬂirfnat.
925 5485 1126 5540 Verum
1149 5481 1323 5537 serius
1344 5481 1397 5537 in
1423 5481 1770 5538 Germaniam
1797 5481 2076 5552 profectus

483 5569 571 5616 est
590 5555 951 5622 Willebadus,
981 5564 1041 5610 ut
1066 5559 1218 5623 patet
1242 5567 1310 5607 ex
1337 5552 1589 5610 Alchredi
1613 5553 1950 5623 principatus
1975 5554 2068 5608 ini-

487 5631 582 5694 tio,
613 5629 769 5700 cujus
792 5642 1016 5700 assensu
1042 5639 1073 5680 e
1092 5623 1270 5700 patria
1292 5623 1563 5700 discessit.

558 5692 588 5741 Β
626 5692 818 5756 Sirius
864 5697 1030 5752 edidit
1075 5692 1295 5765 ﬂuvium
1323 5693 1571 5765 Lauiuca.
1629 5692 1924 5763 Liudgerus
1955 5695 2074 5765 epi-

485 5769 908 5842 scopus_dicitur
930 5782 958 5820 a
981 5763 1196 5842 Carolo
1215 5764 1407 5842 Magno
1444 5763 1627 5842 doctor
1669 5763 2075 5842 constitutus‘jn

487 5833 638 5914 gente
683 5839 970 5895 Fresonum
1006 5836 1072 5889 ab
1116 5833 1368 5889 orientdle
1408 5844 1557 5904 parte
1586 5835 1820 5905 ﬂuminis
1857 5835 2072 5902 Labeki,

2191 4649 2388 4702 merchi
2409 4689 2424 4714 ,
2471 4649 2577 4704 etc.
2597 4665 2612 4714 ;

2723 4650 2775 4728 ui
2818 4667 3134 4728 pagus_non
3181 4652 3318 4706 alius
3359 4653 3579 4728 videtur
3623 4650 3796 4728 quam

2195 4717 2501 4772 Humarclta
2547 4719 2654 4774 hic.
2695 4717 2849 4774 Fluvi

2742 4719 2946 4775 luviuin
2995 4721 3249 4778 Lavicam
3292 4739 3387 4779 seu
3444 4719 3794 4794 Laubaéum,

2149 4801 2152 4804 ί
2190 4789 2480 4844 vernacule
2524 4789 2732 4844 Lawers
2781 4806 2924 4845 nunc
2985 4802 3212 4852 vocant.
3257 4795 3422 4850 etiam
3468 4793 3719 4853 Joannes
3767 4789 3795 4854 ἐ

2188 4859 2371 4935 ξέᾳῇρἰ
2394 4860 2457 4935 in_
2490 4858 2740 4935 Chronici
2784 4860 2992 4935 ﬁelgici
3025 4863 3116 4918 lib.
3147 4880 3374 4935 tv,_cap.
3410 4867 3464 4930 7,
3491 4868 3588 4922 ubi
3616 4869 3695 4924 de
3735 4869 3794 4925 S.

2188 4928 2494 5010 Willehado
2523 4947 2536 4983 :
2561 4931 2653 5001 qui
2695 4940 2751 4986 et
2783 4928 3149 4988 Hurinarcham
3201 4928 3464 4990 Hucinerlt
3513 4938 3798 5010 inter-pre.

2189 5007 2356 5054 tatur.

2188 5105 2190 5107 -
2261 5080 2283 5108 ε
2325 5069 2566 5126 Sortium
2621 5087 2778 5126 usum
2835 5072 3121 5130 Germanis
3170 5076 3405 5132 maxime
3452 5076 3794 5136 familiarem

2184 5139 2350 5216 [uisse
2373 5141 2528 5196 docet
2569 5141 2789 5216 Tacitus
2815 5144 2884 5216 de
2917 5144 3203 5216 Germanis
3222 5187 3237 5211 ,
3277 5147 3421 5216 quod
3443 5147 3695 5203 Adamus
3726 5154 3793 5207 ad

2185 5210 2727 5287 Saronesprtecipue
2746 5215 2933 5287 trahit.
2993 5215 3134 5287 Lege
3177 5210 3313 5273 Acta
3350 5217 3408 5271 S.
3437 5217 3791 5277 Willibrordi

2184 5291 2241 5337 et
2257 5281 2659 5367 §.'Will'rattini
2681 5281 3098 5367 episcoporum.—
3268 5308 3302 5367 _-

2251 5352 2279 5392 ἀ
2318 5350 2556 5430 Joannes
2584 5350 2818 5430 a_Leidis
2843 5350 3130 5430 :'_P_ostltwc
3165 5360 3300 5430 venit
3333 5359 3388 5413 in
3409 5357 3788 5430 Trentoniam,

2273 5432 2348 5500 est
2389 5422 2768 5500 Drenteriqnt:
2809 5426 2914 5500 qui
2935 5425 3087 5483 locus
3137 5428 3297 5484 hodie
3337 5444 3556 5500 quoque
3581 5422 3790 5489 Drenté

2183 5493 2398 5567 dicitur,
2427 5501 2566 5567 teste
2599 5492 2849 5567 Philippo
2874 5496 3109 5554 Caesare.

2257 5575 2280 5603 ο
2321 5564 2660 5640 Phylacteria
2685 5564 2882 5621 vocant
2924 5569 3134 5640 antiqui
3172 5568 3546 5640 reliquiarium
3573 5586 3605 5625 e
3638 5575 3786 5630 collo

2179 5633 2510 5707 dependens.
2551 5633 2873 5707 Quanquam
2914 5633 3076 5693 ctiam
3109 5653 3270 5707 capsa
3289 5633 3351 5694 'et
3385 5640 3783 5699 chrismarium

2180 5706 2368 5786 eodem
2405 5705 2860 5786 setisumleguntur
2905 5709 2958 5764 in
3006 5709 3125 5765 Vita
3162 5705 3220 5766 S.
3242 5709 3484 5768 Wilfridi
3509 5712 3780 5786 episcOpi,

2182 5775 2249 5830 ad
2275 5791 2473 5832 annum
2504 5775 2628 5831 709.
