4020 6338
251 413 400 468 1017

618 487 644 505 σι

253 532 467 590 sanctis
491 529 732 599 reliquiis
761 528 814 584 in
859 528 998 584 collo
1025 519 1358 598 suspensam
1381 527 1614 583 habebat
1638 543 1651 579 :
1683 538 1836 580 cum-
1867 526 1916 586 Α

252 641 374 695 que
396 625 535 680 ictus
562 623 807 679 ferientis
833 638 994 693 super
1018 623 1211 679 collum
1232 623 1349 692 ejus
1377 620 1680 682 decideret,
1716 631 1839 671 cor-

252 717 457 788 rigiam
479 715 695 787 quidem
721 729 897 785 capsa:
918 714 1161 786 praecidit
1185 753 1202 781 ,
1245 713 1421 784 ipsum
1457 726 1587 767 vero
1614 710 1668 764 in
1695 707 1842 763 nullo

252 807 481 877 penitus
499 805 783 860 vulnerare
806 805 998 875 potuit.
1028 803 1144 871 Quo
1165 801 1424 858 miraculo
1443 800 1636 871 pagani
1663 807 1844 854 exter-

248 897 354 952 riti
383 937 398 962 ,
430 897 605 965 ipsum
649 909 714 950 ac
752 895 929 950 socios
966 893 1082 963 ejus
1110 893 1304 948 illaesos
1330 892 1480 946 abire
1507 889 1655 960 passi
1689 895 1839 952 sunt,

249 1002 368 1042 nec
395 987 623 1043 ulterius
663 987 719 1041 in
748 985 928 1056 aliquo
961 985 1040 1041 eis
1084 982 1296 1040 molesti
1332 995 1454 1039 esse
1487 993 1841 1051 praesumpse-

245 1086 414 1132 runt.

890 1208 1119 1267 CAPUT
1153 1189 1221 1266 v.

245 1344 540 1411 Quomodo
578 1361 611 1398 a
638 1343 826 1398 Carolo
855 1343 1167 1414 imperatore
1206 1340 1498 1397 Saxoniam
1530 1339 1722 1393 missus
1751 1340 1837 1392 sit.

237 1491 240 1493 λ
320 1480 460 1534 Post
486 1480 600 1534 hzec
623 1493 752 1534 vero
787 1477 1204 1550 gloriosissimus
1238 1475 1572 1530 Francorum
1604 1487 1698 1526 rex
1739 1470 1842 1526 Ca-

239 1574 429 1638 rolus,
462 1572 552 1642 qui
587 1572 696 1642 jam
729 1571 999 1626 multoties
1031 1571 1082 1625 in
1107 1578 1265 1641 gente
1295 1568 1568 1624 Saxonum
1597 1567 1842 1622 elabora-

239 1674 410 1719 verat
439 1679 546 1733 quo
572 1666 640 1717 ad
692 1664 850 1718 ﬁdem
891 1662 1210 1718 Christianae
1248 1661 1525 1732 religionis
1563 1669 1842 1715 converte-

242 1763 478 1820 rentur;
508 1755 600 1808 sed
639 1753 715 1808 illi
746 1753 956 1808 adversi
997 1768 1211 1824 semper
1231 1753 1504 1818 cordibus,
1535 1759 1838 1822 susceptam

242 1843 418 1897 ﬁdem
440 1844 635 1912 szepius
658 1843 991 1908 deserentes,
1024 1843 1266 1913 pristinis
1295 1843 1466 1912 magis
1489 1843 1842 1912 implicaban-

238 1944 340 1990 tur
365 1937 674 2003 erroribus;
706 1937 884 1990 audita
916 1933 1060 1990 fama
1105 1935 1204 1990 viri
1234 1935 1361 1999 Dei,
1411 1935 1478 1989 ad
1503 1949 1561 1989 se
1590 1949 1713 1988 eum
1745 1949 1837 1988 ac-

239 2029 446 2083 cersiri
475 2030 747 2099 praecepit.
785 2029 956 2095 Quem
1002 2027 1069 2081 ad
1116 2043 1175 2082 se
1214 2027 1519 2080 venientem
1546 2023 1839 2079 honoriﬁce

241 2135 316 2173 ac
368 2127 688 2173 reverenter
731 2117 1071 2185 suscipiens,
1129 2114 1244 2184 ejus
1303 2114 1723 2170 confabulationi
1773 2129 1838 2169 ac

239 2209 518 2265 doctrina:
549 2208 779 2263 libenter
812 2207 1048 2262 animum
1081 2206 1411 2271 attendebat,
1445 2206 1838 2276 probatumque

239 2301 460 2356 sanctis
483 2300 720 2355 moribus
759 2315 822 2355 ac
846 2298 969 2353 ﬁdei
997 2313 1102 2352 non
1132 2297 1273 2352 ﬁcta:
1302 2297 1602 2353 constantia
1629 2338 1643 2361 ,
1693 2296 1838 2353 misit

237 2394 299 2448 in
331 2402 521 2463 partes
543 2391 791 2447 Saxoniae
816 2392 884 2445 ad
906 2407 1101 2461 pagum
1118 2391 1208 2462 qui
1231 2389 1748 2460 diciturWigmodia
1768 2402 1792 2430 α
1819 2407 1831 2442 :

236 2498 357 2554 quo
387 2483 519 2537 inibi
555 2482 879 2537 auctoritate
906 2480 1068 2552 regali
1116 2489 1172 2536 et
1215 2480 1474 2536 ecclesias
1522 2481 1833 2544 instrueret,

237 2583 300 2631 et
346 2574 563 2645 populis
606 2575 904 2631 doctrinam
951 2581 1153 2629 sanetae
1197 2573 1595 2644 praedicationis
1632 2574 1836 2643 impen-

235 2666 428 2730 deret,
453 2675 616 2736 atque
640 2665 783 2720 viam
823 2665 1012 2720 salutis
1041 2673 1257 2720 aeterna:
1283 2663 1453 2719 libere
1484 2663 1695 2718 cunctis
1726 2662 1837 2719 illic

236 2757 623 2814 habitantibus
644 2757 936 2812 nuntiaret.
963 2755 1114 2822 Quod
1137 2756 1224 2810 ille
1251 2755 1613 2810 ministerium
1643 2755 1836 2809 devote

234 2859 562 2920 susceptum
615 2848 1006 2905 olﬁciosissime
1057 2849 1308 2917 peregit:
1355 2863 1420 2903 ac
1467 2847 1835 2917 pertransien‘s

237 2951 504 2998 cunctam
554 2944 608 2996 in
658 2941 888 2996 circuitu
939 2939 1252 3003 dimcesim,
1305 2937 1504 2992 multos
1553 2938 1620 2992 ad
1675 2936 1831 2991 ﬁdem

235 3034 452 3093 Christi
496 3032 916 3103 evangelizando
961 3029 1266 3096 convertit,
1320 3029 1394 3083 ita
1424 3037 1483 3082 ut
1513 3028 1567 3082 in
1597 3025 1831 3082 secundo

234 3139 386 3180 anno
437 3131 548 3176 tam
593 3119 876 3184 Saxones;
900 3134 1063 3188 quam
1119 3127 1173 3172 et
1212 3117 1480 3171 Fresones
1514 3116 1569 3170 in
1602 3115 1830 3168 circuitu

232 3219 650 3270 commorantes
678 3251 691 3272 ,
723 3223 912 3264 omnes
961 3221 1020 3262 se
1067 3206 1272 3276 pariter
1309 3204 1423 3258 ﬁeri
1454 3205 1831 3274 promitterent

230 3306 610 3365 Christianos.
651 3302 764 3357 Hoc
790 3303 974 3370 itaque
1001 3299 1201 3354 factum
1227 3307 1311 3352 est
1339 3313 1479 3352 anno
1507 3295 1834 3352 Incarnatio-

228 3399 321 3453 nis
368 3395 593 3451 Domini
635 3393 737 3448 780
766 3393 818 3458 δ,
860 3391 1010 3461 regni
1057 3405 1186 3445 vero
1244 3389 1526 3444 memorati
1576 3387 1835 3458 principis

227 3486 418 3544 Caroli
456 3483 884 3555 quartodecimo,
932 3481 1024 3551 qui
1077 3489 1257 3534 tamen
1295 3477 1561 3548 imperiali
1603 3477 1834 3532 necdum

229 3578 418 3632 fuerat
451 3575 604 3644 apice
634 3573 974 3637 sublimatus,
1005 3586 1164 3641 quem
1191 3579 1376 3640 postea
1407 3583 1504 3638 per
1531 3583 1724 3623 manus
1746 3582 1836 3624 re-

228 3665 627 3724 verendissimi
667 3664 867 3721 Leonis
912 3663 1190 3734 apostolici
1241 3663 1623 3731 imperatorem
1648 3659 1836 3718 Romae

232 3767 626 3818 consecratum
652 3799 667 3823 ,
707 3773 850 3812 anno
873 3757 1022 3826 regni
1050 3756 1169 3826 ejus
1196 3755 1468 3810 tricesimo
1490 3763 1704 3823 quarto,
1735 3769 1832 3810 ea-

235 3855 448 3911 tliolica
492 3851 716 3920 Europa:
761 3849 1066 3904 consistens
1111 3846 1312 3902 Christi
1343 3854 1597 3902 venerata
1631 3847 1835 3916 pariter

236 3956 296 4002 et
326 3942 724 4014 gratulabunda
767 3939 1003 4008 suscepit
1023 3937 1281 3993 Ecclesia.
1322 3937 1378 3992 Si
1407 3937 1622 4008 quidem
1667 3937 1835 4007 impe-

237 4036 401 4092 rialis
425 4040 667 4104 potestas
689 4072 720 4099 ,.
751 4045 872 4101 qua:
912 4041 1033 4100 post
1075 4029 1488 4085 Constantinum
1532 4027 1832 4098 piissimum

236 4130 544 4200 Augustum
585 4124 724 4194 apud
763 4122 982 4178 Graecos
1011 4123 1064 4176 in
1109 4121 1700 4190 Constantinopolitana
1738 4121 1832 4174 ha-

241 4233 442 4279 ctenus
472 4227 796 4290 regnaverat
823 4219 971 4282 sede,
1002 4233 1127 4272 cum
1159 4216 1536 4272 deﬁcientibus
1557 4215 1670 4285 jam
1698 4216 1834 4271 inibi

239 4313 380 4367 viris
411 4309 610 4378 regalis
637 4308 900 4377 prosapiae
919 4346 934 4370 ,
965 4305 1199 4360 feminea
1225 4306 1397 4375 magis
1421 4305 1720 4360 directione
1745 4320 1834 4361 res

241 4401 726 4458 administraretur
755 4395 1002 4467 publica;
1043 4393 1373 4464 temporibus
1403 4394 1572 4465 ipsius
1598 4409 1696 4465 per
1720 4393 1830 4449 ele-

242 4497 486 4550 ctionem
532 4489 761 4544 Romani
805 4487 986 4558 p0puli
1013 4527 1029 4554 ,
1078 4487 1132 4541 in
1180 4487 1418 4542 maximo
1455 4488 1829 4558 epis00porum

1186 409 1272 464 DE
1311 409 1469 465 VITA
1507 409 1594 464 ET
1635 404 2003 462 MIRACULIS
2034 404 2093 461 S.
2133 405 2549 464 WILLEHADI.

3380 397 3515 473 itus

2549 525 2776 583 CAPUT
2817 528 2901 584 Ἣ.

1945 636 2216 704 Quomodo
2257 638 2559 724 Widikindi
2605 645 3011 725 persecutionem
3044 645 3256 718 fugerit,
3299 656 3346 702 et
3391 648 3517 720 quid

2389 720 2394 724 '
2431 715 2559 766 socii
2583 715 2695 782 ejus
2728 715 2871 784 passi
2897 716 3021 770 sint.

1951 831 1955 836 '
2012 822 2211 876 Verum
2265 825 2508 893 sequenti
2556 840 2716 892 anno,
2765 827 3052 900 instigante
3089 828 3304 885 diabolo
3354 829 3519 885 totius

1941 911 2067 968 boni
2117 913 2330 980 invido,
2381 915 2599 985 quidam
2642 919 2848 972 exstitit
2893 920 3251 990 perversioris
3307 919 3518 976 consilii

1943 1000 2306 1070 Widikindus,
2342 1006 2434 1074 qui
2469 1006 2726 1063 rebellare
2750 1018 2940 1065 contra
2975 1026 3156 1083 regem
3184 1012 3332 1066 visus
3352 1009 3520 1066 Caro-

1944 1099 2076 1166 lum,
2103 1101 2328 1155 multam
2363 1118 2544 1158 secum
2587 1102 2860 1159 Saxonum
2908 1105 3304 1161 multitudinem
3331 1122 3519 1179 aggre-

1941 1191 2091 1261 gavit
2118 1211 2130 1246 :
2162 1193 2254 1262 qui
2279 1193 2441 1248 etiam
2473 1194 2803 1249 unanimiter
2839 1211 2934 1251 eos
2962 1197 3053 1266 qui
3098 1197 3153 1251 in
3185 1196 3288 1252 ﬁde
3317 1195 3522 1254 Christi

1942 1282 2165 1340 stabiles
2192 1285 2511 1341 videbantur
2536 1287 2784 1356 persequi
2819 1303 2883 1343 ac
2912 1289 3132 1358 punire;
3161 1304 3349 1345 servos
3386 1304 3522 1360 quo-

1943 1391 2049 1445 que
2079 1375 2172 1430 Dei
2200 1391 2298 1445 per
2323 1375 2438 1430 loca
2468 1392 2692 1446 quaeque
2725 1387 2981 1447 vagantes
3004 1378 3330 1448 dispergere,
3359 1386 3520 1449 atque

1943 1484 1975 1523 a
2004 1468 2200 1523 ﬁnibus
2239 1469 2352 1523 suis
2382 1468 2618 1540 eﬂ‘ugare
2663 1479 2966 1541 cmperunt.
2995 1469 3110 1536 Qua
3146 1471 3521 1540 persecutione

1944 1565 2214 1613 commota
2246 1573 2460 1613 servum
2489 1559 2584 1613 Dei
2614 1560 2863 1630 contigit,
2887 1560 3184 1615 secundum
3209 1561 3521 1615 mandatum

1945 1652 2155 1706 Domini
2192 1651 2553 1720 praecipientis
2585 1669 2598 1704 :
2637 1649 2697 1705 Si
2719 1668 2804 1705 vos
2828 1652 3082 1721 persecuti
3102 1651 3293 1721 fuerint
3330 1657 3384 1708 in
3417 1673 3522 1710 una

1945 1742 2169 1807 civitate,
2203 1742 2365 1812 fugite
2399 1744 2455 1796 in
2500 1741 2660 1796 aliam
2700 1741 2914 1813 (Matth.
2949 1760 3005 1809 χ,
3037 1745 3156 1816 15);
3190 1747 3255 1801 de
3283 1745 3524 1817 Wigmo—

1947 1832 2032 1885 dia
2061 1832 2292 1886 transire
2311 1831 2367 1885 in
2389 1830 2643 1885 Utriustri
2673 1830 2884 1902 [Corb.,
2915 1831 3158 1906 Utristi];
3182 1836 3363 1907 ibique
3391 1852 3522 1892 con-

1945 1921 2210 1977 scendens
2237 1923 2442 1987 navim,
2469 1935 2620 1975 mare
2655 1922 2801 1976 circa
2826 1921 3067 1978 Fresiam
3113 1925 3481 1981 transfretavit
3506 1945 3519 1981 :

1942 2014 2146 2082 sicque,
2163 2013 2457 2082 Opitulante
2471 2013 2671 2068 Christi
2686 2016 2878 2084 gratia,
2891 2017 3323 2085 persecutionem
3335 2033 3522 2073 eorum

1939 2105 2129 2159 evasit.
2156 2105 2327 2162 Porro
2358 2104 2601 2161 Saxones
2625 2106 3020 2174 crudelitatem,
3048 2124 3210 2180 quam
3235 2109 3380 2166 circa
3407 2126 3524 2165 ma~

1941 2203 2167 2273 gistrum
2221 2203 2604 2272 nequiverant,
2635 2202 2691 2257 in
2733 2201 3026 2273 discipulos
3077 2203 3256 2273 ipsius,
3298 2205 3523 2259 exarde-

1943 2305 2128 2351 scente
2162 2297 2243 2351 ira
2269 2298 2566 2352 ferventius
2591 2307 2970 2354 exercuerunt.
3009 2298 3285 2370 Siquidem
3308 2299 3526 2354 Folcar-

1939 2388 2068 2443 dum
2101 2389 2484 2460 presbyterum
2505 2405 2626 2444 cum
2652 2390 2938 2462 Emmingo
2967 2393 3162 2447 comite
3192 2393 3246 2445 in
3271 2406 3408 2462 pago
3433 2392 3524 2446 de-

1938 2482 2221 2537 nominato
2278 2481 2437 2547 Leri,
2488 2479 2770 2550 Beniamin
2822 2492 3002 2538 autem
3059 2483 3113 2537 in
3173 2481 3519 2547 Cibbriustri,

1936 2574 2268 2629 Atrebanum
2291 2589 2421 2629 vero
2441 2573 2696 2630 clericum
2733 2574 2787 2628 in
2814 2573 3283 2645 'l‘hiatmaresgao,
3299 2573 3515 2629 Gerwa-

1937 2665 2046 2720 lum
2070 2680 2284 2736 quoque
2308 2681 2432 2720 cum
2465 2666 2625 2721 sociis
2655 2666 2767 2721 suis
2794 2667 2849 2722 in
2886 2666 3102 2734 Brema,
3136 2667 3261 2723 odio
3287 2667 3523 2722 nominis

1935 2756 2230 2811 Christiani
2253 2755 2433 2826 gladio
2458 2765 2826 2826 peremerunt.
2860 2756 2925 2812 Et
2958 2757 3091 2827 ipsis
3113 2756 3330 2826 quidem
3359 2756 3433 2810 ita
3457 2755 3522 2809 ad

1937 2863 2102 2918 regna
2141 2848 2382 2902 caelestia
2431 2845 2692 2902 effusione
2722 2849 2924 2919 proprii
2975 2849 3256 2919 sanguinis
3295 2847 3524 2902 feliciter

1935 2939 2192 3002 evocatis,
2221 2939 2612 3008 persecutionis
2653 2951 2835 2993 tamen
2880 2939 3114 3009 procella
3140 2939 3343 2995 diutius
3377 2949 3522 3008 post-

1935 3027 2153 3082 modum
2183 3027 2567 3083 rebellantibus
2587 3027 2811 3084 desacvit
2838 3027 3163 3084 Saxonibus.

2542 3159 2770 3215 CAPUT
2810 3160 2920 3214 Vll.

1860 3245 1905 3308 Ο
1937 3273 2232 3342 Quomodo,
2256 3273 2480 3327 durante
2499 3273 2874 3343 persecutione,
2900 3270 3119 3343 Romam
3140 3272 3400 3343 profectus
3431 3275 3520 3341 sit,

2385 3353 2433 3397 et
2466 3341 2523 3397 iu
2555 3341 2798 3396 Fresiam
2832 3342 3062 3396 redierit.

2008 3479 2127 3547 Quo
2155 3478 2300 3534 facto
2345 3477 2430 3532 vir
2469 3477 2566 3532 Dei
2617 3490 2950 3548 cognoscens
2998 3475 3202 3530 nullam
3242 3476 3345 3532 sibi
3397 3485 3522 3532 tunc

1936 3569 2198 3640 temporis
2228 3567 2555 3639 praedicandi
2582 3567 3039 3636 opportunitatem
3067 3568 3268 3634 inesse,
3303 3577 3522 3638 arrepto

1936 3663 2152 3728 itinere,
2182 3661 2469 3731 Pippinum
2503 3659 2984 3730 Langobardorum
3013 3676 3194 3732 regem
3231 3661 3380 3726 adiit,
3419 3663 3524 3717 sic-

1935 3770 2042 3826 que
2066 3767 2330 3824 prospero
2353 3767 2511 3808 cursu
2527 3752 2756 3807 Romam
2776 3753 3024 3822 pervenit
3049 3770 3062 3806 :
3086 3752 3175 3808 ubi
3195 3752 3520 3818 consistens,

1935 3844 2124 3899 multis
2163 3842 2420 3916 lacrymis
2443 3851 2497 3897 et
2518 3842 2772 3913 precibus
2800 3844 2867 3898 ad
2897 3844 3079 3898 sedem
3101 3842 3520 3898 sacratissimam

1935 3935 2080 3990 beati
2125 3933 2272 3990 Petri
2328 3934 2695 4005 apostolorum
2744 3935 3006 4006 principis
3051 3949 3111 3991 se
3164 3943 3522 4005 cunctamque

1936 4025 2177 4080 ﬁdelium
2213 4035 2447 4080 turmam
2501 4025 2722 4081 sedulus
2765 4041 2831 4081 ac
2868 4027 3093 4081 devotus
3135 4026 3330 4080 divina:
3376 4041 3522 4081 com:

1936 4118 2228 4173 mendabat
2257 4118 2587 4183 clementiae;
2633 4117 2756 4174 illos
2782 4119 3076 4190 praecipue,
3121 4134 3350 4189 quorum
3389 4133 3521 4174 cura

1935 4210 2171 4264 maxime
2201 4209 2350 4265 cordi
2379 4218 2519 4276 erat,
2563 4224 2632 4264 ne
2677 4207 2860 4264 forsan
2908 4219 3156 4279 suscepta
3185 4210 3238 4264 in
3279 4210 3522 4280 partibus

1937 4301 2186 4359 Samnite
2210 4303 2593 4359 Cbristianitas
2636 4302 3036 4357 machinatione
3081 4299 3347 4355 diabolica
3393 4311 3521 4356 tunc

1934 4395 2150 4462 penitus
2175 4393 2563 4447 annullaretur.
2601 4391 2731 4448 Inde
2761 4401 2941 4447 autem
2973 4393 3274 4456 discedens,
3304 4400 3360 4446 et
3393 4407 3521 4447 con-

1936 4483 2198 4538 solatione
2223 4483 2549 4538 venerabilis
2582 4497 2734 4553 papae
2762 4482 2985 4538 Adriani
3014 4498 3121 4538 non
3151 4484 3362 4539 modice
3400 4499 3519 4540 cor-

242 4588 592 4652 aliorumque
638 4579 732 4634 Dei
769 4592 1050 4633 servorum
1087 4576 1334 4642 concilio,
1382 4575 1446 4630 ad
1500 4576 1830 4632 Francorum
1863 4599 1913 4659 ι)
1937 4575 2223 4630 roboratus
2261 4589 2449 4629 servus
2483 4573 2605 4638 Dei,
2656 4573 2896 4644 gaudens
2943 4574 3234 4644 repedabat
3267 4575 3322 4628 in
3349 4573 3519 4629 Fran-

244 4676 573 4732 translatum
614 4680 698 4726 est
743 4669 1040 4726 dominium
1073 4686 1086 4721 :
1119 4667 1373 4737 quoniam
1423 4674 1477 4720 et
1518 4666 1633 4736 ipse
1685 4682 1823 4722 eam-

244 4769 371 4823 dem
393 4779 519 4836 quaa
543 4771 704 4832 caput
731 4759 939 4830 imperii
981 4758 1187 4822 fuerat,
1239 4766 1292 4811 et
1322 4756 1518 4811 multas
1549 4756 1682 4811 alias
1706 4767 1832 4812 tunc

248 4859 303 4912 in
334 4857 470 4912 orbe
495 4854 776 4909 videbatur
806 4861 989 4905 tenere
1013 4850 1342 4920 provincias,
1369 4849 1438 4903 ob
1461 4849 1605 4918 quod
1630 4858 1685 4903 et
1709 4849 1832 4918 jure

247 4949 500 5004 Caesarea
538 4945 732 5014 dignus
776 4950 921 4999 esset
963 4941 1340 5012 appellatione.
1396 4939 1628 4995 Praefato
1653 4940 1834 5010 itaque

249 5041 403 5110 regni
435 5037 554 5107 ejus
578 5045 818 5106 tempore
851 5049 1038 5089 servus
1067 5033 1160 5087 Dei
1201 5032 1537 5088 Willeliadus
1559 5047 1655 5101 per
1682 5031 1832 5103 Wig-

251 5131 492 5186 modiam
515 5127 771 5183 ecclesias
799 5126 964 5195 ccepit
987 5133 1336 5189 construere,
1382 5139 1446 5179 ac
1484 5125 1829 5195 presbyteros

253 5237 418 5292 super
441 5234 535 5275 eas
557 5218 810 5273 ordinare
827 5257 841 5282 ,
865 5218 957 5287 qui
982 5216 1153 5271 libere
1180 5215 1388 5285 populis
1416 5214 1606 5271 salutis
1639 5230 1702 5270 ac
1730 5216 1827 5270 ba-

254 5310 528 5380 ptismatis
552 5307 859 5365 conferrent
882 5307 1129 5376 gratiam.

331 5499 356 5525 ιι
387 5486 666 5557 Philippus
697 5491 998 5557 putatesse
1030 5491 1258 5557 tractum
1289 5483 1436 5537 illum
1465 5493 1613 5557 trans
1645 5481 1832 5538 Visur-

260 5556 366 5627 gim
401 5553 748 5627 Saxonicum,
785 5555 874 5627 qu_i
916 5553 1027 5627 jam
1049 5553 1375 5627 Yerdensem
1406 5554 1830 5627 etBremeusem

259 5623 602 5748 episcovatus
625 5623 817 5680 habet.
834 5623 1032 5679 Confer
1056 5624 1287 5694 diploma
1321 5624 1499 5678 Caroli
1529 5624 1706 5694 Magni
1744 5639 1832 5678 su-

262 5709 379 5764 pra.
411 5701 428 5765 (
486 5699 570 5751 ide
599 5696 920 5765 Patrologite
960 5704 1083 5765 tom.
1116 5691 1378 5765 XCVII.)

262 5709 379 5764 pra.
411 5701 570 5765 (Vide
599 5701 912 5765 Patrologite
960 5704 1083 5748 tom.
1116 5701 1210 5747 XC
1229 5701 1378 5765 VII.)

333 5766 544 5846 PAn‘no
583 5766 685 5823 780
734 5767 787 5846 id
841 5764 1007 5846 refert
1053 5764 1549 5846 Eginliartlus,_gtli
1602 5766 1832 5819 omnium

265 5836 591 5892 orientalium
611 5837 837 5908 partium
859 5835 1092 5890 Saxones
1109 5834 1190 5890 ait
1215 5835 1408 5898 Carolo
1430 5834 1620 5906 Magno
1646 5851 1835 5892 occur-

1937 4665 2098 4720 ciam.
2129 4664 2248 4732 Quo
2276 4665 2470 4721 itinere
2499 4665 2728 4734 contigit
2754 4666 2990 4720 divinam
3030 4667 3084 4720 in
3109 4681 3174 4722 eo
3201 4667 3365 4722 etiam
3391 4682 3519 4736 ope-

1937 4764 2111 4808 ratam
2157 4755 2324 4811 fuisse
2373 4755 2648 4812 virtutem.
2688 4755 2931 4826 Namque
2971 4757 3216 4813 minister
3256 4759 3356 4814 viri
3396 4761 3515 4826 Dei,

1939 4847 2199 4902 vocabulo
2227 4847 2387 4914 Aldo,
2427 4848 2521 4919 qui
2573 4847 2828 4903 alimenta
2872 4847 3200 4918 procurabat
3247 4851 3512 4922 magistri,

1937 4938 2225 5007 quamdam
2252 4938 2483 4994 habebat
2506 4948 2756 5009 patenam
2783 4939 3042 5010 ligneam,
3068 4955 3189 5011 quae
3208 4941 3366 5010 vulgo
3391 4957 3514 4997 scu-

1938 5030 2063 5086 tella
2086 5039 2330 5097 vocatur,
2366 5047 2528 5101 quam
2565 5030 2769 5103 jugitcr
2803 5031 3057 5086 mundam
3093 5047 3158 5088 ac
3197 5035 3420 5091 nitidam
3445 5038 3513 5092 ad

1937 5137 2179 5178 mensam
2208 5122 2378 5192 ipsius
2402 5137 2584 5178 coram
2613 5137 2679 5177 eo
2707 5136 2909 5191 ponere
2938 5123 3137 5198 solitus
3173 5134 3310 5192 erat,
3351 5143 3510 5198 quam

1937 5215 2190 5285 praefatus
2213 5215 2460 5271 minister
2483 5217 2720 5286 quodam
2751 5216 2838 5271 die
2867 5230 2994 5272 casu
3026 5217 3250 5274 fractam
3291 5222 3508 5288 reperit.

1939 5307 2204 5378 Tempore
2236 5308 2419 5378 itaque
2445 5305 2755 5364 refectionis
2783 5323 2905 5364 cum
2932 5323 3054 5364 eam
3081 5311 3166 5364 vir
3198 5309 3294 5365 Dei
3331 5311 3512 5380 requi-

1933 5485 2071 5540 risse
2099 5485 2168 5540 ad
2197 5484 2743 5608 ObacrumH/luvium,
2774 5485 2864 5538 ubi
2887 5484 3118 5538 maxima
3155 5498 3332 5536 eorum
3375 5482 3511 5536 mul-

1933 5556 2102 5608 titudo
2128 5556 2182 5608 in
2209 5554 2322 5608 loco
2347 5556 2435 5608 aui
2519 5554 2715 5608 orheim
2755 5553 3068 5608 appellatur.
3107 5551 3260 5605 solita
3295 5552 3510 5606 simula-

1933 5556 2102 5609 titudo
2128 5556 2182 5609 in
2209 5554 2322 5608 loco
2347 5556 2435 5624 qui
2463 5551 2715 5608 Horheim
2755 5553 3068 5624 appellatur,
3107 5551 3260 5605 solita
3295 5552 3510 5624 simulae

1933 5627 2073 5679 tione
2099 5622 2375 5696 baptisma:
2393 5625 2588 5680 dicitur
2620 5642 2634 5678 :
2673 5640 2779 5696 non
2823 5622 2967 5692 quod
3005 5637 3213 5696 omnes,
3244 5622 3509 5696 δρᾶ-(ιιιοά

1933 5709 2002 5750 ex
2040 5696 2108 5749 iis
2160 5691 2310 5749 inulti
2365 5695 2691 5765 baptismum
2740 5691 2862 5765 ﬁcte
2918 5691 3296 5765 susceperintL
3321 5691 3509 5765 Exstat

1933 5765 2092 5836 hujus
2121 5767 2420 5836 argumenti
2434 5761 2675 5836 'epistola
2691 5763 2944 5836 “Adriani
2964 5763 3230 5836 _.pap:_e_ad
3258 5761 3506 5836 Carolum

1936 5831 2401 5906 Magnum'ordine
2425 5831 2501 5892 86
2524 5839 2578 5891 in
2607 5833 2792 5891 codice
2819 5831 3071 5890 Carolina
3092 5831 3252 5905 (Vide
3279 5832 3451 5906 ibid).
