4020 6338
503 395 639 463 1010
1493 387 1863 451 ANSCHARII
1901 378 2441 445 HAMBURGENSIS
2478 372 2783 471 EPISCOD!
3666 369 3832 431 meo

503 522 668 579 reret,
703 510 947 566 minister
982 507 1361 581 negligentiam
1395 523 1514 579 quae
1547 507 1849 579 contigerat
1886 518 2084 575 nequa-
2111 502 2160 573 Α
2187 499 2439 570 religiose
2477 498 2799 568 suscipiens,
2849 512 3037 553 rursus
3085 495 3234 553 venit
3277 495 3662 571 Wigmodiam
3686 536 3703 559 ,
3766 508 3831 551 et

503 623 664 681 quam
691 606 738 660 ci
772 604 948 659 celare
972 601 1174 668 voluit;
1207 602 1301 657 sed
1336 602 1475 657 hanc
1498 599 1728 661 fractam
1759 597 1929 657 fuisse
1961 612 2085 655 nare
2189 593 2349 649 ﬁdem
2389 594 2598 649 Domini
2640 592 2852 664 publice
2888 606 2953 648 ac
2979 602 3202 649 strenue
3231 593 3481 664 gentibus
3524 593 3831 664 praedica-

504 699 663 763 ravit,
685 710 846 768 quam
874 694 961 750 ille
980 694 1049 751 ad
1082 710 1140 750 se
1167 693 1343 765 qualis
1364 700 1486 749 erat
1507 692 1690 748 statim
1726 689 1924 746 deferri
1949 704 2085 759 pne-
2187 686 2300 742 bat.
2327 685 2601 743 Ecclesias
2624 700 2840 757 quoque
2867 685 3175 742 destructas
3204 686 3557 749 restauravit,
3590 684 3828 757 proha-

504 788 667 861 cepit.
706 785 813 845 Sed
853 784 1101 843 minister
1139 787 1206 840 ad
1237 783 1410 838 locum
1445 782 1534 837 ubi
1576 780 1794 851 jacebat
1846 779 2083 843 rediens,
2188 783 2378 845 tesque
2415 790 2675 847 personas
2704 777 2799 847 qui
2826 776 3035 846 populis
3076 776 3279 839 monita
3331 777 3528 833 salutis
3575 778 3824 841 thr-ut,

503 894 662 953 quam
698 888 857 933 antea
888 874 1110 931 fractam
1140 873 1457 944 reliquerat,
1485 888 1547 928 ac
1583 872 1627 926 si
1673 870 1808 926 nihil
1849 886 2085 940 unquam
2188 864 2416 934 singulis
2444 865 2748 935 quibusque
2793 865 2926 921 10038
2962 878 3197 934 νηλεεωο
3248 866 3534 936 ἀίεροευὶι.
3592 864 3827 936 Sicque

503 967 811 1027 detrimenti
839 965 1108 1030 habuerit,
1130 966 1395 1034 integram
1430 963 1647 1034 reperit.
1668 960 1840 1029 Quam
1868 960 2084 1021 allatam
2189 959 2306 1028 ipso
2326 974 2488 1024 anno,
2519 959 2703 1015 divino
2724 958 3010 1015 ordinante
3038 958 3323 1023 instinctu,
3348 973 3480 1030 gens
3508 958 3823 1015 Saxonum

504 1077 687 1117 coram
724 1060 840 1133 ipso
861 1059 1018 1123 latius
1042 1074 1105 1114 ac
1132 1058 1321 1113 hilaris
1351 1057 1551 1131 posuit,
1580 1057 1670 1128 qui
1697 1065 1853 1110 antea
1886 1064 2086 1111 tretnc-
2191 1048 2348 1104 ﬁdem
2397 1048 2826 1103 ChfiSliaﬂitaliS
2850 1063 3012 1118 quam
3040 1049 3319 1112 aluisel'al.
3349 1050 3531 1105 denuo
3560 1050 3820 1122 recepit-

502 1152 713 1209 bundus
741 1160 796 1208 et
815 1167 1035 1225 pavens,
1060 1151 1195 1206 iram
1218 1148 1378 1221 justre
1400 1147 1758 1219 correptionis
1780 1141 2082 1218 pertimuit.
2191 1141 2298 1195 Sed
2323 1148 2377 1195 et
2401 1141 2567 1196 totius
2592 1140 2717 1195 mali
2753 1149 2943 1203 auctor
2974 1139 3326 1210 incentorque
3348 1140 3597 1209 perﬁdiae
3624 1138 3821 1196 Widi-

503 1243 658 1314 Qnod
701 1242 771 1299 ob
817 1244 1046 1316 gratiam
1097 1242 1268 1298 sancti
1317 1241 1417 1295 viri
1469 1239 1681 1297 etelitus
1721 1237 1923 1294 factum
1980 1253 2087 1293 non
2187 1230 2384 1287 kindus
2427 1232 2616 1288 eodem
2648 1248 2791 1287 anno
2817 1236 2839 1270 ο
2878 1231 2989 1302 regi
3044 1245 3102 1286 se
3147 1232 3383 1286 subdens
3428 1231 3661 1297 Carolo,
3716 1232 3818 1287 ba-

504 1332 817 1389 dubilatur:
850 1332 1096 1407 quamvis
1126 1333 1240 1403 ipse
1265 1331 1552 1386 elationem
1589 1328 1800 1402 fugiens
1832 1328 2003 1401 magis
2034 1330 2086 1385 in
2190 1323 2372 1393 ι)ιίδωί
2395 1332 2484 1379 est
2510 1324 2742 1395 gratiam
2768 1331 3116 1391 manemus,
3150 1323 3337 1393 sicque
3363 1323 3435 1378 ad
3458 1332 3693 1394 tempus
3719 1339 3815 1381 oe-

503 1421 820 1479 abscondito
842 1438 1003 1501 quam
1028 1421 1240 1501 publice
1276 1422 1327 1478 id
1367 1420 1480 1476 ﬁeri
1515 1421 1797 1495 cupiverit.
1827 1420 1995 1493 Igitur
2019 1420 2087 1477 ab
2190 1417 2315 1471 data
2345 1424 2472 1473 sunt
2494 1416 2652 1485 mala,
2691 1431 2812 1489 qua!
2844 1416 2987 1472 illius
3013 1414 3231 1471 fuerant
3276 1416 3486 1488 ingesta
3528 1417 3811 1491 pernicie.

503 1515 699 1572 itinere
736 1527 1002 1591 concepto
1046 1532 1317 1583 reversus,
1362 1514 1611 1571 transivit
1662 1514 1728 1570 ad
1768 1514 1945 1571 locum
1995 1513 2087 1586 qui
2190 1511 2320 1567 Post
2344 1511 2459 1567 haec
2480 1526 2608 1567 vero
2636 1527 2758 1567 cum
2788 1511 2967 1568 omnia
2995 1510 3223 1585 paciﬁca
3248 1511 3595 1579 viderentur,
3625 1521 3689 1569 et
3711 1514 3816 1569 sub

505 1605 704 1664 dicitur
728 1607 1067 1667 Asternacha
1093 1624 1113 1647 ι
1144 1626 1156 1662 :
1192 1606 1374 1679 ibique
1396 1605 1642 1678 discipuli
1670 1604 1803 1676 ejus,
1841 1605 1931 1675 qui
1959 1620 2087 1677 pro-
2194 1604 2301 1659 leni
2321 1602 2454 1677 jugo
2484 1602 2687 1661 Christi
2720 1604 2995 1662 Saxonum
3029 1603 3255 1672 ferocia,
3286 1605 3416 1663 licet
3444 1618 3666 1673 coacta,
3694 1606 3814 1675 iam

480 1707 589 1755 'ter
617 1709 819 1761 metum
850 1701 1246 1771 persecutionis
1266 1699 1470 1772 passim
1495 1698 1723 1770 dispersi
1753 1696 1988 1762 fuerant,
2021 1696 2088 1753 ad
2192 1697 2540 1753 mitescerent
2608 1697 2741 1754 colla
2768 1716 2783 1764 ;
2854 1708 3187 1755 memoratus
3256 1698 3813 1771 prtecellentissimus

505 1807 628 1846 eum
656 1801 782 1846 sunt
805 1792 983 1848 denuo
1012 1789 1264 1863 copulati.
1296 1790 1441 1858 Quos
1467 1788 1557 1844 ille
1584 1789 1814 1861 benigna
1844 1789 2088 1845 consola—
2190 1786 2443 1858 princeps
2490 1788 2542 1842 in
2593 1787 2895 1844 Wormatia
2923 1789 3132 1859 positus
3162 1789 3382 1845 civitate
3403 1829 3420 1854 ,
3456 1804 3687 1845 servum
3714 1789 3810 1844 Dei

507 1880 653 1938 tione
703 1881 1027 1950 refocillans,
1071 1892 1129 1937 ut
1172 1898 1272 1954 pro
1303 1880 1407 1938 ﬁde
1431 1880 1633 1937 Christi
1673 1890 1988 1939 constanter
2034 1884 2087 1938 in
2121 1886 2167 1947 Β
2190 1877 2554 1934 Willchadum
2596 1880 2903 1936 consecrari
2959 1879 3085 1936 fecit
3119 1881 3439 1952 episcopum
3474 1882 3645 1937 tertio
3682 1881 3810 1936 ldus

504 1973 752 2028 omnibus
779 1989 837 2030 se
866 1983 1109 2046 agerent,
1148 1973 1236 2044 pie
1282 1972 1575 2028 admonere
1608 1972 1833 2028 studuit.
1878 1972 2089 2043 Quique
2190 1970 2316 2026 Julii
2344 1970 2394 2037 δ,
2423 1971 2811 2043 constituitque
2841 1988 2963 2031 eum
3008 1981 3286 2045 pastorem
3325 1982 3485 2044 atque
3520 1982 3808 2030 rectorem

503 2064 557 2118 in
588 2064 776 2121 eodem
822 2064 941 2121 loco
969 2065 1177 2120 duobus
1227 2063 1341 2119 fere
1384 2063 1539 2118 annis
1570 2064 1900 2129 demoratus,
1930 2062 2091 2135 elegit
2192 2076 2353 2133 super
2376 2059 2761 2133 Wigmodiam,
2784 2071 2839 2118 et
2864 2061 3050 2128 Laras,
3083 2072 3137 2118 et
3154 2061 3358 2120 Ruistri
3388 2075 3434 2128 ο,
3463 2070 3520 2119 et
3538 2062 3805 2134 Asterga,

504 2155 797 2229 solitariam
845 2156 1120 2212 inclausus
1160 2154 1359 2212 ducere
1385 2156 1551 2213 vitam
1585 2174 1598 2210 :
1633 2156 1723 2210 ubi
1767 2154 1929 2210 etiam
1983 2171 2089 2212 non
2193 2167 2400 2209 necnon
2437 2153 2707 2209 Nordendi
2761 2171 2824 2211 ac
2875 2154 3117 2223 Wanga:
3176 2165 3235 2211 ut
3286 2157 3419 2212 inibi
3470 2156 3805 2213 auctoritate

504 2245 850 2301 mediocriter
884 2246 1089 2311 vivens,
1118 2262 1242 2302 cum
1270 2246 1490 2302 lectioni
1522 2254 1686 2316 atque
1706 2246 1937 2301 orationi
1964 2260 2090 2317 ope-
2191 2241 2482 2313 episcopali
2513 2254 2567 2298 et
2591 2254 2845 2315 praeesset
2890 2245 3118 2316 populis,
3163 2256 3239 2312 et,
3290 2248 3369 2305 uti
3392 2258 3662 2319 culpet-at,
3694 2241 3796 2303 do-

504 2351 621 2391 ram
643 2335 944 2401 daret,tum
974 2337 1242 2408 przecipue
1265 2336 1542 2409 scriptioni
1576 2337 1845 2393 interdum
1877 2335 2090 2395 deditus
2193 2334 2363 2390 ctrina
2393 2334 2617 2391 salutari
2651 2336 3010 2408 operibusque
3045 2339 3259 2394 eximiis
3291 2340 3609 2411 speculator
3641 2341 3801 2397 desuo

503 2435 642 2482 erat.
680 2425 924 2499 Namque
957 2427 1174 2499 scripsit
1226 2426 1295 2481 ibi
1333 2424 1602 2498 Epistolas
1640 2425 1781 2483 beati
1832 2426 1979 2483 Pauli
2035 2426 2090 2481 in
2192 2443 2289 2499 per
2331 2427 2571 2484 intentus
2600 2431 2856 2500 prodesse
2896 2431 3160 2489 studeret.
3194 2429 3393 2502 Sicque
3433 2432 3551 2503 ipse
3595 2433 3803 2503 primus

503 2536 611 2576 uno
645 2519 933 2586 volumine,
963 2520 1177 2591 aliaque
1204 2518 1619 2592 quamplurima,
1648 2533 1768 2589 quae
1807 2533 1837 2572 a
1871 2532 2087 2573 succes-
2193 2525 2245 2579 in
2279 2522 2465 2579 eadem
2495 2525 2716 2581 dimcesi
2737 2526 2921 2583 sedem
2948 2525 3183 2587 obtinuit
3210 2526 3611 2599 pontiﬁcalem.
3649 2524 3804 2597 Quod

502 2612 715 2669 soribus
744 2611 911 2683 ipsius
940 2612 1010 2667 ob
1049 2611 1436 2669 monimentum
1465 2620 1662 2668 sanctae
1701 2609 2091 2667 recordationis
2192 2625 2373 2672 tamen
2407 2616 2458 2674 id
2482 2624 2592 2673 tam
2618 2617 2709 2671 diu
2738 2614 3110 2688 prolongatum
3135 2615 3335 2681 fuerat,
3365 2617 3495 2687 quia
3523 2632 3664 2687 gens
3689 2632 3802 2671 cre-

503 2705 619 2777 ejus
675 2713 911 2771 servata,
958 2705 1219 2759 hactenus
1278 2711 1497 2759 manent
1550 2702 1886 2758 inconvnlsa.
1939 2700 2091 2758 Multi
2192 2707 2400 2765 dulitati
2425 2709 2622 2766 divinae
2649 2712 2925 2776 resistens,
2950 2726 3075 2767 cum
3115 2711 3467 2783 presbyteros
3512 2710 3804 2783 aliquoties

502 2811 716 2869 quoque
758 2797 813 2853 in
866 2796 1055 2854 eodem
1102 2796 1220 2854 loco
1257 2796 1518 2870 exemplis
1555 2798 1671 2870 ejus
1705 2813 1736 2853 e
1765 2796 1985 2853 monitis
2023 2796 2089 2851 ad
2192 2784 2375 2857 secum
2434 2816 2658 2859 manere
2712 2802 2802 2861 vix
2869 2800 3145 2872 compulsa
3197 2802 3440 2869 sineret,
3500 2802 3801 2875 episcopali

504 2888 781 2945 meliorem
808 2899 934 2944 sunt
954 2889 1119 2949 vitam
1137 2888 1464 2955 correcti,et
1479 2887 1543 2942 ad
1570 2889 1848 2943 servitium
1878 2886 2088 2943 Domini
2196 2893 2521 2948 auctoritate
2566 2891 2785 2948 minime
2826 2892 2939 2964 regi
2977 2893 3302 2962 patiebatur.
3353 2890 3467 2946 "ac
3502 2890 3693 2962 itaque
3734 2894 3799 2946 de

506 2995 613 3035 non
642 2981 908 3052 ignaviter
932 2981 1167 3037 accensi.
2192 3000 2351 3041 causa
2391 2993 2595 3056 septem
2637 2985 2791 3041 annis
2845 2986 2995 3055 prius
3040 2985 3093 3040 in
3137 2984 3326 3040 eadem
3384 2985 3676 3056 presbyter
3718 2992 3802 3041 est

1083 3117 1312 3179 CAPUT
1353 3118 1484 3179 νηί·
2192 3080 2591 3179 demonstratus
2622 3077 2907 3179 parochia;
2940 3086 3162 3133 vocatus
3205 3086 3387 3133 tamen
3742 3077 3791 3131 τι

1471 3158 1484 3243 ί
1512 3230 1533 3242 ,
1662 3232 1673 3243 ,
2191 3178 2247 3226 et
2265 3171 2560 3228 secundum
2588 3171 2732 3242 quod
2755 3179 2968 3241 poterat
2995 3178 3189 3226 cuncta
3214 3178 3486 3243 potestate
3504 3170 3789 3241 presiden-

2115 3268 2165 3334 c
2196 3262 2266 3318 tis
2293 3262 2570 3319 ordinans.
2618 3261 2880 3333 Percepta
2933 3277 3061 3319 vero
3108 3261 3527 3323 consecratione
3577 3259 3798 3332 pontiﬁ-

576 3347 706 3405 Post
733 3348 850 3404 htec
878 3355 1060 3402 autem
1086 3347 1286 3401 iterum
1312 3344 1656 3401 venerandus
1680 3345 1890 3400 Domini
1914 3361 2095 3401 sacer-
2198 3352 2321 3420 cali,
2372 3353 2538 3425 cmpit
2567 3354 2621 3408 in
2645 3353 2897 3408 omnibus
2930 3353 3095 3408 etiam
3142 3352 3372 3410 devotus
3418 3368 3479 3408 se
3507 3368 3696 3427 agere,
3748 3360 3803 3405 et

507 3441 605 3497 dos
639 3454 819 3513 regem
852 3437 984 3497 adiit
1002 3435 1281 3509 Carolum,
1316 3436 1411 3509 qui
1450 3445 1577 3490 tunc
1611 3435 1750 3497 forte
1781 3436 1833 3493 in
1872 3435 2095 3492 castello
2198 3445 2456 3501 virtutum
2502 3444 2682 3501 studia
2721 3460 2842 3514 quae
2873 3444 3025 3516 prius
3066 3453 3407 3512 exercuerat,
3445 3443 3804 3515 multiplicius

504 3533 829 3593 consederat
860 3529 1112 3595 Saxonire
1134 3529 1368 3587 Eresbur
1390 3530 1440 3596 δ,
1474 3546 1780 3602 proponens
1802 3530 2113 3591 voluntatis.
2198 3539 2597 3611 augmentarido
2623 3538 2923 3593 cumulare.

506 3638 621 3679 suae
658 3622 1062 3678 devotissimam
1106 3621 1158 3675 in
1205 3621 1598 3693 praeparatione
1642 3619 1916 3693 Evangelii
1948 3623 2096 3693 pacis

684 3232 962 3289 Ordinatio
995 3233 1164 3287 sancti
1190 3229 1478 3286 Willehadi
1505 3230 1559 3286 t'n
1592 3232 1908 3302 episcopum.

507 3668 621 3679 ””“’
659 3668 1062 3728 ῗ”’”””””’”““’
1090 3668 1597 3727 7""me
1640 3668 1916 3726 ῗ”ῗ’””“”’
1948 3668 2117 3726 ¹’“”Ῑ”ι
2811 3670 3043 3730 CAPUT
3081 3668 3169 3726 IX.

507 3714 868 3779 aﬂ'ecttoncm,
896 3723 1058 3786 atque
1090 3730 1257 3787 Ipsms
1285 3732 1338 3769 In
1383 3714 1485 3769 hoc
1514 3730 1878 3785 aequissunam
1912 3731 2095 3785 reqm-
2502 3786 2507 3787 7
3124 3786 3129 3787 7

508 3823 636 3863 rens
663 3786 1228 3879 prmceptionem.rQui
1260 3821 1359 3877 pro
1393 3804 1765 3863 consolatione
1790 3806 1993 3865 laboris
2034 3822 2097 3863 ac
2367 3846 2376 3856 .
2470 3786 2801 3845 σοηιίηεηίία
2824 3788 2970 3860 εῙυεν
3002 3796 3050 3841 εί
3078 3786 3184 3841 αίίσ
3214 3787 3303 3858 Ρία
3331 3802 3511 3859 θρίω·

507 3899 759 3972 prtesidio
788 3900 1230 3977 subsequentium
1274 3901 1411 3982 ejus,
1438 3898 1586 3954 dedit
1613 3899 1658 3955 ei
1695 3899 1746 3955 in
1773 3899 2094 3983 beneficium

2272 3900 2514 3972 Namque
2540 3917 2572 3956 a
2604 3900 2875 3973 primaevis
2919 3899 3255 3972 temporibus
3306 3913 3521 3973 magna
3576 3898 3662 3954 vir
3700 3899 3800 3955 iste

511 3990 801 4061 quamdam
852 3990 1043 4046 cellam
1093 3991 1144 4045 in
1184 3989 1445 4056 Francia,
1504 4007 1621 4061 qv."
1658 3990 1957 4062 appellatur
2005 3990 2099 4046 .lu-
2201 3991 2303 4047 fuit
2342 3991 2707 4056 continentitc,
2746 4007 2810 4047 ac
2845 3992 3038 4047 devote
3068 3992 3295 4047 Domino
3340 3990 3799 4063 omnipotentiab

512 4081 690 4137 stina:
725 4081 1086 4151 praecepitque
1117 4080 1164 4133 ei
1201 4090 1257 4134 ut
1285 4080 1479 4137 iterum
1512 4097 1607 4150 pro
1638 4082 1855 4136 nomine
1895 4081 2099 4136 Christi
2202 4089 2422 4143 ineunte
2451 4086 2673 4141 servivit
2718 4093 2898 4140 :etate.
2957 4083 3154 4139 Vinum
3182 4093 3236 4140 ct
3262 4084 3517 4149 siceram,
3548 4100 3616 4140 ac
3644 4099 3802 4143 anno

512 4182 744 4243 emptam
776 4179 1044 4244 repeteret
1073 4172 1403 4245 parochiam.
1441 4171 1593 4240 Quod
1626 4171 1711 4226 ille
1738 4181 2016 4245 gratanter
2037 4190 2101 4231 ac
2201 4180 2343 4234 unde
2397 4177 2652 4235 inebriari
2682 4186 2889 4247 potest,
2944 4192 3051 4232 non
3080 4177 3235 4231 bibit.
3284 4176 3419 4232 Esca
3451 4166 3649 4241 autem
3684 4178 3797 4249 dus

582 4341 609 4369 ι
639 4328 697 4401 tu
725 4335 809 4383 est
834 4327 888 4382 in
915 4328 1304 4401 monasterium
1330 4328 1749 4401 Asternacense,
1783 4331 2098 4386 recentiori-
2202 4336 2322 4385 ctus
2348 4336 2431 4385 est
2458 4336 2634 4383 autem
2661 4329 2880 4401 ineunte
2916 4343 3061 4401 anno
3087 4327 3209 4401 7870,
3243 4343 3402 4398 supra
3435 4343 3556 4401 cap.
3605 4331 3664 4395 5,
3693 4338 3800 4386 tum

512 4402 615 4457 bus
647 4398 1066 4469 Epternacense.
1100 4399 1340 4453 Adamus
1371 4417 1383 4451 :
1416 4418 1435 4450 ι
1464 4399 1580 4469 Ipse
1614 4399 1950 4456 Willehadus
1974 4417 2098 4457 cum
2201 4402 2329 4469 quia
2381 4406 2575 4456 exacto
2624 4398 2922 4469 praelatum
2971 4399 3189 4469 biennio
3224 4407 3470 4454 mortuus
3504 4398 3615 4456 est
3659 4417 3803 4457 anno

514 4468 781 4543 Liudgero
801 4468 1028 4543 Romam
1048 4470 1217 4543 venit,
1230 4470 1330 4543 ubi
1357 4468 1686 4543 sanctissimi
1714 4486 1864 4541 papae
1876 4472 2099 4529 Adriani
2200 4468 2323 4526 789.
2356 4469 2515 4543 Certe
2544 4468 2685 4543 hanc
2710 4470 3104 4543 ordinationem
3127 4468 3435 4543 Cluprticon
3463 4469 3807 4543 "uisam

515 4538 879 4613 consolatione
906 4538 1152 4613 relevati,
1181 4540 1481 4613 Liudgerus
1503 4541 1556 4613 in
1582 4538 1818 4613 montem
1840 4542 2098 4613 Casinum
2204 4541 2415 4613 reponit
2471 4541 2788 4613 ann_o777787,
2825 4541 2907 4596 his
2954 4541 3132 4613 verbis
3180 4558 3194 4595 :
3237 4538 3254 4592 ἀ
3291 4541 3489 4613 Beatus
3544 4542 3809 4613 eradus

516 4611 755 4687 recc_<slt_
770 4611 849 4687 ad
872 4609 1264 4687 confessionem
1304 4609 1473 4665 sancti
1503 4611 1811 4687 Benedicti;
1842 4611 2100 4687 Wﬂleha-
2126 4626 2179 4687 ι)
2202 4609 2511 4687 glegcn._l_utn
2542 4609 3160 4687 Williadusiordimtns
3192 4620 3275 4687 est
3298 4611 3585 4687 episcopus
3610 4612 3666 4668 in
3699 4612 3806 4669 ldi-

514 4684 615 4756 dus
639 4683 693 4756 in
715 4680 952 4756 Calliam
978 4681 1043 4756 ad
1073 4680 1378 4756 sepulcrum
1401 4683 1572 4756 sancti
1605 4683 1879 4756 repedavit
1908 4683 2096 4756 Wille-
2128 4680 2169 4687 ⁷
2202 4680 2448 4756 btts_Julii
2477 4680 2923 4756 superwimoda,
2950 4691 3184 4756 etsupcr
3200 4681 3451 4756 Kiusleri,
3474 4680 3529 4756 et
3546 4684 3807 4756 Λεία-επ,

513 4751 921 4823 brordthaque
940 4749 1159 4807 biennio
1184 4761 1410 4823 uterque
1432 4753 1648 4818 reclusi,
1667 4749 2096 4823 contemplativac
2203 4762 2260 4806 et
2282 4754 2442 4823 Calui,
2488 4749 2571 4805 vel
2602 4751 2848 4815 Sordedi,
2873 4763 2929 4807 et
2960 4749 3190 4821 Watigia
3217 4770 3229 4805 :
3279 4766 3334 4807 et
3358 4754 3430 4807 ibi
3459 4755 3645 4809 docuit
3684 4749 3813 4810 vcr-

513 4820 896 4903 vitanoperam
939 4823 1156 4903 dabant.
1197 4843 1212 4874 ι
1241 4820 1487 4903 7chesis
1530 4823 1663 4878 Acta
1711 4820 1898 4881 sancti
1918 4824 2093 4880 Willi-
2205 4820 3083 4903 ὺυιιιλῡθῆηθι-ὶξδμξὶωγίεθος-ξπ
3111 4820 3315 4892 primis.
3341 4844 3380 4903 7i

514 4890 772 4964 brordict
803 4893 972 4948 sancti
997 4891 1276 4964 Liudgeri.
1350 4890 1391 4964 ί
1420 4962 1430 4964 7
2279 4905 2302 4932 ο
2334 4892 2514 4964 Bustri
2538 4935 2551 4957 ,
2580 4890 2765 4947 Ft'isite
2794 4892 3074 4964 orientalis
3096 4890 3187 4964 seu
3214 4895 3501 4950 comitatus
3530 4895 3811 4952 Embdcni

594 4964 624 5003 ιδ
654 4961 1239 5036 Ergsburg,__Saxon_ize
1272 4962 1527 5033 oppidum
1564 4964 1629 5018 ad
1670 4962 1941 5021 Wiseram
1993 4964 2093 5019 llu-
2202 4963 2403 5036 populi,
2457 4964 2630 5019 medio
2657 4966 2774 5018 sinu
2802 4962 2933 5036 Jadi
2959 4963 3567 5036 appellatqdividuntur
3596 4967 3646 5019 in
3675 4982 3811 5036 par-

514 5031 906 5107 vium.__Carolo
938 5033 1129 5105 Magno
1159 5031 1582 5107 frequentatum.
1614 5104 1653 5107 _
1697 5106 1705 5107 7
1756 5106 1759 5107 7
1874 5105 1882 5107 7
2203 5031 2289 5107 tes
2310 5035 2465 5098 duas,
2494 5048 2526 5107 ς
2550 5036 2751 5107 quibus
2773 5035 2862 5107 qui
2888 5034 2967 5107 eis
2989 5031 3177 5107 ladani
3204 5032 3386 5090 Rustri
3407 5031 3812 5107 etﬂustriiagi;

586 5101 939 5177 τε-ΙδῐίηιῇηιιιιΔ
966 5101 1109 5177 anno
1153 5101 1280 5177 785,
1332 5112 1566 5177 testante
1612 5104 1953 5177 Eginhardo,
2006 5107 2098 5177 qui
2203 5106 2296 5177 qui
2322 5113 2475 5177 trans
2501 5101 2980 5177 JailantBuijadu-,
3013 5105 3065 5158 id
3107 5115 3189 5160 est
3220 5104 3610 5177 trans-ladani,
3639 5101 3815 5163 815d;

512 5172 979 5246 Wilikenduin_in
998 5173 1271 5246 Attiniaco
1295 5174 1415 5228 villa
1442 5172 1748 5246 Campaniae
1778 5172 2099 5246 Rhemcnéis
2204 5172 2370 5237 (undi,
2389 5174 2671 5246 7Stedingii
2700 5172 3164 5246 COgllOlllillllllllll‘.
3212 5174 3428 5246 Asterga
3457 5194 3586 5232 vero
3627 5183 3813 5237 emiti-

511 5247 843 5326 baptizatum
863 5242 1052 5326 luisse
1075 5245 1276 5326 tradit.
1322 5242 1749 5326 Adamus'regni
1786 5245 1965 5326 Caroli
1990 5264 2096 5326 an:
2204 5246 2335 5326 ειμι-ιε
2365 5242 2874 5326 Εμῐιξιιιωιὶξιίᾳςῐιιεδ
2896 5285 2908 5309 ,
2928 5244 3190 5326 yslringa
3216 5242 3612 5326 vnlgg’tlicitur.
3654 5247 3816 5322 ιυς.)

515 5314 642 5372 nutu
674 5316 741 5372 l8
764 5322 913 5387 recte
940 5314 1279 5387 ttotat._l.ege
1299 5332 1361 5370 ea
1383 5317 1450 5369 de
1475 5333 1534 5372 re
1561 5314 1840 5385 epistolam
1874 5317 2097 5373 Adriani
2205 5315 2662 5387 Ub7bo7uis_§tnmil
2694 5315 2894 5387 librum
2928 5314 2969 5369 ll
3002 5314 3203 5387 iterum
3231 5314 3578 5373 Frisicarum.

514 5402 666 5457 papa:
704 5387 770 5441 ad
792 5385 1047 5457 Carolttm
1077 5384 1326 5457 Magnum
1366 5388 1417 5441 in
1445 5384 1679 5444 tomo’lll
1704 5387 1842 5443 Hist.
1869 5387 2093 5453 Franc.,
2246 5456 2249 5457 7
2280 5385 2297 5423 τ
2332 5386 2408 5439 En
2441 5384 2773 5440 Willchadus
2794 5394 2916 5457 ante
2938 5386 3296 5454 episcopalem
3327 5391 3816 5446 consecrationem

514 5456 737 5531 quaeest
766 5456 1046 5531 ordine_9l
1081 5456 1222 5531 inter
1245 5457 1631 5531 pon_tiﬂcias.__
1844 5529 1851 5531 7
1942 5528 1971 5531 77
2021 5529 2029 5531 7
2204 5456 2380 5531 dictus
2401 5465 2486 5531 est
2522 5458 2810 5531 episcopus,
2855 5456 3111 5531 nimirum
3140 5458 3208 5512 ob
3232 5458 3557 5531 episcopalis
3589 5464 3813 5525 innuit,

584 5525 611 5566 ἀ
643 5526 902 5601 Eumdem
931 5528 1110 5601 signat
1142 5525 1285 5585 diem
1320 5527 1553 5601 Carolus
1582 5528 1803 5601 Magnus
1840 5529 1894 5584 in
1926 5528 2070 5601 diplo
2198 5541 2310 5601 prae
2333 5525 2636 5582 licationem
2665 5525 2893 5601 scilicet,
2942 5528 3192 5601 baptismi
3233 5525 3600 5601 collationem,
3632 5546 3808 5600 pres-

514 5609 662 5655 male
709 5599 955 5668 superius
987 5597 1253 5655 adducto.
1304 5600 1518 5654 Annum
1560 5597 1690 5655 vero
1721 5599 1821 5656 787
1865 5597 2064 5656 statuet
2202 5597 2513 5668 bytcrorum
2565 5598 2730 5653 variis
2779 5598 2831 5652 iu
2882 5597 3013 5653 locis
3061 5597 3487 5665 institutionem,
3516 5612 3569 5657 et
3609 5597 3719 5657 alia
3761 5606 3814 5657 i.l

516 5684 737 5727 necesse
764 5666 871 5736 est,
914 5678 1024 5725 tum
1048 5671 1174 5742 quia
1205 5669 1847 5745 Willehadusordinatus
1872 5670 2074 5745 estepi
2132 5718 2138 5729 ,
2196 5666 2391 5736 genus.
2429 5666 2565 5745 Hinc
2590 5679 2963 5745 argumentum
2996 5683 3274 5745 sume7cu7r
3322 5673 3497 5728 sancti
3546 5674 3810 5745 complu-

517 5754 711 5810 scopus
742 5749 868 5812 post
888 5737 1316 5812 annos'septem,
1351 5756 1513 5812 quam
1554 5740 1607 5796 in
1634 5739 1927 5812 Saxoniam
1956 5737 2098 5812 dire-
2205 5754 2312 5803 res,
2337 5739 2607 5810 praecipue
2634 5739 2686 5792 in
2714 5738 2918 5812 Belgio,
2947 5737 3170 5812 episcopi
3201 5741 3468 5812 dicantur,
3491 5744 3587 5812 qui
3618 5737 3811 5801 tamen

516 5819 636 5872 ctus
662 5810 753 5867 est
776 5827 804 5867 a
834 5810 1052 5885 Carolo,
1090 5810 1157 5877 ex
1203 5811 1442 5871 auctoris
1465 5812 1733 5868 sentcntia
1761 5811 1922 5881 intra,
1953 5811 2096 5868 dire-
2205 5825 2472 5883 nusquam
2498 5810 2800 5871 consecrati
2826 5819 2951 5867 sunt
2979 5810 3238 5883 episcopi.
