4020 6338
557 405 698 460 1025

1552 407 1915 467 ANSCHARII
1937 410 2477 471 HAMBURGENSIS
2515 416 2820 474 EPISCOPI

3711 427 3737 479 1
3750 427 3880 479 0‘24

556 525 717 579 domo
748 521 950 592 pariter
967 521 1131 576 etiam
1158 535 1284 575 arca
1311 535 1432 575 cum
1457 520 1707 577 omnibus
1728 538 1848 592 qua:
1879 522 2025 578 intus
2052 538 2136 578 re-
2162 534 2211 589 Α
2238 525 2587 597 liquefactum
2634 527 2931 595 deflueret;
2981 530 3092 599 ipsc
3143 545 3267 585 cum
3318 543 3465 587 esset
3515 546 3880 606 argenteus,

554 613 765 670 condita
786 611 1021 677 fuerant,
1042 611 1255 682 penitus
1279 620 1361 668 est
1382 623 1720 683 consumpta.
1758 613 1865 670 Sed
1885 613 2136 670 baculum

553 707 728 777 ipsum
757 705 811 760 in
837 703 984 760 nullo
1022 704 1261 760 funditus
1294 705 1434 775 ignis
1465 705 1730 776 attingere
1776 708 1990 777 potuit:
2043 723 2138 763 ve-

2241 619 2462 674 omnino
2491 620 2698 691 integer
2723 630 2808 676 est
2827 628 3091 691 repertus.
3144 621 3212 676 Et
3247 638 3374 678 vere
3400 624 3660 680 miranda
3702 627 3766 681 in
3796 643 3879 685 eo

2241 710 2454 765 Domini
2504 719 2744 782 potestas
2783 713 3051 781 apparuit,
3098 721 3158 766 ut
3207 715 3299 784 qui
3346 730 3477 770 vero
3507 717 3638 788 igne
3673 719 3876 774 divini

551 815 672 855 rum
702 799 757 853 in
811 798 990 854 medio
1025 798 1180 868 ignis
1207 798 1278 852 ita
1311 807 1397 854 est
1448 808 1699 869 repertus
1745 799 2050 866 incolumis,
2078 808 2140 855 ut
2241 801 2443 856 amoris
2470 803 2658 858 vivens
2694 818 2957 858 accensus
2986 802 3183 870 fuerat,
3206 806 3258 859 in
3281 803 3396 874 ejus
3426 807 3708 879 reliquias
3729 818 3876 882 pbst

550 904 652 946 nec
680 890 894 960 signum
919 889 1137 958 quidem
1167 890 1380 946 ardoris
1413 890 1468 944 in
1517 906 1583 946 eo
1613 891 1776 946 ullum
1802 893 2133 963 apparuerit.

555 981 707 1038 Unde
727 984 868 1037 Deus
894 984 1233 1054 omnipotens
1279 984 1332 1038 in
1379 984 1582 1040 sanctis
1611 985 1722 1040 suis
1750 1001 1876 1040 vere
1903 995 1986 1040 est
2016 985 2135 1043 lau-

551 1074 782 1142 dandus,
813 1077 906 1146 qui
962 1076 1016 1130 in
1043 1077 1284 1131 minimis
1310 1077 1474 1132 etiam
1523 1079 1686 1133 rebus
1714 1080 1964 1134 meritum
1994 1079 2135 1148 ipso-

545 1180 668 1221 rum
705 1167 817 1221 suis
840 1166 1077 1220 declarat
1105 1166 1370 1222 ﬁdelibus.
1418 1167 1576 1223 Aliud
1627 1170 2133 1240 quoqueocontigit,

545 1255 690 1327 quod
741 1272 894 1327 atque
949 1258 1165 1313 beatum
1216 1259 1394 1313 virum
1442 1261 1624 1331 magni
1681 1277 1863 1316 coram
1909 1263 2136 1318 Domino

545 1348 718 1404 fuisse
768 1349 948 1404 meriti
994 1361 1394 1419 praemonstrat.
1448 1352 1684 1408 Calicem
1744 1354 1940 1424 quippe
1997 1353 2131 1422 ejus,

543 1456 666 1495 cum
695 1455 802 1510 quo
831 1441 1157 1496 sacriﬁcium
1193 1441 1423 1498 Domino
1445 1444 1685 1512 quotidie
1708 1443 1827 1516 [al.,
1857 1445 2132 1517 continue]

543 1531 741 1586 offerre
785 1533 1016 1600 solebat,
1063 1533 1118 1588 in
1157 1535 1391 1604 quodam
1421 1531 1539 1591 loco
1585 1536 1919 1590 reconditum
1967 1538 2133 1591 disci-

539 1620 792 1690 pulorum
843 1623 958 1691 ejus
1010 1622 1270 1678 ﬁdissima
1322 1625 1680 1679 conservabat
1740 1622 1970 1679 affectio.
2032 1626 2134 1682 Ubi

453 1701 458 1706 ’
539 1709 704 1764 etiam
731 1726 855 1765 cum
907 1713 1148 1784 ingestus
1175 1714 1313 1784 ignis
1341 1723 1534 1770 cuncta
1594 1725 1960 1782 consumeret,
1990 1732 2053 1772 ac
2088 1717 2132 1772 si

541 1801 672 1871 quid
698 1800 840 1856 forte
877 1804 1078 1858 metalli
1133 1805 1313 1861 fuerat
1359 1821 1523 1876 opere
1574 1806 1920 1873 fabricatum,
1954 1808 2134 1865 calore

610 1971 636 2000 α
673 1941 1246 2035 Ειιηι-ἀθιηνρδιοιίιυῐη
1296 1965 1518 2035 prtefert
1560 1967 1824 2033 Adamus,
1861 1970 1965 2023 hoc
2022 1969 2119 2022 ad—

539 2029 652 2085 dito
685 2045 700 2083 :
740 2051 757 2081 ‹
792 2031 1219 2107 Prajdicavitqite
1252 2029 1360 2090 ta'm
1390 2036 1573 2091 Fresis
1602 2052 1763 2107 quam
1812 2029 2125 2093 Saxonibus

538 2110 660 2172 post
685 2103 1006 2173 martyrium
1048 2103 1106 2160 S.
1137 2103 1400 2162 Bonifacii
1450 2103 1636 2162 omnes
1684 2124 1855 2164 annos
1904 2111 2124 2180 triginta

2161 1890 2210 1949 B

2238 904 2469 948 mortem
2506 895 2672 963 ipsius
2699 903 2947 950 terrenus
2986 895 3127 965 ignis
3157 911 3264 950 non
3310 897 3536 954 valeret.
3570 902 3875 956 Creatura

2238 985 2384 1039 enim
2418 983 2687 1039 Creatoris
2721 984 2966 1052 subjecta
2997 986 3244 1056 imperio,
3273 987 3438 1042 etiam
3479 989 3595 1043 vim
3626 1001 3869 1047 natura:

2237 1075 2438 1151 perdit,
2471 1091 2591 1129 cum
2616 1075 2830 1146 jussum
2853 1073 3189 1130 dominantis
3216 1077 3448 1132 attendit
3473 1097 3486 1132 :
3527 1095 3636 1135 nec
3665 1093 3870 1151 potest

2239 1146 2438 1237 aliquid
2463 1168 2772 1222 detrimenti
2797 1169 3044 1238 quamvis
3066 1177 3259 1224 natura
3283 1169 3522 1226 dictante
3547 1146 3860 1242 perﬁcere,

2238 1277 2358 1317 cum
2387 1261 2468 1316 vis
2501 1261 2918 1332 uniuscujusque
2944 1272 3153 1317 natune
3185 1263 3240 1316 in
3286 1264 3570 1320 Creatoris
3602 1268 3858 1336 pendeat

2236 1353 2761 1424 omnipotentissima
2789 1353 3084 1408 voluntate.
3116 1352 3311 1408 Mansit
3333 1364 3516 1411 autem
3545 1359 3603 1411 in
3630 1360 3864 1427 episeo-

2236 1454 2363 1516 patu
2388 1445 2579 1500 beatus
2606 1445 2943 1501 Willeliadus
2965 1446 3169 1501 electus
3195 1446 3407 1502 Domini
3447 1449 3709 1518 pontifex
3750 1468 3858 1506 au-

2237 1540 2322 1594 nis
2359 1540 2588 1604 duobus,
2640 1541 2915 1596 mensibus
2945 1540 3140 1605 tribus,
3167 1541 3361 1596 diebus
3391 1555 3417 1582 ει
3467 1544 3666 1613 viginti
3726 1562 3851 1611 sex,

2237 1639 2291 1684 ct.
2319 1642 2538 1699 peracto
2562 1631 2689 1686 boni
2737 1633 3052 1687 certaminis
3094 1648 3255 1688 cursu
3294 1632 3530 1689 feliciter
3584 1638 3856 1708 migravit

2236 1721 2302 1774 ad
2325 1721 2646 1776 Dominum:
2677 1723 2764 1777 cui
2791 1731 2876 1776 est
2915 1724 3088 1777 honor
3121 1732 3177 1776 et
3201 1722 3372 1793 gloria
3411 1733 3470 1778 et
3496 1735 3754 1795 potestas
3798 1740 3853 1782 et

2237 1810 2521 1881 imperium
2552 1827 2649 1881 per
2683 1813 2890 1868 inﬁnita
2915 1814 3110 1868 szecula
3141 1815 3489 1871 saeculorum.
3521 1819 3730 1873 Amen.

2229 1967 2484 2035 quinque.
2520 1967 2667 2022 Obiit
2706 1977 2891 2038 autem
2948 1983 3109 2023 senex
3162 1977 3217 2023 et
3265 1969 3459 2038 plenus
3516 1971 3736 2025 dierum
3786 1974 3836 2026 in

2231 2038 2440 2102 Fresia,
2467 2038 2519 2092 in
2551 2038 2673 2092 villa
2702 2037 2995 2106 Plecazze,
3025 2053 3144 2109 qua:
3188 2037 3290 2093 sita
3320 2050 3406 2094 est
3439 2041 3498 2095 in
3531 2040 3776 2097 Busiris.
3810 2065 3829 2095 ι

549 2322 3813 2352 __________________________________________—_

1352 2501 1754 2582 INCIPIT
1812 2501 1944 2578 DE
2001 2500 2558 2578 MIRACULIS
2628 2501 2993 2579 IPSIUS.

902 2816 1279 2902 PREFATIO
1322 2819 1380 2874 s.
1411 2816 1757 2874 ANSGARII.

601 2935 752 2989 Dono
779 2932 1165 3002 omnipotentis
1191 2931 1448 3000 Dci,.qui
1478 2931 1713 3002 gratuita
1741 2929 1963 3000 pietatis
2003 2943 2115 2984 sua:

529 3023 986 3098 praeordinatione
1013 3036 1255 3092 quosque
1291 3021 1344 3075 in
1381 3021 1622 3076 Ecclesia
1651 3029 1838 3076 sancta
1867 3028 2115 3091 pastores

526 3116 812 3174 constituit
837 3131 903 3171 ac
926 3115 1196 3181 doctores,
1246 3113 1550 3170 ANSGARIUB
1582 3113 1890 3169 Bremensis
1928 3112 2114 3167 Eccle-

529 3211 624 3267 siae
646 3209 869 3280 praesul,
891 3207 1162 3264 universis
1185 3223 1284 3277 per
1331 3208 1518 3262 orbem
1552 3206 1807 3262 concordi
1855 3204 2112 3259 fraterni-
2139 3228 2184 3292 ρ

527 3312 638 3359 tate
672 3302 891 3373 degenti
921 3299 1163 3356 ﬁdelium
1186 3299 1456 3365 societati,
1487 3313 1677 3368 pacem
1721 3307 1778 3354 et
1816 3295 2109 3354 beatitudi-

520 3409 644 3450 nem
673 3393 727 3447 in
749 3391 969 3448 Christo
990 3400 1111 3446 orat
1145 3391 1548 3462 sempiternam.

590 3487 803 3542 Laudes
832 3485 927 3540 Dei
959 3500 1093 3556 quas
1126 3492 1439 3541 sanctorum
1465 3482 1581 3553 ejus
1608 3490 1727 3539 acta
1759 3482 2006 3537 miranda
2033 3491 2116 3538 te-

516 3588 749 3645 stantur,
778 3594 886 3634 non
915 3578 1111 3633 debere
1136 3577 1352 3633 silentio
1380 3576 1676 3647 praeteriri,
1710 3574 1983 3630 multoties
1999 3571 2114 3644 jam

516 3671 777 3743 exemplis
823 3670 1046 3724 Patrum
1096 3669 1469 3726 addiscimus:
1509 3669 1601 3738 qui
1640 3667 1872 3738 plurima
1924 3679 2112 3720 eorum

516 3777 638 3834 quae
677 3761 891 3818 Domini
929 3763 1102 3831 pietas
1136 3775 1234 3830 per
1260 3775 1448 3816 servos
1484 3774 1611 3814 suos
1643 3759 1697 3813 in
1735 3759 1838 3813 hoc
1869 3755 2114 3812 exercuit

515 3853 732 3920 saeculo,
763 3853 1060 3909 studiosius
1085 3851 1278 3908 litteris
1325 3851 1791 3916 commendavere,
1833 3864 1954 3918 quae
1996 3863 2105 3903 non

515 3944 689 4000 solum
719 3943 1015 3997 viventium
1063 3941 1368 4012 religiosam
1410 3940 1798 4011 portenderent
1846 3939 2109 3995 sanctita-

517 4043 648 4098 tem,
677 4048 866 4088 verum
893 4035 1057 4086 etiam
1096 4032 1319 4101 perenni
1342 4032 1454 4084 vita
1479 4045 1602 4084 cum
1630 4030 1846 4085 Christo
1877 4045 2109 4100 regnan-

519 4117 652 4177 tium
694 4120 1054 4176 immortalem
1083 4127 1566 4192 przemonstrarent
1591 4120 1838 4190 gloriam.
1901 4119 2110 4174 Revera

513 4212 658 4267 enim
691 4212 783 4283 qui
817 4211 945 4266 hinc
968 4211 1239 4277 translati,
1287 4211 1464 4266 adhuc
1509 4218 1690 4265 tamen
1738 4210 2015 4266 miraculis
2057 4219 2112 4266 et

513 4305 847 4361 diversarum
885 4319 988 4376 ope
1022 4289 1284 4366 virtutum
1312 4303 1400 4359 hic
1426 4302 1638 4374 populis
1663 4303 1853 4359 adesse
1879 4317 2110 4359 cernun-

516 4408 626 4466 tur,
676 4414 927 4470 magnam
984 4399 1141 4456 nobis
1187 4413 1298 4453 suae
1342 4396 1746 4468 gloriﬁcationis
1793 4397 2108 4467 dignitatem

515 4489 822 4555 ostendunt,
865 4499 923 4545 et
954 4489 1141 4560 quanti
1185 4489 1327 4559 apud
1372 4488 1544 4544 Deum
1587 4491 1695 4544 sint
1738 4489 1940 4556 meriti,
1990 4489 2110 4545 luce

2222 2838 2419 2910 ubique
2457 2855 2696 2910 praesens
2722 2848 2834 2905 est,
2871 2840 3110 2910 potentia
3136 2847 3191 2896 et
3218 2841 3512 2911 majestate
3550 2839 3829 2898 Creatoris

2214 2931 2474 2985 meritum
2518 2932 2754 3002 ipsorum
2785 2933 3201 2997 remunerantis,
3231 2933 3287 2986 in
3320 2933 3473 2986 omni
3504 2932 3627 2988 loco
3659 2933 3829 2987 domi-

2221 3021 2454 3076 nationis
2496 3022 2613 3093 ejus
2661 3022 2908 3077 ﬁdelibus
2955 3021 3238 3093 suffragari
3287 3024 3614 3078 creduntur.
3670 3022 3825 3089 Quod

2218 3113 2402 3169 multis
2425 3115 2536 3185 jam
2565 3123 2619 3170 et
2647 3116 2988 3171 evidentibus
3021 3116 3215 3186 smpius
3240 3115 3580 3186 patefactum
3612 3127 3824 3170 constat

2218 3204 2472 3258 remediis
2504 3222 2516 3257 :
2550 3205 2677 3273 quia
2715 3205 2953 3275 plurimi,
3005 3205 3117 3259 sive
3157 3205 3298 3259 inter
3350 3214 3717 3273 tempestates
3758 3221 3819 3258 ac

2215 3292 2481 3362 procellas
2502 3292 2775 3357 ﬂuctuum,
2809 3310 2901 3349 seu
2933 3295 3074 3350 inter
3097 3295 3202 3349 alia
3231 3309 3447 3364 quoque
3497 3295 3821 3350 discrimina

2214 3385 2400 3455 positi,
2437 3386 2504 3441 ad
2539 3386 2936 3443 invocationem
2980 3389 3266 3460 cujuslibet
3308 3391 3488 3445 sancti
3536 3391 3727 3444 'subito
3769 3405 3824 3443 se

2217 3477 2475 3533 divinitus
2500 3488 2788 3534 senserunt
2811 3478 3042 3549 adjutos.
3105 3479 3259 3536 Unde
3301 3481 3349 3536 si
3396 3496 3507 3550 qua
3554 3480 3822 3535 Dominus

2216 3585 2314 3641 per
2353 3579 2568 3626 sanctos
2620 3587 2747 3627 suos
2792 3573 3038 3628 miranda
3080 3573 3332 3644 dignatus
3371 3573 3541 3628 fuerit
3577 3574 3820 3643 operari,

2212 3663 2336 3732 jure
2382 3661 2449 3716 ad
2490 3661 2737 3716 notitiam
2779 3662 3139 3732 plurimorum
3189 3662 3392 3738 [supple
3427 3661 3818 3734 deducuntur],

2215 3764 2276 3810 ut
2301 3755 2530 3826 posteris
2552 3756 2605 3810 in
2628 3757 2889 3810 memoria
2923 3767 3138 3812 maneat
3165 3759 3302 3828 spei,
3328 3758 3472 3828 quod
3504 3758 3721 3827 priores
3749 3755 3819 3809 ob

2215 3847 2445 3917 gratiam
2471 3857 2830 3917 perceperunt
2855 3848 3000 3904 ﬁdei.
3063 3849 3401 3920 Quapropter
3443 3859 3641 3904 nostra
3690 3862 3820 3917 quo-

2213 3953 2318 4008 que
2341 3938 2617 3994 humilitas
2642 3953 2705 3993 ea
2733 3953 2853 4008 quae
2871 3940 2926 3994 in
2956 3939 3146 3995 diebus
3172 3941 3370 3996 nostris
3393 3956 3494 4010 per
3515 3941 3814 4009 potentiam

2214 4031 2408 4086 divina:
2437 4032 2769 4101 operationis
2798 4033 2864 4087 ad
2898 4032 3228 4088 ostendenda
3259 4033 3453 4087 merita
3491 4032 3645 4087 beati
3689 4047 3814 4101 pon-

2215 4125 2374 4180 tiﬁcis
2399 4133 2453 4178 et
2477 4123 2806 4180 confessoris
2833 4125 3123 4182 Willehadi
3163 4124 3432 4195 patefacta
3470 4125 3807 4185 claruerunt,

2215 4215 2406 4271 litteris
2441 4216 2697 4288 indagare
2739 4217 2952 4272 censuit
2984 4235 2996 4271 :
3033 4224 3092 4271 ut
3132 4231 3250 4286 qua:
3293 4216 3346 4270 in
3397 4215 3644 4284 antiquis
3686 4214 3804 4268 olim

2213 4318 2466 4365 venerata
2491 4308 2616 4379 jure
2643 4311 3055 4380 praedicavimus
3087 4310 3310 4375 sanctis,
3341 4323 3488 4364 nunc
3521 4310 3575 4363 in
3610 4321 3812 4380 tempo-

2212 4401 2364 4456 ribus
2392 4402 2592 4456 nostris
2622 4403 2690 4457 ab
2727 4416 2792 4456 eo
2827 4403 2919 4472 qui
2957 4401 3112 4471 hujus
3142 4412 3362 4465 nostrae,
3388 4400 3714 4455 Bremensis
3743 4402 3813 4453 vi-

2213 4490 2411 4546 delicet
2436 4491 2712 4558 Ecclesiae,
2746 4493 2956 4562 primus
2981 4493 3189 4548 exstitit
3217 4490 3482 4562 pontifex,
3531 4491 3811 4553 innovate,

516 4583 715 4638 clarius
760 4581 1000 4637 ﬁdelium
1044 4580 1379 4652 patefaciunt
1414 4581 1686 4637 cordibus.
1735 4580 1841 4637 Sed
1893 4590 1946 4636 et
1993 4597 2108 4636 ma-
2132 4596 2185 4656 ι)
2214 4589 2325 4636 ιοῑο
2353 4581 2534 4638 cordis
2566 4582 2862 4653 gaudentes
2891 4583 3085 4638 adnisu
3117 4583 3473 4653 suscipiamus
3507 4583 3732 4651 pariter
3761 4596 3817 4634 ac

515 4688 676 4743 gnum
715 4671 997 4727 catholica:
1041 4673 1095 4727 in
1144 4673 1246 4728 hoc
1295 4672 1418 4727 ﬁdei
1468 4673 1774 4728 declaratur
1820 4673 2101 4738 indicium,

515 4766 640 4818 dum
683 4765 828 4834 quod
878 4763 1223 4820 invisibiliter
1246 4765 1428 4821 divina
1456 4765 1666 4836 peragit
1689 4765 2012 4831 sublimitas,
2041 4782 2106 4821 ac

515 4861 557 4915 si
607 4861 776 4916 oculis
828 4861 1174 4932 conspiciat,
1219 4860 1588 4917 indubitanter
1637 4860 1850 4915 ctelitus
1903 4860 2104 4914 factum

516 4948 819 5007 Christiana
843 4969 950 5008 non
974 4952 1161 5008 difﬁdit
1190 4952 1484 5008 credulitas
1509 4969 1524 5018 ;
1550 4960 1605 5006 et
1633 4959 1942 5007 sanctorum
1970 4951 2104 5006 Acta

515 5045 738 5114 deputat
762 5046 989 5112 meritis,
1019 5061 1139 5116 quae
1167 5046 1220 5101 in
1247 5045 1327 5100 eis
1357 5046 1493 5100 ﬁunt
1525 5045 1688 5111 locis,
1730 5045 1819 5100 ubi
1855 5044 2106 5100 sacratis-

516 5135 668 5190 simte
695 5151 881 5190 eorum
911 5138 1141 5193 conditae
1175 5147 1230 5194 et
1281 5137 1546 5193 habentur
1571 5145 1627 5191 et
1654 5145 1982 5192 venerantur
2016 5151 2103 5191 re-

516 5225 713 5297 liquiae.
768 5226 904 5293 Quia
950 5227 1076 5282 licet
1110 5229 1256 5284 solus
1283 5228 1628 5297 omnipotens
1655 5226 1726 5282 sit
1756 5225 1896 5281 Deus
1917 5225 2102 5290 Israel,

515 5318 606 5388 qui
633 5319 726 5374 dat
765 5319 1016 5376 virtutem
1054 5329 1120 5376 et
1149 5321 1516 5376 fortitudinem
1557 5319 1699 5391 plebi
1745 5334 1886 5386 suae,
1922 5328 2102 5374 tamen

516 5408 783 5465 mirabilis
825 5411 941 5481 ipse
984 5412 1038 5466 in
1074 5411 1278 5467 sanctis
1307 5411 1420 5467 suis
1444 5411 1770 5482 praedicatur
1800 5418 1857 5465 et
1883 5410 2098 5476 colitur,

515 5513 744 5571 quorum
771 5502 1023 5570 precibus
1049 5501 1111 5556 ﬁt
1144 5516 1208 5556 ac
1241 5502 1450 5558 meritis
1470 5543 1486 5570 ,
1513 5510 1572 5556 ut
1598 5502 1841 5572 prodigia
1871 5511 1927 5558 et
1950 5503 2101 5573 signa

517 5592 771 5662 majestas
816 5605 1072 5666 operetur
1117 5595 1318 5651 divina.
1378 5595 1488 5652 Nec
1533 5606 1711 5654 tamen
1763 5599 2136 5655 solummodo-

517 5681 591 5737 ibi
641 5686 808 5740 sancti
850 5689 1107 5757 prodesse
1153 5696 1450 5744 cernuntur
1497 5687 1588 5743 ubi
1641 5689 2006 5760 temporaliter
2045 5689 2099 5742 in

515 5775 790 5832 cineribus
822 5778 934 5834 suis
961 5795 1025 5833 ac
1055 5779 1294 5849 reliquiis
1319 5788 1613 5849 praesentes
1650 5779 1763 5834 fore
1801 5781 2051 5835 videntur
2081 5796 2095 5833 :

515 5881 705 5922 verum
747 5867 1052 5940 ubicunque
1091 5870 1319 5926 ﬁdeliter
1369 5871 1640 5936 invocati,
1691 5885 1788 5941 per
1833 5886 1956 5926 eum
2004 5871 2097 5940 qui

2211 4669 2578 4726 collaudcmus
2625 4672 2908 4727 miracula.
2965 4671 3080 4728 Non
3132 4673 3277 4727 enim
3321 4672 3612 4726 immemor
3680 4673 3820 4726 Deus

2212 4764 2388 4819 adhuc
2424 4763 2602 4834 populi
2639 4763 2721 4819 sui
2761 4765 2999 4819 deseruit
3029 4780 3166 4834 quos
3205 4765 3473 4819 redemit:
3504 4779 3712 4819 verum
3742 4767 3817 4818 in-

2162 4841 2176 4852 ,
2213 4867 2296 4914 ter
2346 4859 2624 4913 innumera
2669 4874 3001 4930 paganorum
3051 4859 3420 4915 infestantium
3460 4861 3816 4924 discrimina,

2211 4951 2358 5004 omni
2398 4965 2536 5019 pene
2564 4949 2754 5004 solatio
2780 4949 3050 5005 destitutis
3077 4951 3216 5007 hanc
3250 4966 3496 5020 supernae
3547 4951 3803 5006 visitatio

2213 5043 2297 5098 nis
2335 5042 2501 5098 voluit
2537 5042 2846 5112 impendere
2891 5044 3143 5114 gratiam,
3187 5053 3247 5098 ut
3288 5043 3354 5098 de
3398 5043 3583 5097 divina
3635 5045 3818 5098 multo

2209 5136 2411 5191 certius
2436 5143 2826 5205 praesumerent
2853 5135 3162 5201 clementia,
3200 5137 3290 5207 qui
3334 5145 3542 5191 tantum
3582 5147 3816 5209 tamque

2208 5229 2318 5284 Deo
2351 5240 2629 5298 acceptum
2656 5237 2974 5298 patronum,
3005 5230 3060 5283 in
3086 5229 3279 5298 spiritu
3307 5230 3451 5284 velut
3484 5237 3546 5284 et
3583 5230 3646 5284 in
3696 5213 3814 5286 eor-

2205 5336 2355 5393 pore,
2415 5336 2597 5376 secum
2663 5336 2885 5376 manare
2929 5321 3344 5391 cognovissent:
3385 5335 3486 5375 nec
3545 5321 3814 5379 timerent

2204 5411 2330 5466 licet
2373 5419 2638 5465 vastatam
2684 5412 2860 5466 denuo
2905 5411 3211 5467 inhabitare
3255 5413 3486 5484 patriam
3514 5453 3530 5476 ,
3582 5413 3642 5468 in
3706 5429 3812 5484 qua

2207 5502 2309 5557 sibi
2338 5502 2527 5557 adesse
2552 5502 2879 5558 sanctissimi
2909 5503 3085 5558 Patris
3114 5519 3219 5559 non
3251 5503 3554 5558 difﬁderent
3584 5507 3807 5562 merita.

2203 5591 2319 5648 [mo
2357 5591 2462 5646 laeti
2505 5592 2750 5648 desertas
2786 5601 3094 5663 repeterent
3127 5593 3282 5648 sedes
3310 5634 3326 5658 ,
3366 5609 3504 5663 quos
3547 5593 3685 5652 licet
3717 5597 3811 5651 ho-

2204 5682 2342 5738 stilis
2377 5682 2614 5737 incursio
2657 5683 2845 5738 fecerit
2877 5683 3110 5746 exsules,
3153 5684 3308 5738 bonis
3334 5685 3713 5742 exuberantes
3739 5687 3806 5740 di-

2202 5775 2329 5828 vina
2377 5789 2566 5829 rursus
2610 5773 3042 5830 reconciliaverit
3081 5774 3428 5844 benignitas:
3461 5788 3567 5829 nec
3613 5775 3806 5844 despe-

2202 5873 2326 5922 rent
2353 5864 2453 5920 sibi
2480 5864 2732 5937 praesidia
2758 5866 2930 5922 sancti
2959 5865 3015 5920 in
3039 5864 3290 5922 omnibus
3326 5863 3606 5930 adfutura,
3648 5864 3802 5934 cujus
