4020 6338
128 329 299 432 tces

1101 377 1189 432 DE
1223 377 1386 433 Vl'l‘A
1424 378 1512 434 ET
1555 378 1928 438 MIRACULIS
1963 381 2024 436 S.
2064 379 2478 440 WlLLEHADI.

3311 391 3452 446 1026

128 485 425 541 virtutem
454 493 563 540 tam
601 485 954 556 multiplicem
987 486 1042 541 in
1072 489 1329 544 sanandis
1360 489 1512 545 varie
1541 499 1758 547 vexato—
1782 496 1837 557 Α
1859 497 2156 564 promerui.
2206 496 2358 564 Quod
2413 497 2614 554 factum
2660 498 2751 555 illa
2802 499 3069 557 admirata
3115 503 3323 559 cunctis
3372 505 3449 560 illi

132 592 274 634 rum
306 587 606 635 senserunt
632 579 864 652 flagrare
891 581 1232 652 corporibus.

681 710 908 768 CAPUT
958 712 1250 770 PRIMUM.

436 803 660 872 Tempus
687 804 1065 859 miraculorum
1098 804 1156 859 S.
1184 805 1489 862 Willehadi.

209 916 394 973 Anno
419 917 604 988 itaque
632 916 1028 977 lncarnationis
1055 919 1268 975 Domini
1303 921 1428 988 860,
1454 923 1605 992 regni
1631 937 1762 979 vero

131 1009 370 1066 domini
409 1010 581 1065 nostri
619 1011 950 1066 serenissimi
982 1011 1242 1082 principis
1279 1013 1537 1070 Ludovici
1570 1016 1762 1073 vicesi-

130 1115 235 1156 mo
269 1109 502 1167 octavo,
534 1100 829 1168 indictione
859 1112 1082 1168 octava,
1115 1103 1170 1157 in
1207 1104 1437 1160 ecclesia
1480 1105 1761 1163 Bremensi

131 1203 452 1263 cmperunt
480 1193 738 1249 divinitus
766 1195 849 1266 agi
887 1195 1182 1262 miracula,
1213 1205 1267 1251 et
1299 1197 1366 1252 de
1404 1199 1489 1253 die
1525 1199 1577 1253 in
1619 1199 1762 1254 diem

131 1298 382 1357 semper
411 1284 760 1355 multiplicius
788 1302 1068 1355 crescere,
1110 1292 1184 1344 ita
1209 1297 1270 1344 ut
1301 1289 1414 1359 jam
1445 1291 1600 1362 longe
1628 1293 1762 1348 late-

132 1392 254 1446 que
322 1392 432 1448 per
489 1378 714 1448 populos
769 1395 952 1435 rumor
1021 1381 1450 1438 increbresceret
1499 1383 1764 1454 plurimus

131 1484 276 1524 vere
308 1470 563 1524 divinam
603 1470 655 1524 in
694 1472 883 1526 eodem
929 1472 1050 1528 loco
1083 1475 1398 1544 apparuisse
1428 1475 1674 1551 gloriam,
1707 1485 1762 1532 et

130 1559 355 1616 merita
405 1559 552 1614 beati
591 1559 883 1616 Willehadi
936 1562 990 1616 in
1041 1565 1228 1618 eadem
1281 1565 1501 1620 basilica
1549 1567 1764 1637 requie-

132 1654 370 1709 scentis
392 1654 699 1709 honorabili
729 1656 989 1710 virtutum
1016 1655 1147 1712 flore
1173 1658 1456 1728 pullulare.
1482 1660 1612 1728 Quae
1635 1677 1760 1717 cum

130 1762 243 1817 per
276 1748 584 1802 multorum
617 1764 712 1803 ora
744 1750 1134 1817 volutarentur,
1163 1760 1217 1807 et
1246 1763 1355 1807 tam
1390 1754 1442 1808 in
1474 1757 1758 1824 praesentia
1823 1797 1831 1807 .

133 1837 360 1902 nostri,
396 1852 558 1906 quam
590 1839 752 1893 etiam
780 1839 1096 1895 absentibus
1123 1841 1309 1907 nobis,
1352 1842 1562 1912 publice
1604 1844 1757 1899 multi
1787 1858 1836 1918 Β

134 1927 362 1983 ibidem
411 1928 661 1984 sanitatis
706 1930 1134 1999 adipiscerentur
1165 1935 1480 2000 commoda,
1515 1935 1761 1991 decrevi-

134 2035 272 2074 mus
327 2019 452 2074 hacc
495 2019 684 2076 eadem
734 2020 930 2077 litteris
975 2024 1366 2091 comprehensa
1417 2035 1759 2091 posterorum

134 2111 383 2167 tradere
427 2113 732 2175 memoriae,
763 2128 871 2181 quo
901 2128 1007 2165 una
1045 2113 1323 2167 nobiscum
1368 2113 1538 2168 Deum
1583 2118 1671 2185 qui
1707 2118 1759 2171 in

135 2204 370 2259 sanctis
420 2204 531 2258 suis
563 2212 852 2274 operatur,
900 2204 1078 2260 omnis
1115 2203 1353 2259 fidelium
1398 2207 1546 2261 natio
1579 2209 1760 2278 gavisa

133 2293 456 2350 collaudet.
489 2293 558 2348 Et
594 2295 734 2349 sicut
769 2305 1066 2364 praesentes
1099 2311 1198 2366 per
1226 2297 1435 2370 singula
1480 2316 1601 2370 quae
1633 2310 1761 2357 tunc

136 2383 295 2440 forte
326 2385 582 2441 miranda
609 2387 954 2458 contigerint,
986 2390 1040 2442 in
1062 2390 1274 2444 Domini
1309 2391 1554 2447 laudibus
1585 2395 1760 2464 tripu-

136 2475 360 2531 diaudo
397 2476 761 2542 conclamant,
800 2477 875 2533 ita
911 2479 1073 2534 etiam
1106 2488 1225 2550 post
1266 2480 1448 2536 futura
1480 2483 1757 2554 religioso-

138 2583 272 2621 rum
323 2569 563 2624 societas
601 2568 878 2624 cmlestem
929 2570 982 2624 in
1028 2571 1186 2626 beato
1224 2573 1343 2627 viro
1376 2575 1759 2644 congratulans

137 2661 468 2717 admiretur
511 2664 828 2733 potentiam.
878 2663 1090 2720 Abhinc
1147 2666 1313 2737 igitur
1373 2667 1757 2723 miraculorum

137 2763 305 2824 gesta
330 2754 507 2810 ordiri
536 2755 873 2826 incipientes,
897 2758 1074 2827 primo
1102 2767 1313 2828 tempus
1334 2775 1550 2830 quoque
1581 2761 1756 2830 ipsum

137 2862 258 2916 quo
313 2847 439 2902 haec
487 2849 572 2918 agi
618 2859 901 2919 coeperunt
953 2851 1324 2918 insinuamus,
1379 2853 1586 2908 scilicet
1636 2861 1758 2923 post

137 2937 559 3003 Pentecosten,
613 2955 755 2994 anno
789 2940 1095 2996 Nativitatis
1143 2941 1358 2997 Domini
1403 2943 1752 3012 supradicto,

140 3038 271 3100 post
310 3030 610 3084 transitum
639 3045 768 3085 vero
791 3030 932 3086 beati
960 3033 1062 3086 viri
1091 3033 1309 3088 circiter
1335 3035 1493 3090 annis
1526 3035 1757 3090 evolutis

140 3123 526 3194 septuaginta.
554 3123 656 3191 Qui
683 3132 863 3180 tamen
890 3126 1036 3193 prius
1059 3135 1112 3179 et
1136 3127 1191 3180 in
1218 3127 1404 3181 multis
1424 3127 1536 3181 Deo
1561 3128 1755 3198 dignus

1862 588 2165 644 astantibus
2205 589 2490 647 confestim
2539 592 2852 658 enarravit,
2887 601 2941 649 et
2991 595 3134 665 quod
3160 611 3287 652 vere
3330 597 3451 654 illu-

1863 682 2068 737 minata
2101 683 2284 750 fuerit,
2316 685 2611 741 multorum
2640 688 2949 743 testimonio
2981 690 3311 761 approbante
3353 706 3450 764 pa-

1863 774 2064 832 tefecit.
2098 774 2295 846 Sicque
2326 777 2440 832 haec
2469 778 2643 833 virtus
2674 779 2728 833 in
2763 779 2960 850 populo
2998 781 3067 835 ad
3101 781 3447 839 clarificatio-

1864 885 1987 925 nem
2019 869 2114 925 Dei
2144 869 2355 941 publice
2381 870 2724 927 manifestata
2749 883 2852 928 est.

1936 981 2143 1037 Rursus
2174 982 2241 1037 de
2277 996 2414 1054 pago
2446 982 2662 1053 Emisga
2701 983 2900 1039 femina
2928 984 3198 1054 quaedam,
3232 987 3450 1043 nomine.
3530 1039 3531 1042 η

1869 1073 2100 1144 Wimod,
2128 1091 2321 1132 novem
2352 1077 2510 1132 annis
2534 1078 2832 1134 caecitatem
2865 1093 3139 1148 perpessa,
3171 1095 3293 1135 cum
3317 1096 3449 1150 quo—

1863 1169 1993 1224 dam
2023 1169 2110 1225 die
2138 1169 2445 1240 vespertino
2473 1177 2713 1239 tempore
2737 1169 2804 1223 ad
2827 1163 3111 1225 ecclesiam
3136 1172 3450 1226 conveniret

1863 1261 2401 1332 praedictam,ibique
2423 1260 2564 1317 facta
2585 1261 2831 1318 oratione
2852 1271 2974 1332 post
2992 1279 3246 1334 vesperas
3268 1265 3448 1334 hospi-

1865 1353 1996 1408 tium
2025 1353 2117 1409 ubi
2142 1361 2262 1408 erat
2291 1368 2545 1408 mansura
2575 1361 2880 1424 repeteret,
2911 1356 3259 1424 subsequenti
3293 1365 3450 1410 nocte

1863 1444 1912 1499 ei
1942 1444 2086 1515 quod
2109 1459 2176 1500 ex
2205 1444 2407 1500 amisso
2431 1443 2634 1500 lumine
2655 1445 2846 1500 salutis
2873 1446 2946 1500 ibi
2976 1455 3122 1502 esset
3151 1446 3448 1502 remedium

1861 1546 2204 1609 perceptura,
2242 1536 2296 1590 in
2326 1536 2442 1590 visu
2466 1543 2551 1591 est
2579 1535 2972 1591 denuntiatum.
3006 1535 3104 1590 Cui
3134 1537 3208 1590 rei
3244 1537 3356 1606 ipsa
3383 1553 3450 1590 ex

1863 1642 1988 1685 vcto
2023 1638 2300 1698 utcunque
2341 1628 2558 1684 credula
2606 1629 2891 1683 ecclesiam
2933 1629 3115 1683 statim
3153 1629 3302 1684 adire
3341 1637 3450 1684 stu-

1863 1719 1998 1782 duit,
2024 1717 2206 1787 ibique
2230 1719 2424 1773 merita
2447 1720 2621 1774 sancti
2645 1728 2758 1774 toto
2781 1720 3038 1775 invocans
3063 1721 3243 1785 corde,
3270 1720 3451 1794 divina

1864 1808 2046 1878 adjuta
2077 1811 2250 1882 gratia
2276 1851 2291 1876 ,
2334 1810 2552 1866 luminis
2603 1812 2745 1880 quod
2794 1813 3052 1866 amiserat
3101 1812 3304 1883 recepit
3330 1808 3453 1866 olli-

1863 1904 2027 1959 cium.
2061 1903 2214 1970 Quod
2243 1904 2408 1958 etiam
2433 1905 2500 1958 ad
2527 1904 2753 1975 gloriam
2781 1904 2876 1959 Dei
2904 1904 3197 1959 multorum
3226 1911 3450 1958 attesta-

1861 1997 2008 2051 tione
2036 1996 2296 2051 continuo
2324 1995 2652 2068 patefactum
2685 1997 2896 2052 claruit.

1931 2106 2061 2163 Post
2104 2110 2223 2164 haec
2279 2117 2458 2164 autem
2507 2110 2599 2165 die
2651 2108 2962 2165 Nativitatis
3011 2111 3180 2166 sancti
3229 2110 3450 2168 Joannis

1860 2199 2118 2269 Baptistae
2161 2201 2216 2256 in
2244 2210 2513 2258 conventu
2557 2203 2738 2274 pepuli
2774 2204 3043 2270 maximo,
3085 2214 3288 2275 septem
3335 2205 3450 2260 lan-

1860 2293 2005 2364 guidi
2052 2307 2083 2347 a
2124 2293 2352 2349 diversis
2397 2303 2522 2350 sunt
2565 2294 2974 2352 inﬁrmitatibus
3015 2297 3246 2354 liberati.
3295 2297 3435 2364 Quot

1861 2382 1985 2452 quia
2012 2399 2110 2453 per
2130 2384 2337 2455 singula
2366 2400 2624 2441 enarrare
2649 2401 2755 2442 non
2783 2388 3147 2442 necessarium
3175 2387 3446 2452 duximus,

1860 2475 1966 2530 duo
2009 2483 2188 2530 tamen
2233 2491 2420 2531 eorum
2469 2492 2591 2547 qua:
2628 2485 2846 2548 peracta
2894 2487 3020 2534 sunt
3063 2475 3448 2560 miraculorum

1860 2565 2169 2636 singulatim
2212 2566 2628 2635 perstrinximus
2651 2609 2666 2634 ,
2708 2583 2816 2638 quo
2848 2585 2915 2623 ex
2943 2568 3028 2623 his
3060 2567 3223 2623 etiam
3256 2575 3450 2622 caetera

1859 2657 2076 2712 valeant
2106 2657 2381 2713 intellectu
2415 2659 2694 2730 perpendi.
2727 2658 2929 2730 Nempe
2959 2676 3066 2714 una
3105 2676 3167 2715 ex
3215 2660 3345 2730 ipsis
3373 2661 3451 2714 fe-

1859 2749 2007 2804 mina
2033 2749 2280 2818 quaadam
2312 2749 2444 2816 fuit,
2474 2765 2540 2805 ex
2570 2750 2696 2805 villa
2730 2751 2784 2805 in
2811 2751 3059 2821 proximo
3087 2751 3189 2806 sita
3214 2750 3449 2806 ιιιίάωί-

1859 2843 2184 2906 nens/ausuri,
2208 2844 2426 2897 nomine
2448 2841 2654 2907 Simod,
2679 2859 2800 2914 quae
2825 2845 2995 2900 tribus
3019 2853 3112 2898 aut
3133 2860 3198 2900 eo
3218 2844 3449 2915 amplius

1857 2934 2134 2988 mensibus
2157 2934 2436 2990 oculorum
2470 2935 2678 3004 privata
2712 2936 2932 3003 lumine,
2969 2936 3165 2991 ibidem
3193 2946 3326 2991 nutu
3353 2935 3446 2990 Dci

1858 3027 2087 3096 gratiam
2116 3027 2358 3098 pristinae
2378 3026 2604 3082 visionis
2630 3029 2852 3098 recepit.
2873 3028 3059 3084 Altero
3079 3044 3208 3084 vero
3233 3029 3299 3084 de
3321 3028 3447 3082 villa

1859 3120 2026 3189 ipsius
2053 3121 2178 3185 loci,
2205 3121 2454 3176 videlicet
2484 3121 2696 3186 Brema,
2722 3122 2932 3176 exstitit
2956 3123 3146 3176 morbo
3165 3131 3446 3176 contracta

140 3216 409 3286 apparuit
446 3235 459 3270 ς
509 3231 819 3286 quanquam
861 3217 978 3271 [me
1009 3217 1333 3288 negligentia
1368 3218 1602 3285 abolita,
1649 3235 1756 3274 non
1785 3223 1830 3287 ρ
1861 3209 2085 3275 femina,
2111 3226 2232 3280 qua:
2262 3210 2317 3264 in
2350 3209 2578 3264 infantia
2601 3212 2726 3266 dum
2755 3209 2978 3266 fortuito
3002 3212 3139 3282 ignis
3163 3213 3450 3269 adustioris

139 3306 352 3364 fuerint
380 3309 586 3364 celebri
620 3309 937 3379 pervulgata
964 3325 1233 3366 sermone.
1267 3311 1472 3368 Deinde
1495 3320 1552 3368 et
1577 3313 1753 3367 nomi-

139 3417 211 3456 na
241 3416 450 3457 eorum
481 3401 571 3471 qui
601 3410 726 3456 sunt
749 3403 943 3467 curati,
975 3418 1077 3456 una
1105 3418 1230 3457 cum
1251 3403 1575 3459 valetudinis
1605 3421 1752 3462 mor-

137 3494 210 3550 bo
238 3511 254 3560 ;
296 3494 398 3551 sed
442 3501 497 3549 et
530 3494 648 3549 loca
677 3510 892 3565 quoque
931 3495 985 3548 in
1016 3496 1212 3564 quibus
1241 3497 1326 3550 vel
1357 3498 1644 3566 progeniti,
1670 3499 1754 3553 vel

141 3584 471 3640 conversati
500 3583 732 3651 fuerant,
765 3585 962 3655 partim
998 3594 1158 3653 prout
1186 3599 1272 3638 res
1303 3600 1363 3639 se
1396 3586 1648 3653 habebat,
1674 3589 1756 3642 in-

142 3676 480 3731 terserendo
518 3675 787 3730 texuimus
829 3693 841 3729 :
885 3690 994 3744 quo
1040 3674 1340 3730 et'veritas
1367 3676 1752 3732 miraculorum

141 3767 513 3838 multiplicius
556 3775 810 3820 attestata
857 3767 1294 3833 commendetur,
1342 3776 1396 3821 et
1443 3767 1639 3838 singuli
1688 3784 1752 3824 ex

140 3857 480 3929 propinquis
511 3856 592 3910 vel
625 3856 817 3911 vicinis
851 3857 964 3912 suis
1001 3857 1116 3927 ejus
1159 3857 1399 3912 subsidio
1448 3859 1748 3924 medicatis,

142 3961 422 4022 quantam
469 3949 610 4004 beati
656 3950 759 4004 viri
792 3950 1162 4019 persenserint
1190 3950 1420 4020 gratiam
1443 3991 1459 4018 ,
1504 3951 1749 4009 devotius

140 4048 574 4112 recognoscant.

792 4129 1020 4187 CAPUT
1063 4131 1129 4187 ll.

254 4242 338 4298 De
380 4251 619 4312 quatuor
659 4243 715 4296 in
755 4242 885 4326 aliis.
917 4254 1290 4368 ροδῖηιοτιεηι
1333 4247 1449 4316 ejus
1492 4247 1643 4302 factis

812 4331 1015 4368 miracu
1040 4332 1103 4368 is.

812 4331 1103 4370 miraculis.

212 4425 387 4516 Igitur
423 4424 624 4480 femina
662 4425 909 4494 quaedam
951 4426 1018 4480 de
1045 4425 1462 4494 Osteveshusun,
1492 4429 1624 4485 Dida
1656 4446 1751 4486 no-

144 4518 314 4585 mine,
347 4533 461 4590 per
490 4526 697 4589 septem
725 4533 898 4596 annos
939 4529 1140 4575 caecata
1160 4562 1174 4586 ,
1205 4521 1334 4576 dum
1361 4524 1595 4592 quodam
1625 4525 1748 4579 sab-

1857 3303 1992 3373 pede
2030 3312 2387 3368 cremaretur,
2428 3303 2572 3357 nulla
2621 3303 2969 3358 subveniente
3000 3303 3267 3358 medicina
3311 3303 3445 3357 arti-

1858 3393 1962 3448 culi
1993 3408 2206 3448 sursum
2229 3393 2372 3448 versi
2413 3407 2549 3462 pene
2588 3408 2654 3447 ex
2705 3401 2816 3447 toto
2847 3393 3039 3461 pedem
3081 3393 3132 3448 ei
3167 3392 3445 3448 subverte-

1857 3481 2006 3536 bant.
2031 3482 2161 3550 Quae
2183 3482 2367 3537 multis
2390 3477 2548 3537 annis
2568 3484 2812 3538 eamdem
2840 3497 3095 3553 perpessa
3121 3483 3444 3548 molestiam,

1857 3575 2080 3645 praefato
2101 3575 2207 3641 die,
2237 3575 2450 3630 cunctis
2478 3576 2803 3641 astantibus,
2830 3575 2986 3645 pedis
3004 3584 3060 3631 et
3092 3575 3444 3632 articulorum

1857 3669 2102 3723 extensio
2128 3668 2416 3724 sanitatem
2442 3669 2759 3738 promeruit.

1859 3787 1862 3790 ’
1927 3779 2098 3835 Porro
2127 3796 2191 3836 ex
2222 3780 2376 3836 Laris
2402 3783 2469 3836 de
2497 3782 2623 3836 villa
2653 3781 2856 3836 Sluttra
2882 3783 3167 3848 vocabulo,
3197 3782 3444 3854 quaedam

1859 3872 2057 3928 femina
2101 3874 2204 3927 fuit
2254 3889 2349 3944 per
2391 3874 2589 3930 multos
2624 3891 2796 3930 annos
2842 3877 3154 3943 incurvata,
3183 3892 3303 3946 qua:
3337 3891 3445 3932 non

1855 3966 2015 4021 aliter
2045 3965 2324 4022 ambulare
2354 3968 2458 4023 nisi
2486 3969 2735 4026 manibus
2779 3971 3042 4040 reptando
3085 3981 3316 4043 poterat,
3347 3988 3448 4029 nec

1855 4060 2078 4115 omnino
2125 4075 2338 4115 sursum
2380 4062 2652 4131 respicere
2691 4082 2703 4116 :
2749 4064 2817 4119 ad
2858 4073 3190 4134 postremum
3232 4081 3447 4136 quoque

1856 4153 1931 4207 ita
1960 4153 2149 4208 morbo
2189 4163 2513 4226 perurgente
2544 4155 2820 4212 debilitata
2849 4155 3058 4222 fuerat,
3090 4165 3148 4211 ut
3173 4173 3277 4212 non
3296 4197 3312 4223 ,
3342 4159 3444 4213 nisi

1854 4253 2184 4314 portaretur,
2213 4245 2394 4315 aliquo
2420 4246 2674 4301 devenire
2696 4247 2976 4314 potuisset.
3003 4246 3134 4312 Quae
3159 4248 3321 4300 etiam
3351 4247 3443 4300 ha-

1855 4336 2018 4391 bebat
2049 4336 2248 4402 filiam,
2278 4352 2438 4405 quam
2487 4352 2552 4391 ex
2597 4337 2712 4406 ipsa
2757 4335 2982 4390 infantia
3031 4337 3210 4391 nativo
3245 4336 3448 4392 lumine

1855 4429 2069 4482 caecitas
2094 4427 2498 4482 obscuraverat.
2527 4427 2677 4482 Hanc
2702 4429 2908 4497 itaque,
2937 4428 3120 4482 audita
3149 4429 3443 4484 miraculo-

1857 4534 1976 4571 rum
2008 4518 2238 4583 virtute,
2264 4517 2420 4573 simul
2451 4533 2573 4572 cum
2602 4515 2711 4572 ﬁlia
2752 4519 3038 4588 propinqui
3069 4519 3151 4575 vel
3180 4520 3342 4576 vicini
3377 4523 3443 4576 ad

143 4610 276 4666 bam
305 4611 594 4668 dominam
625 4627 778 4666 suam
807 4623 1036 4683 peteret,
1061 4630 1168 4684 quo
1197 4615 1264 4670 ad
1291 4615 1586 4670 Ecclesia",
1619 4633 1747 4687 pro-
1778 4597 1828 4656 D
1849 4607 2073 4676 jauuam
2119 4607 2427 4663 Bremensis
2471 4608 2782 4664 detulerunt
2827 4610 3090 4667 ecclesiae.
3134 4610 3264 4679 Quae
3311 4612 3442 4667 inibi

145 4705 449 4769 cederent,
505 4703 706 4774 illaque
742 4707 1092 4775 responderet
1126 4707 1227 4762 sibi
1269 4717 1395 4765 tunc
1424 4725 1531 4765 non
1562 4711 1744 4778 licere,

147 4795 242 4848 sed
266 4795 321 4850 in
345 4793 656 4854 crastinum
679 4810 836 4852 mane
857 4797 944 4852 die
965 4798 1244 4854 Dominico
1266 4815 1324 4856 se
1352 4801 1508 4856 simul
1538 4803 1746 4859 ituras:

148 4882 235 4939 illa
269 4888 470 4942 statim
500 4895 713 4943 mature
735 4888 968 4945 diluculo
995 4907 1221 4963 surgens
1250 4909 1402 4948 suam
1429 4896 1752 4953 acceleravit

151 4977 349 5046 pratire
378 4978 685 5045 dominam,
714 4987 875 5050 atque
901 4983 968 5036 ad
995 4983 1298 5050 ecclesiam,
1327 4988 1560 5056 quadam
1585 4990 1749 5046 dedu-

160 5078 319 5124 cente
353 5086 415 5126 se
445 5070 680 5136 anicula,
711 5088 898 5143 gressu
929 5090 1220 5146 properare
1261 5078 1452 5136 veloci.
1481 5080 1599 5149 Quo
1629 5098 1751 5138 cum

159 5161 540 5228 pervenisset,
591 5163 772 5234 ibique
817 5167 1050 5221 orationi
1091 5169 1268 5224 dedita
1318 5171 1432 5228 solo
1482 5185 1751 5244 prostrata

163 5252 528 5322 incumberet,
555 5258 734 5312 subito
759 5258 928 5314 divini
953 5262 1195 5317 muneris
1224 5262 1364 5318 dono
1394 5264 1574 5320 lumen
1604 5282 1754 5324 rece-

164 5344 246 5414 pit
293 5348 578 5402 amissum.
626 5344 870 5419 Cumque
918 5358 1042 5420 post
1094 5366 1215 5406 eam
1261 5355 1484 5411 veniens
1533 5357 1749 5414 domina

167 5433 338 5505 ipsius
381 5438 621 5494 basilica:
648 5448 959 5510 penetraret
988 5443 1172 5498 intima
1197 5485 1213 5511 ,
1253 5461 1482 5517 eamque
1522 5464 1590 5504 ex
1637 5451 1749 5520 ipsa

167 5526 381 5599 loquela
425 5541 741 5603 praesentem
776 5535 967 5591 adesse
1003 5552 1381 5607 cognosceret,
1427 5551 1649 5614 repente
1681 5544 1748 5599 ad

168 5620 317 5680 illam
349 5627 587 5683 accurrit
615 5629 855 5700 gaudens
882 5639 936 5686 et
962 5630 1145 5688 dicens
1175 5649 1187 5686 :
1223 5634 1338 5690 Mea
1368 5633 1583 5691 domina
1609 5636 1751 5692 desi-

171 5711 531 5785 deratissima,
567 5721 769 5790 gratias
796 5721 908 5777 Deo
932 5723 1285 5792 omnipotenti
1316 5734 1369 5781 et
1395 5726 1581 5783 laudes
1609 5728 1746 5785 refe-

172 5818 255 5872 ro,
278 5810 403 5878 quia
425 5813 632 5869 meritis
655 5814 799 5869 beati
823 5812 1112 5870 Willehadi
1139 5814 1191 5871 te
1212 5817 1384 5874 oculis
1410 5821 1546 5877 meis
1570 5821 1750 5881 videre

1856 4701 2028 4771 posita
2046 4741 2061 4765 ,
2087 4716 2213 4756 cum
2241 4699 2344 4755 fide
2368 4700 2598 4755 aliorum
2622 4701 2877 4757 subvecta
2907 4702 3247 4768 advenisset,
3277 4704 3441 4759 mise—

1856 4792 2065 4846 ratione
2091 4792 2272 4848 divina
2298 4802 2353 4847 et
2383 4793 2450 4848 de
2477 4792 2600 4847 filiae
2631 4792 3024 4849 illuminatione
3050 4795 3285 4865 gaudere
3316 4787 3443 4867 pro;

1856 4886 2086 4953 meruit,
2130 4895 2186 4941 et
2233 4888 2579 4959 semetipsam
2623 4897 2842 4960 gestans
2887 4904 2952 4944 ac
2994 4904 3206 4944 sursum
3238 4901 3442 4956 erecta,

1856 4979 2088 5050 propriis
2111 4980 2388 5051 gressibus
2413 4989 2570 5037 notas
2596 4981 2876 5052 repedavit
2898 4981 2968 5036 ad
2995 4981 3170 5038 sedes.

2467 5114 2697 5172 CAPUT
2732 5115 2818 5171 ΙΙΙ.

2091 5227 2213 5284 Alia
2249 5230 2476 5302 quinque
2511 5228 2573 5286 S.
2603 5229 2892 5286 Willeltadi
2927 5232 3204 5288 miracula.

1923 5359 2058 5417 Item
2079 5377 2146 5418 ex
2169 5362 2326 5420 Laris
2347 5364 2412 5421 de
2437 5365 2562 5421 villa
2593 5363 2904 5440 Falathorp,
2929 5367 3047 5425 duae
3075 5368 3312 5434 feminae,
3331 5381 3441 5423 una

1857 5461 2134 5508 contracta
2186 5463 2243 5508 et
2283 5454 2452 5511 altera
2506 5456 2660 5525 orba,
2703 5474 2825 5516 cum
2865 5461 2933 5516 ad
2969 5461 3216 5515 eumdem
3261 5458 3438 5516 locum

1857 5544 2101 5600 deductae
2133 5545 2376 5614 fuissent,
2408 5548 2574 5605 divini
2601 5553 2841 5609 muneris
2869 5551 3117 5622 largitate
3142 5526 3439 5608 incolumes

1856 5639 1923 5694 ad
1949 5638 2164 5709 propria
2193 5648 2319 5695 sunt
2345 5656 2593 5700 reversae.

1931 5733 2006 5788 Ex
2033 5749 2172 5804 pago
2205 5750 2420 5807 quoque
2434 5753 2609 5812 supra
2635 5738 2779 5793 dicto
2805 5739 2870 5792 de
2884 5737 3007 5792 villa
3034 5736 3436 5804 Bokkenhtuuu,

1858 5823 2075 5892 quidam
2123 5825 2438 5884 adolescens
2479 5822 2794 5897 multo‘jam
2840 5836 3084 5898 tempore
3113 5827 3436 5900 paralyticos
