4020 6338
616 402 757 462 i027

1624 398 1988 461 ANSCHARII
2030 390 2569 460 HAMBURGENSIS
2604 396 2911 458 EPlSCOPl

3802 394 3951 460 1028

614 517 682 574 ad
711 519 957 576 eumdem
994 516 1172 573 locum
1204 516 1497 583 deductus,
1530 516 1711 574 divino
1746 525 1880 572 nutu
1916 517 2197 574 incolumi-
2223 516 2276 579 Α
2301 529 2471 584 usque
2495 515 2745 570 deorsum
2768 511 3000 584 paralysi
3046 510 3121 565 ita
3149 518 3427 567 contraeta
3480 512 3683 568 extitit
3711 555 3730 578 ,
3775 522 3846 569 ut
3886 518 3949 574 de

614 609 711 665 tati
746 608 987 682 pristinae
1011 608 1284 675 redditus,
1312 604 1377 664 ad
1404 609 1622 681 propria
1650 609 1808 665 rediit
1832 626 2016 666 sanus.

683 701 950 757 Cmterum
994 702 1061 758 de
1106 717 1243 774 pago
1288 700 1640 775 Ostarburge,
1694 719 1761 757 ex
1813 703 1932 758 villa
1983 703 2197 758 nomine

611 791 1299 863 Baldrikeawich,qua3dam
1331 792 1835 859 femina,vocabulo
1861 794 2070 860 Adsuit,
2105 809 2199 863 pa-

611 884 775 956 ralysi
800 884 957 941 valde
990 887 1228 957 graviter
1252 896 1308 942 et
1342 886 1431 942 diu
1460 896 1671 951 vexata,
1698 903 1818 942 cum
1849 887 2078 958 quadam
2110 886 2197 944 die

607 972 887 1030 Dnminica
917 990 983 1030 eo
1012 974 1240 1031 adducta
1273 975 1490 1040 fuisset,
1519 985 1577 1032 et
1604 977 1757 1032 multi
1790 979 1842 1031 in
1871 978 2063 1033 eadem
2086 976 2191 1043 die,

609 1074 817 1136 septem
846 1066 1100 1123 videlicet
1125 1068 1212 1123 vel
1240 1072 1386 1134 octo,
1414 1084 1481 1123 ex
1509 1069 1741 1125 diversis
1762 1070 1939 1125 curati
1968 1062 2203 1125 fuissent

609 1157 987 1231 languoribus,
1017 1175 1081 1216 ac
1106 1169 1229 1231 post
1269 1163 1447 1217 missae
1471 1160 1888 1217 celebrationem
1912 1163 2016 1218 hoc
2053 1162 2194 1216 idem

605 1249 804 1321 populo
830 1251 1259 1320 denuntiaretur,
1286 1261 1337 1307 et
1368 1266 1466 1323 pro
1498 1252 1755 1308 exhibitis
1782 1252 2055 1309 miraculis
2084 1261 2195 1307 tam

607 1341 786 1397 clerus
807 1354 968 1413 quam
991 1351 1047 1398 ct
1077 1343 1303 1415 populus
1333 1342 1516 1399 laudes
1543 1343 1654 1399 Deo
1680 1344 1889 1399 debitas
1912 1343 2198 1398 modulatis

608 1434 923 1490 decantaret
981 1435 1244 1499 vocibus;
1296 1435 1474 1491 subito
1520 1436 1635 1505 ipsa
1680 1448 1713 1490 e
1777 1435 1951 1489 medio
2018 1435 2196 1506 populi

606 1540 837 1599 surgens
862 1570 876 1594 ,
919 1528 986 1583 ad
1028 1528 1228 1599 gradus
1277 1528 1465 1584 altaris
1491 1569 1505 1595 ,
1551 1528 1641 1581 ubi
1680 1527 1770 1582 alii
1800 1527 1987 1600 aegroti
2023 1530 2197 1585 sanati

599 1617 888 1689 iacebant,
935 1619 1099 1689 coepit
1128 1634 1434 1675 accurrere.
1468 1618 1599 1687 Quae
1625 1633 1749 1674 cum
1780 1634 1811 1673 a
1844 1619 2197 1675 circumstan-

605 1708 753 1764 tibus
782 1723 850 1764 ne
878 1709 932 1764 in
959 1709 1533 1765 cborum'clericorum
1561 1710 1872 1765 canentium
1898 1709 2038 1765 forte
2074 1726 2196 1781 pro-

606 1799 798 1865 siliret,
830 1800 1050 1856 retineri
1080 1809 1390 1867 conaretur,
1418 1800 1533 1870 ipsa
1562 1801 1707 1871 quod
1736 1800 1838 1855 sibi
1865 1810 2195 1872 praeceptum

2300 604 2559 660 membris
2606 604 2737 673 ipsis
2774 599 2908 657 nihil
2947 596 3162 671 penitus
3200 600 3446 669 sentiret,
3490 614 3595 657 nec
3625 616 3945 676 qucquam

2298 696 2377 751 ire
2409 696 2514 750 nisi
2545 711 2669 750 cum
2699 693 2934 750 scabello
2962 706 3082 750 sese
3112 694 3377 751 trahendo
3402 707 3621 765 posset,
3678 712 3832 767 qua
3880 702 3941 751 ad

2298 793 2544 842 sanctum
2569 786 2892 857 perveniens
2918 785 3118 852 locum,
3146 785 3361 843 Domini
3381 788 3779 845 miseratione
3803 792 3935 847 viri-

2296 878 2398 932 bus
2427 878 2715 949 reparatis,
2759 877 2876 933 suis
2907 893 2969 933 se
3006 877 3232 947 pedibus
3267 894 3373 950 quo
3415 879 3589 936 voluit
3626 880 3775 950 ipsa
3811 885 3938 936 sub—

2297 968 2464 1025 vexit.

2916 1082 3147 1139 CAPUT
3185 1081 3275 1138 IV.

2617 1188 2737 1255 Afia
2767 1215 2858 1254 aea:
2887 1199 2945 1255 S.
2977 1198 3267 1256 Willchadt'
3288 1202 3575 1257 miracula.

2368 1335 2595 1401 Quidam
2645 1350 2773 1391 vero
2820 1336 2979 1391 homo
3031 1336 3301 1408 indigena,
3346 1353 3512 1394 causa
3566 1344 3922 1410 paupertatis

2298 1427 2682 1485 circumeundo
2711 1426 2977 1499 stipendia
3000 1442 3270 1498 quzerens,
3299 1430 3367 1483 ad
3396 1430 3705 1487 basilicam
3753 1434 3919 1487 sancti

2298 1518 2495 1574 dudum
2520 1528 2849 1575 convenerat
2870 1516 3161 1575 Alexandri
3191 1540 3203 1574 :
3231 1521 3327 1592 qui
3351 1522 3597 1577 habebat
3626 1522 3915 1579 tiliastnm

2299 1626 2481 1666 secum
2513 1611 2942 1667 circumeuntem
2972 1628 3194 1678 caecam,
3224 1621 3277 1669 et
3304 1613 3419 1684 ipse
3446 1629 3687 1685 quoque
3722 1616 3911 1686 duplici

2298 1718 2458 1773 paena
2488 1704 2659 1759 multo
2694 1715 2937 1775 tempore
2962 1706 3292 1762 orbitantem
3319 1708 3635 1773 sustinens,
3676 1709 3773 1764 ubi
3799 1726 3907 1765 cum

2299 1800 2662 1859 morarentur,
2708 1794 2935 1866 contigit
2968 1796 3179 1852 meritis
3207 1798 3382 1854 sancti
3409 1798 3754 1869 praedictam
3793 1799 3906 1854 ﬁlia-

602 1889 801 1957 fuerit,
845 1902 952 1961 quo
988 1902 1114 1947 ante
1161 1893 1331 1947 altare
1377 1905 1500 1946 cum
1550 1892 1672 1947 atiis
1718 1906 1840 1946 sese
1882 1889 2194 1958 milocaret,
2224 1876 2273 1939 Β
2300 1895 2469 1941 stram
2516 1886 2684 1957 ipsius
2731 1887 2890 1944 unius
2929 1889 3072 1944 oculi
3104 1890 3366 1945 visionem
3418 1891 3751 1963 percipere.
3802 1892 3904 1959 Quo

605 1982 774 2037 menti
833 1982 999 2037 alacri
1056 1983 1343 2039 fatebatur.
1395 1983 1581 2039 Visum
1631 1996 1865 2053 namque
1920 1984 1970 2039 ei
2022 1984 2199 2040 fuerat

601 2070 749 2142 quod
775 2071 1030 2128 sacerdos
1051 2073 1142 2140 qui
1168 2073 1235 2127 de
1257 2072 1486 2128 aliorum
1508 2073 1743 2129 sanitate
1763 2072 1961 2143 populo
1986 2088 2196 2128 annun-

604 2165 857 2231 tiaverat,
881 2164 933 2220 ei
959 2179 1176 2234 quoque
1197 2174 1256 2221 ut
1287 2180 1516 2236 surgens
1542 2181 1667 2220 cum
1695 2166 1911 2221 caeteris
1931 2166 1997 2220 ad
2024 2166 2197 2223 altare

601 2256 923 2327 procederet
963 2271 1124 2312 manu
1165 2257 1438 2312 annuerit.
1470 2255 1636 2325 Cujus
1667 2257 1925 2327 requisita
1968 2258 2198 2315 inﬁrmi-

602 2357 713 2405 tate
760 2364 828 2405 ac
882 2350 1115 2405 sanitate
1161 2348 1471 2419 patefacta,
1518 2364 1707 2404 outties
1752 2349 1821 2403 ad
1873 2348 2196 2405 laudandam

600 2443 1007 2514 omnipotentiae
1035 2443 1231 2498 divina:
1263 2441 1600 2513 maiestatem
1625 2482 1638 2507 ,
1684 2451 1845 2512 atque
1886 2442 2195 2499 extollenda

598 2537 900 2593 beatissimi
928 2537 1032 2592 viri
1076 2537 1301 2602 merita,
1346 2546 1499 2595 tanto
1543 2538 1865 2603 instantius,
1894 2546 2097 2608 quanto
2143 2544 2199 2592 et

600 2626 792 2683 iterata
831 2629 1033 2683 virtute
1073 2628 1403 2698 optabilius,
1450 2630 1618 2685 corde
1662 2631 1973 2701 compuncti
2021 2630 2198 2701 lacry-

602 2717 815 2786 misque
842 2728 955 2787 prta
987 2717 1186 2789 gaudio
1213 2718 1422 2775 obortis
1458 2720 1637 2777 denuo
1663 2721 1871 2778 alacres
1896 2736 2195 2791 personue-

600 2815 747 2865 runt.

674 2897 915 2968 Denique
933 2913 1001 2953 ex
1026 2897 1323 2955 Waldsatis
1342 2900 1589 2968 quaedam
1616 2899 1721 2955 fuit
1750 2898 1950 2955 femina
1976 2900 2044 2955 de
2069 2899 2195 2957 villa

601 2986 964 3045 Williaustedi
983 3026 999 3053 ,
1028 2990 1248 3045 nomine
1272 2990 1450 3057 lkkia,
1478 3007 1600 3061 quae
1624 3001 1835 3062 septem
1862 2992 2021 3048 annis
2046 2992 2194 3048 visus

599 3080 782 3137 fuerat
807 3080 1108 3137 caecitatth
1137 3097 1394 3153 perpessa
1420 3102 1433 3137 ε
1468 3083 1554 3139 cui
1578 3100 1701 3141 cum
1729 3086 1797 3140 de
1825 3084 2050 3156 praefato
2074 3086 2194 3143 loco

595 3173 750 3244 signa
794 3172 1182 3229 miraculorum
1217 3172 1333 3244 jam
1376 3174 1519 3231 fam
1564 3176 1818 3248 vulgante
1843 3177 2043 3249 ubique
2066 3193 2191 3247 per-

596 3266 1034 3330 crebrescerent,
1085 3267 1331 3335 quaedam
1357 3268 1533 3324 vicina
1558 3284 1655 3325 sua
1682 3271 1982 3326 exhortans
2008 3272 2145 3326 dixit
2170 3291 2182 3327 ε

596 3355 777 3424 Quare
804 3372 913 3413 non
940 3367 994 3413 et
1024 3366 1082 3413 tu
1111 3368 1358 3415 sanctum
1391 3360 1484 3416 Dei
1510 3362 1800 3432 exquirere
1837 3362 2085 3429 conaris,
2131 3372 2189 3419 ut

594 3448 691 3505 tibi
736 3465 956 3521 quoque
1002 3450 1089 3506 lux
1131 3452 1414 3508 oculorum
1442 3451 1712 3523 patefacta
1742 3453 2049 3510 clarescat?
2095 3453 2187 3509 Illa

592 3548 776 3597 autem
800 3554 861 3596 se
890 3539 1245 3601 libentissime
1271 3543 1346 3596 ita
1370 3542 1503 3598 velle
1529 3543 1806 3612 respondit
1830 3561 1842 3598 :
1873 3558 2060 3599 verum
2084 3545 2189 3601 hoc

597 3639 806 3685 tantum
852 3646 951 3686 suo
992 3646 1292 3704 repugnare
1339 3634 1633 3700 desiderio,
1661 3635 1788 3705 quia
1817 3651 1924 3691 non
1961 3636 2187 3692 haberet

594 3720 896 3777 ductorem.
948 3719 1044 3776 Cui
1076 3721 1163 3776 illa
1193 3723 1372 3778 denuo
1403 3724 1681 3794 subjunxit
1709 3742 1721 3778 :
1756 3724 1914 3789 Ecce,
1948 3726 1991 3780 si
2018 3725 2184 3781 alium

592 3826 703 3868 non
734 3810 905 3868 babes
927 3852 941 3877 ,
985 3826 1085 3883 ego
1114 3821 1166 3868 te
1193 3815 1677 3886 quomodocunque
1707 3824 1899 3893 potero
1935 3816 2064 3872 illuc
2095 3820 2187 3873 de-

594 3902 808 3957 ducam.
841 3900 1009 3973 Cujus
1036 3902 1123 3956 ilia
1151 3903 1499 3973 promissum,
1525 3905 1651 3976 quia
1682 3905 1825 3962 aliud
1852 3907 1955 3964 sibi
1982 3908 2187 3964 nescio.

592 3992 688 4048 bat
738 3990 1028 4064 refugiant,
1074 3996 1478 4065 gratantissime
1526 3999 1752 4067 accepit.
1800 3998 1969 4052 Erant
2006 4010 2185 4053 autem

594 4084 769 4141 amba:
795 4084 1154 4156 pauperculae.
1201 4085 1434 4157 Arrepto
1464 4086 1648 4157 itaque
1679 4089 1874 4143 itinere
1908 4090 2038 4159 ipsa:
2069 4088 2187 4147 dua:

595 4177 990 4242 tantummodo,
1037 4174 1247 4231 Domini
1302 4192 1483 4232 secum
1533 4177 1824 4234 comitante
1867 4178 2065 4248 gratia,
2118 4180 2186 4236 ad

528 4284 534 4291 ’
587 4271 875 4347 praefatum
902 4271 1117 4328 tandem
1141 4284 1505 4343 pervenerunt
1536 4273 1928 4341 sanctuarium,
1947 4276 2036 4331 ubi
2062 4291 2184 4331 cum

591 4366 784 4420 devote
827 4363 1081 4436 precibus
1124 4364 1458 4431 insisterent,
1508 4364 1596 4420 illa
1639 4380 1758 4436 qua:
1800 4382 1940 4423 caeca
1983 4366 2181 4435 fuerat,

590 4456 771 4512 subito
813 4454 1191 4523 iiiuminatur,
1242 4464 1298 4511 et
1347 4471 1611 4514 conversa
1662 4457 1730 4512 ad
1772 4457 1978 4513 sociam
2028 4473 2181 4513 suam

589 4548 875 4604 subridens
924 4558 1090 4618 atque
1136 4548 1520 4627 congratularis
1552 4548 1705 4605 dixit.
1755 4548 1800 4605 Ο
1827 4565 1989 4619 quam
2019 4551 2178 4617 bene,

588 4656 753 4712 quam
780 4642 921 4696 bene
944 4640 1076 4696 mibi
1103 4651 1251 4696 tuum
1278 4642 1506 4713 contigit
1534 4642 1750 4698 audisse
1773 4643 2087 4707 consilium,
2124 4650 2182 4698 ut

590 4739 841 4786 sanctum
887 4729 981 4786 Dei
1026 4729 1436 4801 perquirerem!
1482 4744 1610 4786 ecce
1637 4746 1745 4785 una
1776 4741 1950 4787 tecum
1996 4732 2179 4790 iumen

592 4822 715 4878 C(L'Ii
749 4822 924 4878 video.
952 4820 1067 4877 Hoc
1099 4822 1280 4893 itaque
1309 4819 1511 4877 factum
1542 4824 1723 4878 statim
1750 4824 1965 4894 publice
1990 4824 2183 4896 przedi~

593 4922 795 4979 catum,
844 4927 1093 4985 magnam
1137 4910 1348 4984 populis
1393 4912 1588 4969 divina:
1634 4914 1999 4972 miserationis
2027 4933 2176 4990 spem

592 5004 783 5060 dedit:
829 5003 1086 5075 quoniam
1132 5002 1425 5061 secundum
1469 5000 1770 5061 Psalmista:
1816 5006 2050 5075 dictum,
2102 5008 2176 5062 iiii

592 5093 884 5150 derelictus
920 5104 1007 5150 est
1032 5110 1256 5166 pauper.
1304 5094 1536 5166 Ideoque
1563 5106 1617 5152 et
1654 5098 1769 5168 ipse
1798 5099 2065 5170 refugium
2094 5109 2180 5155 est

590 5201 889 5259 pauperum
914 5185 971 5241 in
994 5185 1359 5254 tribulatione,
1392 5187 1592 5258 pupillo
1620 5204 1835 5261 quoque
1855 5200 1910 5246 ct
1931 5193 2177 5262 orphano

588 5279 706 5350 ipse
752 5284 1031 5349 promptus
1059 5277 1163 5332 erit
1193 5276 1410 5347 adjutor
1449 5276 1622 5349 (Psal.
1668 5297 1746 5348 ix,
1788 5282 1901 5354 54).
1938 5282 2176 5356 Recepto

582 5358 774 5442 itaque
807 5368 1025 5425 luminis
1048 5371 1168 5426 visu
1196 5370 1310 5441 ipsa
1329 5370 1442 5440 jam
1476 5386 1581 5426 non
1614 5375 1759 5429 socia
1787 5374 2037 5441 ducente,
2079 5379 2171 5433 sed

586 5460 791 5532 pariter
829 5461 1145 5526 comitante,
1190 5461 1257 5514 ad
1289 5476 1443 5515 suum
1488 5477 1619 5517 sana
1668 5464 1825 5519 rediit
1864 5466 2172 5537 tugurium,

587 5551 803 5609 Domini
844 5551 1034 5608 laudes
1081 5564 1297 5622 semper
1323 5552 1607 5617 cantando,
1656 5562 1710 5609 et
1754 5558 2022 5627 comparis
2065 5568 2176 5613 sua)

586 5643 846 5703 salutaria
873 5645 1079 5702 monita
1109 5645 1314 5717 gratias
1351 5644 1554 5716 iugiter
1580 5638 1861 5704 referendo
1887 5648 2170 5707 extollens.

658 5736 736 5794 De
760 5751 897 5810 pago
922 5736 1111 5793 eodem
1140 5734 1385 5807 quasdam
1416 5734 1612 5789 femina
1634 5753 1787 5807 asque
1808 5738 1953 5795 lkltia
1980 5752 2172 5797 vocata

588 5834 784 5901 fuerat,
823 5852 940 5895 uua:
969 5848 1064 5903 per
1107 5834 1271 5890 multa
1300 5846 1561 5889 annorum
1591 5832 1861 5892 curricula
1900 5853 1929 5890 a
1958 5837 2172 5908 cingulo

2300 1978 2440 2034 dono
2468 1977 2780 2044 exhilarati,
2816 1978 3076 2036 ulteriora
3122 1982 3577 2053 progredientes,
3627 1984 3703 2038 ad
3729 1994 3897 2038 orato-

2298 2070 2439 2125 rium
2463 2078 2835 2139 pervenerunt
2859 2069 3189 2129 Bremense:
3219 2075 3307 2130 ubi
3354 2074 3409 2129 in
3432 2074 3697 2130 oratione
3722 2076 3895 2146 positi,

2297 2161 2440 2216 beati
2471 2160 2763 2218 Willeitadi
2796 2163 3187 2220 intercessione
3218 2164 3509 2236 multiplici
3537 2176 3670 2220 sunt
3698 2165 3895 2222 fenore

2300 2252 2472 2308 ditati.
2508 2252 2642 2307 Nam
2673 2263 2726 2309 et
2754 2256 2870 2326 ipse
2897 2256 3182 2312 amborum
3204 2257 3471 2312 visionem
3507 2259 3753 2328 percepit
3776 2274 3896 2313 oeu-

2299 2345 2503 2413 lorum,
2536 2356 2588 2401 et
2635 2346 2857 2402 iiliastra
2888 2348 3053 2418 ipsius
3082 2348 3307 2404 alterius
3348 2365 3580 2420 quoque
3627 2349 3893 2405 illumina-

2301 2437 2445 2492 tione
2478 2447 2562 2492 est
2607 2438 2812 2509 gavisa.
2842 2437 2995 2507 Quod
3040 2453 3163 2496 cum
3194 2439 3435 2496 ﬁdelium
3477 2443 3584 2513 qui
3622 2441 3895 2498 adfuerant

2299 2530 2709 2585 denuntiaretur
2752 2531 3090 2599 testimonio,
3139 2531 3292 2602 plebs
3339 2534 3527 2590 omnis
3582 2535 3891 2591 exsultando

2298 2620 2511 2676 laudem
2539 2621 2649 2676 Deo
2683 2621 2848 2677 dedit.

2367 2712 2635 2768 Praeterea
2660 2728 2727 2768 ex
2754 2730 2891 2785 pago
2916 2714 3211 2771 Nordwidu
3232 2717 3455 2788 quidam
3480 2720 3661 2775 homo
3684 2721 3753 2774 ad
3774 2719 3889 2773 limi

2295 2818 2365 2858 na
2394 2804 2676 2858 memorati
2702 2806 2959 2875 martyris
2981 2806 3107 2861 olim
3136 2809 3434 2864 transierat
3458 2809 3790 2875 Alexandri,
3810 2810 3885 2880 qui

2297 2902 2478 2953 mutus
2513 2896 2673 2951 simul
2719 2906 2773 2952 et
2825 2899 3020 2954 surdus
3064 2900 3271 2955 diutino
3322 2898 3511 2957 labore
3560 2905 3635 2959 ab
3680 2904 3884 2960 infantia

2294 2986 2591 3043 miserabili
2618 2989 2925 3064 potiebatur
2950 2993 3252 3058 vexatione,
3277 2995 3493 3049 meritis
3518 2995 3734 3067 praefati
3757 2996 3883 3051 Mar-

2298 3078 2432 3149 tyris
2457 3079 2699 3134 auditum
2729 3081 2989 3152 percepit.
3037 3082 3188 3138 Ultra
3233 3099 3361 3138 vero
3416 3087 3670 3149 tendens,
3719 3097 3779 3142 et
3824 3088 3883 3142 ad

2294 3173 2574 3230 basilicam
2630 3174 2939 3231 Bremensis
2988 3176 3242 3232 Ecclesiae
3294 3179 3656 3248 perveniens,
3704 3180 3880 3235 divin:

2295 3264 2564 3334 largitatis
2610 3264 2895 3321 clementia
2945 3264 3088 3337 loqui
3136 3268 3344 3339 pariter
3382 3279 3443 3325 et
3488 3271 3690 3329 audire
3738 3274 3875 3326 beato

2292 3355 2594 3413 Willebado
2622 3357 3001 3428 interpellante
3030 3361 3353 3429 promeruit.

2362 3444 2493 3501 Item
2520 3462 2588 3502 ex
2617 3445 2772 3502 Laris
2800 3448 2866 3502 de
2891 3446 3013 3502 villa
3045 3445 3360 3514 Otishusun,
3388 3450 3687 3522 cujusdam
3714 3451 3877 3507 Fride-

2291 3536 2445 3594 berni
2474 3537 2581 3592 [ilia
2607 3539 2858 3595 omnibus
2882 3536 3142 3595 membris
3166 3539 3375 3595 diutino
3402 3538 3591 3597 fuerat
3617 3554 3873 3599 contracu

2290 3630 2569 3702 languore,
2627 3646 2746 3701 quae
2797 3632 2863 3687 ad
2921 3632 3234 3700 praedictam
3288 3632 3525 3690 deducta
3582 3637 3869 3697 basilica.

2291 3736 2387 3791 per
2414 3721 2529 3776 dies
2558 3730 2763 3790 septem
2806 3722 3181 3793 gravissimam
3219 3723 3274 3778 in
3317 3740 3555 3795 corpore
3591 3727 3870 3783 molestiam

2292 3811 2547 3884 pertulit,
2583 3812 2658 3866 ita
2690 3821 2749 3868 ut
2767 3811 2881 3883 jam
2911 3827 3046 3885 pene
3072 3829 3137 3869 ex
3170 3813 3369 3869 animis
3396 3829 3511 3884 prae
3542 3815 3751 3871 doloris
3773 3831 3874 3871 cre-

2290 3904 2512 3959 deretur
2550 3905 2938 3973 magnitudine.
2966 3902 3071 3959 Sed
3105 3905 3344 3971 tandem,
3384 3905 3580 3960 divina
3624 3916 3872 3962 annuente

2292 3994 2573 4049 clementia
2608 3993 2779 4049 levius
2813 3995 2899 4065 agi
2946 3995 3149 4064 coepit;
3192 4000 3248 4050 et
3289 3995 3359 4048 ad
3387 3996 3695 4065 pristinum
3742 4011 3870 4066 repa-

2293 4096 2409 4140 rata
2444 4085 2677 4141 cilicium
2698 4127 2711 4151 ,
2746 4086 2955 4142 meritis
2981 4087 3154 4143 sancti
3184 4087 3626 4143 incolumitatem
3662 4088 3868 4158 recepit.

2290 4194 2408 4248 qua:
2438 4187 2718 4248 paternam
2746 4179 2988 4234 revisens
3014 4178 3251 4245 domum,
3279 4180 3541 4234 omnibus
3567 4196 3694 4236 sana
3719 4196 3869 4234 ωειιιο

2289 4270 2423 4335 bris,
2469 4269 2785 4339 parentibus
2809 4282 2872 4325 ac
2914 4270 3107 4326 vicinis
3152 4270 3403 4326 festivum
3437 4270 3611 4342 plane
3646 4273 3867 4328 exhibuit

2289 4363 2565 4434 gaudium.

2360 4453 2435 4508 De
2477 4448 2779 4526 Steornigis
2807 4464 3022 4525 quoque
3059 4466 3127 4509 ex
3154 4452 3279 4508 villa
3308 4450 3730 4510 Grandikclmrd
3767 4454 3869 4529 iul.

2287 4543 2746 4618 Gandrikesard],
2785 4545 3028 4615 quaedam
3064 4544 3283 4611 femina,
3338 4540 3603 4601 ﬂerimod
3646 4548 3873 4609 nomine,

2288 4635 2497 4691 duobus
2541 4634 2698 4690 annis
2730 4637 2889 4691 surda
2927 4637 3252 4691 exstiterat:
3286 4650 3405 4706 qua:
3449 4634 3518 4690 ad
3564 4639 3874 4707 praedictum

2286 4728 2580 4784 deveniens
2636 4726 2855 4795 locum,
2922 4728 3311 4785 intercessione
3366 4729 3540 4784 sancti
3614 4728 3877 4786 andicn'o

2283 4819 2461 4874 redire
2491 4819 2706 4875 meruit.

2354 4909 2484 4965 Item
2512 4909 2577 4965 de
2605 4907 2759 4964 Laris
2782 4911 2847 4965 de
2868 4908 2994 4964 villa
3026 4907 3371 4981 Falathorpe,
3397 4908 3515 4965 dna:
3547 4909 3680 4965 illnc
3719 4913 3875 4965 adre.

2282 5012 2481 5059 nerunt
2506 5002 2745 5068 feminae,
2771 5018 2877 5058 una
2902 5003 3203 5070 incurvata,
3236 5004 3449 5059 nomine
3479 5002 3806 5077 liataburg,
3833 5014 3878 5058 rt

2282 5097 2452 5151 altera
2481 5096 2635 5160 orba,
2666 5096 2884 5152 nomine
2911 5092 3185 5162 Macswid,
3215 5111 3334 5166 qua:
3356 5096 3601 5150 divinum
3626 5097 3705 5152 ibi
3739 5096 3872 5167 ﬂagi-

2280 5196 2459 5244 tantes
2496 5187 2842 5260 praesidium,
2874 5189 3047 5243 amba:
3083 5201 3207 5243 cum
3239 5186 3490 5243 salutatis
3512 5186 3729 5257 gaudio
3762 5202 3873 5258 pro-

2282 5282 2430 5351 prius
2453 5280 2608 5336 sedes
2641 5280 2958 5336 iirtabundae
2980 5281 3331 5351 repetierant.

2352 5374 2521 5431 Porro
2547 5376 2612 5431 de
2636 5375 2793 5447 Wege
2812 5375 2937 5430 vilia
2966 5376 3200 5448 publica,
3227 5377 3472 5447 quadarn
3494 5376 3679 5447 puella
3716 5378 3869 5433 uiuite

2280 5476 2524 5538 tempere
2566 5466 2819 5522 omnibus
2865 5465 3135 5521 inﬁrmata
3178 5464 3435 5521 membris
3474 5466 3611 5521 nihil
3654 5470 3868 5523 omnim

2279 5558 2476 5614 virium
2522 5558 2575 5614 in
2613 5559 2834 5631 proprio
2866 5557 3133 5615 retinebat
3155 5572 3400 5629 corpore.
3446 5559 3529 5614 Ad
3573 5560 3867 5617 confessio-

2281 5665 2402 5707 nem
2438 5648 2619 5720 itaque
2653 5652 2879 5707 deducta
2910 5652 3103 5716 sancti,
3152 5651 3333 5706 divina
3367 5649 3650 5723 largitatis
3696 5654 3860 5709 muni-

2279 5745 2494 5801 ﬁcentia
2527 5754 2581 5800 et
2609 5745 2801 5800 virium
2834 5744 3247 5817 possibilitatem
3276 5787 3291 5811 ,
3337 5755 3393 5801 et
3432 5746 3607 5803 totius
3630 5750 3863 5820 carpta-is

2282 5843 2487 5908 recepit
2516 5841 2824 5895 sanitatem.
