4020 6338
251 378 386 439 ίθὲθ

872 493 1098 551 CAPUT
1137 495 1203 551 Υ.

564 607 683 663 Alia
717 617 908 679 septem
929 606 1218 664 Willehadi
1246 610 1521 666 miracula.

316 715 586 775 Catenam
609 718 675 773 de
705 718 911 783 Sturmi
940 734 1011 774 ex
1037 692 1160 774 vina
1186 719 1380 788 Ekina,
1408 721 1654 792 quaedam
1680 722 1835 779 femi-

244 824 317 866 na
339 848 354 877 ,
402 809 664 866 vocabulo
698 807 975 876 Gerswid,
1023 811 1324 869 caecitatem
1370 813 1541 869 multo
1589 822 1832 885 tempore

244 913 406 981 passa
424 936 441 965 ,
471 897 526 954 in
555 899 748 956 eodem
774 898 893 955 loco
918 900 1094 971 posita
1111 940 1129 967 ,
1172 900 1375 958 lumine
1394 910 1482 959 est
1506 904 1713 975 privato
1736 905 1833 961 do-

246 997 396 1049 Mla.

318 1078 586 1138 Similiter
599 1095 812 1152 quoque
827 1082 895 1138 de
915 1079 1223 1154 διεωήοψ
1242 1083 1365 1155 pagi
1392 1082 1481 1157 [{.,
1501 1084 1664 1157 pago]
1684 1099 1831 1154 quae-

246 1177 372 1235 dam
396 1174 596 1235 femina
621 1176 826 1234 diutius
849 1191 1009 1242 caeca,
1041 1177 1167 1233 dum
1192 1177 1425 1234 orationi
1455 1177 1829 1245 decumberet,

243 1268 542 1325 auxiliante
567 1267 729 1325 beato
751 1269 865 1325 viro
892 1268 1115 1325 luminis
1135 1278 1220 1327 est
1240 1278 1430 1328 curata
1460 1270 1718 1327 remedio.

319 1360 561 1431 Denique
587 1374 655 1419 ex
677 1359 887 1427 Fresia,
919 1361 985 1415 de
1017 1361 1139 1417 villa
1165 1359 1464 1429 Vestanko,
1488 1360 1706 1433 quidam
1727 1376 1830 1418 cm-

245 1467 341 1508 cus
368 1452 454 1507 vir
484 1450 794 1508 Meinradus
820 1467 887 1507 eo
916 1453 1234 1521 adveniens,
1266 1469 1502 1525 superna
1530 1454 1831 1511 illustratus

244 1542 441 1614 gratia,
473 1541 696 1605 luminis
720 1545 928 1615 recepit
957 1542 1214 1600 ofﬁcium.

316 1633 394 1688 De
418 1630 572 1689 Laris
597 1649 665 1690 ex
695 1634 823 1691 villa
849 1633 1305 1691 Hahthoreimund
1345 1638 1583 1704 nomine,
1634 1653 1829 1693 novem

241 1727 400 1783 annis
424 1738 649 1793 cateata,
699 1728 1027 1784 sanctissimi
1054 1728 1156 1783 viri
1185 1728 1438 1797 precibus
1478 1729 1636 1801 longe
1675 1738 1831 1799 opta-

243 1826 353 1871 tam
384 1816 456 1873 ibi
486 1818 727 1888 recipere
748 1817 972 1874 visionis
1000 1819 1297 1889 promeruit
1325 1818 1576 1890 gratiam.

313 1908 393 1964 Ex
422 1908 727 1979 Wigmodis
755 1919 956 1974 autem,
1000 1911 1065 1965 de
1094 1909 1218 1964 villa
1249 1908 1822 1980 Midlistanfadarwrd,

243 2002 463 2073 quidam
509 2003 697 2069 homo,
746 2019 909 2058 manu
963 2003 1147 2058 multis
1192 2003 1481 2057 admodum
1519 2011 1828 2057 contractus

240 2093 419 2160 annis,
450 2093 651 2149 ibidem
681 2093 909 2149 Domino
940 2092 1212 2149 tribuente
1253 2092 1540 2148 incolumis
1578 2100 1663 2148 est
1700 2092 1825 2148 red-

243 2184 407 2238 ditus.

313 2273 448 2329 item
474 2273 541 2329 de
563 2272 866 2346 Wigmodis
892 2287 960 2329 ex
988 2272 1112 2328 villa
1144 2271 1825 2344 Westristanbeverigiswti,

245 2362 440 2419 femina
466 2403 483 2430 ,
516 2363 871 2434 Thiadgardis
899 2364 1146 2429 nomine,
1178 2364 1267 2419 diu
1292 2378 1457 2424 ma.
1504 2363 1704 2419 ibidem
1745 2371 1828 2419 est

245 2458 563 2514 illuminata.

315 2551 390 2608 De
423 2551 628 2608 Sturmi
657 2568 805 2619 vero,
847 2568 915 2607 ex
950 2552 1076 2611 villa
1104 2550 1325 2623 Ekgnon
1371 2550 1494 2625 [al.,
1544 2551 1790 2627 Ekynou]
1811 2593 1827 2620 ,

242 2643 394 2699 Διιιο
413 2644 636 2714 quidam
658 2644 944 2711 vocabulo,
966 2642 1085 2714 jam
1105 2644 1335 2713 quodam
1367 2646 1422 2698 in
1460 2645 1687 2701 brachio
1711 2645 1828 2701 vul-

242 2740 466 2789 neratus
490 2731 708 2789 fuerat:
743 2732 829 2788 cui
854 2748 979 2789 cum
1010 2732 1155 2787 nulla
1187 2733 1503 2788 subveniret
1528 2733 1826 2799 medicina,

241 2840 457 2880 armum
468 2826 538 2881 ad
558 2826 741 2881 omnia
762 2840 927 2896 opera
944 2825 1125 2880 multis
1150 2826 1306 2880 annis
1332 2825 1594 2881 inermem
1618 2825 1825 2881 habuit.

242 2916 342 2982 Qui
390 2915 482 2971 illo
509 2916 753 2981 veniens,
802 2924 860 2970 et
891 2916 1098 2971 dierum
1146 2930 1365 2972 suorum
1409 2915 1641 2971 Otiosam
1694 2931 1826 2972 con-

244 3007 603 3077 sumptionem
630 3006 936 3078 deplorans,
968 3005 1336 3075 auxiliumque
1361 3006 1505 3061 beati
1535 3006 1639 3061 viri
1661 3021 1830 3077 expo-

244 3100 479 3164 stulans;
529 3112 767 3169 superna
811 3098 1048 3152 donante
1092 3098 1287 3168 gratia,
1339 3113 1461 3150 cum
1507 3097 1598 3151 diu
1640 3097 1829 3152 dolore

244 3193 450 3249 brachii
491 3199 860 3263 torqueretur,
901 3189 1117 3245 tandem
1150 3198 1371 3244 sanatus
1407 3197 1708 3259 porrectam
1736 3202 1830 3243 ex-
1856 3225 1901 3288 Ο

246 3286 417 3341 tendit
446 3286 742 3341 dexteram.
777 3282 882 3338 Pro
910 3283 1065 3352 cujus
1094 3280 1466 3336 incolumitate
1490 3295 1614 3334 cum
1637 3294 1829 3334 omnes

243 3375 353 3429 Deo
375 3374 577 3446 gratias
601 3372 947 3437 retulissent,
987 3370 1075 3425 ille
1105 3370 1324 3424 domum
1354 3378 1607 3422 reversus
1631 3366 1829 3422 ﬁducia

245 3483 357 3523 suae
392 3466 507 3536 jam
531 3465 780 3522 sanitatis
819 3465 1130 3521 admonitus
1157 3471 1212 3518 et
1239 3462 1305 3517 de
1337 3461 1431 3517 Dei
1461 3460 1832 3517 misericordia

245 3560 546 3615 certissime
564 3556 820 3622 conﬁsus,
837 3570 1060 3611 uxorem
1075 3569 1228 3610 suam
1252 3567 1371 3623 quae
1392 3551 1560 3606 multo
1568 3553 1682 3621 jam
1698 3562 1831 3607 tem-

244 3666 374 3722 pore
398 3650 450 3704 in
473 3650 718 3705 cessitate
744 3653 1132 3718 permanserat,
1152 3659 1335 3699 secum
1361 3644 1473 3712 ipse
1493 3644 1559 3697 ad
1582 3643 1829 3698 eamdem

246 3742 459 3798 reduxit
485 3741 792 3797 ecclesiam.
846 3736 948 3792 Ubi
992 3751 1113 3791 cum
1148 3751 1244 3806 pro
1285 3749 1545 3789 concesso
1592 3734 1831 3788 remedio

244 3835 327 3888 vir
356 3832 459 3887 fide
493 3828 894 3892 corroboratus,
922 3825 1135 3880 mulieri
1164 3823 1506 3887 beneﬁcium,
1545 3832 1602 3878 et
1639 3822 1831 3879 mulier

243 3937 458 3994 quoque
500 3921 603 3975 viri
656 3920 739 3975 sui
785 3918 1045 3973 doctrinis
1090 3916 1362 3971 admonita
1410 3915 1696 3975 Dominum
1727 3914 1829 3970 sibi

244 4014 516 4070 inhianter
553 4018 805 4080 posceret
832 4009 1022 4064 adesse
1052 4007 1342 4078 prepitium
1370 4046 1386 4071 ,
1421 4006 1634 4061 coalitus
1663 4006 1829 4076 inspi.

242 4116 364 4162 rato
384 4105 608 4164 lumine.
631 4102 809 4158 subito
828 4101 1021 4156 mulier
1035 4099 1187 4156 clare
1208 4100 1374 4170 carpit
1393 4107 1588 4155 cuncta
1614 4099 1825 4156 videre:

243 4199 385 4269 quod
413 4198 596 4253 statim
617 4196 675 4250 in
699 4194 895 4265 populo
913 4191 1247 4248 declaratum
1268 4204 1464 4261 magna
1490 4190 1617 4247 ﬁdei
1640 4190 1829 4246 tribuit

244 4291 592 4346 incitamenta
617 4329 633 4353 ,
682 4296 737 4343 et
765 4296 1081 4343 cunctorum
1106 4285 1318 4340 animos
1357 4286 1425 4340 ad
1448 4283 1826 4340 credulitatem

243 4383 437 4438 divina:
484 4378 824 4436 conﬁrmavit
877 4376 1150 4447 potentiae.
1198 4374 1440 4444 Cumque
1484 4389 1584 4444 pro
1636 4389 1826 4429 eorum

246 4474 417 4531 salute
445 4473 624 4528 clerus
653 4484 717 4525 ac
745 4467 972 4540 populus
993 4475 1347 4537 personaret,
1378 4465 1480 4536 ipsi
1508 4465 1577 4519 ad
1607 4464 1825 4535 propria

244 4566 541 4639 gaudentes
584 4561 809 4627 reversi,
854 4568 1005 4614 tanto
1057 4558 1289 4612 alacrius
1332 4565 1493 4626 atque
1533 4556 1827 4612 studiosius

246 4657 418 4715 labori
465 4662 743 4725 creperum
789 4653 1075 4716 insistere,
1107 4658 1310 4719 quanto
1359 4664 1418 4703 se
1462 4647 1828 4704 meminerunt

244 4748 421 4805 otiose
449 4751 706 4800 vacantes
729 4742 846 4797 dies
872 4740 1072 4795 multos
1103 4747 1261 4794 antea
1294 4738 1608 4807 perdidisse.

864 4849 1092 4908 CAPUT
1136 4848 1221 4905 Vl.

494 4947 613 5002 Alia
641 4962 868 5019 qumque
899 4945 958 5001 S.
984 4943 1272 4999 Willeltadt'
1297 4942 1574 4998 miracula.

323 5064 397 5118 De
431 5062 585 5117 Laris
604 5074 818 5130 quoque
844 5064 1105 5127 concepta
1133 5054 1245 5125 jam
1272 5057 1472 5111 dudum
1504 5056 1685 5109 divina
1711 5070 1825 5110 cre-

250 5163 444 5212 verunt
482 5151 759 5209 miracula.
805 5149 937 5205 Nam
985 5148 1201 5219 quidam
1233 5148 1560 5218 Rhoudwig,
1602 5163 1667 5202 ex
1699 5148 1824 5203 villa

252 5246 507 5309 Stenbike,
532 5245 704 5299 tribus
730 5243 885 5298 annis
915 5250 1115 5306 mutus,
1140 5256 1262 5295 cum
1290 5240 1417 5295 inibi
1445 5241 1656 5310 positus
1679 5241 1829 5295 anxi-

252 5342 381 5396 lium
411 5339 552 5395 beati
580 5338 679 5393 viri
711 5336 1023 5407 imploraret
1051 5336 1275 5400 tacitus,
1315 5333 1495 5389 divina
1531 5334 1824 5389 miserante

253 5434 457 5506 gratia,
505 5439 691 5501 aperto
732 5445 826 5485 ore
870 5429 1049 5484 subito
1098 5428 1306 5483 Domini
1350 5428 1513 5497 coepit
1568 5442 1826 5483 enarrare

252 5522 537 5594 magnalia.

321 5617 454 5672 Item
478 5616 543 5671 de
561 5613 689 5670 villa
711 5612 1004 5682 Restereﬂet
1027 5609 1149 5685 [al.,
1178 5609 1554 5682 Rehrereﬁet],
1584 5611 1825 5680 quaedam

256 5710 455 5768 femina
484 5708 667 5764 multis
707 5707 883 5762 fuerat
917 5705 1072 5761 annis
1101 5705 1290 5759 morbo
1319 5704 1392 5776 ita
1434 5713 1618 5759 contra
1642 5713 1727 5770 ta,
1771 5714 1828 5758 ut

257 5819 358 5864 nec
384 5805 437 5859 in
474 5803 613 5859 lecto
639 5816 698 5857 se
732 5801 785 5856 in
816 5799 1037 5855 alteram
1083 5805 1290 5869 partem
1333 5796 1534 5867 absque
1563 5795 1827 5866 adjutorio

1203 378 1289 439 DE
1325 378 1485 438 VITA
1519 376 1609 439 ET
1650 374 2021 441 MIRACULIS
2056 376 2114 438 S.
2154 376 2565 439 WILLEHADI.

3372 377 3515 442 £030

1854 494 1908 560 Α
1931 504 2111 567 posset
2141 510 2376 563 movere,
2424 510 2526 554 nec
2583 496 2742 553 ullius
2788 496 3018 555 membri
3064 494 3242 570 aliqua
3286 515 3515 574 prorsus

1934 591 2316 647 commoditate
2342 590 2626 661 potiretur.
2655 591 2826 661 Quam
2855 604 2979 647 cum
3009 592 3168 648 amici
3212 590 3320 650 ﬁde
3362 594 3512 650 exci-

1934 678 2031 737 tati
2058 683 2126 737 ad
2176 680 2570 740 confessionem
2609 684 2940 741 deveherent
2986 686 3180 751 sancti,
3214 682 3413 758 ibique
3458 687 3510 741 in

1933 777 2110 832 medio
2138 778 2312 847 posita
2334 776 2580 848 grabato,
2603 792 2667 834 ac
2689 779 2736 833 si
2756 776 2960 834 feretro
2984 788 3238 851 tanquam
3254 793 3513 851 premor.

1935 878 2022 924 tua
2045 870 2368 936 decubaret,
2400 871 2579 926 subito
2603 886 2734 926 sana
2765 864 3012 943 prosiluit
3036 886 3070 929 θ
3100 872 3262 939 lecto,
3292 883 3350 929 et
3380 888 3510 944 pro-

1932 975 2186 1029 rumpens
2215 961 2268 1016 in
2295 962 2527 1017 medium
2559 962 2742 1020 laudes
2770 965 3089 1021 concinebat
3118 965 3368 1023 Domino.
3399 965 3510 1022 Nec

1924 1049 2039 1120 jam
2068 1068 2267 1108 curans
2292 1054 2501 1124 grabati
2531 1055 2799 1124 praesidia,
2830 1056 2884 1111 in
2926 1070 3057 1126 pace
3084 1055 3327 1123 dimissa,
3369 1056 3511 1112 viam

1930 1157 2038 1213 qua
2060 1142 2282 1199 advecta
2311 1143 2508 1210 fuerat,
2530 1145 2764 1217 propriis
2785 1147 3059 1218 gressibus
3082 1147 3398 1205 ambulabat
3427 1146 3515 1204 in-

1933 1237 2159 1306 trepida.
2358 1295 2361 1298 ,
3518 1230 3519 1235 ‘

2000 1325 2171 1382 Porro
2192 1328 2258 1383 de
2283 1328 2406 1383 villa
2429 1328 2693 1385 Bouchem
2734 1345 2799 1385 ex
2843 1344 2979 1401 pago
3003 1326 3339 1402 lolringabo,
3371 1348 3523 1402 quae-

1931 1416 2053 1470 dam
2086 1415 2285 1472 femina
2320 1418 2542 1473 Hiberin
2569 1417 2688 1490 [al.,
2716 1418 2953 1492 Siberin]
2978 1432 3187 1488 vocata,
3217 1438 3338 1478 cum
3363 1421 3516 1477 infir-

1931 1504 2119 1561 mitate
2158 1520 2383 1578 cogente
2406 1508 2658 1564 omnibus
2683 1517 2829 1566 esset
2857 1511 3119 1568 membris
3151 1513 3404 1579 invalida,
3437 1513 3510 1568 ita

1930 1603 1990 1649 ut
2019 1595 2153 1649 nihil
2193 1596 2245 1650 ei
2292 1596 2486 1652 virium
2519 1597 2573 1652 in
2624 1600 2847 1670 proprio
2894 1609 3041 1656 esset
3073 1616 3324 1673 corpore,
3368 1606 3515 1660 beati

1929 1684 2031 1740 viri
2058 1685 2267 1741 meritis
2317 1686 2517 1742 ibidem
2568 1689 2855 1744 sanitatem
2899 1689 3094 1762 adepta
3143 1701 3229 1748 est
3275 1693 3517 1765 integer-

1931 1790 2144 1833 rimam.

1855 1862 1902 1921 B
2000 1866 2208 1924 Rursus
2237 1869 2303 1925 de
2338 1868 2495 1925 Laris
2523 1884 2591 1925 ex
2628 1871 2751 1925 villa
2783 1870 3231 1944 Eggrikeshusun,
3265 1878 3512 1947 quaedam

1927 1958 2127 2015 femina
2175 1960 2244 2016 ab
2282 1960 2511 2016 infantia
2562 1961 2636 2016 ita
2676 1963 2961 2019 exstiterat
3010 1978 3224 2032 manca,
3275 1975 3335 2021 ut
3386 1967 3516 2023 nulli

1928 2066 2167 2122 unquam
2195 2053 2314 2107 usui
2363 2054 2540 2123 aptari
2571 2055 2740 2110 altera
2771 2057 2934 2111 fuerit
2972 2075 3184 2124 manus,
3230 2074 3351 2130 quae
3390 2074 3513 2116 cum

1928 2143 1984 2198 in
2014 2150 2204 2197 sancto
2245 2144 2422 2214 posita
2451 2144 2569 2200 loco
2609 2146 2869 2202 auxilium
2909 2148 3105 2203 divinae
3147 2149 3514 2206 miserationis

1927 2234 2093 2290 corde
2112 2236 2562 2306 posceretintimo
2579 2277 2598 2305 ,
2622 2237 2803 2294 subito
2826 2254 2955 2293 sana
2982 2237 3231 2295 manibus
3252 2240 3515 2312 plaudens

1928 2324 2195 2397 utrisque,
2226 2323 2606 2397 jubilationem
2636 2328 2749 2386 Deo
2787 2329 2841 2384 in
2878 2328 3011 2387 voce
3045 2331 3305 2388 reddebat
3341 2332 3516 2389 exsul-

1928 2419 2172 2476 tationis.

2000 2510 2109 2567 Sed
2133 2521 2190 2567 et
2214 2512 2282 2568 de
2309 2514 2621 2569 Liastmona
2652 2516 2898 2587 quaedam
2926 2516 3104 2571 fuerat
3125 2516 3321 2573 ancilla
3352 2532 3512 2575 vene-

1929 2603 2081 2659 randi
2110 2605 2329 2673 ,comitis
2376 2604 2702 2669 Hirimanni,
2746 2622 2909 2675 quam
2961 2607 3075 2678 ipse
3124 2608 3514 2678 causa’operis

1931 2695 2149 2750 textrini
2183 2695 2234 2750 in
2265 2697 2424 2752 domo
2461 2712 2559 2753 sua
2589 2696 2791 2754 Hethas
2827 2713 2951 2754 cum
2991 2697 3112 2755 aliis
3145 2698 3355 2756 ancillis
3393 2715 3514 2756 esse

1928 2798 2276 2857 praeceperat.
2319 2789 2448 2855 Qua:
2476 2804 2599 2844 cum
2630 2790 2827 2845 ibidem
2860 2791 3032 2860 posita
3062 2790 3335 2847 dominico
3367 2790 3511 2846 ines-

1929 2889 2012 2933 set
2036 2879 2280 2947 servitio,
2332 2882 2544 2937 occulto
2581 2882 2823 2952 quidem,
2862 2884 2956 2939 sed
2995 2892 3146 2939 recto
3174 2883 3270 2939 Dei
3305 2881 3512 2952 judicio

1929 2970 2064 3027 alias
2092 2986 2244 3037 sana,
2284 2972 2511 3043 loquelae
2542 2982 2749 3028 tantum
2779 2983 2863 3029 est
2907 2975 3197 3031 amissione
3234 2973 3511 3030 damnata.

1929 3062 2043 3128 Qua
2070 3078 2192 3117 cum
2224 3063 2426 3119 diutius
2466 3065 2710 3119 molestia
2758 3075 3115 3135 premeretur,
3166 3070 3265 3122 nec
3310 3066 3513 3137 aliquid

1930 3169 2154 3223 prorsus
2188 3154 2457 3224 loquendo
2491 3171 2749 3211 resonare
2802 3158 3036 3223 valeret,
3082 3159 3374 3228 praedictus
3414 3175 3512 3217 co-

1934 3257 2049 3297 mes
2078 3243 2425 3300 miseratione
2454 3245 2664 3300 Domini
2692 3254 3069 3315 compunctus,
3119 3246 3423 3304 libertatem
3460 3250 3510 3304 ei

1932 3350 2031 3403 pro
2051 3336 2246 3399 animm
2264 3352 2378 3391 sua:
2404 3338 2592 3392 tribuit
2628 3339 2904 3393 remedio:
2947 3339 3135 3409 sicque
3172 3341 3299 3397 inde
3327 3342 3515 3397 dimis-

1933 3442 2048 3482 sam
2090 3428 2156 3481 ad
2204 3428 2419 3499 propria
2467 3428 2641 3484 redire
2696 3430 2941 3499 permisit
2973 3431 3222 3488 liberam.
3273 3432 3512 3488 Deducta

1934 3516 2098 3587 igitur
2134 3528 2167 3573 a
2197 3517 2505 3583 comitibus,
2547 3518 2613 3572 ad
2637 3518 2885 3575 Bremam
2914 3522 3184 3591 pervenit,
3215 3523 3508 3594 statimque

1932 3606 2217 3661 ecclesiam
2239 3608 2388 3663 adire
2412 3609 2603 3663 devota
2630 3611 2711 3678 (ut
2738 3610 3000 3683 creditur)
3032 3612 3332 3671 intentione
3351 3630 3509 3669 cura-

1932 3696 2029 3752 vit.
2063 3697 2304 3768 Namque
2356 3715 2536 3755 rerum
2577 3700 2772 3756 effectu
2812 3702 3005 3757 claruit
3043 3703 3174 3774 quid
3214 3706 3329 3776 ipsa
3368 3706 3512 3762 ﬁdeli

1933 3798 2113 3844 mente
2164 3791 2494 3846 tractaverit.
2544 3790 2846 3864 Properans
2899 3795 3096 3867 quippe
3132 3798 3197 3850 ad
3243 3796 3389 3854 fores
3424 3814 3514 3854 ec-

1930 3876 2132 3945 clesiae,
2184 3880 2365 3934 statim
2408 3880 2835 3937 misericordiam
2884 3882 3095 3938 Domi'ni
3145 3884 3245 3942 sibi
3296 3887 3509 3943 obviam

1932 3970 2119 4025 sensit.
2150 3969 2285 4025 Nam
2316 3971 2370 4027 in
2411 3971 2527 4042 ipso
2563 3971 2785 4028 introitu
2812 3972 3071 4041 basilica},
3096 3991 3221 4031 cum
3268 3975 3513 4049 ingrede-

1930 4069 2081 4116 retur
2104 4058 2250 4117 fores
2282 4062 2427 4129 atrii,
2469 4062 2855 4134 impedimento
2885 4065 3079 4137 linguae
3111 4076 3331 4139 repente
3358 4084 3509 4125 reso-

1929 4150 2062 4218 luto,
2095 4151 2257 4208 altius
2282 4153 2585 4211 exclamare
2614 4169 2679 4209 ac
2712 4154 2898 4210 laudes
2938 4156 3051 4212 Deo
3092 4172 3290 4213 canere
3324 4160 3507 4231 coepit.

1929 4242 2092 4314 Cujus
2121 4263 2242 4303 cum
2288 4263 2505 4303 causam
2548 4262 2733 4302 coram
2760 4247 2920 4317 positi
2962 4248 3338 4318 requirerent,
3392 4268 3515 4321 qua:

1928 4343 2080 4406 gesta
2127 4334 2340 4390 fuerant
2382 4334 2540 4406 plane
2586 4352 2650 4403 ac
2703 4335 2933 4392 dilucide
2977 4334 3269 4393 enarravit.
3314 4336 3511 4410 Sicque

1928 4424 2044 4481 1)th
2067 4425 2236 4479 virtus
2253 4425 2484 4481 aliorum
2522 4425 2684 4480 etiam
2728 4424 3035 4483 testimonio
3075 4427 3127 4482 in
3169 4429 3366 4499 populo
3415 4432 3511 4486 de-

1931 4513 2155 4580 clarata,
2202 4513 2343 4569 beati
2382 4515 2481 4569 viri
2535 4514 2725 4570 merita
2766 4516 3058 4572 cumulavit
3103 4517 3323 4574 eximia.
3381 4520 3511 4587 Quzc

1852 4587 1904 4647 Β
1934 4602 2056 4658 inde
2088 4604 2153 4657 ad
2176 4608 2456 4673 paternam
2484 4619 2542 4659 se
2584 4603 2914 4662 transferens
2957 4607 3197 4675 domum,
3227 4620 3350 4666 cum
3395 4613 3508 4683 ipsa

1929 4693 2118 4749 hilaris
2142 4692 2245 4747 iret
2280 4709 2343 4747 ac
2373 4693 2523 4760 laeta,
2575 4696 2807 4751 sanitate
2844 4695 3003 4752 simul
3032 4708 3096 4753 ac
3134 4696 3381 4757 libertate
3410 4700 3503 4756 do—

1927 4794 2078 4850 nata,
2126 4794 2380 4855 parentes
2410 4802 2623 4857 quoque
2669 4803 2731 4842 ac
2773 4789 3103 4860 propinquos
3148 4808 3214 4848 ex
3254 4809 3351 4849 suo
3381 4791 3510 4850 fecit

1927 4876 2159 4931 adventu
2197 4892 2262 4933 ac
2283 4877 2646 4948 prosperitate
2679 4880 2933 4950 gaudere.

2528 5034 2755 5092 CAPUT
2792 5035 2903 5091 Vl].

2181 5168 2300 5222 Alia
2331 5177 2522 5237 septem
2553 5166 2614 5223 S.
2661 5165 2947 5221 Willeltadr'
2980 5168 3235 5224 miracula

2000 5325 2132 5380 Item
2161 5325 2228 5379 de
2259 5324 2464 5397 Bremis
2493 5321 2669 5393 puella
2695 5322 2937 5393 qtlaadam
2976 5324 3189 5378 nomine
3214 5323 3387 5393 Wige,
3412 5323 3504 5378 diu

1929 5430 2099 5486 muta,
2129 5429 2185 5475 et
2219 5420 2471 5475 omnibus
2492 5432 2705 5488 quoque
2735 5416 2989 5472 membris
3019 5426 3319 5482 contracta,
3346 5417 3419 5471 ita
3451 5427 3507 5473 ut

1931 5529 2041 5569 non
2069 5512 2248 5581 aliquo
2275 5510 2489 5566 nisi’ab
2516 5509 2636 5565 aliis
2680 5508 2857 5565 delata
2888 5523 3007 5563 sese
3056 5506 3346 5564 transferre
3378 5523 3505 5578 pos-

1932 5612 2044 5669 set,
2092 5604 2145 5658 in
2175 5603 2363 5657 eodem
2418 5600 2535 5656 loco
2582 5600 2789 5656 meritis
2817 5598 2958 5655 beati
3008 5599 3132 5663 viri,
3181 5607 3237 5652 et
3282 5597 3507 5668 icqueltc

1929 5711 2107 5757 usum,
2137 5704 2191 5749 et
2223 5674 2586 5748 membrorum
2615 5692 2855 5747 omnium
2890 5691 3092 5761 recepit
3119 5690 3374 5746 cilicium.

1999 5790 2130 5846 Post
2167 5788 2283 5844 haec
2312 5789 2474 5843 etiam
2527 5788 2593 5842 de
2617 5784 2879 5856 Uprt'ustri
2919 5784 3162 5855 (lunulam
3214 5785 3410 5839 femina
3440 5799 3507 5839 ex
