4020 6338
420 3192 519 3232 *ιε

544 370 677 426 1051

542 587 822 655 Tethileis,
846 588 1076 646 Domino
1091 587 1407 653 auxiliante,
1435 587 1635 644 ibidem
1659 598 1743 645 est
1768 597 1980 644 sanata.

611 705 689 760 De
711 702 1013 775 Wigmodis
1027 709 1232 767 autem,
1263 717 1331 757 ex
1354 700 1483 756 villa
1516 700 1896 766 Mcdemahem,
1924 698 2128 756 femina

540 797 808 871 quaedam,
832 796 924 853 Ida
947 794 1233 860 vocabulo,
1265 809 1461 851 novem
1504 794 1663 850 annis
1681 793 1981 849 caecitatem
2006 808 2128 863 pas-

541 906 635 959 sa,
657 888 855 947 ibidem
885 887 1100 944 Domini
1137 886 1313 958 gratia
1345 885 1625 941 ocuilorum
1655 885 1853 941 donata
1888 893 1976 942 est
1994 883 2129 940 luci-

540 986 650 1045 llua
672 986 938 1044 claritate.

610 1117 876 1175 Cancrum
903 1116 971 1171 de
995 1114 1200 1169 Riustri
1229 1129 1295 1169 ex
1324 1113 1453 1169 villa
1497 1112 1830 1183 Smalonﬂet,
1879 1109 2125 1181 quaedam

539 1206 763 1272 femina,
805 1206 1008 1262 Dissith
1038 1205 1342 1269 nominata,
1376 1219 1475 1274 per
1502 1202 1753 1258 undecim
1783 1215 1999 1256 menses
2018 1213 2127 1254 uno

538 1299 697 1356 oculo
717 1306 941 1363 caecata,
976 1296 1067 1352 ille
1095 1294 1408 1359 adveniens,
1445 1293 1592 1349 beati
1629 1292 1734 1346 viri
1762 1290 1972 1347 meritis
2005 1304 2125 1344 am-

537 1391 731 1449 borum
753 1405 812 1447 se
836 1390 1018 1463 gavisa
1040 1398 1126 1446 est
1154 1390 1378 1459 potitam
1400 1388 1622 1443 lumine.

610 1523 834 1579 Femina
859 1522 1104 1594 quaedam
1125 1536 1193 1577 ex
1214 1520 1342 1576 villa
1378 1520 1710 1589 Thadingen,
1745 1516 2012 1588 Egilmate
2032 1528 2126 1569 vo-

537 1626 660 1672 cata
705 1613 900 1679 fuerat,
942 1603 1065 1685 quae
1098 1614 1259 1684 longo
1305 1621 1549 1682 tempore
1597 1610 1786 1665 morbo
1828 1605 2125 1679 paralytico

535 1705 867 1762 horrendum
902 1705 958 1760 in
985 1707 1202 1761 modum
1242 1702 1458 1767 alllicta,
1509 1701 1726 1756 tandem
1768 1696 2123 1754 miseratione

534 1795 716 1851 divina
747 1795 815 1851 ad
840 1804 1085 1851 sanctum
1115 1795 1438 1866 perveniens
1473 1793 1675 1857 locum,
1705 1790 2011 1860 ibidemque
2041 1789 2122 1844 in-
2151 1832 2197 1893 Β

534 1894 742 1943 stanter
778 1888 947 1943 Deum
977 1887 1298 1956 deprecans,
1320 1883 1554 1956 paralysi
1575 1883 1828 1946 liberata,
1854 1880 2121 1949 reparatis

531 1976 740 2033 viribus
783 1976 895 2033 Deo
950 1976 1153 2049 gratias
1184 1976 1317 2047 egit,
1370 1984 1427 2032 et
1472 1989 1594 2031 cum
1651 1971 1849 2045 gaudio
1901 1973 2120 2027 domum

532 2069 694 2125 rediit
714 2083 766 2122 ι.

605 2202 869 2260 Similiter
900 2218 1115 2274 quoque
1139 2218 1207 2259 ex
1236 2202 1357 2258 loco
1383 2200 1638 2256 Citirothe
1674 2205 2005 2271 nuncupata,
2045 2197 2122 2252 fe.

529 2295 677 2352 mina
708 2296 951 2365 quaedam
970 2294 1190 2349 luminis
1213 2291 1387 2349 ofﬁcio
1417 2292 1507 2347 diu
1549 2291 1829 2357 destituta,
1854 2305 1975 2345 cum
2010 2288 2122 2359 pri-

532 2401 682 2441 mum
710 2386 777 2441 ad
800 2385 1048 2442 eumdem
1093 2385 1270 2441 locum
1322 2383 1591 2455 pervenit,
1649 2382 1835 2453 ibique
1884 2380 2120 2437 orationi

529 2477 729 2541 dedita,
754 2476 870 2533 solo
898 2484 1167 2548 prostrata
1189 2475 1453 2542 incubuit,
1484 2474 1663 2531 subito
1690 2473 1856 2530 divini
1879 2473 2120 2529 muneris

528 2566 671 2625 dono
699 2567 882 2624 lumen
914 2568 1120 2639 recepit
1158 2567 1438 2623 amissum.
1796 2566 1807 2579 ’

603 2703 828 2760 Rursus-
850 2702 918 2759 de
966 2702 1304 2770 Liastmona,
1336 2701 1556 2759 nomine
1596 2699 1888 2772 Rotgardis
1919 2698 2119 2755 femina

528 2798 777 2867 quaedam
817 2798 1029 2865 clauda,
1061 2815 1184 2854 cum
1217 2798 1327 2854 illic
1352 2798 1610 2855 auxilium
1650 2798 1797 2854 beati
1826 2796 1931 2853 viri
1977 2795 2120 2852 serio

529 2887 866 2958 imploraret,
899 2890 1081 2945 divina
1110 2891 1406 2946 miserante
1446 2890 1621 2962 gratia
1651 2897 1864 2953 sanata,
1885 2886 2120 2959 propriis

528 2977 806 3047 gressibus
836 2994 961 3034 cum
990 2994 1202 3034 summa
1260 2980 1429 3035 animi
1479 2980 1756 3050 voluptate
1808 2978 2122 3034 ambulabat

530 3064 797 3138 intrepida
821 3068 872 3121 ιι.
947 3137 951 3141 η

609 3236 636 3266 ι
665 3223 890 3284 Variant
914 3229 1045 3286 editi
1066 3231 1120 3286 in
1147 3232 1347 3288 verbis.

1806 360 2179 421 ANSCHARII
2215 359 2554 420 EPISTOLA

540 499 737 556 dextra
779 504 932 569 parte
960 511 991 551 a
1039 503 1288 568 tempore
1335 495 1639 551 nativitatis
1668 510 1884 561 manca,
1910 494 2130 551 nomine
2158 474 2209 535 Α

3717 361 3860 416 1052

2823 465 3053 533 ΟΔΡΠἸῙ
3092 464 3229 522 Vill.

2443 560 2723 620 Conclusio
2768 560 3154 616 miraculorum
3186 557 3249 615 S.
3299 556 3624 617 Willeltadi.

2300 675 2544 732 Fuerunt
2569 684 2832 746 praeterea
2855 670 3010 729 multi
3036 688 3203 731 causa
3229 677 3626 745 recuperanda:
3646 679 3857 737 saluta

2231 768 2300 825 ad
2342 769 2593 824 eumdem
2630 768 2809 824 locum
2846 775 3220 839 prOperantes,
3264 769 3477 825 meritis
3514 771 3855 832 beatissime

2236 860 2514 930 pontiﬁcis
2542 859 2596 914 in
2641 859 2728 914 via
2769 859 2970 927 sanati,
3020 875 3250 930 quorum
3284 860 3520 918 aliorum
3582 865 3851 921 relationi

2230 952 2464 1009 innotuit
2492 952 2721 1018 sanitas,
2745 951 2873 1023 quia
2894 966 3239 1023 nequaquam
3265 952 3389 1024 ipsi,
3417 954 3498 1010 uti
3524 969 3848 1027 ceperant,

2229 1043 2407 1100 locum
2437 1052 2685 1100 sanctum
2718 1052 2976 1115 expetere
3020 1054 3394 1102 curaverunt:
3428 1063 3631 1103 verum
3662 1053 3851 1123 magis

2231 1136 2465 1193 sanitate
2484 1136 2700 1202 donati,
2729 1150 2799 1191 ex
2841 1135 3038 1192 itinere
3085 1135 3376 1193 redeuntes
3398 1137 3469 1193 ad
3497 1140 3737 1211 propria
3763 1141 3845 1198 fe-

2228 1227 2356 1283 stini
2380 1244 2506 1283 cum
2542 1227 2742 1299 gaudio
2770 1237 2896 1283 sunt
2930 1228 3164 1294 reversi,
3197 1228 3485 1285 Dominum
3509 1239 3574 1287 et
3615 1232 3843 1290 beatum

2229 1317 2593 1374 Willehadum
2618 1315 2922 1387 magniﬁcis
2945 1316 3198 1373 laudibus
3222 1317 3615 1388 praedicantes.

2301 1409 2501 1465 Verum
2547 1424 2667 1474 nos,
2718 1423 2787 1463 ne
2834 1407 3099 1479 prolixior
3148 1411 3394 1466 narratio
3443 1428 3699 1470 onerosa
3749 1415 3846 1471 ﬁat

2228 1502 2550 1574 legentibus,
2576 1501 2694 1556 haec
2716 1507 2773 1555 et
2798 1499 2905 1556 alia
2935 1500 3106 1557 multa
3141 1502 3560 1569 intermisimus.
3606 1522 3739 1577 qua:
3766 1519 3846 1563 ta-

2227 1608 2352 1649 men
2384 1592 2743 1663 plurimorum
2782 1607 2881 1649 ore
2919 1593 3137 1665 vulgata
3174 1594 3229 1649 in
3278 1596 3496 1667 populis
3536 1598 3841 1655 habentur.

2226 1686 2434 1758 Corpus
2467 1694 2650 1740 autem
2681 1684 2854 1755 ipsius
2894 1685 3092 1751 sancti,
3128 1687 3274 1756 quod
3312 1684 3431 1753 jam
3462 1696 3601 1744 tunc
3648 1705 3680 1744 a
3724 1690 3840 1747 loco

2230 1777 2588 1848 requietionis
2612 1792 2724 1833 sua:
2752 1775 2807 1831 in
2836 1776 3064 1832 alteram
3100 1776 3429 1833 translatum
3467 1779 3660 1835 fuerat
3695 1781 3837 1838 basi-

2224 1870 2407 1937 licam,
2431 1885 2531 1926 nos
2559 1885 2682 1925 cum
2722 1869 2962 1924 maxima
3003 1868 3241 1925 fidelium
3286 1878 3467 1925 turma
3498 1887 3567 1927 ac
3595 1872 3735 1930 deri
3762 1875 3835 1929 in-

2222 1963 2573 2019 numerabilis
2621 1970 2889 2018 conventu
2935 1961 3137 2018 exinde
3200 1961 3480 2018 sublatum
3514 1962 3830 2035 feretroqm

2224 2056 2558 2128 impositum,
2587 2052 2763 2125 magis
2792 2053 3115 2124 populorum
3144 2054 3373 2109 vocibus
3398 2054 3456 2109 in
3482 2055 3710 2111 laudem
3742 2057 3830 2113 Dei

2223 2164 2289 2204 ac
2316 2148 2461 2203 beati
2482 2146 2587 2201 viri
2616 2145 3092 2216 concrepantibus,
3137 2144 3226 2201 die
3273 2144 3645 2216 depositionis
3690 2147 3829 2204 illius

2223 2240 2277 2296 in
2305 2254 2441 2295 nova
2467 2254 2630 2309 quam
2661 2246 2788 2292 tunc
2829 2236 3220 2302 dedicavimus,
3262 2237 3660 2295 collocavimus
3690 2241 3833 2296 basi-

2221 2331 2327 2387 lica
2355 2349 2367 2386 τ
2391 2329 2481 2385 ubi
2510 2328 2809 2387 honoriﬁce
2850 2329 3233 2399 compositum,
3269 2329 3568 2400 magniﬁce
3592 2342 3829 2400 postmo-

2223 2424 2350 2479 dum
2374 2430 2537 2493 atque
2564 2420 2865 2475 innumeris
2902 2420 3098 2475 claruit
3117 2420 3378 2475 virtutum
3405 2420 3657 2487 indiciis,
3691 2429 3745 2476 et
3765 2422 3829 2478 de

2221 2515 2310 2571 die
2351 2514 2408 2569 in
2436 2514 2580 2569 diem
2611 2511 2823 2567 meritis
2872 2511 3019 2566 beati
3044 2511 3149 2566 viri
3189 2510 3518 2582 multiplicia
3548 2513 3692 2568 inihi
3717 2529 3832 2568 cre-

2222 2616 2383 2664 scunt
2408 2605 2795 2661 miraculorum
2818 2603 2995 2674 signa.
3032 2604 3224 2675 Agitur
3252 2614 3438 2659 autem
3468 2604 3597 2660 dies
3622 2605 3831 2676 deposi-

2222 2697 2385 2753 tionis
2411 2694 2529 2766 ejus
2553 2695 2718 2751 simul
2741 2702 2796 2751 et
2819 2694 3192 2751 translationis
3215 2695 3467 2765 corporis
3492 2712 3547 2750 Vl
3571 2695 3707 2754 ldus
3730 2698 3830 2753 No.

2221 2791 2481 2856 vemhris,
2503 2791 2571 2845 ad
2594 2787 2808 2845 laudem
2843 2794 2900 2843 et
2919 2786 3142 2856 gloriam
3178 2787 3418 2843 nominis
3449 2788 3678 2845 Domini
3709 2788 3831 2845 Iesu

2222 2883 2444 2949 Christi,
2478 2882 2571 2952 qui
2600 2897 2725 2937 cum
2749 2879 2909 2935 Patre
2949 2888 3004 2934 et
3037 2878 3242 2950 Spiritu
3269 2890 3467 2936 sancto
3488 2898 3641 2937 unus
3664 2892 3722 2937 et
3742 2898 3831 2938 ve-

2224 2992 2316 3031 rus
2346 2976 2486 3030 Dens
2524 2974 2658 3029 vivit
2683 2981 2739 3029 et
2779 2971 3090 3028 dominatur
3114 2987 3214 3044 per
3249 2972 3587 3029 immortalia
3632 2974 3830 3030 saecula

2222 3067 2566 3125 saeculorum.
2592 3065 2788 3121 Amen.
3830 3076 3843 3091 ι

2143 3196 2190 3261 C
2296 3229 2322 3267 ιι
2362 3226 2461 3281 llic
2490 3221 2690 3279 desinit
2723 3220 2894 3276 codex
2928 3186 3293 3277 Corbeiensis.

541 3396 3793 3429 W

1617 3546 2165 3631 ANSCHABII
2222 3546 2757 3627 EPISTOLA.

598 3861 656 3917 In
693 3865 912 3922 nomine
953 3874 1154 3922 sanctae
1186 3875 1242 3922 et
1267 3865 1557 3922 individua:
1585 3866 1872 3925 Trinitatis
1907 3867 2116 3938 Ansga-

525 3954 663 4019 rius,
690 3957 862 4025 gratia
889 3955 985 4011 Dei
1017 3956 1482 4027 archiepiscopus,
1510 3958 1762 4012 omnibus
1788 3965 1988 4012 sanctae
2018 3955 2116 4009 Dei

528 4042 785 4099 Ecclesia
812 4043 1134 4114 praesulibus
1162 4045 1216 4099 in
1245 4055 1414 4116 regno
1439 4047 1703 4101 duntaxat
1733 4046 1992 4102 Ludovici
2032 4060 2117 4101 re-

526 4132 611 4204 gis
633 4133 1117 4189 commanentibus.
1910 4192 1911 4195 η
2108 4136 2111 4139 λ

474 4224 475 4229 ‘
598 4221 772 4280 Nosse
796 4239 895 4280 vos
918 4224 1096 4295 cupio,
1116 4224 1244 4296 quia
1263 4225 1318 4281 in
1341 4226 1449 4283 hoc
1468 4225 1648 4283 libello
1665 4227 2118 4299 continetnrqua-

523 4312 652 4370 liter
675 4315 789 4371 Ebo
818 4313 1145 4371 Rhemensis
1196 4316 1661 4389 archiepiscopus,
1696 4318 1878 4374 divino
1907 4317 2119 4374 amatus

525 4406 765 4478 Spiritu,
810 4409 1146 4479 temporibus
1191 4409 1396 4466 domini
1444 4408 1703 4466 Ludovici
1747 4409 2112 4480 imperatoris,

524 4515 650 4556 cum
678 4515 945 4556 consensu
975 4502 1145 4572 ipsius
1181 4517 1247 4558 ac
1279 4518 1421 4573 pene
1451 4503 1615 4559 totius
1647 4501 1797 4573 regni
1836 4501 1954 4573 ejus
1991 4517 2116 4573 syn-

520 4590 614 4647 odi
645 4599 1016 4663 congregatae,
1065 4593 1294 4648 Romam
1344 4594 1515 4659 adiit,
1552 4594 1734 4665 ibique
1760 4608 1793 4649 a
1818 4593 2113 4649 venerabili

2222 3865 2352 3921 huic
2401 3862 2657 3934 legationi
2705 3860 3066 3933 contigerunt.
3114 3860 3459 3932 Quapropter
3503 3865 3828 3935 suppliciter

2222 3958 2482 4027 deprecor
2508 3964 2570 4010 ut
2595 3955 2737 4026 apud
2774 3954 2946 4009 Deum
2986 3953 3357 4018 intercedatis,
3391 3965 3681 4024 quatenus
3720 3960 3825 4014 hac

2220 4049 2423 4120 legatio
2452 4061 2701 4103 crescere
2726 4054 2782 4102 et
2808 4044 3142 4101 fructiﬁcare
3178 4055 3456 4101 mereatur
3480 4048 3539 4102 in
3567 4049 3818 4105 Domino.

2218 4138 2337 4195 Jam
2375 4138 2519 4195 enim
2554 4137 2775 4194 Christo
2826 4137 3058 4207 propitio
3091 4145 3146 4193 et
3173 4139 3314 4209 apud
3352 4138 3546 4195 Danos
3588 4150 3650 4196 et
3683 4143 3819 4213 apud

2221 4229 2467 4287 Sneones
2489 4229 2694 4286 Christi
2730 4227 2956 4286 fundata
2988 4238 3071 4284 est
3109 4228 3348 4287 Ecclesia
3368 4271 3384 4295 ,
3415 4239 3476 4284 et
3507 4235 3817 4288 sacerdotes

2220 4320 2427 4392 absque
2446 4319 2811 4392 prohibitione
2831 4318 3050 4390 proprio
3071 4319 3368 4391 funguntur
3387 4318 3589 4376 cilicio.
3621 4322 3819 4378 Precor

2218 4414 2382 4470 etiam
2410 4424 2470 4468 ut
2497 4414 2598 4469 has
2622 4413 2837 4469 litteras
2866 4413 2920 4467 in
2946 4412 3274 4468 bibliotheca
3303 4424 3495 4469 vestra
3523 4416 3593 4470 ad
3633 4432 3821 4488 ρει-βε.

2219 4513 2365 4559 tuam
2389 4504 2710 4559 memoriam
2732 4503 2919 4573 reponi
2942 4502 3186 4569 faciatis;
3214 4511 3272 4557 et
3289 4512 3451 4573 prout
3474 4503 3635 4560 locus
3656 4507 3824 4561 dicta-

2218 4594 2388 4661 verit,
2428 4602 2538 4649 tam
2570 4608 2666 4648 vos
2690 4608 2854 4662 quam
2884 4606 3228 4648 successores
3254 4593 3453 4657 vestri,
3488 4593 3583 4647 ubi
3616 4594 3822 4649 utilita-

522 4698 664 4757 papa
701 4681 950 4741 Paschali
984 4683 1255 4755 publicam
1295 4685 1704 4758 evangelizandi
1746 4686 2018 4742 licentiam
2057 4684 2111 4740 in
2140 4695 2191 4754 υ
2219 4693 2325 4740 tem
2373 4683 2793 4756 perspexeritis,
2844 4693 3032 4737 notum
3076 4683 3329 4738 omnibus
3377 4683 3527 4738 istud
3577 4684 3821 4742 faciatis.

521 4775 770 4845 partibus
794 4775 1076 4847 Aquilonis
1104 4777 1314 4848 accepit
1341 4794 1357 4831 :
1383 4786 1435 4833 et
1460 4777 1696 4849 qualiter
1720 4788 1908 4849 postea
1933 4776 2112 4832 Ludo-

518 4865 677 4921 vicus
700 4866 994 4938 imperator
1022 4868 1125 4923 hoc
1149 4884 1285 4939 opus
1308 4868 1640 4936 sublimavit,
1668 4884 1834 4939 seque
1859 4870 1912 4923 in
1939 4868 2110 4924 omni?

522 4955 624 5015 hue
660 4956 869 5029 largum
903 4959 1134 5031 praebuit
1167 4969 1224 5016 et
1256 4959 1601 5028 benivolum;
1654 4969 1709 5016 et
1751 4968 1945 5017 caetera
1989 4975 2110 5030 quae

2218 4777 2577 4847 Omnipotens
2601 4776 2746 4833 Deus
2773 4775 2933 4831 faciat
2958 4791 3053 4830 vos
3075 4788 3265 4829 omnes
3306 4772 3467 4842 hujus
3505 4778 3700 4845 operis
3732 4780 3821 4848 pia

2216 4866 2591 4923 benevolentia
2616 4867 2930 4938 participes,
2960 4874 3017 4921 et
3056 4866 3109 4919 in
3148 4865 3360 4922 caelesti
3393 4865 3573 4937 gloria
3610 4868 3821 4927 Christi

2215 4958 2543 5014 cohaeredes.
