4184 6466
758 425 817 490 Il
1764 428 2233 487 (ECUMENIUS
2270 430 2557 489 TIthC-JE
2594 431 3020 492 EPISCOPUS.
3961 436 4023 498 12

761 543 851 595 sed
896 544 1055 597 etiam
1080 542 1287 611 fraudis
1323 542 1635 611 inuidia'que
1694 552 1925 598 uacaret.
1955 544 2031 596 Ac
2081 552 2286 596 tantum
2315 546 2522 613 quidem
2557 548 2702 600 abest
2756 558 2811 600 ut
2865 547 3034 601 ullam
3064 541 3193 601 sibi'
3226 549 3435 604 laudent
3488 566 3553 604 ea:
3613 553 3708 605 hoc
3768 567 4022 621 qua'siss'

758 633 1042 686 rideantur
1090 632 1384 701 quicunque
1420 628 1725 698 hujusmodi
1759 631 1935 683 studio
1966 630 2216 685 delectati
2246 642 2389 697 sunt,
2442 644 2497 688 ut
2534 637 2621 691 vix
2649 652 2829 690 eorum
2859 653 3023 690 unum
3058 648 3147 691 aut
3174 638 3397 693 alterum
3433 641 3691 705 invenias,
3722 640 4020 710 pra’sertim

756 720 897 791 apud
956 718 1187 781 Gra’cos,
1215 721 1304 788 qui
1341 718 1683 786 inscriptione
1716 717 1899 785 aliqua
1924 735 2079 771 suum
2107 736 2293 773 nomen
2327 720 2738 789 signiﬁcandum
2765 724 3050 790 putaverit.
3108 722 3300 794 Itaque
3354 726 3408 779 in
3460 726 3555 781 hoc
3607 742 3793 797 genere
3842 743 4022 780 omnes

752 810 1126 882 propemodum
1183 824 1362 862 sacros
1400 808 1563 861 libros
1601 810 1789 877 quique
1822 806 1890 861 ad
1935 806 2165 875 Novum,
2195 811 2385 879 quique
2413 808 2481 862 ad
2530 808 2684 864 Vetus
2716 809 3138 865 Instrumentum
3190 812 3470 881 pertinent,
3526 812 3706 868 Graece
3753 814 4009 868 habemus

752 896 1206 967 expositos,nullo
1254 895 1367 964 ejus
1393 896 1677 962 prarposito
1729 896 1938 947 nomine
1994 898 2087 964 qui
2162 896 2257 948 tali
2302 896 2483 951 labore
2518 898 2584 951 sit
2626 898 2861 965 functus,
2895 900 3107 953 tametsi
3138 902 3191 953 in
3220 901 3301 954 his
3343 901 3471 970 ipsis
3514 904 3605 971 qui
3636 904 3849 961 nuncin
3894 918 4013 955 ma-

752 990 903 1041 nibus
937 995 1080 1051 sunt,
1119 994 1169 1039 et
1202 1000 1333 1052 quos
1364 998 1501 1035 nunc
1528 983 1813 1051 impressas
1867 982 1997 1036 Tua:
2024 983 2321 1037 Sanctitati
2351 984 2610 1050 dicamus,
2639 982 2955 1039 Beatissime
2974 985 3158 1052 Pater,
3184 996 3451 1042 auctorem
3509 1004 3694 1052 unum,
3762 988 4018 1042 (Ecume-

751 1077 899 1130 nium
936 1072 1391 1142 deprehendimus,
1433 1081 1482 1123 et
1518 1072 1643 1125 item
1685 1072 1935 1135 alterum,
1965 1070 2239 1125 Aret/tam.
2301 1069 2457 1136 Quod
2505 1073 2678 1140 ipsum
2718 1088 2826 1139 qua
2857 1072 3160 1140 conjectura
3196 1072 3344 1127 ducti
3371 1075 3636 1143 afﬁrmare
3652 1076 3962 1128 ausisimus
3990 1115 4007 1135 .

749 1164 939 1218 melius
960 1159 1387 1231 commodiusque
1424 1160 1595 1215 altera
1639 1159 2129 1229 Graeceprteposita
2160 1159 2575 1231 pra'fatiuncula
2627 1160 2973 1213 indicandum
3004 1161 3299 1214 duximus:
3354 1170 3413 1214 ut
3464 1163 3512 1216 si
3559 1164 3648 1233 qui
3702 1163 4014 1216 litterarum

654 1258 658 1263 ’
750 1260 1057 1307 nostrarum
1104 1243 1279 1317 ignari
1305 1247 1373 1299 ad
1396 1246 1491 1299 hoc
1520 1263 1647 1311 opus
1687 1247 1959 1317 legendum
2006 1251 2346 1311 accesserint,
2378 1247 2604 1300 habeant
2640 1248 2744 1315 ipsi
2773 1264 2976 1317 quoque
3007 1251 3061 1301 in
3094 1250 3264 1317 primo
3306 1251 3544 1320 ingressu
3588 1253 3759 1319 operis
3807 1250 4013 1320 aliquid

750 1340 987 1400 luminis,
1020 1337 1380 1406 qualecunque
1416 1336 1467 1387 id
1501 1335 1591 1400 sit,
1625 1336 1765 1404 quod
1803 1346 2111 1403 sequantur.
2162 1335 2228 1389 Ut
2261 1352 2377 1389 vero
2394 1336 2527 1388 hanc
2558 1346 2763 1403 partem
2818 1337 3149 1404 potissimum
3197 1336 3466 1400 (libertus,
3518 1354 3584 1391 ex
3638 1350 3788 1392 tanta
3855 1340 4014 1405 copia

746 1426 1155 1494 imprimendam
1189 1424 1473 1487 curaverit,
1501 1440 1561 1477 ea
1590 1426 1797 1477 ratione
1834 1427 1887 1477 in
1916 1426 2101 1493 primis
2137 1424 2323 1476 ductus
2350 1431 2428 1477 est
2458 1439 2476 1475 :
2516 1424 2655 1491 quod
2718 1422 2815 1476 hoc
2839 1439 3004 1476 unum
3036 1423 3185 1477 nobis
3217 1423 3285 1475 ad
3328 1424 3444 1492 ejus
3507 1426 3677 1492 partis
3708 1425 4015 1477 diuinorum

748 1514 1005 1567 librorum
1046 1514 1253 1579 plenam
1302 1513 1792 1580 interpretationem
1822 1512 2336 1582 habendam,quam
2366 1510 2577 1564 Novum
2618 1510 3012 1564 Testamentum
3046 1522 3256 1575 uocant,
3307 1513 3483 1566 deesse
3534 1513 3798 1565 cernebat.
3867 1511 4011 1565 Nam

745 1602 897 1655 dirus
935 1601 1185 1662 Thomas,
1226 1615 1363 1653 unus
1412 1615 1475 1651 ea:
1511 1600 1653 1651 hisce
1675 1599 1984 1667 junioribus
2009 1601 2267 1669 theologis
2319 1598 2548 1653 maxime
2600 1598 2815 1651 celebris
2849 1607 3004 1667 atque
3030 1598 3281 1658 illustris,
3318 1600 3423 1653 sive
3463 1597 3674 1653 Gra'cos
3702 1600 4009 1662 a'mulatus,

745 1706 871 1758 quos
907 1690 1112 1742 ridebat
1143 1689 1309 1740 inhoc
1336 1698 1541 1739 tantum
1588 1689 1752 1740 studii
1788 1691 2047 1754 posuisse,
2083 1691 2188 1743 sive
2214 1705 2309 1742 suo
2341 1687 2570 1756 quodam
2640 1691 2830 1754 spiritu
2878 1686 3088 1749 ductus,
3134 1704 3195 1741 ne
3214 1690 3309 1740 hoc
3359 1689 3570 1757 quidem
3626 1690 3821 1742 laboris
3846 1706 4011 1758 genus

746 1780 1074 1845 inexpertum
1104 1781 1422 1829 intactumre
1476 1776 1691 1842 reliquit
1723 1792 1739 1828 :
1775 1780 1867 1830 sed
1914 1778 1966 1829 in
2028 1793 2192 1829 unum
2223 1777 2435 1829 collatis
2466 1776 2713 1845 plurimis
2736 1792 2799 1828 ea:
2826 1776 2937 1829 illis
2971 1778 3168 1830 sanctis
3218 1778 3344 1829 viris
3377 1778 3465 1843 qui
3524 1778 3671 1830 nobis
3723 1777 3787 1829 ab
3853 1778 4012 1829 initio

745 1870 952 1921 tlirinas
993 1869 1198 1921 litteras
1244 1878 1617 1934 exposuerunt.
1661 1883 1751 1919 nec
1779 1866 1933 1919 modo
1965 1870 2181 1919 nostris.
2240 1882 2419 1919 verum
2459 1867 2617 1919 etiam
2656 1862 2874 1925 Gra'cis,
2911 1879 3040 1932 quos
3064 1866 3118 1916 in
3170 1863 3427 1916 Latinum
3451 1880 3724 1918 conversos
3757 1863 4011 1921 habebat.

744 1959 798 2009 in
855 1966 1085 2022 quatuor
1110 1954 1399 2024 Evangelia
1436 1970 1563 2021 opus
1597 1954 1892 2006 elaboravit
1930 1970 1947 2017 ;
1975 1955 2114 2023 quod
2150 1956 2309 2007 etiam
2341 1962 2533 2020 pra'ter
2580 1968 2774 2004 morem
2812 1951 3118 2004 (ira'corum
3145 1968 3238 2003 suo
3265 1953 3475 2005 nomine
3492 1967 3587 2018 pra
3604 1953 3773 2017 posito
3799 1950 3865 2001 ad
3892 1952 4011 2018 ejus

747 2048 888 2097 modi
940 2045 1171 2097 laborem
1214 2043 1621 2105 illustrandum,
1659 2044 1918 2095 Catenam
1966 2044 2202 2096 Auream
2239 2040 2743 2109 appellavit;hujus
2778 2054 2896 2091 vero
2919 2041 3109 2107 partis,
3154 2055 3271 2108 qua:
3295 2049 3588 2107 supererat,
3644 2040 3882 2092 membra
3916 2048 4011 2089 aut

745 2149 848 2185 non
872 2133 1074 2201 attigit,
1111 2139 1202 2182 aut
1261 2131 1372 2182 suis
1423 2129 1652 2197 propriis
1689 2130 2228 2182 commentationibus
2263 2130 2525 2198 exposuit.
2560 2126 2750 2197 Itaque
2780 2126 3052 2191 (libertus.
3105 2144 3167 2180 ne
3203 2128 3404 2181 diutius
3451 2126 3679 2181 studiosi
3728 2143 4013 2180 sacrarunt

747 2224 1047 2275 litterarum
1082 2219 1274 2272 similis
1320 2217 1523 2271 laboris
1578 2217 1825 2269 etiamin
1883 2216 2020 2270 hanc
2073 2224 2276 2285 partem
2333 2217 2593 2271 desiderio
2647 2223 2966 2276 tenerentur,
3020 2215 3156 2267 hanc
3211 2214 3442 2283 primam
3510 2215 3745 2267 onmium
3796 2214 4013 2282 aggredi

742 2311 930 2362 statuit
965 2325 982 2361 :
1012 2326 1069 2361 eo
1116 2308 1285 2375 magis
1316 2304 1453 2373 quod
1512 2317 1705 2370 prwter
1748 2304 1856 2357 divi
1891 2305 2056 2358 Pauli
2121 2304 2390 2373 Epistolas
2425 2344 2439 2369 ,
2494 2304 2698 2372 reliqua
2751 2318 2868 2372 quin
2931 2303 3013 2355 hic
3064 2303 3322 2356 habentur
3372 2304 3631 2371 exposita,
3676 2318 3781 2355 non
3833 2302 4012 2354 solun;

738 2398 995 2466 PJtIsmOdi
1024 2395 1278 2447 Catenam
1333 2392 1534 2444 nullam
1573 2391 1831 2445 habebant
1852 2392 1991 2460 apud
2043 2408 2161 2455 nos,
2196 2410 2298 2461 qua
2334 2393 2526 2459 percipi
2564 2407 2745 2445 eorum
2798 2407 2953 2444 sensa
2983 2390 3247 2459 tenerique
3316 2400 3548 2459 possent,
3600 2391 3689 2443 sed
3744 2407 3806 2443 ne
3837 2404 4007 2455 espo-

738 2490 954 2537 sitioues
1008 2483 1215 2553 quidem
1247 2482 1460 2533 omnino
1498 2480 1728 2548 alicujus
1761 2481 1964 2549 generis
2017 2479 2177 2533 ullas.
2217 2478 2447 2534 Multum
2480 2482 2642 2533 etiam
2692 2480 2745 2532 in
2775 2478 2871 2531 hoc
2903 2480 3072 2531 valuit
3101 2477 3329 2533 Joannis
3385 2478 3632 2532 Lascaris
3671 2478 4011 2531 commenda-

742 2592 811 2625 ιιυ
863 2591 877 2623 .·
922 2574 1009 2639 qui
1039 2571 1117 2623 vir
1154 2586 1215 2622 ea
1241 2569 1481 2620 doctrina
1514 2578 1562 2619 et
1597 2568 1843 2622 claritate
1872 2568 1951 2620 his
1984 2570 2304 2636 temporibus
2353 2579 2638 2637 prmstatts,
2676 2584 2835 2636 quant
2894 2583 3070 2620 omnes
3106 2576 3321 2628 norunt,
3380 2566 3593 2622 Ciberto
3662 2576 3847 2618 auctor
3892 2576 4011 2617 erat

738 2674 791 2713 ut
834 2663 943 2713 hwc
977 2658 1315 2726 potissimum
1344 2671 1468 2721 pars
1507 2656 1771 2709 ederetur.
1804 2654 1949 2708 Nam
1984 2656 2080 2709 hoc
2102 2672 2305 2725 quoque
2337 2658 2390 2709 in
2414 2658 2602 2724 primis
2638 2656 2775 2710 scire
2804 2665 3028 2724 oportet,
3065 2670 3182 2708 eum
3218 2654 3580 2723 hujuscemodi
3611 2656 4001 2721 expositionum

738 2751 939 2803 Catena
992 2762 1055 2800 ea:
1092 2748 1188 2797 hac
1222 2753 1372 2811 parte
1408 2759 1567 2811 quam
1601 2759 1737 2795 nunc
1768 2744 1980 2809 damus,
2017 2759 2079 2796 ea
2105 2747 2313 2797 ratione
2338 2744 2665 2811 interpositis
2693 2741 2994 2795 nominibus
3067 2757 3227 2810 quam
3268 2739 3455 2793 Latine
3514 2751 3753 2794 secutum
3824 2740 4009 2790 dirum

744 2837 997 2890 Thomam
1029 2833 1287 2895 ridemus,
1323 2832 1375 2883 in
1402 2830 1545 2883 solas
1575 2830 1681 2883 divi
1707 2830 1868 2883 Pauli
1902 2831 2176 2899 Epistolas
2220 2831 2359 2897 apud
2418 2832 2627 2887 Gra'cos
2678 2830 3154 2897 circumferretur:
3188 2828 3459 2883 (libertum
3500 2837 3677 2880 tamen
3715 2829 3862 2879 illius
3899 2828 4007 2878 riri

737 2926 986 2992 beneﬁcio
1040 2934 1086 2974 et
1147 2936 1359 2973 munere
1418 2920 1689 2985 exemplar
1738 2929 1950 2971 nactum
1977 2920 2113 2972 miro
2147 2919 2358 2972 librarii
2385 2920 2615 2987 arti/icio
2636 2928 2948 2985 sumptaque
2976 2917 3299 2983 descriptunt
3340 2916 3678 2983 apprinteque
3702 2925 3998 2968 rctustum:

734 3017 787 3067 in
842 3030 940 3080 quo
999 3009 1159 3063 Pauli
1219 3008 1428 3079 quidem
1462 3006 1715 3073 Epistolar
1766 3006 2027 3074 ejusmodi
2057 3010 2271 3060 nomina
2302 3024 2405 3059 non
2450 3008 2777 3072 interposita,
2810 3015 2863 3057 ut
2899 3006 2953 3057 in
3015 3003 3157 3063 aliis,
3202 3004 3292 3055 sed
3352 3004 3404 3054 in
3459 3004 3695 3070 margine
3758 3006 3915 3063 ascri,
3944 3014 4002 3053 lu

737 3104 964 3154 habent.
1013 3101 1121 3166 ipse
1170 3114 1286 3150 vero
1323 3097 1706 3163 expositionum
1753 3105 2026 3149 contextus
2080 3112 2184 3148 non
2227 3112 2375 3148 secus
2447 3094 2792 3147 continuatur
2856 3108 2916 3143 ac
2965 3094 3008 3143 si
3038 3092 3225 3143 unicus
3259 3100 3390 3144 esset
3446 3094 3672 3156 scriptor
3710 3092 3799 3158 qui
3846 3108 4002 3141 suam

732 3188 1016 3257 quamdam
1078 3203 1265 3238 novam
1318 3186 1809 3237 conmientationem
1864 3183 1916 3234 in
1946 3183 2083 3234 illud
2134 3198 2262 3250 opus
2313 3183 2546 3249 afferret.
2607 3182 2834 3249 Denique
2900 3180 3032 3231 Acta
3085 3178 3378 3243 apostolica
3430 3190 3479 3231 et
3531 3176 3826 3231 Catholica:
3879 3195 4002 3247 quia

730 3281 979 3329 dicuntur
1044 3274 1313 3341 Epistolat,
1380 3284 1533 3341 atque
1592 3274 1715 3325 item
1771 3272 2112 3337 Apocalypsis
2162 3271 2293 3323 nihil
2320 3272 2507 3323 talium
2558 3271 2825 3321 nominum
2858 3282 3020 3337 neque
3079 3268 3372 3333 ascriptum
3440 3282 3658 3332 prorsus
3708 3282 3868 3333 inque
3919 3269 4005 3316 in-

734 3365 1042 3431 terpositum
1072 3362 1279 3413 habent.
1329 3358 1407 3412 Ex
1440 3361 1534 3411 hoc
1567 3370 1739 3412 autem
1765 3358 2079 3425 exemplari,
2114 3359 2327 3411 collatis
2349 3369 2524 3412 tamen
2557 3359 2681 3410 aliis
2700 3372 2901 3425 quoque
2952 3356 3224 3407 nonnullis
3284 3355 3507 3407 alterius
3551 3354 3699 3406 illius
3764 3356 4004 3423 generis,

733 3471 814 3519 qui
837 3454 868 3500 rt
907 3454 1166 3511 diximus,
1193 3451 1300 3502 ha'c
1327 3460 1434 3500 tam
1462 3448 1630 3499 multa
1660 3463 1774 3514 qua?
1808 3462 1947 3498 nunc
1982 3454 2175 3497 esu-unt
2208 3447 2259 3497 in
2287 3446 2475 3509 lucem,
2530 3461 2780 3512 expressa
2810 3455 2952 3494 sunt.

1864 3650 1879 3657 ο
1934 3642 3516 3661 mm

2313 3642 3965 3665 mm

1539 3647 1857 3661 #-

822 3656 976 3666 ν-οο--δ
1056 3654 1071 3667 L
1132 3649 1526 3667 *‘Lm'.

1561 3837 1928 3879 ILLIISTRISS.
1976 3836 2247 3880 PRINCIPI
2304 3834 2379 3876 AC
2421 3832 2875 3874 REVERENDISS.
2918 3833 3159 3875 DOMIN‘O

1249 3998 1308 4036 Ι).
1352 3993 1625 4036 GEORGIO
1669 3994 1739 4034 AB
1778 3992 2064 4046 AUSTRIA,
2109 3991 2408 4037 EPISCOPO
2440 3992 2796 4049 LEODIENSI,
2843 3995 2986 4037 Dl'Ll
3052 3996 3469 4051 BULLONENSI,

1609 4136 1789 4173 COMITI
1818 4134 2064 4173 LUSSENSI
2090 4136 2148 4173 AC
2171 4135 2457 4176 MARCIIIONI
2492 4137 2940 4190 FRANCIIIONTANO,
2973 4140 3095 4178 ETC.

1105 4273 1383 4317 JUANNES
1464 4272 1825 4315 HENTENIUS
1887 4274 2371 4317 MECHLINIENSIS
2426 4276 2767 4320 MONACHUS
2819 4278 3364 4334 HIERONYMIANUS,
3433 4281 3485 4324 S.
3540 4282 3599 4323 Π.

2305 4455 2372 4465 -ς-

2023 4598 2701 4691 PR/EFATIO.

797 4793 950 4845 Ilaud
1014 4788 1214 4858 injuria
1245 4787 1398 4842 Plato
1430 4788 1569 4843 libro
1597 4788 1672 4842 De
1710 4789 1889 4857 repub.
1934 4804 1963 4843 a
1996 4796 2364 4845 sacrosancta:
2386 4791 2744 4864 philosophia
2771 4794 2961 4851 limine
3008 4797 3225 4867 ablegat
3257 4810 3358 4851 ceu
3395 4797 3659 4866 profanos
3687 4804 3984 4869 quosdam,

726 4893 887 4951 atque
921 4879 1126 4933 adeam
1158 4879 1549 4946 capessendam
1577 4876 1802 4931 minime
1821 4876 2071 4941 idoneos,
2095 4878 2338 4946 princeps
2396 4878 2782 4944 ittustrissime,
2839 4882 2930 4951 qui
2960 4895 3192 4953 angusto
3224 4892 3353 4938 sunt
3388 4886 3578 4940 animo
3612 4902 3676 4942 ac
3734 4890 3983 4945 sordido.

725 4983 1020 5036 rerumque
1046 4966 1337 5018 humilium
1388 4963 1787 5033 cupiditatibus
1817 4968 2153 5033 mancipato.
2194 4963 2350 5019 Haud
2403 4964 2547 5017 enim
2581 4980 2859 5035 quaquam
2892 4967 3007 5023 ﬁeri
3033 4984 3197 5039 posse
3232 4970 3537 5026 arbitratus
3566 4983 3669 5037 est,
3698 4984 3757 5027 ut
3809 4990 3977 5043 quem

724 5059 970 5112 animum
1008 5053 1227 5109 sordida
1263 5052 1353 5105 illa
1392 5068 1526 5107 cura
1555 5068 1737 5107 rerum
1772 5054 2058 5107 humilium
2090 5054 2396 5122 occuparit,
2419 5070 2485 5108 eo
2517 5057 2636 5126 ipso
2667 5055 2981 5111 divinarum
3008 5059 3488 5129 humanarumque
3536 5076 3720 5117 rerum
3748 5066 3985 5119 scientia

723 5142 1305 5213 comprehenderetur.
1331 5136 1442 5193 Nec
1470 5139 1523 5193 id
1576 5139 1870 5195 immerito.
1946 5142 2195 5207 Quonam
2228 5143 2374 5195 enim
2404 5142 2565 5196 modo
2604 5144 2824 5200 animus
2885 5144 3165 5212 humanis,
3217 5147 3327 5201 imo
3361 5158 3416 5202 et
3478 5149 3787 5205 brutalibus
3848 5155 3984 5206 θιγε-

724 5232 1003 5289 ctionibus
1029 5229 1267 5291 deditus,
1297 5226 1528 5297 poterit,
1562 5236 1787 5296 repente
1829 5227 1953 5281 hinc
1990 5228 2236 5294 avulsus,
2260 5228 2376 5283 subi

2330 5228 2441 5285 bito
2467 5230 2532 5284 ad
2570 5246 2626 5285 ea
2658 5246 2779 5301 qua:
2800 5232 2923 5303 plus
2950 5248 3112 5303 quam
3162 5235 3242 5297 δὶς
3274 5234 3361 5288 διὰ
3389 5236 3578 5289 πασῶν
3610 5238 3807 5292 dissita
3828 5253 3982 5299 sunt.

724 5328 896 5372 totum
933 5333 990 5372 se
1014 5314 1719 5382 translerre?Quapropter
1749 5323 1898 5368 recte
1929 5330 2153 5385 quoque
2179 5316 2254 5368 ait
2287 5316 2430 5370 idem
2472 5318 2524 5369 in
2560 5317 2850 5383 Phcedone,
2916 5335 3013 5390 par
3044 5322 3273 5377 omnino
3321 5339 3465 5388 esse,
3502 5334 3559 5379 ut
3610 5327 3704 5395 qui
3754 5325 3822 5379 ad
3896 5343 3980 5381 sa-

723 5406 940 5477 pientia:
967 5402 1209 5457 studium
1247 5416 1306 5456 se
1338 5402 1647 5462 conferunt,
1693 5402 1845 5470 prius
1886 5403 2105 5471 quidem
2137 5404 2496 5467 emoriantur,
2533 5407 2882 5475 animumque
2933 5408 3112 5476 ipsum
3152 5410 3220 5464 ab
3290 5413 3437 5465 omni
3499 5413 3751 5482 corporis
3810 5431 3987 5467 senm

723 5492 1172 5561 cogitationeque
1218 5498 1490 5550 avertant,
1561 5500 1612 5542 et
1638 5490 1796 5558 quasi
1822 5490 1875 5542 in
1918 5505 2079 5543 suum
2136 5490 2226 5559 jus
2260 5504 2527 5561 suamque
2558 5494 2863 5548 libertatem
2900 5496 3201 5551 vindicent.
3236 5498 3449 5569 Alioqui
3502 5502 3648 5554 enim
3706 5504 3985 5570 quemad-

721 5582 943 5635 modum
977 5578 1138 5632 habet
1168 5575 1357 5646 Lysias
1391 5576 1783 5646 Pythagoricus
1816 5579 1869 5631 in
1896 5579 2126 5647 epistola
2155 5580 2220 5633 ad
2254 5579 2709 5650 Hipparchum,is
2725 5582 2815 5650 qui
2848 5586 3123 5653 corruptis
3160 5586 3547 5655 obscaenisque
3581 5590 3830 5643 moribus
3858 5607 3987 5658 spe—

724 5668 1035 5723 culationes
1075 5663 1143 5719 ad
1171 5664 1384 5717 divinos
1409 5680 1694 5719 sermones
1728 5666 2020 5728 immiscet,
2051 5683 2158 5721 non
2190 5683 2352 5723 secus
2384 5669 2497 5738 agit
2526 5684 2687 5738 quam
2725 5670 2769 5722 si
2840 5685 3067 5726 caenoso
3102 5682 3267 5743 puteo
3309 5674 3738 5743 liquidiSsimaztl
3780 5680 3985 5731 inlun-

720 5755 814 5809 dat
840 5768 1059 5822 aquam,
1092 5767 1215 5821 qua:
1253 5760 1306 5806 et
1336 5764 1555 5805 caenum
1581 5754 1894 5815 conturbet,
1947 5763 2003 5806 et
2037 5769 2193 5807 suam
2232 5756 2404 5822 ipsius
2437 5758 2773 5811 contaminet
2802 5760 3118 5826 puritatem.
3157 5761 3311 5825 Quod
3336 5763 3379 5816 si
3409 5772 3617 5815 tantum
3648 5767 3983 5817 ιιιιιιιιίιιίιικι

721 5846 791 5902 ab
815 5858 879 5902 co
912 5842 1199 5915 exigebant
1250 5841 1343 5911 qui
1375 5841 1441 5895 ad
1500 5842 1795 5896 humanam
1857 5843 2123 5898 duntaxat
2159 5859 2220 5897 ac
2267 5846 2568 5900 naturalem
2631 5844 2844 5900 accedit
2912 5846 3356 5918 philosophiam,
3420 5860 3646 5920 quanta,
3713 5851 3985 5919 obsecro,
