4184 6466
186 442 237 507 13
1486 437 1833 499 PROLEGO

1752 438 2069 502 ΞΟΜΕΝΑ.
3339 441 3404 505 ιι

183 555 461 626 requirelur
488 553 557 607 ab
577 567 642 608 eo
671 552 763 624 qui
827 552 1276 621 supramundana
1311 565 1375 606 ac
1402 551 1586 637 divina
1636 552 1870 607 scrutari
1927 551 2245 608 desiderat?
2298 550 2578 622 Siquidem
2626 552 2902 608 mundana
2935 564 3244 626 quaerentes
3309 563 3408 614 toti

182 647 250 700 his
278 642 621 704 involvimur,
661 654 764 705 nec
792 642 850 695 in
884 639 1207 694 malevolam
1238 639 1479 693 animam
1513 640 1818 709 ingreditur
1847 656 2086 711 unquam
2130 642 2542 711 sapientia,nec
2584 641 2795 697 habitat
2837 642 2890 696 in
2924 657 3157 712 corpore
3186 646 3411 704 subdito

183 726 390 799 peccatis
410 726 453 779 '.
504 724 749 793 Spiritus
780 722 927 778 enim
968 732 1196 778 sanctus
1227 722 1535 791 disciplina:
1558 723 1746 792 effugit
1787 726 1997 792 fictum,
2028 736 2082 781 et
2134 728 2318 782 aufert
2344 744 2404 783 se
2432 743 2461 781 a
2492 727 2919 798 cogitationibus
2953 746 3073 800 quae
3130 740 3260 787 sunt
3290 734 3412 789 sine

180 813 441 874 intellectu,
473 819 581 865 cta
616 809 1039 880 superveniente
1100 809 1399 879 iniquitate
1455 811 1776 881 corripitur,
1812 813 1958 882 quod
2003 830 2261 885 expresse
2313 816 2448 869 satis
2510 814 2916 886 intelligendum
2961 818 3108 873 dedit
3153 820 3413 875 Christus

183 901 374 962 Judaeis,
405 914 533 952 cum
565 899 642 951 ait
678 897 997 963 :Quomodo
1027 912 1118 949 vos
1166 899 1386 964 potestis
1430 898 1663 960 credere.
1696 901 1786 968 qui
1816 901 2045 972 gloriam
2101 918 2134 954 a
2195 902 2338 955 vobis
2398 914 2581 956 mutuo
2632 904 2876 971 accipitis
2908 907 2957 956 ³.
3025 903 3198 962 Porro
3256 919 3412 963 tanto

186 988 406 1056 niajorin
441 987 601 1040 vobis
633 986 886 1040 doctrina
923 986 1162 1038 humana
1222 985 1546 1053 requiritur,
1579 996 1789 1055 quanto
1831 989 2050 1058 longius
2105 989 2175 1042 ab
2238 988 2342 1042 hac
2403 990 2673 1047 munditie
2723 1006 3064 1062 separamur,
3123 997 3412 1066 sanctique

181 1076 303 1128 illius
352 1072 591 1143 Spiritus
620 1073 829 1125 auxilio
879 1071 1263 1137 destituirnur,
1298 1073 1392 1141 qui
1424 1073 1600 1127 sacris
1629 1074 1757 1126 olim
1806 1077 2073 1146 apostolis
2114 1091 2177 1131 ac
2238 1077 2527 1145 proiilietis
2595 1087 2861 1147 tanquam
2916 1080 3111 1137 electis
3167 1083 3286 1139 suis
3320 1099 3410 1140 or-

179 1162 305 1230 ganis
362 1161 635 1214 indivulse
690 1173 910 1229 semper
941 1158 1154 1223 aderat,
1180 1173 1483 1227 eorumque
1528 1160 1767 1231 linguam
1797 1174 1860 1213 ac
1887 1162 2155 1215 calamum
2183 1162 2248 1215 ad
2274 1162 2455 1217 omnia
2485 1163 2777 1233 dirigebat,
2824 1164 2979 1233 juxta
3033 1165 3167 1223 illud
3206 1166 3412 1225 Christi

180 1250 471 1319 promiSsum
514 1268 527 1301 :
567 1247 806 1311 Spiritus
832 1248 1072 1300 veritatis
1102 1250 1251 1299 ducet
1277 1262 1364 1300 vos
1388 1249 1448 1300 in
1480 1264 1684 1301 omnem
1712 1250 2006 1301 veritatem.

239 1335 346 1390 Haec
374 1336 585 1390 idcirco
618 1335 876 1399 dixerim,
924 1334 1072 1405 quod
1122 1344 1250 1388 ante
1280 1335 1491 1406 aliquot
1525 1350 1700 1390 annos
1736 1335 1929 1390 videns
1948 1337 2390 1407 communicatos
2427 1352 2548 1393 esse
2572 1337 2784 1394 nobisa
2837 1336 3046 1396 Grecis
3070 1356 3260 1398 sacros
3313 1344 3414 1400 hos

179 1440 229 1478 ac
248 1424 569 1479 utilissimos
599 1423 1066 1486 commentarios,
1116 1422 1417 1493 plurimum
1454 1422 1768 1477 demirabar
1802 1425 2079 1478 neminem
2106 1425 2251 1479 inter
2284 1434 2365 1478 tot
2416 1425 2660 1481 virorum
2713 1428 3164 1484 doctissimorum
3192 1434 3413 1502 agmina

184 1512 307 1565 hanc
340 1512 445 1566 sibi
484 1510 826 1581 provinciam
875 1511 1183 1579 suscipere,
1214 1518 1273 1564 ut
1298 1510 1383 1564 vel
1414 1513 1729 1565 communis
1765 1509 2113 1579 potissimum
2145 1510 2398 1567 utilitatis
2430 1512 2656 1577 intuitu,
2682 1514 2769 1567 vel
2801 1516 3075 1572 mercedis
3109 1532 3135 1570 a
3181 1518 3414 1575 Domino

176 1598 525 1667 exspectandae
557 1598 756 1667 gratia,
806 1606 903 1651 aut
931 1598 978 1651 si
1010 1610 1120 1651 non
1152 1596 1225 1651 ob
1257 1595 1431 1657 aliud,
1472 1604 1623 1650 certe
1661 1608 1744 1661 vel
1802 1599 1886 1650 sui
1920 1598 2159 1651 nominis
2194 1599 2337 1667 apud
2370 1600 2634 1657 mortales
2687 1602 3065 1658 celebritatem
3135 1620 3413 1675 quarens,

177 1701 274 1753 qua:
316 1690 364 1739 in
402 1686 507 1738 hoc
539 1683 823 1738 videbatur
852 1699 977 1740 esse
1006 1685 1266 1748 maxima,
1294 1683 1519 1738 Latinos
1554 1682 1714 1737 nobis
1745 1683 1895 1753 ipsos
1923 1684 2192 1739 redderet.
2221 1683 2419 1739 Verum
2446 1687 2663 1741 tandem
2698 1688 2767 1773 ad
2796 1704 2881 1744 me
2908 1689 3148 1773 rediens,
3191 1694 3272 1748 rei
3307 1694 3414 1755 dif:

180 1774 435 1825 Iicultatcm
472 1772 528 1824 in
560 1786 729 1825 causa
754 1785 879 1825 esse
910 1770 1172 1839 cognovi,
1207 1786 1331 1840 quae
1380 1770 1626 1835 singulos
1650 1770 1687 1820 'a
1724 1769 2104 1825 laudatissimo
2127 1786 2291 1841 opere
2321 1774 2627 1827 retraheret
2660 1793 2673 1828 :
2710 1766 2799 1829 cui
2846 1785 2943 1830 aut
2969 1766 3058 1853 .se
3106 1794 3263 1849 pares
3288 1796 3414 1837 esse

178 1863 471 1927 dimdl‘l'elll,
531 1873 624 1917 aut
680 1863 899 1917 labores
949 1861 1072 1932 plus
1118 1877 1283 1931 quam
1321 1862 1621 1916 Herculeos
1682 1860 1995 1929 fugitantes,
2057 1877 2189 1918 suos
2234 1880 2543 1933 supponere
2594 1868 2854 1923 humeros
2906 1857 3246 1937 recusarent,
3296 1875 3413 1945 pla—

176 1953 321 2003 cidam
356 1953 596 2020 quietem
656 1965 720 2004 ac
769 1952 943 2004 otium
973 1950 1194 2018 negotio
1247 1950 1394 2003 ultro
1425 1958 1681 2016 suscepto
1712 1958 2114 2018 praeponentes.
2182 1950 2295 2020 Ego
2330 1966 2819 2024 vero,quanquam
2868 1971 2954 2011 me
3002 1956 3087 2012 his
3139 1960 3299 2031 longe
3329 1964 3413 2016 in.

176 2039 394 2095 feriorem
430 2055 555 2095 esse
607 2040 1011 2108 perspicerem,
1045 2038 1389 2107 ingenioque
1414 2052 1477 2090 ac
1519 2036 1833 2093 eruditione
1891 2053 2085 2108 parum
2139 2040 2434 2095 admodum
2487 2058 2650 2112 posse
2703 2053 2963 2112 prastare
3021 2047 3405 2107 confiderem:

173 2128 332 2183 dolens
361 2140 539 2182 tamen
590 2127 833 2180 maximo
860 2127 963 2180 hoc
1003 2125 1186 2180 fructu
1218 2133 1298 2178 tot
1345 2126 1507 2179 annis
1534 2125 1758 2181 Latinos
1791 2126 2065 2181 immerito
2099 2127 2339 2182 fraudari
2376 2147 2388 2181 :
2422 2131 2717 2185 multorum
2744 2148 2966 2203 quoque
3009 2137 3259 2204 pulsatus
3279 2154 3407 2210 pre-

175 2215 327 2277 cibus,
380 2215 588 2283 quibus
647 2214 923 2268 obsistere
945 2214 1280 2283 impudentis
1314 2214 1499 2283 potius
1528 2212 1725 2268 fuisset
1752 2229 1916 2282 quam
1942 2217 2259 2279 verecundi,
2296 2218 2597 2273 immensos
2658 2236 2790 2275 sane
2823 2224 2877 2276 in
2912 2225 3013 2279 hoc
3048 2227 3192 2282 subii
3255 2230 3407 2286 labo-

173 2319 243 2357 res
276 2322 289 2355 -.
320 2319 425 2372 quo
457 2303 537 2357 vel
574 2302 937 2356 eruditiorum
965 2304 1181 2355 animos
1209 2315 1566 2371 provocarent
1601 2317 1664 2356 ac
1699 2301 1999 2366 irritarem,
2068 2312 2127 2356 ut
2178 2303 2260 2357 vel
2315 2307 2395 2360 sic
2428 2307 2788 2372 exstimulati,
2840 2312 2989 2365 omni
3049 2316 3238 2383 procul
3293 2320 3407 2374 otio

172 2391 366 2458 rejecto,
418 2400 515 2443 aut
554 2392 719 2443 etiam
772 2390 988 2459 privato
1028 2392 1250 2459 negotio
1280 2406 1391 2460 quo
1418 2406 1515 2445 sua
1552 2391 1790 2459 quisque
1824 2393 2042 2460 quaerit,
2073 2405 2135 2446 ea
2162 2401 2376 2445 tantum
2405 2405 2660 2463 quaarant
2683 2412 2805 2466 qua:
2832 2407 2963 2454 sunt
2987 2399 3118 2457 Iesu
3174 2405 3402 2462 Christi.

170 2477 221 2532 ﬁt
249 2480 339 2548 piis
385 2482 582 2548 ereptis
617 2480 754 2534 satis
786 2479 918 2533 favit
972 2480 1291 2533 Altissimus
1325 2496 1338 2531 :
1374 2487 1452 2541 ut,
1504 2479 1548 2532 si
1581 2494 1688 2531 non
1718 2468 2054 2533 omnibusin
2086 2478 2221 2533 locis
2256 2480 2502 2534 omnium
2548 2485 2773 2546 animis,
2820 2487 2931 2541 imo
2965 2504 3064 2544 nec
3124 2507 3248 2548 meo
3300 2510 3400 2550 su-

172 2567 309 2620 binde
334 2566 701 2622 satisfecerim
731 2606 753 2632 ,
782 2567 960 2620 rarius
998 2575 1198 2624 tamen
1234 2566 1426 2635 procul
1458 2580 1488 2617 a
1517 2580 1685 2635 sc0po
1715 2580 1803 2620 me
1836 2565 2230 2620 hallucinatum
2263 2568 2590 2625 crediderim
2630 2586 2645 2625 :
2697 2581 2861 2643 atque
2893 2575 3073 2632 danda
3105 2587 3191 2633 est
3244 2583 3403 2638 venia

176 2656 212 2707 si
242 2655 358 2723 quid
421 2656 476 2708 in
538 2656 732 2709 horum
776 2654 1033 2709 versione
1054 2670 1141 2709 me
1170 2654 1389 2725 fugerit,
1426 2663 1484 2708 ut
1513 2654 1718 2722 fugisse
1744 2654 1918 2707 multo
1959 2670 2071 2708 non
2110 2655 2330 2717 dubito,
2395 2660 2521 2710 cum
2560 2660 2730 2714 variis
2767 2661 3015 2732 undique
3068 2669 3401 2727 constrictus

170 2742 331 2795 luerim
364 2743 651 2811 angustiis.
686 2740 784 2795 Vix
841 2741 989 2796 enim
1030 2740 1182 2796 credi
1223 2749 1394 2811 queat
1429 2736 1696 2809 quantum
1732 2740 1937 2797 laboris
1989 2741 2072 2795 vel
2124 2742 2177 2796 id
2211 2743 2344 2799 mihi
2403 2744 2694 2811 addiderit,
2764 2756 2821 2802 ut
2869 2759 3067 2806 caetera
3126 2756 3401 2825 omittam,

170 2831 289 2896 quod
358 2830 619 2892 Photius,
645 2830 736 2883 vir
765 2843 900 2889 sane
920 2835 977 2883 et
1034 2843 1298 2884 sensuum
1360 2827 1651 2896 indagator
1701 2828 2114 2897 sagacissimus,
2170 2839 2225 2882 et
2283 2828 2638 2886 ﬂosculorum
2728 2835 3030 2891 rhetorices
3084 2840 3404 2900 observator

170 2918 626 2991 diligentissimus,
658 2917 917 2986 plurinns
944 2933 997 2970 in
1034 2914 1175 2969 locis
1211 2915 1427 2984 singula
1461 2914 1612 2970 l‘auli
1647 2915 1813 2969 verba
1836 2913 2024 2969 Grazca
2054 2932 2357 2987 eorumque
2394 2928 2776 2976 contexturam
2821 2924 2986 2978 veluti
3015 2928 3222 2981 trutina
3264 2946 3403 3000 pon-

169 3003 381 3065 deraret,
426 2992 556 3058 cum
587 3011 774 3058 tamen
812 3001 1045 3056 Paulum
1095 3000 1290 3057 Latine
1322 3000 1634 3064 reddentes,
1670 3001 1988 3070 hujusmodi
2021 3003 2314 3058 verborum
2349 3007 2600 3060 ordinem
2631 3007 2908 3079 simulque
2937 3011 3183 3069 Graecam
3216 2992 3393 3072 Phra-

168 3091 250 3141 sim
305 3090 601 3145 immutare
649 3100 877 3145 coactus
916 3079 1169 3152 fuissem,
1227 3089 1311 3143 sic
1343 3097 1401 3142 ut
1449 3089 1562 3157 jam
1594 3088 1773 3152 Photii
1798 3089 2006 3143 scholia
2062 3090 2242 3145 locum
2296 3107 2407 3146 non
2437 3092 2719 3160 haberent,
2774 3100 3005 3166 proinde
3065 3102 3398 3170 ambigerem

167 3176 470 3245 frequenter,
506 3192 637 3230 num
686 3187 972 3247 praestaret
999 3192 1119 3231 eam
1159 3173 1679 3229 commentariorum
1713 3183 1920 3245 partem
1953 3177 2007 3231 in
2049 3184 2220 3232 tntum
2284 3180 2620 3249 relinquere,
2650 3197 2813 3251 quam
2862 3183 3072 3241 Latinis
3116 3189 3397 3256 scabrosa,

169 3263 397 3331 nulloque
439 3262 625 3317 fructu
667 3265 908 3325 tradere,
948 3273 1154 3332 utqua:
1182 3262 1320 3316 solis
1363 3263 1596 3316 serviret
1628 3260 1856 3326 Graecis,
1908 3279 2104 3334 nempe
2141 3266 2207 3320 de
2241 3268 2403 3319 anxia
2450 3266 2768 3323 Graecarum
2824 3285 3014 3326 vocum
3070 3285 3397 3333 contextura

167 3364 214 3399 ac
242 3350 562 3418 signiﬁcato.
596 3349 840 3405 Tandem
866 3361 1045 3405 tamen
1083 3351 1269 3404 omnia
1302 3350 1531 3404 lideliter
1560 3350 1789 3405 reddere
1822 3352 2036 3407 decrevi
2069 3372 2082 3407 :
2130 3370 2445 3425 quanquam
2500 3372 2584 3410 me
2636 3374 2745 3412 non
2788 3375 2981 3429 parum
3048 3379 3266 3435 quoque
3305 3383 3411 3423 τοι·

168 3447 487 3491 morarentur
545 3438 689 3491 unici
752 3437 923 3492 Graeci
981 3439 1309 3507 exemplaris
1339 3454 1444 3492 non
1498 3453 1634 3493 rara:
1665 3439 1893 3505 mendie,
1947 3442 2064 3495 sive
2095 3442 2354 3496 librarius
2389 3444 2477 3495 hic
2528 3446 2580 3497 in
2617 3446 2779 3514 culpa
2835 3445 3025 3514 fuerit,
3078 3450 3197 3507 sive
3228 3460 3389 3524 typo-

166 3525 379 3593 graphus
422 3546 433 3576 :
469 3541 597 3595 qua:
629 3540 716 3579 me
763 3526 1081 3595 plerumque
1104 3526 1355 3581 divinare
1395 3535 1652 3597 cogerent
1690 3526 2040 3583 :feliciterne
2093 3543 2160 3581 an
2218 3545 2400 3593 secus,
2452 3532 2525 3596 id,
2577 3534 3038 3601 quemadmodum
3095 3545 3151 3593 et
3195 3548 3391 3595 caetera

168 3615 348 3675 omnia,
401 3614 631 3667 lectoris
659 3612 873 3682 judicio
908 3614 1178 3682 relinquo.
1222 3613 1287 3666 Et
1312 3628 1627 3684 quanquam
1685 3615 1755 3667 ob
1790 3614 1905 3668 base
1937 3630 2022 3669 me
2049 3631 2155 3669 non
2189 3616 2351 3670 lateat
2385 3619 2629 3685 piri-asini
2676 3621 2960 3691 aliquanto
2985 3638 3108 3679 esse
3168 3625 3225 3680 in
3254 3642 3394 3682 nou-

164 3699 303 3751 nullis
336 3700 619 3753 duriorem
657 3718 671 3752 :
728 3702 889 3755 malui
918 3708 1100 3754 tamen
1158 3700 1248 3754 fidi
1299 3702 1612 3770 interpretis
1675 3716 1841 3771 quam
1871 3700 2135 3770 elegantis
2178 3705 2548 3771 paraplrrastaa
2582 3708 2729 3776 fungi
2761 3708 2963 3773 ollicio,
3025 3709 3246 3769 etiamsi
3287 3713 3393 3769 hoc

163 3789 398 3856 consequi
472 3788 823 3857 potuissent:
856 3803 980 3843 cum
1003 3788 1220 3842 videant
1258 3789 1721 3853 nonnullos,dum
1758 3788 1926 3843 nimis
1949 3789 2101 3856 politi
2133 3791 2187 3843 in
2235 3793 2490 3846 vertendo
2528 3794 2698 3847 rideri
2745 3796 2946 3866 volunt
2977 3798 3050 3852 ab
3102 3813 3389 3855 auctorum

165 3874 305 3927 ctiam
329 3876 500 3928 animi
562 3883 831 3944 conceptu
866 3890 1263 3944 nonnunquam
1318 3876 1610 3930 excidisse.
1642 3876 1759 3945 Ego
1800 3878 2095 3929 vcroiutra
2149 3879 2265 3945 ipsa
2319 3878 2632 3947 interpretis
2659 3894 2808 3950 septa
2845 3900 2928 3937 me
2973 3885 3115 3942 satis
3148 3887 3386 3942 inclusi:

165 3963 287 4026 quod
321 3974 377 4014 ut
406 3962 675 4025 facerem,
708 3962 871 4016 etiam
905 3964 1107 4031 ingenii
1135 3965 1376 4017 tenuitas
1397 3980 1481 4017 me
1538 3964 1735 4032 coegit.
1775 3960 1961 4031 Neque
1988 3963 2132 4015 enim
2163 3964 2299 4016 adeo
2337 3967 2622 4020 excellenti
2656 3968 2920 4036 praaditus
2965 3986 3086 4026 sum
3143 3972 3385 4043 ingenio,

167 4062 227 4108 ut.
261 4050 398 4103 velut
429 4051 655 4104 l’hidias
698 4051 895 4104 statuis
929 4065 1037 4105 non
1092 4050 1269 4105 solum
1319 4062 1497 4119 aptam
1533 4050 1900 4105 membrorum
1922 4050 2193 4104 tribuebat
2218 4051 2587 4116 harmoniam,
2632 4058 2727 4109 sed
2758 4057 2920 4110 etiam
2947 4057 3268 4129 dignitatem
3334 4074 3389 4116 et

168 4139 587 4205 amplitudinem,
622 4138 770 4190 itaet
793 4153 893 4206 ego
916 4138 1153 4191 versioui
1189 4136 1538 4205 splendorem
1577 4136 1873 4207 adiungere
1922 4139 2128 4206 possim
2189 4138 2481 4208 lumenque
2526 4142 2821 4197 orationis.
2874 4143 2991 4213 Ego
3043 4147 3226 4216 itaque
3266 4164 3389 4205 meo

167 4238 233 4275 me
264 4226 393 4292 pede
424 4226 629 4279 metior
662 4242 675 4277 :
712 4240 813 4278 nec
832 4240 1073 4295 unquam
1112 4226 1259 4279 aliud
1297 4240 1418 4294 ago,
1458 4240 1647 4293 quam,
1682 4226 1786 4280 etsi
1823 4240 1929 4280 non
1957 4227 2253 4281 verborum
2284 4244 2597 4283 mensuram
2657 4244 3037 4297 annumerem,
3097 4244 3152 4287 at
3198 4237 3391 4293 saltent

168 4311 456 4366 (irai-carum
493 4314 896 4367 sententiarum
925 4313 1142 4383 pondus
1176 4313 1390 4368 Latinis
1429 4314 1763 4383 rependam:
1818 4314 2063 4384 adeoque
2117 4315 2203 4370 his
2265 4317 2358 4385 qui
2416 4325 2631 4372 tantum
2701 4317 2880 4373 Latini
2914 4331 3043 4375 sunt
3105 4324 3382 4387 consului,

164 4407 290 4453 utne
317 4404 547 4454 verbum
578 4401 798 4469 quidem
830 4398 1100 4465 Cracum,
1140 4403 1320 4470 quoad
1353 4401 1469 4455 fieri
1534 4402 1707 4474 licuit,
1740 4401 2105 4471 relinquerem
2131 4418 2148 4458 :
2172 4402 2316 4472 quod
2350 4402 2441 4457 ubi
2475 4406 2682 4460 servari
2737 4406 3006 4476 nequivit,
3033 4408 3216 4464 addidi
3253 4425 3390 4465 con-

169 4488 321 4549 tiuuo,
354 4490 486 4555 quid
531 4487 611 4539 illi
666 4486 861 4540 Latine
892 4486 1248 4556 respondeat.
1279 4487 1603 4563 Quanquam
1641 4499 1821 4544 tamen
1852 4489 1904 4543 id
1938 4492 2075 4545 satis
2129 4492 2267 4555 scio,
2328 4492 2465 4545 nihil
2529 4492 2666 4547 adeo
2746 4493 2864 4550 fore
2915 4510 2983 4550 ex
3040 4498 3187 4552 omni
3240 4510 3394 4567 parte

167 4572 380 4637 beatum,
422 4583 483 4627 ut
515 4582 795 4628 mereatur
836 4575 1082 4628 omnium
1131 4574 1325 4642 plausu
1357 4576 1539 4644 excipi
1560 4594 1590 4643 ~;
1620 4576 1779 4646 idque
1820 4578 1951 4632 adeo
1977 4592 2086 4632 non
2121 4586 2267 4648 peto,
2298 4587 2356 4631 ut
2386 4581 2550 4633 etiam
2586 4582 2761 4652 magis
2794 4582 2898 4637 hoc
2951 4594 3269 4655 suspectum
3298 4587 3396 4641 ba-

165 4662 340 4724 berem,
396 4664 443 4716 si
478 4677 640 4715 meus
664 4662 815 4715 labor
840 4662 1117 4715 universis
1174 4663 1502 4732 probaretur
1532 4679 1714 4740 :._cum
1765 4666 1940 4720 sciam
1973 4667 2115 4720 inter
2144 4678 2253 4721 tam
2306 4669 2455 4722 varia
2500 4670 2783 4723 hominum
2827 4672 3062 4740 ingenia,
3103 4687 3225 4729 esse
3257 4689 3394 4731 inon

165 4762 335 4813 pauca,
363 4751 576 4819 quibus
619 4766 737 4803 mea
769 4766 875 4803 non
907 4750 1125 4818 probari
1159 4751 1343 4803 malim
1378 4765 1541 4818 quam
1573 4736 1813 4819 probari.
1851 4753 2132 4825 Siquidem
2182 4771 2291 4809 non
2334 4756 2610 4810 immerito
2678 4736 2946 4821 Phocion,
2995 4736 3155 4829 quem
3208 4758 3396 4816 Demo-

166 4834 362 4890 sthenes
396 4851 635 4890 suarum
671 4839 983 4891 orationum
1018 4836 1256 4891 securim
1283 4851 1407 4891 esse
1456 4837 1694 4901 dicebat,
1729 4841 1821 4907 qui
1846 4848 1900 4892 et
1932 4850 2137 4894 tantam
2168 4841 2333 4895 animi
2392 4844 2759 4897 constantiam
2824 4859 3042 4915 semper
3081 4845 3395 4913 referebat,

162 4931 207 4972 ut
253 4926 374 4976 nulli
411 4938 659 4993 unquam
692 4924 844 4977 visus
870 4925 941 4978 sit
1004 4939 1104 4978 nec
1137 4923 1316 4977 ridere
1366 4938 1466 4978 nec
1514 4922 1664 4989 ﬂere,
1695 4939 1818 4979 cum
1849 4927 1938 4982 die
1970 4928 2207 4998 quadam
2254 4929 2466 4990 dicens,
2519 4931 2723 4985 videret
2767 4932 2973 5000 pariter
3023 4932 3093 4987 ab
3142 4935 3398 4991 erunibus

170 5012 435 5077 approbari
471 5026 816 5072 sermonem,
893 5026 1192 5065 conversus
1241 5010 1309 5064 ad
1342 5012 1591 5066 amicos:
1622 5012 1786 5078 Quid,
1818 5013 2018 5084 inquit,
2055 5032 2184 5070 num
2230 5016 2359 5069 mali
2413 5019 2692 5083 quidpiam
2717 5019 2829 5072 disi
2867 5018 3401 5088 imprudens?Quod

163 5097 365 5151 sicliatn
414 5100 633 5168 aliquid
664 5097 982 5168 pertulerim
1012 5098 1171 5154 laude
1201 5098 1451 5170 dignum,
1482 5101 1533 5153 id
1566 5110 1743 5155 tamen
1793 5104 1927 5157 mihi
1954 5119 2060 5157 non
2093 5105 2479 5158 ascribendum
2513 5114 2618 5171 est,
2649 5107 2744 5160 sed
2792 5106 3049 5174 Domino,
3094 5124 3124 5163 a
3174 5124 3284 5178 quo
3314 5120 3400 5165 est

168 5189 322 5241 omnis
351 5188 591 5243 donatio
648 5190 813 5252 bona,
845 5205 1116 5258 omneque
1177 5190 1381 5244 donum
1424 5190 1725 5260 perfectum
1760 5190 1799 5244 ⁸.
1844 5190 1999 5256 Quod
2060 5206 2170 5245 non
2205 5190 2501 5247 Christiani
2555 5200 2765 5247 tantum
2838 5204 3131 5262 noverunt,
3178 5212 3402 5251 verum-

160 5278 297 5327 etiam
343 5278 581 5339 ethnici,
628 5276 723 5345 qui
769 5276 956 5331 nescio
976 5276 1178 5346 quibus
1200 5276 1341 5333 lictis
1367 5293 1397 5330 a
1428 5293 1486 5331 se
1515 5278 1621 5332 diis
1651 5276 1960 5333 referebant
1991 5289 2296 5347 acceptum,
2323 5281 2584 5349 quidquid
2606 5297 2635 5335 a
2671 5297 2731 5337 se
2752 5292 3103 5353 perageretur
3134 5284 3285 5339 boni.
3336 5285 3403 5339 Et

164 5356 269 5417 hinc
319 5365 578 5436 estquod
635 5365 928 5433 praeclarus
957 5365 1047 5419 ille
1077 5366 1186 5419 dux
1222 5365 1416 5437 Pytho,
1439 5366 1865 5421 Atheniensibus
1894 5366 1965 5420 ob
1996 5381 2085 5421 res
2132 5366 2362 5421 feliciter
2406 5375 2593 5437 gestas
2623 5370 2803 5438 ipsum
2858 5370 3281 5438 admirantibus,
3336 5386 3402 5429 ac

164 5451 588 5518 pradicantibus,
651 5452 796 5522 quod
820 5452 995 5524 Cotyn
1059 5454 1653 5524 regeminteremisset,
1704 5454 1841 5519 Diis,
1875 5455 2074 5525 inquit,
2107 5448 2361 5510 habenda
2391 5465 2474 5509 est
2500 5457 2917 5526 gratia,quibus
2950 5459 3268 5517 auctoribus
3296 5459 3401 5516 hoc

163 5532 345 5594 facinus
380 5550 607 5611 gestum
639 5549 757 5607 est;
796 5554 920 5594 nam
955 5540 1070 5610 ipse
1112 5541 1186 5593 nil
1217 5540 1362 5594 aliud
1386 5554 1548 5609 quam
1568 5557 1791 5595 manum
1820 5552 1875 5597 et
1904 5557 2127 5612 operam
2178 5556 2355 5597 meam
2385 5543 2752 5598 commodavi.

217 5645 414 5712 Quanta
462 5661 657 5704 autem
690 5650 762 5703 sit
787 5650 980 5703 horum
1016 5651 1539 5705 commentariorum
1565 5652 1792 5718 utilitas,
1838 5669 1906 5707 ne
1943 5653 2121 5707 dicam
2183 5655 2507 5717 necessitas,
2553 5654 2711 5711 facile
2741 5656 2923 5727 quivis
2955 5659 3270 5729 perspicere
3299 5669 3401 5727 po-

165 5736 284 5796 terit,
311 5740 401 5806 qui
443 5741 529 5793 vel
573 5739 680 5791 hoc
734 5753 904 5791 unum
937 5738 1392 5802 consideravcrit,
1421 5738 1567 5808 quod
1610 5740 1663 5793 in
1698 5740 1799 5795 hos
1840 5739 2012 5793 divini
2059 5741 2415 5798 lnstrumenti
2464 5743 2660 5811 libros,
2700 5744 2836 5800 nihil
2877 5745 3145 5803 hactenus
3174 5743 3400 5817 prodiit,

228 5870 420 5946 ‘Sap.r
463 5890 590 5945 seq.
672 5873 873 5931 'Joan.
924 5893 976 5943 v,
1002 5875 1089 5932 45.
1165 5877 1185 5909 ⁸
1212 5874 1369 5930 Joan.
1401 5893 1508 5944 xvi,
1549 5878 1633 5934 l5.
1711 5878 1731 5909 ⁸
1756 5878 1943 5935 Jacob.
1974 5892 2143 5953 rgseqq
