4184 6466
716 417 775 476 ιζ,
1735 406 1816 461 (lit
1833 403 1956 462 2U)!
1971 403 2093 461 ΕΜ
2111 403 2199 461 US
2236 404 2334 462 'i'l‘x
2349 403 2522 460 HIC}:
2553 402 2978 464 El‘lSCtH‘US.
3915 401 3983 467 16

708 543 818 598 quo
842 530 851 579 ἱ
877 527 1008 583 satis
1041 524 1222 577 animo
1248 521 1423 576 facete
1457 526 1660 588 possit.
1693 516 1970 587 Siquidem
2007 517 2059 570 in
2092 519 2224 570 Arta
2254 515 2432 571 solum
2472 516 2736 571 habemus
2769 515 3249 587 Cbrysostomum,
3294 516 3339 570 si
3365 527 3543 571 tamen
3573 518 3617 571 is
3652 514 3982 588 Chiysosto-

714 631 835 669 lltllS
857 623 960 674 est,
992 613 1082 683 qui
1113 612 1274 664 etiam
1301 608 1502 675 ubique
1530 605 1580 659 id
1617 604 1794 674 potius
1818 618 1976 670 agerc
2001 603 2158 667 solet,
2194 611 2252 656 ut
2285 603 2533 658 homines
2561 619 2587 656 a
2613 605 2760 658 vitiis
2796 611 3078 659 revocaret
3097 604 3163 657 ad
3189 604 3441 669 virtutes,
3465 621 3626 674 quam
3657 621 3710 659 ut
3735 617 3914 659 unctui
3933 610 3982 661 is

716 715 951 756 mentem
985 698 1241 768 ψει-ᾖα.
1292 694 1460 748 l‘orro
1486 695 1537 746 in
1572 709 1663 746 ras
1719 707 1838 759 qute
1889 690 2185 745 Catholica:
2237 692 2518 753 dicuntur,
2562 689 2854 759 Epistolas,
2891 699 2984 744 aut
3018 691 3071 744 in
3105 689 3494 762 Apocalypsin:
3535 692 3716 746 nullos
3752 697 3984 746 omnino

719 793 985 843 habemus
1035 783 1462 838 connueutarios
1519 781 1658 833 lectu
1717 781 1932 848 dignos,
1979 779 2081 832 nisi
2125 780 2270 848 quod
2298 795 2361 834 ex
2404 778 2488 832 his
2511 794 2633 848 qua:
2664 795 2811 834 nunc
2862 779 2916 833 in
2945 779 3120 832 lucem
3147 780 3366 846 damus,
3415 795 3591 849 nuper
3656 782 3980 850 decerptum

718 898 776 928 ςιις
813 874 1267 929 consarcinatum
1327 879 1430 924 est.
1467 868 1617 922 Pauli
1677 881 1805 920 vero
1850 864 2125 934 Epistolas
2167 867 2271 921 etsi
2333 867 2519 935 plures
2543 867 2894 936 interpretari
2930 867 3111 920 conati
3137 866 3270 931 sint,
3324 868 3463 921 adeo
3523 879 3704 921 tamen
3761 867 3981 921 illarum

717 963 875 1018 lectio
899 961 1178 1016 salebrosa
1206 955 1554 1024 estacplena
1603 953 1967 1016 anfractibus,
2014 954 2272 1007 lectorem
2309 955 2511 1024 saepius
2565 956 2682 1010 suis
2730 955 3066 1025 longissimis
3103 955 3346 1024 periodis
3379 971 3444 1010 ac
3498 957 3812 1027 hyperbatis
3862 973 3987 1011 sus-

717 1065 945 1120 peusum
981 1047 1493 1112 retinens,scsequc
1526 1044 1863 1095 inaccessam
1907 1051 1956 1092 cl
1989 1042 2188 1101 inviam
2225 1057 2488 1097 sensuum
2551 1043 2925 1111 profunditate
2972 1042 3231 1109 reddens,
3274 1051 3334 1097 ut
3365 1044 3468 1097 nisi
3520 1047 3644 1113 quis
3677 1060 3821 1109 eunt,
3873 1061 3987 1114 quo

718 1141 806 1192 ille
823 1137 1066 1205 scripsit,
1087 1134 1339 1201 spiritum
1369 1129 1560 1183 ducem
1590 1129 1804 1192 habeat,
1830 1143 2106 1196 nunquam
2131 1128 2234 1183 illae
2261 1131 2394 1184 satis
2421 1146 2448 1183 a
2473 1145 2747 1199 «proquam
2779 1139 3129 1186 enarrentur.

793 1230 960 1283 Porro
995 1227 1282 1283 Paulinum
1309 1225 1483 1278 cuivis
1511 1224 1705 1277 adesse
1737 1223 1990 1292 spiritum
2038 1239 2145 1277 non
2192 1223 2348 1279 facile
2391 1225 2698 1290 credidero,
2736 1229 2973 1282 maxime
3003 1243 3128 1282 cum
3175 1227 3299 1283 illos
3341 1229 3648 1284 miserrime
3679 1244 3742 1283 ac
3775 1231 3985 1298 turpis.-

718 1320 857 1372 siine
896 1315 1106 1368 videam
1145 1316 1195 1365 in
1245 1314 1331 1365 his
1379 1310 1731 1373 hallucinari,
1763 1310 1856 1378 qui
1889 1325 2012 1364 sese
2044 1326 2182 1365 unos
2215 1309 2366 1365 Pauli
2415 1325 2603 1370 tenere
2651 1325 2888 1369 mentem
2925 1315 3271 1382 impudenter
3314 1327 3592 1381 asserunt,
3631 1322 3812 1374 tiullos
3848 1321 3992 1372 alios

720 1413 916 1475 praeter
947 1417 1105 1457 suum
1143 1401 1387 1468 ipsorum
1422 1398 1668 1451 aninmm
1703 1400 1990 1452 consulere
2036 1400 2282 1453 volentes
2304 1404 2754 1470 commentarios,
2800 1404 2910 1460 imo
2937 1406 3344 1460 calumniantes
3380 1409 3563 1476 potius
3604 1409 3729 1464 illos
3764 1425 3827 1462 ac
3856 1413 3993 1463 snti-

720 1503 1042 1547 sannantes.
1081 1490 1268 1557 Itaque
1311 1496 1510 1558 printer
1538 1488 1681 1540 hunc
1714 1502 1876 1540 suum
1923 1487 2129 1541 erroris
2169 1488 2427 1558 spiritum
2461 1491 2667 1544 nullam
2701 1492 2934 1546 aliorum
2971 1493 3246 1563 recipiunt
3275 1495 3702 1559 enarrationem,
3737 1497 3830 1550 sed
3867 1511 3992 1547 oni-

723 1589 812 1636 nia
858 1598 959 1636 suo
994 1582 1274 1650 explicant
1323 1579 1622 1641 arbitratu,
1657 1586 1750 1630 aut
1777 1578 2080 1646 depravant
2123 1579 2304 1647 potius
2336 1595 2348 1630 :
2377 1591 2514 1647 quos
2547 1579 2663 1633 suis
2695 1578 2892 1634 Petrus
2936 1579 3184 1650 depinxit
3214 1581 3517 1645 coloribus,
3559 1583 3688 1636 dum
3731 1585 3991 1636 Paulinas

725 1670 996 1739 Epistolas
1020 1669 1062 1732 ⁸,
1096 1683 1201 1721 non
1253 1675 1401 1720 certe
1443 1676 1502 1718 ut
1551 1666 1664 1726 isti,
1702 1666 2040 1720 clarissimas
2083 1665 2219 1719 dicit
2265 1679 2330 1719 ac
2383 1666 2695 1730 faciilimas,
2745 1668 3003 1737 nullaque
3048 1684 3188 1738 opus
3223 1671 3427 1725 habere
3469 1674 3842 1735 enarratione,
3889 1673 3990 1726 sed

725 1759 987 1812 nonnulla
1016 1757 1301 1812 continere
1333 1755 1610 1809 intellectu
1642 1755 1905 1817 diflicilia,
1932 1771 2056 1824 qum
2090 1754 2324 1819 indocti,
2359 1753 2560 1824 inquit,
2591 1771 2894 1826 parumque
2933 1757 3074 1811 firmi
3111 1758 3469 1828 detorquent,
3497 1761 3723 1819 sicut-ct
3756 1768 3994 1814 crateras

722 1849 1038 1918 Scriptor-as
1087 1849 1149 1899 ail
1200 1861 1352 1898 suam
1387 1846 1628 1913 ipsorum
1682 1844 2002 1912 perniciem.
2045 1843 2324 1913 Siquidem
2365 1842 2586 1897 divinas
2612 1858 2803 1897 omnes
2845 1843 3162 1914 Scripturas
3206 1847 3348 1901 Deus
3379 1861 3586 1900 arcano
3621 1863 3720 1901 suo
3753 1851 3994 1902 consitio

727 1938 899 1989 nolu.t
928 1949 1326 2004 usquequaque
1360 1932 1576 2001 pervias
1609 1946 1734 1984 esse
1761 1932 2076 1986 hominibus
2110 1972 2124 1988 .
2161 1947 2230 1985 ne
2269 1931 2428 1986 facile
2455 1941 2894 2000 contemnerent,
2920 1935 3064 2004 quod
3106 1934 3268 1990 facile
3298 1937 3480 2006 adepti
3513 1951 3699 1992 essent
3747 1957 3758 1992 :
3803 1940 3897 1993 sed
3929 1950 3989 1991 ιιι

725 2029 898 2078 multo
933 2024 1118 2078 labore
1151 2023 1377 2075 subacta
1407 2022 1686 2073 hominum
1723 2020 1958 2088 ingenia,
1992 2023 2340 2089 primumque
2371 2021 2547 2091 ipsius
2580 2023 2872 2092 implorato
2905 2027 3135 2090 auxilio,
3171 2028 3394 2082 tandem
3433 2038 3720 2098 acceptum
3763 2029 3962 2083 thesau
3984 2061 3996 2069 -

727 2130 844 2167 rum
877 2121 1029 2165 tanto
1062 2110 1328 2164 haberent
1359 2109 1691 2168 cliariorem,
1730 2115 1992 2176 tantoque
2026 2116 2312 2162 servarent
2351 2112 2588 2175 cautius,
2621 2121 2830 2181 quanto
2875 2111 3070 2181 majori
3104 2114 3293 2168 studio
3327 2128 3392 2167 ac
3425 2115 3705 2184 diligentia
3740 2119 3995 2174 προθεῖς-

725 2213 864 2256 sent.
897 2201 1188 2260 Gzt'lerutn,
1224 2198 1348 2264 quis
1394 2196 1586 2249 horum
1625 2195 1697 2248 sit
1737 2205 1931 2248 auctor
1968 2196 2510 2260 commentariorum,
2553 2200 2906 2253 manifestum
2944 2207 3027 2254 est
3075 2215 3181 2254 non
3215 2201 3468 2255 eumdem
3511 2217 3633 2256 esse
3671 2205 3994 2264 primari“:

725 2291 968 2342 omnium
1007 2299 1308 2350 ani-torem,
1346 2300 1468 2338 cum
1505 2286 1556 2338 in
1582 2283 1729 2337 Actis
1757 2283 2074 2351 apostolicis
2104 2284 2265 2338 simul
2297 2293 2350 2338 et
2379 2283 2433 2337 in
2458 2285 2703 2339 l’aulinis
2725 2286 2983 2354 Epistolis
3012 2287 3246 2356 plurima
3283 2289 3372 2341 hic
3404 2288 3457 2341 in
3487 2267 3868 2358 compendium
3905 2307 3998 2344 re-

725 2382 882 2433 dacta
919 2381 1048 2440 sint,
1080 2392 1199 2446 qua:
1235 2375 1414 2428 fusius
1450 2380 1781 2425 tractaverat
1805 2373 2252 2442 Chrysostomus.
2287 2372 2638 2443 Rursumque
2669 2376 3032 2443 plurimorum
3065 2377 3295 2429 aliorum
3333 2378 3622 2431 sententia:
3655 2378 3997 2445 referuntur,

729 2485 871 2518 Itum:
904 2466 1118 2534 quidem
1147 2462 1338 2532 positis
1369 2462 1419 2513 in
1449 2461 1566 2515 solo
1596 2460 1789 2513 littera:
1819 2467 2078 2513 contextu
2112 2461 2449 2526 nominibus,
2485 2478 2632 2517 nunc
2666 2477 2790 2517 vero
2823 2462 3027 2518 additis
3063 2464 3230 2518 etiam
3262 2465 3314 2517 in
3340 2466 3586 2535 margine
3614 2483 3626 2518 :
3666 2481 3785 2534 qua:
3816 2475 3870 2520 et
3893 2484 3999 2521 nos

726 2556 918 2609 eodem
951 2553 1109 2606 modo
1148 2561 1201 2603 ut
1245 2553 1298 2603 in
1333 2547 1635 2618 exemplari
1664 2557 1880 2616 reperta
1912 2557 2043 2603 sunt
2075 2552 2300 2606 omnino
2331 2552 2673 2622 reliquimus.
2707 2553 2787 2606 Ad
2818 2553 3206 2622 Apocalypsim
3254 2566 3435 2608 autem
3481 2565 3667 2610 certus
3699 2558 4000 2624 prmligiiur

729 2652 922 2696 ani-tor
956 2643 1055 2710 (ri),
1088 2641 1290 2694 additis
1312 2642 1476 2693 etiam
1507 2639 1560 2690 in
1596 2637 1753 2692 initio
1783 2639 2100 2693 nominibus
2130 2653 2320 2694 eorum
2349 2653 2379 2692 a
2415 2641 2616 2709 quibus
2654 2640 2744 2694 ille
2781 2643 3044 2694 nonnulla
3073 2651 3446 2709 cxcerpserat.
3479 2640 3749 2696 Pncterea
3785 2643 3839 2696 in
3878 2660 4000 2697 oui-

733 2748 892 2783 ninus
945 2731 1028 2783 bis
1061 2728 1474 2782 commentariis
1513 2726 1826 2795 frequenter
1864 2741 2082 2794 quoque
2125 2735 2404 2795 ponuntur
2441 2731 2722 2782 variorum
2757 2738 3050 2782 auctorum
3076 2731 3384 2792 sententiae,
3422 2743 3724 2799 suppresso
3769 2731 3996 2786 illorum

772 2821 974 2880 tmiittt‘,
1016 2818 1202 2869 nescio
1238 2831 1306 2868 an
1339 2815 1690 2868 librariorum
1724 2814 2035 2867 osi-itantia.
2070 2811 2266 2869 Varios
2303 2824 2483 2869 tamen
2526 2830 2649 2869 esse
2675 2815 2758 2869 vel
2793 2831 2860 2869 ex
2903 2831 2970 2870 eo
3001 2815 3192 2884 liquet,
3224 2816 3370 2885 quod
3416 2818 3618 2886 sa'pius
3651 2821 3999 2872 contrarium

733 2908 979 2960 invenias
1009 2906 1130 2969 ejus
1173 2903 1318 2972 quod
1369 2908 1750 2972 prmccsserat.
1788 2899 1973 2970 thue
2013 2914 2182 2954 unum
2224 2901 2374 2954 verbi
2419 2917 2588 2956 causa
2631 2902 2978 2972 proferamus
3019 2906 3327 2973 exemplum
3371 2922 3383 2958 :
3416 2920 3540 2958 cum
3574 2905 3729 2974 prius
3761 2907 3812 2959 in
3841 2907 3996 2974 Apo-

735 2996 937 3064 αλιι-ρει
971 2994 1171 3047 dixerit
1204 2991 1534 3061 Babylonem
1577 3005 1701 3045 esse
1738 2989 2298 3059 Constantinopolim,
2335 3005 2442 3046 non
2481 2991 2741 3046 nitindum
2778 3007 2878 3046 nec
2929 2992 3090 3045 aliam
3124 2995 3376 3062 quamvis
3415 2995 3712 3060 civitatem,
3752 3006 4003 3064 postmo-

732 3088 859 3137 num
894 3085 1080 3135 multis
1112 3085 1163 3135 in
1195 3081 1327 3135 locis
1356 3079 1484 3132 diei!
1523 3094 1584 3133 ac
1629 3078 1822 3148 probat
1865 3090 1986 3132 esse
2027 3076 2313 3142 mundum,
2364 3085 2418 3132 ct
2459 3080 2663 3131 nullam
2697 3079 3087 3146 particular-em
3128 3080 3428 3135 civitatem.
3465 3080 3759 3144 (lictorum,
3807 3098 3996 3152 quan-

731 3189 894 3242 quam
935 3171 986 3222 in
1042 3169 1316 3238 prioribus
1363 3167 1515 3219 libris
1551 3180 1711 3218 nemo
1748 3179 1907 3218 suum
1945 3163 2237 3232 praetixerit
2275 3179 2471 3219 nomen
2500 3166 2543 3229 ⁷,
2585 3175 2641 3218 ιιι
2681 3177 2762 3220 est
2797 3165 3002 3222 Graecis
3035 3169 3396 3234 consuetudo,
3441 3185 3722 3242 nunquam
3761 3185 3862 3225 suo
3898 3189 4005 3223 no-

736 3276 876 3310 mine
902 3257 1158 3323 cvulgare
1191 3269 1309 3322 qme
1345 3255 1447 3320 ipsi
1483 3267 1583 3304 suo
1618 3259 1792 3304 marte
1827 3264 1933 3304 non
1962 3250 2341 3314 elaborarunt,
2376 3252 2473 3306 sed
2509 3253 2676 3307 veluti
2712 3262 2978 3310 centones
3010 3255 3276 3324 quosdam
3313 3272 3379 3310 ex
3411 3258 3580 3311 variis
3611 3258 3953 3328 collegerunt
3984 3277 4001 3312 :

733 3347 1080 3400 evidentibus
1109 3355 1291 3397 tamen
1327 3340 1722 3410 propemodum
1756 3339 2098 3405 conjecturis
2128 3339 2441 3408 colligimus
2472 3339 2869 3396 (Ecumenium
2903 3358 3026 3398 esse
3063 3345 3260 3412 partim
3303 3354 3578 3398 auctorem
3616 3345 3832 3409 horum,
3868 3363 4003 3416 par-

736 3449 830 3486 tuu
858 3435 1207 3486 t-ollectoreni
1243 3449 1254 3480 :
1291 3430 1381 3497 qui
1417 3439 1596 3482 tamen
1636 3428 1933 3491 interdum,
1965 3427 2054 3479 ubi
2080 3441 2232 3480 suam
2261 3435 2385 3496 post
2413 3429 2551 3483 alios
2576 3429 2783 3499 profert
2813 3432 3167 3495 sententiam,
3204 3447 3362 3486 suum
3401 3448 3620 3502 quoque
3656 3433 3866 3488 addidit
3901 3453 4008 3486 llu-

734 3540 878 3584 men,
904 3537 971 3576 ne
1000 3521 1126 3590 quis
1164 3521 1307 3572 illam
1339 3518 1464 3572 aliis
1497 3517 1789 3578 tribueret,
1820 3531 1984 3584 quam
2029 3517 2144 3584 ipse
2173 3516 2393 3585 dignam
2437 3532 2544 3571 non
2573 3519 2831 3572 censebat
2871 3533 2994 3588 qua
3026 3534 3148 3573 cum
3182 3535 3371 3572 eorum
3399 3521 3687 3575 sententiis
3719 3521 4007 3574 conferre-

734 3622 842 3664 tur.
883 3610 1124 3662 Plurima
1157 3615 1338 3660 autem
1368 3606 1646 3672 excerpsit
1687 3619 1752 3657 ex
1796 3606 2210 3675 Chrysostomo.
2247 3604 2407 3673 cujus
2437 3614 2618 3661 tamen
2651 3620 2848 3660 nomen
2883 3617 3012 3660 tunc
3057 3607 3235 3662 solum
3269 3607 3391 3660 addi
3429 3608 3663 3670 curavit,
3707 3622 3830 3661 cum
3876 3610 4006 3677 ejus

733 3700 897 3753 verba
939 3703 1267 3758 rccenscret,
1322 3710 1427 3748 non
1471 3703 1651 3746 autem
1699 3711 1820 3747 cum
1866 3694 2040 3762 ipsius
2074 3694 2404 3747 sculentiam
2458 3693 2922 3748 contractioribus
2981 3694 3164 3748 verbis
3207 3693 3459 3748 rt-ferret.
3509 3694 3664 3759 Quod
3713 3705 3892 3750 autem
3929 3699 4004 3751 sit

732 3791 1109 3844 (Eeuiiienius
1142 3789 1236 3857 qui
1270 3789 1385 3841 lucc
1424 3787 1605 3840 omnia
1640 3794 1834 3854 pra-ter
1869 3786 2253 3855 Apocalypsim
2297 3782 2482 3844 nobis,
2520 3789 2580 3834 ut
2605 3795 2755 3834 nunc
2786 3780 2840 3834 in
2878 3781 3056 3835 lucem
3092 3779 3353 3842 eduntur,
3394 3781 3702 3848 tradiderit,
3729 3782 3812 3836 his
3846 3786 4012 3836 coiti-

734 3880 916 3948 gimus
955 3877 1317 3945 argumentis.
1352 3873 1594 3927 Primum
1634 3874 1928 3942 postremis
1969 3872 2493 3927 commentariorum
2531 3869 2713 3924 verbis
2751 3868 3006 3938 Epistolm
3037 3868 3103 3921 ad
3147 3869 3530 3931 Colossenses,
3563 3871 3786 3938 preprio
3833 3871 4006 3923 ctiam

736 3967 957 4020 nomine
1003 3963 1236 4032 margini
1285 3965 1526 4032 pra-fixo,
1579 3963 1773 4014 scribit
1819 3962 1872 4014 in
1925 3961 2072 4013 hunc
2108 3961 2331 4014 ntodum
2361 3977 2372 4011 :
2403 3957 2540 4012 Cum
2589 3957 2658 4011 ab
2698 3956 2996 4024 exemplari
3053 3972 3161 4009 non
3202 3958 3409 4026 integre
3472 3957 3802 4010 invenissem
3854 3957 4008 4011 beati

735 4053 963 4107 Joannis
998 4054 1208 4107 scholia
1261 4055 1312 4104 in
1351 4051 1648 4119 lﬁpistolani
1698 4050 1764 4101 ad
1817 4050 2198 4113 (lolosscnscs,
2232 4047 2538 4115 conscripsi
2574 4046 2666 4098 illa
2697 4057 2754 4099 ιιι
2786 4045 2963 4113 potui.
3001 4043 3057 4098 Si
3085 4045 3216 4113 quid
3268 4046 3432 4113 igitur
3471 4045 3524 4098 in
3577 4046 3714 4114 ipsis
3748 4046 3861 4100 leve
3906 4061 4007 4102 ςειιι

738 4142 1164 4211 reprehensione
1209 4139 1434 4208 dignum
1472 4140 1748 4191 inventum
1787 4136 1970 4199 fuerit,
2003 4137 2215 4190 noverit
2246 4137 2292 4191 is
2331 4138 2422 4204 qui
2471 4135 2622 4204 legit,
2671 4148 2852 4188 meum
2887 4149 3010 4188 esse
3062 4134 3377 4202 hujusmodi
3421 4135 3655 4204 lapsum.
3700 4153 3718 4186 ι
3757 4135 4005 4191 Rursum

739 4240 934 4298 quarto
963 4229 1030 4283 ad
1058 4226 1322 4297 Ephesios
1355 4227 1534 4294 rapite
1556 4225 1712 4278 halict
1744 4225 1857 4277 lucc
1890 4226 2074 4287 verba,
2103 4224 2288 4276 addito
2309 4223 2391 4277 int

2353 4224 2630 4294 tmargine
2651 4221 2974 4276 (Ecumeuii
3005 4222 3225 4276 nomine
3257 4241 3269 4275 :
3306 4223 3446 4291 Ὅρα
3469 4239 3520 4273 τι
3552 4224 3706 4291 κάγὼ
3739 4226 3966 4292 ἐνόμιω,
3994 4243 4005 4255 ·

738 4318 859 4370 οὔτε
906 4318 1011 4385 γὰρ
1034 4315 1274 4385 ixi-3pr
1304 4315 1373 4365 τὰ
1394 4313 1488 4364 τοῦ
1528 4313 1797 4380 μακαρίου
1831 4315 2040 4381 νοῆσαι.
2076 4311 2188 4364 lloc
2217 4320 2298 4364 est
2334 4325 2345 4360 :
2382 4330 2390 4362 ι

2382 4329 2399 4362 ι
2441 4309 2833 4369 Animadverte
2868 4308 2996 4377 quid
3027 4317 3080 4362 ct
3111 4309 3240 4362 mihi
3273 4311 3446 4363 visum
3480 4311 3550 4364 sit
3580 4328 3592 4362 :
3626 4326 3801 4380 neque
3855 4314 4009 4366 cnim

739 4406 923 4459 datum
972 4405 1074 4457 fuit
1111 4419 1232 4472 quae
1275 4402 1449 4470 ipsius
1499 4404 1676 4454 saneti
1722 4408 1852 4455 sunt
1879 4400 2256 4461 considerare,
2293 4416 2312 4448 ι
2346 4397 2802 4468 Chrysostomum
2845 4396 3179 4466 intelligens,
3218 4406 3444 4466 propter
3492 4400 3638 4466 quod
3674 4409 3728 4452 et
3770 4397 4005 4453 Joannis

741 4508 938 4546 nomen
973 4493 1027 4545 in
1057 4491 1308 4560 margine
1342 4489 1664 4556 adjunctum
1689 4497 1828 4540 erat.
1865 4485 2010 4539 Satis
2041 4488 2225 4555 itaque
2266 4486 2506 4541 ostendit
2533 4483 2902 4540 (Ecumenius
2935 4500 2994 4538 se
3033 4485 3380 4538 collectorem
3423 4501 3546 4540 csse
3579 4492 4006 4542 commentario-

741 4598 862 4634 ιιιιιι
897 4582 950 4634 in
986 4596 1177 4634 omnes
1205 4579 1502 4650 Epistolas,
1539 4592 1642 4630 non
1671 4586 1849 4630 tamen
1881 4575 2046 4628 ullam
2075 4575 2200 4627 alibi
2236 4574 2428 4630 fecisse
2459 4574 2704 4643 suipsius
2735 4573 3086 4634 mentionem,
3117 4586 3181 4623 eo
3227 4573 3371 4640 quod
3403 4573 3455 4624 in
3493 4573 3601 4626 illis
3631 4582 3825 4626 nactus
3859 4585 4007 4630 ('SSL'I

744 4670 1014 4737 integrum
1039 4665 1417 4736 Chrysostomi
1448 4665 1746 4733 exemplar.
1782 4662 2020 4717 Rursum
2053 4661 2219 4730 hujus
2243 4663 2521 4716 enarratio
2548 4661 2772 4732 ponitur
2805 4658 3145 4729 frequentius
3172 4669 3294 4730 post
3326 4661 3558 4714 aliorum
3585 4662 4004 4730 explicationes,

744 4776 766 4811 r
790 4759 1020 4810 ulilendo
1054 4755 1330 4808 interdum
1366 4768 1587 4807 causam
1629 4766 1815 4805 eorum
1845 4766 1967 4820 qua:
1998 4751 2278 4820 praemissa
2308 4758 2489 4814 erant,
2515 4748 2766 4804 addendo
2797 4747 2959 4803 etiam
3003 4762 3112 4802 non
3153 4762 3297 4811 raro,
3343 4767 3360 4799 ι
3409 4748 3536 4802 Mihi
3565 4763 3784 4820 quoque
3815 4751 3888 4805 ita
3926 4753 4007 4805 vi-

741 4846 901 4897 detur
929 4858 1088 4912 posse
1114 4842 1244 4895 dici.
1278 4859 1295 4892 ι
1333 4839 1473 4906 Quid
1514 4840 1559 4892 si
1600 4848 1650 4891 ct
1686 4839 1786 4891 hoc
1813 4838 1975 4890 modo
2003 4837 2238 4903 dicatur,
2267 4839 2424 4907 juxta
2456 4838 2600 4891 hunc
2632 4836 2969 4892 intellectum
3005 4851 3168 4905 quem
3195 4845 3250 4891 et
3272 4837 3431 4891 divus
3454 4835 3696 4892 Joannes
3733 4839 3958 4908 suscipit
3990 4859 4005 4903 ;

741 4940 835 4984 aut
873 4933 1036 4983 etiam
1065 4927 1250 4998 Cyrilli
1289 4942 1384 4981 seu
1441 4925 1622 4978 Basilii
1667 4933 1758 4978 aut
1792 4924 2037 4993 cujusvis
2083 4926 2313 4978 aliorum
2363 4926 2584 4980 nomina
2635 4926 2790 4980 citat.
2840 4925 3013 4980 Porro
3043 4924 3152 4978 haec
3197 4924 3453 4994 plurimis
3499 4925 3635 4979 locis
3675 4926 3860 4981 videre
3898 4939 4006 4993 est,

741 5036 976 5088 quormn
1012 5019 1273 5072 mnmulla
1312 5017 1400 5070 hic
1438 5015 1867 5070 recensebimus.
1897 5014 1974 5068 Ad
2005 5013 2284 5070 Romanos
2317 5017 2513 5083 quinto
2555 5013 2620 5066 ad
2663 5027 2725 5068 ea
2768 5014 2955 5078 verba,
3001 5011 3285 5066 Peccatum
3317 5028 3419 5066 non
3453 5015 3746 5082 imputatur
3785 5016 3868 5066 ι-’ίνᾰ
3907 5034 3950 5066 Νι
3978 5035 4005 5066 n

740 5118 816 5162 est
851 5108 932 5160 (ea:
959 5122 978 5169 ,'
1007 5107 1185 5174 capite
1212 5119 1354 5158 nono
1377 5102 1442 5155 ad
1475 5117 1537 5157 ea
1570 5102 1758 5165 verba,
1796 5100 1920 5153 Nisi
1955 5101 2208 5156 Dominus
2238 5102 2473 5156 Sabaoth
2501 5101 2797 5170 reliquisset
2837 5102 2983 5154 nobis
3014 5117 3227 5164 semen;
3259 5101 3448 5170 prima:
3480 5101 3547 5154 ad
3577 5101 3898 5156 Coiiiitliios
3932 5120 4008 5182 Vl,

743 5213 866 5250 rom
904 5195 1127 5255 dicitur,
1158 5193 1261 5257 Qui
1293 5201 1584 5252 scortntur,
1614 5191 1666 5242 in
1695 5206 1887 5258 corpus
1913 5205 2067 5242 suum
2099 5198 2314 5257 peccat;
2341 5191 2518 5259 capite
2545 5204 2640 5252 vn,
2674 5188 2744 5242 Dc
2763 5188 3048 5258 virginibus
3080 5198 3392 5255 prtcceptum
3429 5187 3638 5240 Domini
3671 5205 3773 5240 non
3800 5189 3968 5243 IratusU
3995 5236 4005 5248 ,

743 5285 920 5353 capite
967 5300 1053 5347 xv,
1089 5284 1218 5336 Cum
1267 5280 1462 5332 tradidi
1479 5282 1545 5332 rit
1586 5297 1802 5349 regnum
1829 5279 1936 5332 Deo
1962 5289 2010 5330 et
2045 5278 2217 5341 Patri,
2252 5287 2305 5332 et
2334 5278 2548 5341 eodem,
2579 5275 2648 5329 L’t
2680 5278 2745 5329 sit
2782 5275 2924 5328 Deus
2949 5277 3130 5328 omnia
3160 5277 3212 5328 in
3239 5274 3506 5336 omnibus;
3553 5277 3618 5328 ad
3654 5274 3922 5344 Ephesios
3950 5293 4012 5336 ll,

743 5372 911 5426 Juxta
954 5373 1238 5435 principem
1271 5371 1546 5437 potestatis
1608 5372 1781 5428 ucris;
1813 5371 1990 5438 capite
2029 5385 2098 5422 tv.
2137 5369 2175 5418 Λ
2199 5385 2298 5429 quo
2333 5376 2498 5419 totum
2539 5381 2724 5425 corpus
2762 5364 2899 5421 quod
2931 5372 3209 5429 cooptatur
3238 5373 3284 5415 et
3319 5363 3706 5432 compingitur;
3736 5372 3789 5419 et
3812 5367 4013 5419 eodem

853 5592 867 5617 δ
905 5588 939 5640 ll
969 5587 1113 5640 l‘clr.
1150 5603 1229 5646 ιιι,
1263 5585 1332 5636 lii.

809 5786 879 5846 la)
917 5787 1126 5834 Arethas
1158 5787 1345 5833 scilicet
1383 5777 1709 5846 t'a-sariensis,
1759 5781 1900 5846 enus
1934 5778 2326 5846 [momentarius
2383 5778 2430 5846 in
2472 5776 2832 5846 Apmmlt'psmu
2867 5788 3024 5846 cxsl..l
3068 5783 3191 5840 :quid
3240 5796 3325 5829 |t0\
3366 5784 3422 5829 ,ται
3477 5795 3653 5829 annum
3707 5782 3816 5831 sit).
3879 5790 4016 5831 trimo

742 5847 844 5901 0'1
863 5838 996 5909 ἰιοξι
1021 5861 1131 5894 eum
1153 5861 1295 5908 quem
1319 5850 1512 5907 Saripsll
1538 5845 1758 5893 Andreas
1783 5841 1902 5889 item
1927 5840 2258 5897 Czesarieusis,
2296 5838 2495 5888 Aretho:
2523 5847 2773 5898 magister.
2800 5839 2927 5888 linir.
2962 5838 3168 5890 Ιδιιτεοσίιη
