4184 6466
737 412 803 475 19
1760 415 2228 475 (ECUMENIUS
2260 414 2555 475 TRlCCE
2596 414 3022 475 EPISCOPUS.
3950 406 4023 467 20

734 525 995 580 omnibus
1026 524 1266 579 monitor
1304 523 1521 579 dandus
1545 539 1604 579 es
1648 523 1795 578 :tuis
1825 522 2095 582 consiliis,
2130 521 2429 591 diligentia:
2456 536 2520 575 ac
2555 519 2839 574 industriae
2875 518 3156 588 relinquen
3180 518 3283 571 Ius.
3316 518 3397 572 An
3436 532 3536 573 nos
3568 518 3865 571 timeamus
3905 518 4020 568 ulla

736 626 785 666 te
816 623 969 683 parte
1005 613 1372 668 arctissimam
1404 611 1681 681 aequitatis
1739 612 1978 679 regulam
2026 610 2434 666 transiturum?
2477 610 2750 663 iacturum
2786 607 2993 676 aliquid
3024 617 3078 662 te
3119 609 3339 678 tuisque
3381 607 3694 675 majoribus
3736 620 3799 660 ac
3845 614 4014 673 regali

735 710 827 753 tua
878 701 1130 770 prosapia
1165 700 1474 770 indignum,
1516 708 1611 752 aut
1650 713 1678 752 a
1719 700 1830 751 tuis
1875 697 2125 751 moribus
2168 696 2455 750 alienum?
2489 712 2627 751 neve
2672 696 2742 750 ab
2787 696 3193 751 honestissimis
3234 697 3358 750 vitre
3393 696 3702 751 rationibus
3742 692 4007 749 aberres‘!

736 787 893 842 Unde
953 787 1044 842 hic
1081 788 1241 843 nobis
1282 797 1484 851 metus,
1526 795 1619 839 aut
1663 784 1793 855 quid
1836 784 1904 840 de
1949 792 2003 840 te
2043 800 2156 838 non
2200 784 2460 838 debemus
2501 784 2661 838 nobis
2699 784 2986 854 polliceri?
3027 785 3120 854 qui
3174 798 3280 837 non
3328 784 3491 839 modo
3531 794 3776 838 veterum
3825 782 4017 835 laudes

732 875 1187 945 splendoremque
1230 877 1428 946 prioris
1462 874 1661 935 aetatis,
1696 874 1787 927 sed
1836 881 1889 926 et
1930 873 2147 944 ingenia
2199 871 2537 925 laudantium
2594 872 2849 941 viresque
2914 874 3211 941 superasti.
3273 871 3616 942 Quapropter
3654 872 3740 926 bis
3784 871 4015 931 relictis.

732 979 853 1033 qum
883 972 936 1017 et
962 978 1065 1033 ego
1088 964 1293 1017 frustra
1319 964 1503 1032 eloqui
1543 970 1839 1027 tentarem,
1872 971 1926 1014 et
1970 970 2024 1014 tu
2066 961 2257 1015 invitis
2289 969 2384 1013 aut
2416 962 2688 1016 obturatis
2711 961 2897 1031 potius
2932 963 3162 1016 auribus
3193 962 3501 1031 exciperes,
3534 960 3703 1016 Deum
3746 961 4015 1031 optimum

732 1052 1142 1120 maximumque
1165 1066 1377 1120 precor,
1411 1060 1463 1107 te
1495 1052 1675 1115 nobis,
1702 1051 1812 1105 imo
1845 1049 2033 1119 patriae
2055 1064 2119 1101 ae
2156 1049 2539 1103 communibus
2571 1051 2770 1104 studiis
2800 1049 3114 1103 diutissime
3138 1060 3315 1104 servet
3345 1050 3697 1104 incolumem.

808 1140 1003 1195 Datum
1039 1138 1291 1205 Lovanii,
1318 1142 1379 1195 in
1406 1140 1639 1211 collegio
1666 1136 1999 1205 theologica,
2040 1152 2186 1190 anno
2221 1152 2248 1188 a
2278 1146 2435 1204 partu
2465 1136 2715 1206 virgineo
2742 1135 2901 1201 1545,
2935 1135 3111 1206 pridie
3140 1136 3413 1193 Kalendas
3446 1135 3684 1208 Apriles.

1971 1450 2354 1511 CANDIDO
2396 1449 2791 1511 LECTORI.

801 1765 1032 1819 Rursum
1058 1766 1109 1818 in
1145 1764 1299 1833 hujus
1334 1765 1504 1830 operis
1541 1764 1759 1817 exordio
1794 1765 2206 1825 pramonendus
2235 1766 2366 1818 mihi
2389 1782 2465 1829 es,
2496 1765 2724 1819 candide
2760 1765 2963 1828 Lector,
2996 1767 3234 1820 eumdem
3271 1781 3423 1836 quem
3464 1765 3517 1819 in
3553 1766 3723 1833 priori
3758 1774 3899 1818 tonio
3933 1780 4024 1817 or-

730 1852 905 1905 dinem
940 1869 1032 1905 nos
1059 1868 1294 1905 servasse
1319 1851 1745 1904 adnotandorum
1773 1867 2111 1904 numerorum
2140 1854 2394 1917 capitum,
2431 1861 2539 1905 tam
2562 1854 2722 1921 juxta
2753 1850 2966 1907 Graecos
2996 1870 3148 1922 quem
3178 1853 3261 1906 hic
3292 1862 3481 1906 auctor
3511 1853 3831 1913 observavit,
3856 1868 4019 1921 quam

730 1943 885 1999 furta
924 1938 1143 1991 Latinos
1173 1955 1322 2007 quem
1356 1955 1449 1992 nos
1474 1937 1745 2007 quidpiam
1782 1938 2009 1991 citantes
2048 1948 2140 1991 aut
2178 1939 2326 1992 aliud
2358 1949 2598 1993 notantes
2632 1957 2837 2009 semper
2888 1943 3176 2011 sequimur,
3211 1957 3331 1993 cum
3373 1940 3575 1993 nullam
3608 1940 3833 2008 facimus
3870 1938 4021 1992 στω.

728 2043 909 2079 corum
940 2027 1173 2094 capitum
1206 2027 1541 2079 mentionem.
1578 2023 1766 2094 Itaque
1808 2026 1962 2078 initio
1998 2027 2184 2079 statim
2232 2028 2491 2095 cujusque
2514 2028 2673 2095 faciei
2708 2031 2915 2097 positus
2944 2045 3212 2091 numerus,
3249 2027 3563 2081 Latinorum
3611 2039 3687 2081 est
3718 2046 3735 2082 :
3768 2030 3858 2099 qui
3900 2043 4023 2080 rero

730 2115 1043 2182 majusculis
1084 2114 1276 2167 litteris
1318 2128 1479 2177 supra
1505 2115 1648 2181 ipsos
1685 2114 1893 2183 pagina:
1916 2131 2099 2168 versus
2139 2116 2447 2179 ascribitur,
2488 2115 2821 2172 Gra'corum.
2856 2117 3082 2172 Rursum
3113 2117 3202 2171 ubi
3230 2118 3526 2171 Bibliorum
3563 2118 3709 2171 locus
3754 2117 4021 2185 quispiam

729 2204 887 2271 fuerit
922 2204 975 2255 in
1007 2211 1254 2255 contextu
1296 2203 1495 2255 citatus
1534 2210 1626 2255 aut
1668 2203 1735 2253 ad
1780 2204 1955 2270 ipsum
1986 2220 2192 2273 quoquo
2235 2204 2391 2257 modo
2425 2204 2680 2266 allusum,
2715 2221 2807 2259 nec
2847 2217 3023 2259 tamen
3064 2207 3119 2258 in
3155 2208 3395 2274 opposito
3427 2208 3662 2275 margine
3694 2205 3909 2257 additus
3943 2216 4021 2257 est

727 2294 952 2346 Latinus
980 2291 1167 2358 capitis
1201 2306 1469 2351 numerus,
1508 2292 1577 2342 ad
1608 2290 1847 2344 eumdem
1874 2293 1962 2359 qui
1994 2292 2153 2359 paulo
2189 2302 2309 2345 ante
2333 2292 2531 2343 citatus
2561 2301 2638 2345 est
2666 2293 2838 2345 locant
2864 2295 3123 2347 recurrito
3146 2310 3165 2358 ;
3189 2293 3433 2347 nolumus
3464 2296 3599 2347 enim
3645 2292 3849 2359 frustra
3880 2291 4024 2344 idem

727 2380 963 2450 ejusdem
998 2381 1279 2434 voluminis
1310 2386 1467 2443 caput
1513 2379 1707 2431 iterato
1745 2395 1953 2447 ponere.
1994 2380 2298 2445 Quinetiam
2339 2399 2457 2436 cum
2494 2386 2762 2438 variorum
2811 2386 3045 2454 ejusdem
3086 2387 3367 2440 voluminis
3410 2388 3644 2455 capitum
3690 2385 4023 2438 consecutite

727 2472 868 2523 dicta
901 2472 1158 2533 citantur,
1182 2470 1351 2537 posito
1392 2467 1552 2519 semel
1591 2467 1860 2519 duntaxat
1894 2468 2177 2521 voluminis
2208 2472 2442 2536 nomine,
2473 2490 2717 2527 numeros
2762 2476 2993 2543 capitum
3027 2475 3187 2527 simul
3219 2474 3569 2542 adjunximus
3604 2490 3662 2525 eo
3687 2490 3788 2541 quo
3816 2473 3911 2525 illa
3941 2474 4024 2524 ei-

725 2566 911 2612 tantur
956 2556 1159 2610 ordine.
1218 2554 1483 2607 P'azterea
1531 2553 1771 2607 eamdem
1824 2554 1907 2606 hic
1962 2556 2089 2606 mihi
2130 2554 2253 2607 dari
2281 2562 2484 2613 veniam
2528 2578 2712 2629 precor
2735 2578 2893 2632 quam
2936 2564 2989 2615 in
3029 2560 3317 2631 Euthymio
3356 2562 3641 2627 postulari,
3692 2563 3829 2628 quod
3872 2575 4023 2612 voces

725 2648 983 2705 quasdam
1021 2661 1125 2698 non
1165 2644 1435 2697 vitaret-im
1480 2660 1511 2695 α
1537 2643 1723 2710 quibus
1766 2643 2050 2695 abhorrent
2091 2644 2334 2698 nonnulli
2366 2657 2547 2702 nostro
2580 2649 2676 2702 hoc
2705 2650 2942 2716 politiori
2980 2650 3220 2703 8(BClth!
3254 2666 3456 2716 nempe,
3492 2647 3763 2709 Salvator,
3799 2648 4020 2701 saltare

725 2734 1055 2803 compassio,
1098 2732 1436 2801 dispensatio
1471 2747 1531 2783 ac
1560 2731 1783 2792 similes,
1819 2748 1879 2781 ne
1922 2731 1968 2783 si
2024 2732 2315 2785 exactiores
2359 2736 2819 2798 substitueremus,
2854 2754 2971 2798 quae
3008 2751 3285 2790 sacrarum
3328 2736 3728 2802 Scripturarum
3762 2735 4023 2787 studiosis

724 2839 826 2874 non
870 2821 998 2875 adeo
1041 2821 1179 2873 trita:
1210 2832 1398 2882 essent,
1434 2818 1677 2871 lectorem
1717 2835 1921 2886 quoquo
1954 2821 2107 2871 modo
2140 2824 2395 2874 remorari
2450 2824 2765 2877 videremur.
2798 2824 2879 2876 Ad
2904 2824 3015 2877 lucc
3048 2841 3165 2877 cum
3198 2823 3439 2877 Crwcunt
3466 2823 3736 2890 exemplar
3773 2822 4020 2888 singulo-

724 2928 843 2962 rum
883 2919 1199 2978 argumenta
1242 2910 1474 2976 capitum
1508 2909 1659 2959 initio
1707 2907 1963 2976 cujusque
2000 2908 2124 2960 libri
2163 2918 2255 2961 aut
2292 2910 2528 2977 epistolae
2566 2923 2874 2976 recenset-et,
2916 2912 3204 2964 maluimus
3243 2912 3454 2979 singula
3496 2911 3716 2978 singulis
3749 2910 4021 2974 capitibus

723 2999 1016 3068 pra'ﬁgere,
1050 3014 1111 3049 ne
1154 2995 1221 3048 ad
1254 2995 1666 3065 dignoscendum
1702 2996 1895 3063 capitis
1940 3007 2332 3065 argumentum.
2369 3013 2577 3050 necesse
2612 2999 2706 3049 tibi
2751 2999 2885 3065 foret
2927 2998 3149 3052 subinde
3196 3001 3265 3050 ad
3309 3000 3430 3051 libri
3467 3000 3678 3050 initium
3721 3012 4019 3051 recurrere.

725 3085 1063 3155 Quapropter
1092 3085 1251 3137 etiam
1282 3100 1659 3152 nonnunquam
1685 3085 1857 3135 coacti
1879 3101 2061 3136 sumus
2082 3094 2257 3152 partes
2292 3094 2465 3138 textus
2500 3086 2655 3138 aliter
2680 3103 2839 3155 quam
2896 3088 2949 3139 in
2976 3085 3158 3140 Graeco
3190 3096 3361 3140 essent
3403 3085 3693 3152 exemplari
3726 3084 3968 3137 dividere
3998 3103 4019 3141 :

721 3189 841 3226 cum
898 3170 973 3225 ibi
1013 3173 1319 3226 continuato
1373 3181 1537 3233 textu,
1582 3172 1638 3223 in
1682 3172 1920 3241 margine
1960 3172 2225 3225 duntaxat
2272 3172 2392 3226 novi
2446 3174 2639 3242 capitis
2691 3190 2939 3228 numerus
2985 3185 3356 3228 annotaretur.
3404 3173 3810 3241 Nonnunquam
3854 3173 4023 3224 etiam

720 3275 786 3313 ne
821 3268 991 3312 textus
1022 3259 1151 3312 adeo
1181 3259 1399 3311 mutilus
1437 3267 1529 3310 aut
1575 3258 1881 3311 minutatim
1908 3260 2149 3311 concisus
2181 3260 2467 3324 videretur,
2498 3261 2673 3327 plures
2714 3262 3091 3330 conjunximus
3121 3263 3364 3329 periodos
3390 3278 3505 3331 qua:
3534 3262 3588 3314 in
3617 3259 3801 3313 Gra'co
3835 3276 4021 3312 exem-

720 3348 864 3414 plari
888 3346 1074 3400 divisa?
1109 3356 1285 3409 erant,
1320 3347 1663 3414 potissimum
1704 3348 1756 3399 in
1787 3346 2031 3413 Epistola
2067 3348 2135 3398 ad
2166 3346 2430 3400 Romanos
2458 3356 2506 3400 et
2538 3348 2589 3401 in
2620 3348 2962 3418 Apocalypsi,
3001 3350 3092 3418 qui
3127 3349 3250 3402 libri
3282 3350 3333 3401 in
3368 3350 3463 3401 hoc
3487 3366 3518 3400 a
3547 3349 3750 3400 ca'teris
3781 3349 4023 3401 maxime

720 3434 1052 3488 dissidebant
1094 3449 1111 3485 :
1144 3433 1231 3485 ubi
1274 3443 1445 3485 tamen
1483 3434 1684 3485 divisas
1728 3434 2096 3501 hujuscemoli
2126 3436 2413 3488 sententias
2444 3436 2847 3504 conjunximus,
2878 3437 2947 3488 ad
2998 3438 3334 3506 singularum
3364 3437 3757 3490 enarrationem
3798 3452 4021 3487 rursum

719 3541 810 3579 eas
864 3534 955 3575 aut
998 3538 1061 3575 e1:
1104 3523 1305 3590 integro
1337 3532 1427 3571 aut
1473 3524 1526 3572 iu
1558 3530 1706 3587 parte
1761 3523 2080 3587 repetiimus.
2134 3522 2527 3592 Nonnunquam
2566 3541 2681 3578 vero
2716 3526 2851 3578 hanc
2886 3524 3104 3593 fecimus
3150 3529 3395 3579 unionem
3448 3543 3507 3578 eo
3543 3525 3680 3594 quod
3719 3524 4021 3591 permistim

720 3624 897 3679 partes
932 3612 1233 3679 huiusmodi
1274 3612 1545 3661 variarum
1588 3610 1924 3677 periodorum
1973 3628 2078 3663 non
2123 3628 2217 3662 suo
2256 3609 2441 3664 ordine
2480 3612 2928 3676 explicabuntur:
2962 3616 3101 3682 quod
3141 3615 3271 3666 adeo
3316 3614 3561 3682 frequens
3612 3622 3751 3671 erat,
3789 3622 3847 3663 ut
3896 3611 4027 3665 huic

722 3702 866 3754 malo
890 3716 992 3753 non
1033 3699 1223 3767 ubique
1255 3699 1540 3750 remedium
1567 3699 1974 3765 praestiterimus
2008 3717 2023 3750 :
2060 3698 2275 3763 ideoque
2306 3700 2388 3751 hic
2432 3710 2479 3752 te
2508 3702 2871 3765 admonemus,
2914 3713 2971 3755 ut
3017 3705 3063 3755 si
3093 3704 3306 3772 quando
3342 3704 3617 3757 sententite
3654 3702 3890 3769 alicujus
3926 3718 4025 3752 ex-

720 3790 1058 3855 plicationem
1091 3786 1350 3855 requiras,
1384 3786 1544 3837 etiam
1577 3785 1920 3852 prcecedeutis
1949 3784 2207 3838 clausula'
2242 3787 2633 3840 enarrationem
2684 3787 2945 3858 perlegas.
2971 3788 3179 3858 Sa'pius
3200 3791 3337 3843 enim
3379 3793 3467 3842 ubi
3502 3790 3767 3857 quispiam
3813 3789 4028 3841 ritatur

723 3888 909 3930 auctor
948 3886 997 3928 et
1044 3877 1339 3941 pra'scrtim
1393 3873 1638 3933 Photius,
1681 3891 1782 3925 non
1824 3890 1939 3925 eam
1979 3873 2242 3926 duntaxat
2277 3876 2467 3927 littera:
2503 3884 2709 3941 partem
2743 3892 2861 3944 qua:
2907 3878 3180 3943 proposita
3225 3887 3302 3929 est
3338 3878 3602 3935 declarat,
3633 3875 3723 3928 sed
3752 3892 3812 3928 ea
3853 3876 4025 3927 etiam

721 3981 838 4033 qua:
886 3964 1294 4031 subsequuntur.
1346 3961 1425 4013 Ne
1468 3962 1521 4012 id
1570 3977 1773 4029 quoque
1822 3969 2010 4013 temere
2054 3980 2083 4013 a
2124 3963 2272 4014 nobis
2308 3963 2510 4030 factum
2553 3964 2849 4027 existimes,
2887 3965 3027 4033 quod
3080 3981 3457 4033 nonnunquam
3500 3964 3683 4024 Pauli,
3728 3962 3882 4014 Luca:
3922 3974 4024 4015 aut

723 4050 952 4104 Joannis
984 4052 1213 4103 litteram
1259 4066 1388 4101 noro
1437 4050 1569 4102 satis
1607 4048 1759 4101 modo
1793 4050 2103 4100 rerterimus
2133 4063 2148 4099 :
2178 4050 2231 4100 id
2271 4051 2408 4102 enim
2438 4050 2612 4117 facere
2658 4052 2828 4103 coacti
2864 4068 3066 4113 sumus,
3110 4062 3165 4103 ut
3191 4053 3511 4105 scholiorum
3538 4060 3824 4118 respectum
3853 4049 4027 4101 habe-

721 4154 897 4192 remus
928 4154 945 4191 :
978 4138 1176 4206 alioqui
1206 4139 1250 4189 si
1282 4137 1509 4204 reliquos
1532 4137 1696 4187 secuti
1730 4136 2014 4202 fuissemus
2046 4138 2373 4203 interpretes,
2406 4139 2609 4191 scholia
2648 4140 2699 4190 in
2729 4139 3033 4207 hujusmodi
3073 4138 3200 4192 locis
3237 4140 3375 4191 nulli
3406 4140 3686 4192 serrissent
3723 4137 4023 4204 proposito.

725 4227 904 4297 Hujus
930 4243 1130 4296 quoque
1165 4236 1213 4279 te
1244 4226 1579 4279 admonitum
1608 4225 1783 4286 velim,
1813 4226 2013 4294 quoties
2042 4226 2186 4277 locus
2215 4228 2479 4294 quispiam
2515 4226 2566 4279 in
2596 4227 2677 4280 his
2710 4243 2775 4280 ea:
2824 4226 2993 4280 Veteri
3030 4228 3227 4279 citatur
3274 4226 3657 4288 Instrumento,
3694 4226 3829 4277 hunc
3850 4225 4026 4292 juxta

723 4318 1011 4369 versionem
1044 4316 1391 4383 Septuaginta
1426 4314 1635 4381 referri,
1669 4323 1843 4379 utpote
1874 4315 1961 4381 qui
1995 4312 2171 4365 Cra'ce
2198 4315 2543 4373 scripserunt,
2572 4313 2625 4365 hi
2654 4324 2827 4367 autent
2872 4314 3178 4368 collectores
3230 4314 3401 4368 (ἕναιεὶ
3458 4325 3661 4367 tantum
3700 4323 3849 4366 erant
3885 4331 3897 4365 :
3926 4316 4026 4379 qui

723 4406 884 4457 etiam
923 4421 1022 4455 non
1056 4420 1180 4455 raro
1217 4418 1426 4454 sensum
1463 4403 1631 4470 magis
1692 4403 1857 4454 citant
1889 4418 2043 4470 quam
2074 4402 2226 4454 rerba
2252 4418 2267 4455 :
2295 4409 2411 4463 aut,
2444 4402 2581 4471 quod
2623 4402 2749 4453 mihi
2785 4403 2955 4471 magis
3001 4403 3225 4465 ridetur,
3260 4420 3327 4456 ex
3360 4405 3613 4457 memoria
3649 4404 3834 4466 citant,
3872 4417 4018 4470 quia,

722 4501 898 4558 utpote
929 4492 1123 4551 labilis,
1157 4491 1315 4543 etiam
1343 4489 1675 4541 doctissimos
1712 4506 2083 4558 nonnunquam
2121 4490 2307 4558 fallere
2358 4491 2512 4543 solet.
2546 4488 2796 4557 Denique,
2827 4490 2882 4542 id
2912 4491 3076 4543 etiam
3114 4492 3497 4552 animadverte,
3532 4500 3789 4560 quantum
3817 4490 4019 4541 nostris

725 4581 1046 4647 temporibus
1082 4580 1135 4631 hi
1170 4579 1399 4630 serriant
1437 4578 1827 4637 commentarii,
1874 4579 2231 4645 qui,plurimis
2279 4580 2331 4631 in
2364 4577 2493 4629 locis
2529 4577 2765 4630 indicant
2798 4578 3036 4632 brevibus
3080 4596 3196 4648 ante
3241 4579 3397 4632 Pauli
3439 4580 3593 4632 verba
3633 4579 3796 4631 rariis
3875 4578 4020 4629 obsi-

722 4678 866 4735 stant
914 4666 1202 4719 lueresibus
1236 4666 1464 4733 illasque
1499 4664 1831 4732 confodiant.
1861 4666 2049 4732 Accipe
2081 4667 2276 4733 itaque,
2315 4666 2478 4717 lector
2507 4666 2749 4728 candide,
2801 4684 2862 4719 ac
2890 4668 3064 4736 fruere
3094 4668 3335 4736 felicibus
3372 4668 3623 4734 auspiciis
3641 4666 3820 4733 pra'da
3852 4682 4018 4732 quam

721 4774 786 4812 ex
815 4755 1121 4809 Graecorum
1155 4752 1478 4805 bibliothecis
1523 4752 1625 4804 tuis
1670 4752 1854 4803 usibus
1892 4753 2049 4817 primi
2085 4753 2391 4805 adveximus
2429 4768 2447 4806 :
2498 4770 2801 4823 quanquam
2836 4754 2993 4823 hujus
3022 4773 3167 4824 pars,
3214 4765 3270 4807 ut
3308 4771 3481 4808 rerum
3520 4755 3716 4823 fatear,
3758 4768 3938 4817 nempe
3965 4753 4019 4805 in

724 4841 1021 4909 Epistulam
1056 4840 1124 4892 ad
1155 4839 1445 4902 Romanos,
1485 4847 1608 4891 ante
1632 4838 1833 4904 aliquot
1876 4855 2040 4892 annos
2077 4850 2252 4905 erepta
2286 4840 2485 4907 fuerat,
2520 4841 2724 4897 Joanne
2760 4842 3018 4897 Loaicero
3043 4845 3349 4910 interprete,
3378 4859 3555 4895 rerum
3589 4842 3779 4893 mutila
3819 4842 4016 4893 admo-

722 4931 868 4987 dum,
904 4939 959 4979 ut
993 4943 1109 4995 qua
1138 4943 1200 4979 ne
1233 4927 1442 4979 tertiam
1473 4926 1680 4994 quidem
1713 4936 1915 4989 partem
1949 4927 2156 4980 haberet
2223 4944 2407 4981 eorum
2432 4945 2549 4997 qum
2584 4948 2721 4983 nunc
2749 4932 2800 4983 iu
2836 4948 2951 4984 eam
2979 4931 3278 4998 Epistolam
3305 4930 3399 4982 tibi
3425 4932 3619 4983 damus
3651 4944 3667 4980 :
3699 4945 3883 4998 eaque,
3923 4945 4018 4981 ne-

723 5020 830 5071 scio
862 5016 1015 5084 cujus
1062 5015 1206 5075 uitio,
1243 5015 1373 5065 satis
1409 5013 1690 5080 infeliciter
1721 5012 2013 5067 Latinitate
2049 5014 2250 5068 donata
2277 5032 2294 5069 .'
2327 5033 2487 5085 neque
2528 5022 2664 5070 enim
2698 5020 3033 5086 interpretem
3069 5030 3259 5071 temere
3302 5036 3557 5071 accusare
3595 5018 3746 5072 relint
3794 5031 3810 5067 :
3842 5034 4020 5084 quan-

722 5123 882 5175 quant
925 5106 969 5156 is
1001 5104 1162 5156 etiam
1201 5103 1252 5153 iu
1295 5102 1689 5169 mincupatoria
1742 5101 1985 5169 [Epistola
2020 5104 2155 5154 satis
2200 5104 2403 5157 indicat
2442 5122 2599 5174 quam
2646 5123 2746 5159 non
2798 5106 3143 5175 magnifaciat
3181 5124 3242 5161 ea
3274 5123 3390 5175 qua:
3418 5116 3607 5170 certat,
3646 5121 3855 5171 seseque
3899 5122 4019 5156 ma-

726 5195 887 5247 luisse
917 5193 970 5244 in
998 5191 1106 5243 alio
1134 5190 1334 5243 rersari
1369 5197 1698 5256 argumento.
1734 5208 1751 5238 ‹
1784 5188 2003 5255 Majori,
2038 5191 2227 5258 inquit,
2258 5193 2606 5247 delectatione
2658 5196 2710 5247 in
2744 5212 2802 5249 eo
2844 5206 3079 5249 versatus
3107 5213 3294 5259 essem,
3327 5197 3373 5249 si
3405 5196 3458 5247 in
3496 5194 3790 5262 Scriptum
3828 5208 4017 5258 scopo,

724 5286 778 5334 in
817 5282 939 5347 fide,
968 5282 1018 5331 in
1044 5278 1245 5332 Christi
1280 5278 1504 5339 meritis,
1532 5278 1787 5346 sanguine
1816 5288 1864 5329 et
1898 5292 2080 5339 morte,
2109 5288 2265 5347 atque.
2295 5282 2424 5335 adeo
2449 5282 2907 5351 injustiﬁcatione
2932 5286 3213 5337 mansisset
3246 5286 3471 5352 firmiter
3512 5302 3576 5335 ac
3609 5293 3960 5347 constanter;
3996 5304 4012 5333 ι

724 5380 774 5424 et
812 5381 929 5435 post
972 5383 1139 5434 pauca
1175 5381 1191 5418 :
1222 5385 1239 5416 ‹
1282 5364 1677 5433 Nonnunquam
1713 5382 1837 5419 sane
1875 5366 2041 5419 bonus
2084 5368 2167 5419 hic
2202 5370 2281 5419 vir
2316 5366 2441 5420 dum
2482 5367 2648 5421 Pauli
2689 5380 2910 5423 mentem
2950 5388 3052 5424 non
3087 5372 3409 5439 assequitur,
3452 5388 3543 5423 nec
3602 5370 3882 5438 respondet
3920 5387 4019 5437 per

729 5460 908 5510 omnia
943 5454 1127 5509 saeculi
1160 5453 1443 5523 analogiae,
1471 5453 1714 5520 aperibus
1750 5454 1868 5520 plus
1900 5472 2049 5521 aqua
2087 5454 2292 5515 tribuit,
2329 5466 2387 5507 ut
2414 5466 2665 5522 appareat
2694 5458 2990 5527 theologum
3021 5476 3131 5511 esse
3160 5457 3397 5512 Cra’cum
3417 5475 3433 5511 :
3460 5475 3681 5527 quorum
3708 5474 3835 5511 sane
3864 5474 4025 5511 com—

726 5547 1011 5605 mentaria.
1040 5561 1157 5597 cum
1187 5543 1459 5597 Christum
1494 5544 1715 5597 doceant
1745 5554 1792 5595 et
1827 5545 1877 5596 in
1908 5543 2111 5597 Christi
2136 5544 2369 5613 gloriam
2397 5546 2695 5613 conscripta
2726 5547 2853 5608 sint,
2892 5546 3039 5599 nobis
3071 5546 3212 5597 haud
3236 5547 3416 5598 statim
3449 5559 3569 5598 sunt
3599 5546 4015 5600 contemnenda.

728 5636 1012 5693 Cveterum,
1048 5632 1358 5685 Christiano
1402 5633 1579 5698 potius
1613 5630 1796 5699 volupe
1826 5648 1939 5685 esse
1974 5632 2143 5691 debet,
2180 5632 2353 5685 videre
2392 5642 2439 5683 et
2474 5648 2755 5701 agnoscere
2783 5649 2883 5700 quo
2912 5632 3050 5686 dono
3093 5643 3283 5687 veteres
3316 5633 3587 5687 Christum
3626 5634 4019 5701 pradicarint-

730 5724 1045 5793 Quanquam
1078 5732 1251 5775 autem
1285 5737 1385 5773 non
1416 5736 1603 5786 parum
1653 5720 1805 5772 multi
1832 5722 2184 5788 reperiantur,
2217 5722 2305 5788 qui
2341 5722 2499 5772 citius
2551 5721 2684 5772 hunc
2714 5722 3045 5787 interpretem
3082 5723 3188 5774 diri
3219 5722 3381 5776 Pauli
3408 5724 3511 5775 sint
3553 5723 3797 5790 rejecturi
3842 5740 4016 5790 quam

731 5812 918 5865 lecturi
960 5827 1187 5864 :eorum
1222 5818 1397 5861 tamen
1429 5809 1705 5861 calumnia
1753 5810 1967 5861 minime
2002 5809 2130 5861 mihi
2178 5808 2393 5875 probari
2419 5818 2608 5874 potest.
2649 5809 2758 5865 Cur
2796 5812 2932 5863 enim
2982 5828 3083 5864 non
3122 5812 3295 5879 potius
3336 5812 3441 5865 diri
3473 5810 3713 5878 Apoc-tali
3743 5823 4024 5880 pra'cepto

732 5898 1082 5970 cbsequimur,
1117 5895 1309 5952 Omnia
1337 5896 1561 5967 probate
1589 5912 1607 5961 ;
1639 5896 1785 5968 quod
1816 5897 2017 5953 bonum
2050 5904 2153 5962 est,
2187 5906 2385 5955 tenete.
2423 5917 2439 5947 ›
