4184 6466
172 404 224 473 21
1428 405 1824 468 PROLEGOM

1814 406 2015 473 IENA.
3127 472 3135 481 .
3319 404 3391 469 22
3462 468 3466 475 .

230 514 483 572 Hactenus
510 515 799 571 Louicerus
821 514 886 573 de
910 533 971 572 eo
1001 533 1151 587 quem
1174 518 1478 574 vertendum
1509 530 1831 590 susceperat.
1872 518 2066 573 Verum
2104 518 2365 573 nonnulla
2386 517 2443 573 in
2473 516 2660 587 primis
2707 517 2973 589 capitibus
3005 520 3121 574 loca
3155 519 3393 589 confere-

173 622 285 669 mus,
305 620 414 674 qua
448 605 550 673 ipsi
574 605 850 659 nobiscum
880 605 1029 676 fuere
1055 608 1110 661 in
1142 607 1329 663 Graeco
1359 611 1653 678 exemplari
1680 612 2005 675 communia,
2039 610 2198 663 veluti
2229 626 2293 663 e.c
2322 610 2491 678 ipsius
2518 608 2753 665 versione
2790 610 2975 681 liquet,
3008 625 3110 681 quo
3136 618 3185 665 et
3216 608 3281 665 de
3313 611 3395 666 his

171 705 211 751 tt
230 694 286 748 de
303 694 421 748 aliis
455 694 586 748 locis
610 695 925 761 innumeris,
959 696 1150 765 quibus
1182 715 1285 752 non
1312 700 1448 751 satis
1476 699 1614 751 inter
1636 714 1725 753 vos
1752 699 2017 763 convenit,
2045 698 2209 752 lector
2251 696 2499 767 judicare
2540 697 2713 752 valeat
2761 712 2781 753 :
2820 708 2870 753 st
2914 699 3145 766 primum
3203 697 3393 757 Graeca

175 798 417 852 ponemus,
447 782 640 836 deinde
673 794 913 839 nostram
941 785 1254 849 versionem,
1277 802 1341 839 ac
1381 786 1533 840 tertio
1560 784 1802 842 Loniceri
1833 788 2006 842 verba.
2040 785 2104 840 In
2134 787 2323 854 primis
2352 804 2509 856 super
2536 787 2632 841 illa
2657 787 2821 858 primi
2852 788 3045 856 capitis
3079 788 3262 852 verba,
3319 787 3409 842 Ad

174 868 498 925 obediendum
538 869 683 935 ﬁdei,
712 872 803 925 ubi
837 872 913 924 ait
945 872 1200 942 interpres
1224 889 1242 928 :
1271 873 1380 928 Καὶ
1409 873 1517 945 γὰρ
1542 873 1602 927 οὐ
1633 874 1716 927 δεῖ
1737 876 1826 929 πο)

1754 876 2217 947 πολυπραγμονεῖν
2246 875 2499 947 γέννησιν
2535 876 2633 930 καὶ
2655 876 2845 930 οὐσίαν
2872 875 3033 942 Θεοῦ,
3060 876 3197 929 ἀλλά
3244 876 3406 947 μόνον

175 959 455 1025 ὑπακούειν,
483 959 622 1029 quod
655 976 750 1015 nos
790 964 868 1014 ita
905 962 1233 1017 reddidimus
1261 979 1280 1015 :
1308 982 1326 1015 ι
1363 960 1543 1033 Neque
1566 964 1705 1018 enim
1736 973 1937 1030 oportet
1975 963 2072 1017 Dei
2101 963 2493 1033 generationem
2520 964 2598 1018 vel
2638 963 2995 1018 substantiam
3023 965 3231 1017 curiose
3257 979 3409 1017 scru-

174 1048 276 1113 tari,
300 1048 385 1101 sed
413 1055 619 1100 tantum
645 1048 873 1114 obedire,
911 1069 930 1103 s
966 1051 1076 1120 ipse
1098 1067 1213 1106 vero
1237 1052 1315 1105 sic
1340 1051 1493 1105 habet
1527 1068 1547 1105 :
1579 1069 1598 1104 s
1636 1050 1845 1105 Etenim
1900 1067 2004 1104 non
2054 1060 2257 1119 oportet
2290 1052 2453 1105 variis
2489 1053 2739 1119 occupari
2795 1050 2950 1106 rebus
2982 1068 3100 1105 eum
3149 1052 3240 1120 qui
3276 1049 3407 1103 Filii

174 1134 253 1187 Dei
282 1137 661 1203 generationem
688 1146 739 1190 et
759 1139 1044 1193 essentiam
1078 1140 1283 1194 novisse
1314 1140 1456 1202 velit,
1502 1138 1592 1193 sed
1633 1137 1967 1193 solummodo
2013 1139 2164 1193 verbo
2212 1138 2441 1193 obedire.
2486 1158 2505 1191 ι
2543 1137 2739 1193 Eodem
2787 1141 2986 1207 capite,
3018 1154 3179 1207 super
3228 1137 3390 1201 illud,

173 1223 440 1278 lnvisibilia
471 1226 617 1279 enim
670 1225 848 1297 ipsius
873 1242 937 1282 ex
967 1228 1243 1284 creatione
1286 1229 1477 1284 mundi
1509 1228 1766 1298 operibus
1807 1227 2083 1282 intellecta
2141 1227 2561 1298 conspiciuntur
2592 1245 2605 1281 :
2643 1226 2830 1284 Graeca
2870 1244 2889 1283 :
2923 1227 2993 1282 τά
3019 1228 3228 1297 ἀόρατα
3270 1227 3401 1296 γὰρ,

175 1313 331 1381 φησὶν,
362 1306 474 1366 οἷον
504 1313 726 1383 ἄγγελοι
753 1317 846 1369 καὶ
875 1318 928 1369 αἱ
961 1316 1119 1372 ἄλλαι
1152 1318 1433 1388 ἀσώματοι
1462 1317 1664 1371 οὐσίαι,
1700 1318 1834 1369 Ποῖα
1871 1316 2045 1370 ταῦτα
2072 1335 2087 1382 ;
2141 1316 2222 1369 Τά
2254 1315 2362 1368 ἀπὸ
2394 1316 2628 1380 κτίσεως
2677 1319 2884 1387 κόσμου
2929 1318 3007 1381 εἰς
3050 1315 3264 1384 γένεσιν
3292 1332 3399 1369 πα-

175 1399 425 1470 ραχθέντα,
452 1412 639 1456 nostra
668 1404 837 1457 versio
885 1420 904 1454 :
941 1424 960 1456 ι
994 1406 1268 1475 Siquidem
1298 1406 1604 1469 invisibilia,
1637 1406 1736 1468 ait,
1777 1416 1906 1471 puta
1934 1405 2107 1475 angeli
2165 1414 2470 1473 caeterazque
2499 1404 2813 1460 substantiae
2861 1405 3201 1472 incorporea.
3237 1403 3398 1470 Quc-

172 1505 270 1539 nam
292 1502 407 1542 sunt
437 1491 548 1545 haec
575 1492 883 1558 incorporea
904 1494 929 1546 .9
960 1494 1092 1560 Qua:
1115 1510 1180 1548 ea:
1209 1495 1472 1548 creatione
1499 1494 1681 1546 mundi
1715 1493 1783 1545 ad
1805 1510 1917 1547 esse
1939 1494 2191 1560 perducta
2231 1502 2376 1547 sunt.
2408 1510 2427 1545 ι
2466 1490 2754 1545 Lonicerus
2790 1506 2808 1544 :
2847 1510 2865 1544 ι
2913 1490 3217 1545 Invisibilia
3236 1491 3396 1555 enim,

172 1579 333 1645 inquit.
358 1579 683 1644 Qualianam
711 1580 821 1635 haec
846 1582 871 1635 1’
899 1582 1031 1647 Qua:
1057 1600 1087 1635 a
1113 1582 1327 1636 condito
1378 1581 1572 1635 mundo
1609 1580 1676 1633 ad
1706 1584 2097 1650 generationem
2126 1599 2303 1635 rerum
2334 1594 2549 1649 peracta
2584 1589 2729 1634 sunt.
2771 1599 2789 1632 ι
2830 1580 3129 1650 Statimque
3170 1589 3402 1646 postmo-

172 1665 272 1717 dum
304 1668 384 1718 ubi
414 1666 601 1722 θηται
626 1669 836 1733 habent,
860 1671 970 1723 τῶν
1009 1671 1382 1741 παρηγμένων
1421 1672 1499 1732 εἰς
1533 1671 1767 1736 γένεσιν,
1804 1686 1824 1722 n

1752 1711 1767 1735 ,
1804 1679 1985 1724 nostra
2032 1671 2198 1723 versio
2230 1687 2247 1722 :
2280 1689 2297 1719 ι
2334 1669 2415 1723 Ea
2446 1686 2564 1738 quw
2596 1670 2666 1721 ad
2687 1684 2804 1722 esse
2843 1668 3103 1735 producta
3154 1678 3275 1721 sunt
3304 1684 3322 1730 ;
3381 1687 3404 1719 s-

172 1753 423 1808 Lonicerus
449 1773 469 1810 :
511 1775 529 1808 ι
567 1756 701 1823 Quae
734 1760 1089 1828 generationis
1112 1764 1198 1813 via
1222 1760 1484 1827 producta
1511 1769 1656 1811 sunt.
1700 1777 1718 1809 s
1759 1757 1823 1810 In
1850 1759 1954 1826 ﬁne
1976 1759 2164 1823 capitis
2192 1770 2347 1824 super
2368 1773 2430 1810 ea
2458 1757 2637 1819 verba,
2673 1755 2791 1808 Non
2819 1756 2997 1809 solum
3053 1754 3282 1814 faciunt,
3315 1771 3406 1808 ve-

174 1856 269 1892 rum
297 1843 454 1896 etiam
487 1847 869 1899 assentiuntur
924 1848 1369 1915 [impetrantibus
1395 1864 1409 1903 :
1440 1837 1528 1898 ubi
1560 1846 1773 1900 Crwcus
1812 1845 2054 1899 Isidorus
2088 1846 2265 1898 retulit
2300 1846 2556 1913 quosdam
2592 1844 2747 1896 aliter
2775 1844 2960 1912 legere,
3008 1858 3070 1895 ac
3098 1844 3409 1896 contendere

170 1932 451 1997 depravatos
482 1948 593 1986 esse
622 1933 831 1988 Graecos
861 1937 1085 1998 codices,
1123 1936 1437 2004 tandemque
1472 1934 1743 2004 subjungit
1771 1953 1784 1989 :

1771 1953 1784 1989 :
1828 1934 1968 2004 Ἐγὼ
2007 1934 2062 1987 δὲ
2121 1934 2245 1988 οὔτε
2273 1935 2626 2005 ἡμαρτῆσθαι
2660 1936 2718 1986 ὲν
2744 1933 2921 2004 τούτῳ
2970 1935 3149 2003 φήσας
3176 1932 3242 1985 τὰ
3269 1934 3408 1986 ἀπο-

173 2018 359 2071 nam
388 2020 593 2089 βιϐλία,
625 2021 759 2075 οὔτε
794 2024 1169 2094 καταδραμεῖν
1216 2023 1324 2077 τῶν
1376 2024 1450 2095 μὴ
1485 2025 1820 2093 νενοηκότων
1870 2023 2121 2093 φράσας,
2173 2026 2284 2084 τοῖς
2320 2023 2730 2092 ἐντευξομένοις
2766 2021 3044 2093 ἐπιτρέψω
3072 2019 3170 2091 τὴν
3202 2019 3404 2089 ψῆφον.

170 2108 291 2175 Φημὶ
309 2109 503 2173 τοίνυν,
534 2112 615 2161 ὅτι
652 2110 837 2179 ἐπειδὴ
879 2110 975 2164 τοῦ
1015 2112 1363 2182 πλημμελεῖν
1408 2113 1469 2165 τὸ
1497 2114 1743 2165 ἐπαινεῖν
1783 2112 1908 2175 τοὺς
1946 2112 2407 2181 πλημμελοῦντας
2462 2112 2641 2181 πολλῷ
2675 2109 3083 2180 ὲργαλεώτερόν
3140 2111 3258 2162 ἐστι
3313 2111 3410 2162 καὶ

173 2196 327 2263 μεῖζον
383 2198 462 2258 εἰς
504 2198 777 2261 κολάσεως
818 2199 997 2268 λόγον,
1039 2200 1263 2263 εἰκότως
1295 2200 1535 2270 εἴρηται,
1587 2201 1661 2253 Οὐ
1691 2200 1850 2269 μόνον
1883 2200 2020 2252 αὐτὰ
2057 2198 2323 2265 ποιοῦσιν,
2356 2199 2493 2251 ἀλλά
2527 2198 2621 2251 καὶ
2644 2194 3021 2249 συνευδοκοῦσι
3055 2198 3168 2258 τοῖς
3227 2196 3406 2265 πράσ-

172 2300 339 2346 σουσιν,
372 2296 557 2338 nostra
604 2289 770 2340 versio
802 2304 823 2342 :
855 2306 874 2339 ι
913 2287 1026 2357 Ego
1060 2298 1235 2342 autem
1268 2306 1430 2357 neque
1476 2290 1531 2342 in
1576 2288 1672 2342 hoc
1700 2288 2013 2359 depravatos
2044 2305 2157 2342 esse
2193 2288 2396 2341 codices
2428 2287 2746 2354 apostolicos
2797 2302 3059 2350 asserens,
3092 2301 3256 2355 neque
3288 2301 3408 2338 cum

170 2372 235 2423 his
265 2373 347 2440 qui
370 2390 472 2426 non
506 2375 873 2428 intellexerunt
922 2377 1231 2430 contendere
1284 2376 1479 2439 volens,
1532 2378 1815 2432 lectoribus
1856 2378 2027 2429 isthuc
2062 2375 2420 2444 judicandum
2451 2376 2775 2444 permittam.
2815 2373 2941 2427 Dico
2972 2390 2996 2426 e
3031 2389 3095 2441 go
3122 2372 3260 2442 quod
3288 2389 3408 2428 cum

170 2475 239 2511 tas
269 2462 350 2528 qui
390 2472 608 2529 peccant
635 2462 945 2517 collaudare
974 2462 1124 2534 longe
1152 2465 1418 2529 operosius
1452 2466 1519 2518 sit
1545 2481 1609 2517 ac
1645 2465 1813 2533 magis
1839 2463 1907 2517 ad
1940 2464 2186 2529 supplicii
2220 2465 2482 2517 rationem
2509 2472 2832 2516 momentum
2864 2460 3057 2514 habeat
3084 2477 3245 2530 quam
3287 2478 3405 2525 pec-

169 2564 287 2608 care,
321 2551 504 2602 merito
530 2552 852 2614 dictmnest,
883 2550 1002 2605 Non
1038 2555 1216 2607 solum
1258 2568 1321 2607 ea
1355 2553 1584 2617 faciunt,
1612 2568 1798 2607 verum
1830 2554 1993 2607 etiam
2035 2553 2417 2607 assentiuntur
2477 2550 2942 2621 perpetrantibus.
2995 2569 3012 2601 ι
3072 2547 3358 2603 Lonicerus
3392 2572 3404 2605 :

176 2654 189 2682 ι
224 2635 315 2703 Ego
342 2654 459 2691 vero
492 2654 655 2707 neque
679 2656 888 2695 errasse
919 2642 1236 2695 existimans
1268 2642 1584 2709 apostolicos
1620 2641 1803 2704 libros,
1836 2658 1997 2711 neque
2054 2658 2072 2693 τ
2098 2645 2338 2694 sentiens
2366 2640 2474 2692 illis
2496 2642 2585 2707 qui
2625 2656 2727 2691 non
2754 2641 2989 2693 assecuti
3018 2648 3143 2692 sunt
3180 2651 3405 2692 mentem

174 2722 326 2789 Pauli,
360 2728 641 2782 lectoribus
667 2729 837 2783 isthuc
869 2730 1225 2799 judicandum
1259 2732 1586 2801 permittam.
1637 2728 1831 2785 Censeo
1882 2730 2045 2799 igitur
2073 2728 2211 2798 quod
2244 2728 2404 2779 simul
2439 2735 2595 2794 atque
2623 2726 2980 2797 delinquentes
3036 2728 3407 2780 commendare

172 2812 272 2863 dum
294 2814 604 2883 delinquunt
624 2818 691 2869 sit
725 2818 888 2870 multo
921 2818 1191 2871 molestius
1220 2836 1281 2872 ac
1313 2819 1487 2887 majus
1515 2836 1673 2889 quam
1690 2819 2013 2887 delinquere,
2044 2818 2233 2870 merito
2281 2817 2379 2869 hac
2411 2816 2786 2882 castigationis
2820 2816 3027 2868 ratione
3070 2814 3270 2868 dictum
3302 2824 3404 2874 est,

173 2898 269 2952 Νιιι
308 2905 479 2955 solum
511 2920 574 2957 ea
612 2902 837 2971 faciunt,
879 2921 1067 2961 verum
1102 2907 1266 2960 etiam
1295 2908 1578 2977 agentibus
1611 2908 2007 2962 assentiuntur.
2047 2924 2063 2956 I
2101 2904 2167 2958 Et
2204 2921 2503 2974 quanquam
2536 2906 2587 2957 in
2642 2905 2876 2973 margine
2909 2902 3055 2956 dicat
3084 2919 3139 2957 se
3178 2903 3409 2972 ﬁdeliter

174 2991 435 3045 reddidisse
464 2995 607 3060 quod
635 2994 875 3049 Gra'cum
898 2996 1171 3064 exemplar
1200 2996 1448 3059 habebat,
1478 3014 1544 3050 ex
1600 2997 1767 3063 ipsius
1827 3003 2001 3047 tamen
2068 2995 2303 3046 versione
2368 2994 2500 3045 satis
2555 2993 2713 3060 liquet
2764 2990 2943 3045 eodem
2998 2991 3152 3043 modo
3202 3007 3304 3061 quo
3360 3000 3410 3045 et

173 3090 249 3126 nos
283 3075 465 3129 Gra'ca
509 3076 735 3145 legisse;
782 3096 979 3145 rerum,
1030 3096 1147 3132 cum
1178 3096 1239 3134 ea
1299 3081 1456 3135 aliter
1477 3081 1841 3145 intellexisset,
1888 3080 2133 3147 quaedam
2186 3080 2519 3141 immutasse,
2574 3079 2685 3131 alia
2749 3093 2865 3131 vero
2914 3076 3209 3130 addidisse.
3270 3075 3407 3129 Item

172 3179 304 3228 super
339 3166 473 3217 illud
517 3169 725 3235 septimi
761 3170 970 3235 capitis,
1008 3168 1141 3222 Novi
1198 3170 1343 3239 quod
1391 3185 1498 3224 non
1555 3169 1763 3223 habitet
1804 3168 1860 3222 in
1912 3185 1997 3222 me
2026 3211 2039 3232 ,
2075 3170 2180 3221 hoc
2236 3175 2319 3222 est
2344 3209 2359 3233 ,
2418 3168 2471 3221 in
2530 3181 2695 3221 carne
2726 3180 2868 3228 mea,
2904 3166 3127 3228 bonum,
3167 3164 3353 3218 σηοω
3388 3183 3405 3219 :

172 3251 228 3300 Ti.
255 3253 595 3315 αὐτεξούσιον
646 3254 790 3307 θέλει
822 3258 1011 3323 δεῖξαι,
1066 3258 1164 3310 καὶ
1211 3259 1293 3311 ὅτι
1352 3261 1379 3311 ὁ
1412 3258 1697 3332 ἄνθρωπος
1738 3256 1942 3326 Κύριος
1972 3258 2070 3326 τῆς
2109 3256 2196 3308 ἐπ’
2220 3255 2385 3324 ἄμφω
2418 3252 2509 3306 τοῦ
2541 3272 2597 3306 τε
2625 3251 2831 3321 ἀγαθοῦ
2871 3254 2967 3306 καὶ
3013 3253 3184 3305 κακοῦ
3211 3250 3401 3321 ῥοπῆς.

170 3338 311 3403 Φησὶν
336 3357 460 3391 ουν
498 3344 621 3393 Οὐκ
658 3341 813 3394 οἰκεῖ
850 3343 917 3395 ἐν
966 3344 1093 3411 ἐμοὶ
1130 3345 1192 3395 τὸ
1223 3345 1493 3412 ἀγαθόν·
1544 3346 1641 3398 οὐκ
1681 3346 2209 3416 ἀποκεκληρωμένον
2266 3346 2357 3397 καὶ
2404 3344 2617 3413 ἀνάγκη
2643 3344 2754 3395 τινὶ
2794 3342 3114 3412 παραμένον
3165 3359 3255 3410 μοι
3298 3340 3406 3409 ἔχω

176 3426 221 3475 τδ
245 3427 494 3494 imi-.151»
525 3429 593 3480 τὰ
623 3430 824 3496 ἀγαθὰ,
847 3430 987 3483 ὥστε
1012 3433 1106 3483 καὶ
1137 3430 1273 3501 πρὸς
1306 3432 1425 3501 βίαν
1457 3433 1715 3500 ἀφέλκειν
1763 3452 1831 3503 με
1862 3434 1969 3486 τῶν
1999 3432 2183 3485 κακῶν
2210 3450 2221 3461 ο
2253 3431 2411 3484 τοῦτο
2437 3432 2544 3499 γὰρ
2576 3428 2810 3497 οἴκησις.
2841 3430 2873 3498 ἠ
2904 3429 2984 3487 εἰς
3014 3428 3104 3481 ἀεὶ
3151 3426 3402 3497 διαμονὴν

174 3508 373 3565 καῖοἷον
402 3516 713 3581 ὲγκάθισις.
751 3516 953 3571 Nostra
985 3522 1197 3572 versio:
1236 3539 1254 3570 s
1304 3520 1530 3573 Arbitrii
1568 3521 1866 3575 libertatem
1902 3524 2008 3575 vult
2046 3521 2344 3584 ostendere,
2379 3520 2622 3588 quodque
2652 3518 2805 3571 homo
2844 3516 3093 3569 dominus
3127 3515 3197 3568 sit
3222 3525 3406 3582 poten-

172 3603 243 3652 tia'
264 3603 325 3654 ad
353 3614 642 3673 utrumque
666 3615 774 3658 tam
796 3608 987 3659 bonum
1011 3624 1173 3675 quant
1201 3610 1422 3662 malum.
1455 3610 1543 3661 Ait
1568 3626 1691 3678 ergo
1738 3627 1753 3663 :
1790 3610 1905 3664 Non
1931 3611 2144 3662 habitat
2172 3610 2225 3661 in
2267 3623 2352 3661 ine
2408 3608 2609 3659 bonum
2645 3624 2657 3659 :
2694 3619 2799 3657 non
2840 3604 2970 3655 mihi
3026 3613 3172 3656 sorte
3215 3602 3401 3655 datum

172 3697 245 3739 aut
269 3693 585 3744 necessitate
607 3693 840 3761 quadam
874 3695 1014 3759 apud
1047 3712 1124 3748 me
1150 3712 1459 3761 permanens
1486 3696 1649 3751 habeo
1687 3706 1744 3750 ut
1776 3698 1911 3751 bona
1952 3713 2153 3763 operer,
2181 3698 2255 3749 ita
2291 3704 2348 3747 ut
2387 3697 2434 3747 vi
2464 3693 2697 3761 quadam
2723 3691 3052 3744 abstraheret
3104 3708 3183 3743 me
3211 3707 3241 3743 a
3284 3706 3402 3743 ma-

169 3776 241 3828 lis.
278 3777 415 3830 Nam
448 3796 515 3833 ea
548 3781 747 3833 dicitur
776 3782 1061 3844 habitatio,
1093 3793 1347 3851 perpetua
1378 3785 1615 3837 videlicet
1662 3788 2032 3853 permanentia
2066 3802 2127 3838 ac
2160 3787 2316 3839 relati
2374 3784 2684 3836 residentia.
2728 3801 2744 3832 ι
2782 3779 3074 3834 Lonicerus
3101 3796 3118 3831 :
3159 3798 3177 3831 ι
3222 3777 3405 3832 Liber-

171 3873 305 3917 tatem
336 3869 446 3919 rult
476 3868 774 3934 ostendere,
801 3887 982 3939 nempe
1004 3871 1143 3940 quod
1174 3872 1329 3925 homo
1361 3889 1462 3925 non
1513 3874 1581 3925 sit
1619 3874 1864 3927 dominus
1897 3874 1963 3925 ad
2007 3873 2126 3925 boni
2188 3873 2418 3940 malique
2461 3882 2810 3923 momentum.
2868 3868 3006 3920 Dicit
3059 3868 3255 3934 itaque,
3286 3865 3402 3921 Non

172 3955 355 4006 habitat
388 3958 443 4009 in
479 3972 569 4010 me
599 3958 800 4010 bonnm
829 3979 840 4012 :
871 3976 972 4011 non
1002 3970 1080 4013 est
1115 3972 1337 4025 certum,
1374 3978 1538 4031 neque
1568 3964 1861 4015 necessario
1895 3961 2035 4029 apud
2076 3976 2154 4013 me
2182 3970 2453 4027 permanet
2495 3968 2550 4009 ut
2585 3958 2777 4025 possim
2815 3956 2951 4008 bona
2987 3956 3229 4023 persequi
3258 3970 3274 4005 :
3300 3957 3405 4006 imo

171 4050 337 4094 natura
399 4061 520 4098 mea
548 4046 683 4098 adeo
710 4058 961 4115 corrupta
996 4057 1093 4114 est,
1135 4060 1191 4100 ut
1222 4051 1270 4101 vi
1300 4048 1532 4117 quadam
1564 4050 1632 4100 ad
1664 4050 1805 4102 mala
1834 4065 1913 4100 me
1955 4047 2247 4114 pertrahat.
2285 4044 2350 4099 Id
2391 4046 2531 4098 enim
2574 4055 2649 4097 est
2700 4044 2862 4097 veluti
2888 4043 3159 4095 habitatio
3183 4043 3406 4095 assidua

170 4131 478 4197 perduratio,
508 4143 559 4187 et
594 4135 1036 4190 reluticausessio
1058 4146 1136 4189 est
1182 4154 1244 4189 ac
1280 4137 1589 4189 residentia.
1630 4157 1647 4187 ι
1686 4136 1765 4189 lia:
1794 4136 1978 4190 horum
2004 4134 2318 4187 deductione
2363 4136 2495 4186 satis
2537 4142 2753 4200 apparet
2796 4150 2895 4184 non
2932 4147 3043 4185 csse
3097 4132 3406 4201 typographi

172 4218 276 4269 tilio
301 4221 549 4272 additum
589 4221 893 4275 adverbium
920 4224 1302 4291 negandinon,
1336 4225 1490 4277 initia
1516 4224 1672 4291 hujus
1721 4223 1999 4291 particula:
2036 4233 2124 4275 :et
2155 4224 2318 4275 etiam
2362 4236 2424 4274 ex
2459 4237 2517 4273 co
2550 4222 2687 4289 quod
2746 4220 2799 4271 in
2843 4219 3080 4288 margine
3119 4228 3406 4271 annotave-

176 4304 228 4351 rit
254 4318 269 4352 :
309 4323 325 4355 ι
366 4305 644 4357 Adversus
676 4306 895 4360 liberant
928 4310 1235 4362 arbitrium.
1272 4327 1290 4359 ι
1324 4308 1453 4365 Cum
1488 4321 1663 4362 autem
1715 4327 1816 4362 non
1846 4310 1977 4362 satis
2015 4319 2221 4375 caperet
2258 4308 2464 4368 (ἔνατα,
2506 4306 2737 4369 addidit,
2774 4323 2880 4359 nun
2912 4324 2925 4359 :
2952 4316 3002 4358 et
3032 4306 3196 4374 infra,
3232 4325 3249 4357 ι
3290 4304 3407 4359 Imo

171 4398 340 4443 natura
371 4410 488 4446 mea
522 4395 657 4446 adeo
690 4405 943 4463 corrupta
966 4406 1066 4457 est,
1101 4414 1118 4439 ι
1150 4396 1292 4465 quod
1313 4407 1521 4462 putaret
1553 4397 1604 4447 id
1630 4398 1769 4464 exigi
1799 4414 1823 4464 ρ

1753 4398 1769 4447 i
1799 4408 2011 4464 propter
2044 4398 2197 4449 verba
2230 4398 2502 4466 :cquentia
2530 4394 2671 4447 ὥστε
2696 4395 2787 4447 καὶ
2818 4393 2955 4463 πρὸς
2989 4394 3109 4462 βίαν
3141 4394 3399 4462 ἀφέλκειν

172 4496 225 4540 με
249 4480 344 4529 τῶν
368 4482 587 4543 κακῶν,
620 4498 735 4549 qua:
753 4497 1031 4549 perperam
1053 4483 1328 4535 intellecta
1357 4485 1534 4547 vertit,
1569 4495 1655 4536 «ut
1684 4486 1729 4537 vi
1761 4484 1993 4552 quadam
2017 4484 2085 4536 ad
2111 4484 2252 4536 mala
2278 4500 2357 4536 me
2385 4483 2673 4550 pertrahat.
2696 4502 2712 4533 ι
2748 4485 2875 4536 Haec
2903 4483 2998 4534 alii
3015 4497 3193 4549 prava:
3218 4484 3407 4536 mentis

169 4568 320 4629 potius
353 4585 470 4620 esse
496 4567 734 4621 dicerent
773 4585 933 4636 quam
980 4569 1299 4638 ignorantia:
1333 4586 1351 4623 :
1395 4579 1504 4622 tum
1552 4580 1764 4638 propter
1785 4590 1847 4627 ea
1888 4590 2005 4642 quea
2052 4588 2213 4641 supra
2271 4574 2493 4626 recitata
2547 4581 2668 4626 sunt
2694 4588 2759 4625 ex
2804 4573 3191 4640 nuncupatoria
3244 4572 3411 4640 ipsius

176 4651 418 4717 Epistula,
450 4668 564 4707 tum
586 4666 799 4725 propter
833 4658 943 4710 alia
981 4659 1225 4725 quadam
1255 4658 1517 4726 ejusmodi
1546 4676 1562 4711 .·
1591 4668 1645 4711 ιιι
1675 4660 1814 4729 quod
1842 4662 2099 4715 nonnulla
2133 4661 2405 4730 reliquerit
2436 4660 2505 4714 ad
2530 4660 2627 4713 illa
2659 4660 2818 4714 Pauli
2854 4660 3012 4713 verba
3067 4660 3295 4713 secundo
3320 4676 3408 4713 ca-

170 4743 257 4805 pite
289 4760 304 4795 :
338 4742 432 4798 llis
466 4745 695 4812 quidem
734 4746 825 4813 qui
862 4744 1161 4798 secundum
1190 4745 1536 4799 tolerantiam
1580 4748 1707 4800 boni
1738 4752 1940 4819 operis,
1970 4757 2106 4813 ctc.,
2158 4749 2247 4801 ubi
2288 4747 2475 4802 Graeca
2500 4747 2690 4801 habent
2727 4766 2739 4801 :
2781 4748 2855 4799 Οὐ
2890 4747 2998 4816 γὰρ
3033 4746 3192 4816 μόνον
3238 4748 3273 4816 ἡ
3317 4747 3408 4799 πί-

200 4848 264 4891 ::;
299 4833 478 4900 ἀρκεῖ,
560 4831 697 4885 am
740 4833 833 4884 καὶ
892 4832 1069 4902 ἔργων
1119 4833 1318 4903 χρεία·
1363 4834 1642 4905 ὑπομονὴν
1686 4836 1741 4889 δὲ
1780 4837 1970 4902 εἰπὼν,
2004 4837 2268 4906 γενναίως
2334 4836 2481 4906 ἔχειν
2534 4835 2777 4889 διδάσκει
2834 4836 2971 4904 πρὸς
3039 4836 3163 4899 τοὺς
3219 4852 3411 4905 πειρα-

172 4918 339 4984 cpe-3;.
374 4919 495 4972 lloc
525 4928 608 4973 est
645 4935 664 4972 :
696 4917 879 4987 Neque
904 4923 1041 4974 enim
1068 4921 1182 4974 sola
1213 4922 1343 4988 ﬁdes
1376 4924 1583 4991 suﬁicit,
1625 4922 1714 4976 sed
1765 4932 1813 4978 et
1852 4939 2011 4992 opera
2069 4933 2195 4977 sunt
2254 4923 2585 4977 necessaria.
2623 4921 2760 4977 Cum
2793 4932 2970 4975 autem
2994 4923 3131 4975 dixit
3172 4920 3409 4976 toleran-

174 5006 304 5069 tiam,
353 5009 509 5061 ducet
582 5016 641 5059 ut
698 5008 952 5061 adversus
1001 5010 1320 5064 tentationes
1369 5020 1415 5064 et
1472 5011 1776 5080 oﬁlictiones
1831 5023 2041 5068 strenue
2089 5031 2143 5067 se
2168 5014 2421 5067 habeant.
2500 5010 2621 5080 Ipse
2690 5027 2831 5076 vero,
2878 5011 3079 5065 relictis
3143 5010 3411 5080 prioribus

172 5097 319 5149 rerbis
387 5097 456 5151 de
535 5097 646 5165 ﬁde
697 5106 747 5150 et
799 5098 1067 5165 operibus,
1143 5114 1299 5152 suam
1366 5100 1651 5153 versionem
1712 5116 1745 5152 a
1808 5101 2147 5168 sequentibus
2237 5101 2446 5167 incipit,
2509 5100 2607 5152 hoc
2686 5101 2843 5153 modo
2895 5114 2913 5152 :
2964 5116 2983 5149 ι
3050 5097 3412 5153 Tolerantiam

171 5182 346 5248 dicens,
377 5185 535 5238 docet
566 5194 626 5236 ut
656 5200 769 5238 sese
797 5195 1009 5239 strenue
1029 5186 1308 5240 adversum
1342 5189 1657 5241 tentationes
1684 5198 1891 5258 gerant.
1935 5208 1952 5240 ι
1990 5189 2061 5242 Et
2088 5189 2216 5243 mihi
2239 5188 2448 5259 quidem
2485 5188 2645 5257 facile
2674 5186 3016 5257 persuadebit
3072 5188 3257 5256 priora
3311 5185 3410 5240 illa

171 5274 303 5326 rerba
320 5274 637 5327 desiderata
663 5273 832 5342 fuisse
856 5275 911 5327 in
941 5291 1037 5328 suo
1059 5275 1370 5342 exemplari,
1394 5284 1451 5328 ut
1480 5278 1617 5345 quod
1641 5278 1852 5331 tertiam
1890 5279 2102 5331 vixdum
2133 5287 2343 5346 partem
2364 5276 2608 5329 habuerit
2629 5292 2812 5329 eorum
2835 5292 2953 5345 qua!
2971 5290 3035 5328 es:
3072 5284 3253 5330 nostro
3274 5292 3390 5329 ver-

172 5359 308 5413 timus
336 5378 353 5413 :
390 5372 671 5414 at't'ereor
701 5376 763 5414 ne
781 5360 835 5413 id
864 5361 987 5415 aliis
1007 5360 1323 5429 persuadere
1354 5378 1452 5414 non
1487 5364 1675 5428 possit,
1715 5378 1774 5415 eo
1808 5368 1947 5432 quod
1978 5366 2032 5417 in
2085 5365 2341 5433 prooemio
2396 5363 2615 5423 dixerit,
2666 5362 2856 5416 bonum
2903 5364 3040 5415 hunc
3063 5362 3231 5416 virum
3278 5365 3407 5418 dum

176 5445 308 5499 Pauli
345 5458 584 5501 mentem
611 5464 715 5499 non
746 5448 1069 5518 assequitur,
1102 5464 1194 5501 nec
1221 5448 1494 5517 respondet
1522 5465 1611 5513 per
1637 5450 1814 5503 omnia
1846 5448 1970 5515 ﬁdei
1994 5448 2283 5515 analogiae,
2335 5446 2580 5515 operibus
2628 5447 2747 5515 plus
2801 5462 2950 5516 aequo
3004 5446 3251 5500 tribuere.
3300 5444 3412 5517 Ego

172 5541 321 5587 tamen
338 5551 399 5589 eo
425 5551 551 5589 sum
593 5535 905 5602 propensior
928 5536 1131 5599 animo,
1157 5543 1213 5588 ut
1259 5536 1369 5589 haec
1392 5536 1472 5589 illi
1518 5537 1798 5605 contigisse
1834 5538 2070 5599 credam,
2113 5536 2252 5606 quod
2301 5536 2424 5590 aliis
2469 5536 2622 5591 rebus
2666 5545 2940 5604 occupato,
3001 5552 3104 5588 non
3156 5538 3414 5595 vacaverit

171 5623 382 5675 exactius
412 5628 531 5676 hate
554 5624 853 5689 ponderare
883 5638 901 5675 :
926 5639 1018 5677 nec
1049 5632 1253 5676 tantum
1272 5624 1436 5676 studii
1462 5625 1639 5677 sacris
1673 5624 1884 5678 Litteris
1908 5641 1969 5677 ac
1998 5625 2148 5678 rebus
2180 5624 2484 5693 theologicis
2510 5623 2807 5690 impendere
2841 5624 3093 5692 potuerit,
3140 5639 3299 5691 quam
3333 5623 3414 5676 illi

175 5710 247 5775 qui
272 5712 433 5766 nullis
456 5712 590 5765 aliis
626 5711 873 5765 distracti
909 5713 1125 5777 studiis,
1164 5714 1259 5763 toti
1292 5714 1373 5765 his
1403 5713 1730 5768 incumbunt.
1766 5712 2027 5769 Caeterum
2056 5713 2373 5783 priusquam
2396 5713 2464 5765 ad
2492 5713 2663 5781 ipsam
2707 5712 2955 5765 accedam
2998 5712 3412 5772 enarrationem,

176 5799 373 5857 primum
402 5801 526 5854 loca
550 5799 807 5869 quadam
839 5800 1121 5869 subjiciam
1155 5802 1206 5853 in
1236 5802 1423 5871 quibus
1451 5801 1739 5855 dissidebat
1792 5812 2032 5857 nostrum
2082 5801 2353 5869 exemplar
2405 5801 2468 5854 ab
2500 5800 2577 5855 his
2606 5816 2723 5868 quw
2756 5798 2907 5868 vulgo
2969 5798 3416 5865 circumferuntur

178 5882 348 5942 (.necis
387 5888 793 5959 exentplaribus
824 5904 841 5944 :
867 5889 1006 5961 quod
1035 5899 1207 5945 tamen
1240 5906 1341 5944 non
1376 5906 1502 5943 raro
1525 5890 1726 5959 factum
1769 5892 1952 5960 opinor
1982 5891 2323 5945 librariorum
2374 5899 2466 5943 aut
2500 5888 2942 5959 typographorum
2990 5886 3221 5948 incuria,
3274 5887 3411 5955 quod
