4184 6466
713 353 788 419 27

1732 351 2201 415 (ECUMENIUS
2233 350 2527 411 TRICC/E
2566 349 3006 413 EPISCOPUS.

3923 344 4003 408 28

725 464 911 534 eiecit,
948 462 1242 535 pluresque
1268 461 1449 517 claudi
1478 476 1541 517 ac
1578 462 1817 533 paralysi
1848 461 2105 517 dissoluti
2138 463 2204 515 ab
2239 476 2304 515 eo
2329 496 2342 523 λ

2447 479 2555 515 ατα
2586 460 2829 525 ἐξέϐαλε,
2879 461 2972 512 καὶ
3006 456 3172 530 χωλοὶ
3200 457 3295 511 καὶ
3327 454 3768 527 παραλελυμένοι
3798 454 3995 527 ἐθερα-

722 557 900 609 curati
928 565 1080 610 sunt.
1115 555 1257 626 (Act.
1286 558 1431 622 vm.)

795 645 849 701 7.
885 643 1087 700 Paulus
1127 660 1252 697 cum
1283 643 1573 698 accederet
1617 642 1943 698 Damascum
1976 644 2112 697 vidit
2138 644 2307 698 visio-

726 752 872 797 nem.
902 736 1199 806 statimque
1225 736 1557 807 evangelista
1586 735 1763 790 lactus
1791 742 1896 789 est.
1936 732 2190 804 (ιι-ιλιι.)

796 828 849 878 8.
888 828 1082 885 Petrus
1129 827 1326 898 LYddiB
1378 827 1607 882 Eneam
1659 828 2022 897 paralyticum
2057 828 2126 882 ab
2152 826 2313 882 annis

726 918 799 977 56‘
820 918 871 972 in
899 920 1600 988 grabhatodeeumbentem
1622 920 1857 973 curavit.
1894 917 2086 987 (Ιὺὶίι.)

796 1010 852 1065 9.
905 1011 1100 1065 Petrus
1149 1010 1336 1081 lappa:
1399 1020 1673 1065 mortuam
1736 1011 2063 1076 Det-cadem,
2098 1027 2219 1080 (μη
2260 1018 2315 1065 et

732 1100 966 1155 Tabitha
992 1101 1304 1169 dicebatur,
1341 1099 1464 1157 fusa
1497 1102 1748 1156 oratione
1801 1102 2062 1156 excitavit
2099 1117 2128 1154 a
2168 1117 2315 1156 mor-

732 1195 863 1249 tuis.
896 1193 1089 1266 (Ibid.)

806 1286 893 1343 10.
930 1285 1124 1341 Petrus
1152 1301 1246 1341 vas
1288 1300 1318 1340 e
1346 1285 1488 1341 caelo
1528 1284 1872 1341 descendens
1913 1287 2133 1356 pleuqu
2165 1287 2313 1340 omni

735 1394 931 1449 genere
967 1378 1283 1431 animalium
1318 1377 1480 1431 vidit.
1506 1377 1646 1448 (Act.
1678 1378 1790 1446 10.)

810 1469 895 1523 l-l.
952 1466 1145 1522 Petrus
1191 1476 1449 1523 servatus
1510 1483 1572 1521 ac
1623 1469 1838 1522 vinctus
1874 1468 1927 1522 in
1960 1482 2207 1530 carcere.
2252 1466 2321 1521 ab

737 1564 932 1631 angelo
967 1562 1181 1617 solutus
1208 1571 1314 1623 est.
1340 1560 1722 1631 ignorantibus
1777 1561 1827 1615 id
1862 1562 2129 1615 militibus
2165 1578 2178 1613 :
2214 1558 2321 1615 lle-

741 1654 1009 1723 rodesque
1036 1668 1065 1706 a
1094 1654 1369 1708 vermibus
1396 1667 1593 1706 exesus
1620 1653 1941 1721 exspiravit.
1973 1655 2112 1722 (Act.
2142 1653 2255 1719 15.)

814 1745 903 1799 12.
932 1746 1130 1799 Paulus
1156 1745 1208 1798 in
1240 1744 1421 1814 Cypro
1448 1742 1693 1812 Elymam
1733 1760 1947 1811 utagum
1992 1744 2320 1814 increpavit,

740 1846 793 1892 et
826 1852 1004 1892 caecus
1041 1837 1217 1892 factus
1248 1846 1333 1892 est
1362 1838 1479 1906 ipse
1512 1851 1722 1906 magus.
1749 1836 1890 1900 (Act.
1929 1836 2042 1906 13.)

822 1931 910 1985 15.
942 1929 1144 1984 Paulus
1178 1928 1388 1999 Lystris
1415 1944 1536 1983 cum
1594 1929 1687 1997 qui
1721 1944 1747 1978 a
1783 1928 2070 1983 nativitate
2096 1927 2327 1985 claudus

744 2033 862 2076 erat
893 2038 989 2092 per
1023 2037 1222 2076 nomen
1249 2021 1464 2075 Domini
1491 2020 1705 2075 sanavit
1744 2020 1884 2088 (Act.
1917 2022 2032 2082 H.)

824 2116 910 2169 14.
944 2114 1146 2168 Paulus
1171 2129 1199 2168 a
1228 2113 1441 2169 visione
1473 2115 1525 2169 in
1547 2113 1921 2168 lllacednuizuu
1959 2121 2186 2169 vocatus
2218 2119 2326 2167 cst.

750 2212 889 2280 (.tct.
923 2206 1033 2274 16.)

824 2303 908 2357 15.
941 2301 1143 2355 Paulus
1186 2301 1473 2354 mulierem
1524 2316 1646 2370 quae
1678 2300 1931 2369 spiritum
1968 2299 2201 2353 habebat
2250 2297 2332 2352 di-

749 2395 1047 2449 vinatorem
1080 2391 1344 2460 Philippis
1371 2392 1707 2446 emendavit.
1734 2390 1924 2461 (Ibid.)

829 2486 916 2541 16.
945 2484 1150 2539 Paulus
1186 2498 1236 2540 et
1272 2484 1431 2555 Sylas
1483 2484 1535 2537 in
1586 2499 1861 2539 cascerem
1910 2485 2143 2552 conjecti
2187 2493 2334 2548 sunt,

755 2576 1030 2647 pedesque
1068 2579 1212 2646 ligno
1244 2577 1574 2630 constrictos
1604 2575 1878 2629 habebant
1908 2576 2122 2629 :media
2154 2584 2337 2628 autem

759 2679 924 2725 nocte
973 2679 1316 2723 terrauuotus
1361 2668 1541 2723 factus
1597 2677 1701 2729 est,
1754 2684 2059 2737 eorumque
2119 2668 2339 2722 vincula

756 2763 1024 2818 dissoluta
1053 2770 1199 2817 sunt.
1234 2759 1422 2831 (Ιὸἰιι.)

836 2855 926 2909 17.
975 2854 1019 2907 Α
1059 2869 1292 2924 corpore
1322 2854 1476 2907 Pauli
1529 2852 1851 2907 deferebant
1907 2850 2127 2905 sudaria
2179 2866 2344 2920 super

761 2948 1011 3002 inﬁrmos
1084 2962 1148 3001 ac
1235 2946 1509 3001 dauuonio
1568 2953 1815 3010 vexatos,
1883 2954 1936 2999 et
1982 2943 2342 2998 curabantur.

762 3039 905 3109 (Αοι,
936 3038 1050 3108 l9.)

836 3133 931 3188 13.
992 3130 1195 3187 Paulus
1234 3130 1449 3185 Troade
1497 3129 1828 3201 Eutychum,
1880 3128 1973 3198 qui
2025 3142 2053 3181 a
2107 3128 2343 3182 fenestra

768 3222 1045 3277 ceciderat
1070 3231 1124 3275 et
1167 3229 1419 3274 mortuus
1451 3230 1589 3278 erat.
1615 3221 1895 3285 excitavit,
1934 3220 2125 3273 dicens
2157 3237 2169 3271 :
2210 3218 2345 3271 Ani-

766 3328 853 3367 ma
877 3314 997 3382 ejus
1031 3314 1085 3367 in
1112 3314 1231 3382 ipso
1259 3322 1362 3367 est.
1398 3313 1538 3383 (Act.
1564 3312 1683 3380 ΞΟ.)

843 3406 931 3461 19.
964 3405 1101 3460 Cum
1150 3406 1381 3459 Romam
1418 3420 1611 3459 versus
1641 3405 1921 3474 navigaret
1951 3406 2176 3469 Paulus,
2205 3413 2348 3460 tem-

773 3508 1041 3571 pestatem
1086 3500 1233 3567 passi
1285 3507 1413 3553 sunt
1462 3499 1577 3567 ipse
1615 3513 1918 3567 omnesque
1940 3480 2034 3568 qui
2063 3514 2191 3553 cum
2227 3499 2352 3569 ipso

774 3594 828 3648 in
850 3592 973 3647 navi
1005 3600 1184 3653 erant,
1213 3591 1627 3659 quattuordecim
1654 3590 1773 3645 dies
1805 3606 1910 3644 una
1929 3591 2313 3646 cumnoctibus
2339 3606 2354 3644 :

776 3689 1034 3744 omnibus
1117 3698 1297 3742 autem
1370 3702 1492 3741 sese
1558 3687 1833 3756 perituros
1937 3686 2356 3751 arbitrantibus,

2416 554 2696 623 πεύθησαν
2723 553 2814 608 ὑπ’
2833 551 3023 608 αὑτοῦ.

2487 645 2553 710 ζ’.
2580 645 2792 708 Παῦλος
2822 644 3059 713 ἐγγίζων
3086 645 3152 715 τῇ
3210 642 3488 715 Δαμασκῷ
3531 638 3669 696 εἶδεν
3702 641 3999 710 ὀπτασίαν,

2418 739 2516 791 καὶ
2548 737 2711 799 εὐθὺς
2744 738 2969 805 γέγονεν
3001 735 3419 806 εὐαγγελιστής.

2489 829 2560 901 η’.
2587 830 2793 899 Πέτρος
2819 830 2878 883 ἐν
2911 828 3091 902 Λύδδῃ
3116 827 3335 882 Αἰνείαν
3366 830 3458 882 τδν
3491 830 3862 899 παραλυτικὸν
3898 828 4003 884 ἀπ’

2420 924 2560 978 ἐτῶν
2587 922 2675 988 λς’
2699 925 2756 977 ἐν
2787 922 3084 994 κραδόἀτῳ
3111 921 3469 990 ἀνακείμενον
3500 923 3886 995 ἐθεράπευσεν.

2492 1017 2560 1071 θ’.
2620 1018 2824 1088 Πέτρος
2888 1017 2947 1067 ἐν
3001 1013 3213 1085 Ἰὡππῃ
3273 1015 3374 1084 τὴν
3423 1013 3805 1068 ἀποθανοῦσαν
3862 1016 4004 1083 Δορ-

2422 1108 2561 1161 κάδα
2590 1110 2689 1180 τὴν
2734 1109 2831 1161 καὶ
2860 1106 3144 1179 Ταδηθάν,
3194 1106 3493 1175 εὐξάμενος
3539 1107 3764 1177 ἦγειρεν
3816 1107 3880 1159 ἐκ
3917 1121 4008 1157 νεο

2424 1199 2595 1269 κρῶν.

2498 1298 2549 1344 ι’.
2585 1291 2792 1362 Πέτρος
2844 1290 2906 1344 τδ
2932 1290 2991 1356 ἐξ
3027 1288 3261 1360 ούρανοῦ
3293 1288 3488 1353 σκεῦος
3517 1289 3845 1359 καθιέμενον
3869 1288 4014 1356 ττλῆ-

2427 1398 2521 1451 ρες
2557 1382 2755 1443 παντὸς
2780 1380 2918 1442 ζώου
2949 1380 3217 1449 ἐώρακεν.

2500 1473 2589 1528 ια’.
2626 1474 2835 1543 Πέτρος
2883 1472 3223 1543 τηρούμενος
3257 1474 3353 1525 καὶ
3385 1472 3671 1541 δεδεμένος
3723 1472 3783 1523 ἐν
3805 1474 3871 1540 τῇ
3900 1489 4017 1537 φυ-

2428 1567 2590 1635 λακῇ,
2624 1565 2727 1619 ὑπξ
2757 1564 2990 1632 ἀγγέλου
3047 1563 3315 1631 ἀπελύθη.
3344 1565 3418 1631 μὴ
3450 1563 3671 1615 εἰδότων
3701 1562 3809 1615 τῶν
3838 1578 4020 1632 στρα-

2428 1657 2672 1709 τιωτῶν
2716 1656 2812 1708 καὶ
2841 1656 2869 1708 ὁ
2933 1653 3183 1725 Ἡρώδης
3236 1654 3703 1723 σκωληκόϐρωτος
3761 1651 4017 1721 ὲξὲψυξε.

2503 1748 2588 1818 ιβ’.
2625 1748 2711 1799 Ἐν
2758 1746 2972 1817 Κύπρῳ
3018 1747 3352 1815 ἐπετίμησεν
3382 1747 3411 1797 ὁ
3466 1744 3679 1807 Παῦλος
3718 1743 3797 1813 τῷ
3852 1743 4021 1813 μάγῳ

2358 1829 2404 1882 Β
2445 1840 2671 1911 Ἑλύμᾳ,
2697 1839 2791 1893 καὶ
2822 1840 3039 1908 ἐγένετο
3070 1839 3267 1906 τυφλὸς
3300 1839 3463 1900 αὐτὸς
3500 1840 3528 1891 ό
3565 1840 3757 1907 μάγος.

2507 1940 2597 2000 ιγ’.
2640 1933 2849 1995 Παῦλος
2913 1934 2971 1984 ἐν
3001 1931 3269 2001 Λύστροις
3298 1931 3471 2001 χωλὴν
3519 1930 3584 1982 ἐκ
3612 1930 3838 1998 γενετῆς
3885 1929 4025 1981 ὄντα

2437 2027 2808 2097 ἐθεράπευσεν
2840 2026 2896 2077 ἐν
2922 2025 2999 2094 τῷ
3025 2024 3252 2093 ὀνόματι
3288 2024 3379 2076 τοῦ
3413 2023 3643 2092 Κυρίου.

2517 2117 2597 2171 ιδ’.
2632 2118 2839 2179 Παῦλος
2869 2118 2977 2171 ἀπὸ
3000 2117 3265 2178 ὀπτασίας
3302 2117 3382 2177 εἰς
3408 2114 3749 2168 Μακεδονίαν
3788 2111 4025 2181 ἐκλήθη.

2538 2308 2596 2357 ε’.
2641 2301 2848 2364 Παῦλος
2865 2304 3097 2369 γυναῖκα
3114 2298 3339 2369 ἔχουσαν
3364 2296 3582 2369 πνεῦμα
3618 2296 3870 2357 Πύθωνος
3889 2295 4034 2347 Exa-

2454 2395 2675 2465 θάρισεν
2709 2396 2765 2446 ἐν
2794 2394 3105 2456 Φιλίπποις.

2517 2485 2614 2549 ις’.
2653 2485 2866 2548 Παῦλος
2918 2485 3013 2538 καὶ
3040 2484 3215 2550 Σύλας
3271 2488 3348 2549 είς
3384 2481 3632 2551 ’μυλακὴν
3688 2478 4035 2548 ἐκλήθησαν,

2447 2576 2538 2629 καὶ
2561 2575 3005 2646 ἠσφαλισμὲνους
3035 2570 3183 2645 εἶχον
3215 2577 3339 2637 τοὺς
3368 2574 3529 2635 πόδας
3555 2573 3611 2621 ὲν
3646 2569 3722 2637 τῷ
3754 2568 3916 2637 ξύλῳ.
3937 2568 4038 2619 Ἐν

2447 2668 2503 2721 δὲ
2536 2667 2613 2739 τῷ
2669 2668 3008 2739 μεσονυκτίῳ
3038 2669 3260 2739 σεισμὸς
3295 2667 3489 2735 γέγονε
3516 2664 3612 2716 καὶ
3654 2662 3820 2731 ἐλύθη
3842 2659 4039 2713 αὐτῶν

2448 2760 2516 2812 τὰ
2539 2760 2735 2829 δεσμά.

2524 2852 2609 2916 ιζ’.
2660 2854 2795 2904 Ἀπο
2839 2852 2934 2905 τοῦ
2968 2853 3175 2924 χρωτὸς
3226 2851 3440 2905 Παύλου
3478 2848 3742 2917 ἀνέφερον
3772 2844 4045 2913 σουδάρια

2454 2941 2550 2993 ἐπὶ
2580 2941 2705 3003 τοὺς
2734 2940 3095 3003 ἀσθενοῦντας
3124 2941 3219 2994 καὶ
3248 2937 3662 3008 δαιμονιῶντας,
3718 2934 3813 2985 καὶ
3840 2930 4043 2999 ἐθερα-

2454 3032 2686 3085 πεύοντο

2529 3122 2622 3195 ιη’.
2658 3124 2870 3187 Παῦλος
2900 3126 2959 3178 ἐν
3004 3123 3220 3193 Τρῳάδι
3252 3121 3486 3174 πεσόντα
3531 3119 3769 3185 Εῦτυχον
3796 3115 3902 3167 ἀπ’)
3934 3112 4047 3181 τῆς

2453 3218 2689 3288 θυρίδος,
2750 3218 2845 3270 καὶ
2880 3217 3220 3270 ἀποθανόντα
3274 3214 3463 3284 ἤγειρε
3531 3210 3739 3277 λέγων·
3783 3207 3848 3259 Ἥ
3882 3202 4045 3273 ψυχὴ

2452 3310 2619 3363 αὐτοῦ
2651 3310 2711 3360 ἐν
2739 3308 2887 3379 αὖτῷ
2914 3313 3065 3361 ἐστιν

2528 3401 2612 3455 ιθ’.
2652 3403 2740 3466 Ὠς
2758 3401 3019 3454 ἔπλευσεν
3043 3400 3134 3452 ἐπὶ
3161 3398 3380 3467 Ῥώμην
3403 3398 3430 3448 ό
3451 3394 3687 3457 Παῦλος,
3716 3390 4056 3460 ἐχειμάσθη·

2459 3513 2557 3549 σαν
2587 3495 2750 3556 αὐτὸς
2775 3495 2872 3547 καὶ
2892 3496 2940 3546 οἱ
2980 3494 3098 3563 μετ’
3148 3490 3313 3545 αὑτοῦ
3342 3490 3540 3548 πάντες
3579 3490 3625 3539 οἱ
3653 3489 3710 3539 ἐν
3734 3483 3813 3552 τῷ
3849 3482 4055 3552 πλοίῳ,

2457 3583 2775 3653 νυχθήμερον.
2830 3583 3205 3651 δεκατέσσαρα
3227 3597 3242 3611 ·
3274 3579 3491 3632 πάντων
3524 3577 3579 3628 δὲ
3621 3572 4059 3644 προσδοκώντων

2462 3676 2777 3736 ἀποθανεῖν,
2805 3672 3034 3735 ἐπιστὰς
3063 3674 3091 3725 ὁ
3116 3671 3321 3742 Κύριος
3352 3666 3504 3722 εἶπεν
3527 3668 3676 3737 αὐτῷ
3704 3665 3782 3734 τῷ
3818 3663 4057 3732 Παύλῳ,

779 3787 968 3835 astans
1020 3777 1286 3831 Dominus
1343 3775 1535 3841 Paulo,
1560 3753 1723 3830 vdixit
1769 3777 1816 3831 ei
1859 3776 2128 3846 :Proptet'
2168 3784 2220 3831 te
2272 3775 2342 3829 his

2462 3769 2566 3833 ὅτι,
2601 3766 2700 3819 Διά
2733 3766 2789 3818 σὲ
2824 3766 3155 3835 κεχάρισμαι
3184 3762 3391 3825 τούτοις
3426 3760 3488 3813 τὸ
3520 3760 3640 3829 ζῇν,
3679 3758 3773 3810 καὶ
3836 3753 4062 3823 ἐσώθη-

779 3873 941 3925 vitam
977 3871 1242 3934 concedo,
1266 3877 1319 3923 et
1349 3869 1549 3923 servati
1591 3875 1743 3922 sunt.
1788 3868 1931 3938 (Act.
1959 3869 2075 3939 Ἦ.)

853 3964 946 4017 20.
996 3962 1267 4033 Egressus
1301 3978 1331 4015 e
1367 3962 1489 4014 navi
1528 3961 1758 4013 Paulum
1805 3961 1991 4029 vipera
2044 3960 2361 4032 momordit,

784 4064 839 4111 et
895 4070 1088 4109 omnes
1128 4053 1351 4125 quidem
1386 4052 1975 4107 arbitrabanturillum
2006 4052 2364 4114 moriturum,

2466 3876 2585 3912 σαν.

2538 3957 2607 4004 κ’.
2660 3948 2979 4015 Ἐξελθόντα
3026 3948 3117 4000 τὸν
3171 3945 3386 4000 Παῦλον
3426 3943 3533 3997 ἀπὸ
3573 3940 3666 3995 τοῦ
3710 3940 3899 3992 πλοίου
3934 3937 4063 4007 ἔχις

2468 4042 2680 4112 ἔδακεν.
2721 4043 2833 4095 Καὶ
2864 4043 2911 4094 οἱ
2939 4040 3037 4111 μὲν
3065 4040 3270 4103 πάντες
3318 4038 3569 4106 ἐνόμιζον
3598 4033 3763 4087 αὐτὸν
3797 4030 4064 4100 γίνεσθαι

783 4158 979 4199 verum
1031 4158 1156 4197 cum
1214 4142 1421 4196 illaasus
1481 4140 1900 4209 permansisset,
1973 4139 2338 4194 existimarun

2468 4132 2682 4205 νεκρόν·
2719 4132 2795 4195 ὡς
2825 4133 2882 4185 δὲ
2909 4132 3126 4194 ἀπαθὴς
3157 4132 3391 4201 ἔμεινεν,
3418 4128 3674 4196 ἐνόμισαν
3712 4125 3873 4177 αὑτὸν
3912 4116 4067 4175 εἶναι

783 4238 966 4308 ipsum
993 4251 1115 4292 esse
1135 4234 1322 4289 Deum.
1348 4235 1485 4301 (Act.
1509 4234 1628 4303 28.)

860 4329 953 4385 21.
986 4330 1205 4382 Patrem
1251 4327 1427 4382 Puhlii
1470 4326 1525 4379 in
1556 4326 1730 4380 insula
1765 4325 2078 4398 dysenteria
2120 4325 2369 4379 laboran-

2470 4225 2624 4284 Θεόν.
2712 4276 2719 4281 ,

2548 4329 2655 4376 καθ.
2692 4322 2798 4375 Τδν
2824 4316 3037 4387 πατέρα
3066 4314 3161 4367 τοῦ
3194 4312 3431 4365 Ποπλίου
3457 4312 3515 4364 ἐν
3542 4304 3612 4379 τῇ
3639 4309 3808 4379 νήσῳ,
3860 4308 4068 4359 δυσεν-

791 4429 903 4477 tem
933 4419 1142 4476 Paulus
1195 4418 1451 4473 manibus
1481 4419 1752 4486 impositis
1783 4396 2024 4485 sanavit,
2054 4418 2342 4489 multosqu

2474 4414 2635 4486 τερίᾳ
2664 4412 3047 4483 συνεχόμενον,
3098 4405 3484 4477 χειροθετήσας
3521 4404 3710 4456 ἰάσατο
3759 4400 3786 4449 ὁ
3818 4396 4069 4465 Παῦλος,

792 4521 1123 4588 aegrotantes
1147 4513 1382 4570 curavit.
1407 4510 1456 4582 (l
1467 4510 1553 4565 bid
1580 4510 1601 4581 )

2403 4538 2451 4595 ι)
2478 4507 2571 4561 καὶ
2599 4506 2791 4569 ἀλλους
2828 4502 3058 4564 πολλοὺς
3085 4495 3447 4559 ἀσθενοῦντας
3480 4494 3872 4565 ἐθεράπευσεν.
