4184 6466
160 421 212 487 29

1461 422 2054 487 PROLEGOMENA.

1850 582 1906 587 --
1946 584 1983 588 ,τ
2010 581 2339 591 *κο-*⁷

1339 714 1459 771 ΚΑΙ
1510 716 1754 785 ΑΛΛΩΣ,
1791 715 2086 773 ΥΠΟΘΕΣΙ
2094 718 2133 771 Σ

782 888 1011 976 ΤΩΝ
1084 879 1614 977 ΠΡΑΞΕΩΝ
1678 887 1907 974 ΤΩΝ
1980 886 2669 976 ΑΠΟΣΤΟΛΩΝ

1267 1223 1481 1285 [ΤΕΜ
1542 1224 1648 1284 ΕΤ
1701 1222 1913 1285 ALIO
1978 1221 2253 1285 MODO.

532 1390 1371 1483 ABGUMENTUM
1426 1390 1550 1478 IN
1627 1390 1915 1481 ACTA
2009 1386 2949 1481 APOSTOLORUM.

212 1740 261 1791 Εί
280 1737 363 1791 καὶ
391 1737 629 1807 Πράξεις
662 1737 723 1790 τδ
748 1736 952 1805 βιϐλίον
981 1736 1391 1807 ἐπιγέγραπται
1424 1737 1534 1790 τῶν
1556 1738 1688 1790 ἀπο-
1718 1743 1765 1797 Α

162 1833 341 1889 στίλων,
379 1831 497 1883 ἀλλ’
524 1831 598 1893 ὡς
636 1832 728 1882 ἐπὶ
760 1832 820 1883 τδ
874 1830 1008 1883 πολὺ
1041 1830 1141 1893 τὰς
1173 1830 1265 1883 τοῦ
1302 1830 1516 1884 Παύλου
1541 1848 1696 1902 περι-

160 1927 260 1990 έλει,
288 1924 344 1986 ἀς
376 1923 467 1975 καὶ
497 1926 526 1975 ὁ
584 1923 795 1986 Λουκᾶς
830 1922 1075 1993 ἀκριϐῶς
1129 1922 1395 1989 ἐγίνωσκε
1415 1962 1430 1986 ,
1472 1923 1568 1975 an
1600 1924 1695 1977 καὶ

163 2016 453 2083 συνέκδημος
481 2015 631 2084 αὐτῷ
662 2012 902 2082 γεγονὼς
942 2016 1037 2068 καὶ
1058 2014 1390 2084 ὁμοδίαιτος,
1425 2014 1518 2067 καὶ
1567 2014 1696 2067 πολ-

158 2110 245 2171 ioi;
267 2109 397 2176 αὐτῷ
422 2112 539 2171 τοῖς
574 2107 895 2175 ἀναγκαίοις
948 2107 1465 2178 ὑπηρετησάμενος.
1504 2107 1695 2174 ’Λναγ-

159 2201 292 2265 κσίως
318 2202 368 2253 δὲ
424 2202 536 2254 circ-‘3
568 2202 678 2253 τῶν
712 2201 886 2255 ἄλλων
919 2202 1237 2255 ἀποστόλων
1292 2200 1499 2271 ἤρξατο
1551 2202 1693 2271 πρά-

160 2296 279 2358 ξεων.
303 2295 423 2347 (Εδέ
453 2293 565 2363 γὰρ
588 2289 657 2363 ἦν
690 2293 864 2356 ἄλλως
888 2293 984 2363 τὴν
1014 2293 1153 2346 κατά
1176 2294 1266 2346 τὸν
1300 2293 1693 2347 ΠαῦλονἹστο-

159 2386 249 2454 ρίαν
273 2384 591 2451 ἀκριϐὦσαι,
649 2385 722 2456 μὴ
769 2386 866 2454 τῆς
900 2386 1007 2437 τῶν
1063 2385 1378 2437 ἀποστόλων
1412 2385 1694 2456 προτεθει-

160 2475 311 2543 μένης.
334 2474 435 2527 Ποῦ
459 2476 570 2543 γὰρ
593 2476 651 2527 τὸ
678 2476 783 2545 πρὸ
814 2475 909 2527 τοῦ
938 2475 1258 2547 προσελθεῖν
1276 2474 1351 2545 τῷ
1376 2476 1692 2545 κηρύγματι

166 2566 325 2618 Ἰιῦλον
352 2568 503 2634 ὠμὸν
539 2568 704 2619 αὑτοῦ
740 2569 832 2619 καὶ
884 2568 1148 2637 θηριῶδες
1190 2569 1325 2637 πρὸς
1357 2569 1481 2629 τοὺς
1517 2567 1693 2638 μαθη-

156 2660 232 2720 τὶις
269 2659 518 2727 διεφάνης
557 2661 653 2711 καὶ
687 2660 720 2729 ἡ
764 2659 899 2728 πρὸς
959 2660 1048 2711 τὸν
1082 2660 1301 2729 ἀνεψιὸν
1344 2661 1510 2715 αὑτοῦ
1562 2660 1693 2714 Στέ-

158 2768 288 2813 rga-20v
317 2751 403 2801 ἐπὶ
456 2752 526 2818 τῇ
563 2749 843 2819 ἀναιρέσει
880 2749 1070 2803 τούτου
1132 2752 1490 2820 συνευδοκίας
1530 2753 1624 2805 καὶ
1656 2752 1689 2821 ἡ

156 2842 517 2911 ἀπροσδόκητος
578 2840 745 2893 αὐτοῦ
799 2842 990 2910 κλῆσις
1057 2843 1151 2894 καὶ
1201 2843 1506 2913 ὲπιστροςςὴ
1554 2843 1691 2913 πρὸς

155 2936 249 2995 τοὺς
272 2935 627 3002 διωκομένους
650 2935 786 2995 τέως
810 2951 823 2998 ;
867 2936 960 2986 καὶ
990 2935 1017 2986 ὁ
1050 2934 1189 3005 ὑπὲρ
1209 2936 1320 2987 τῶν
1348 2935 1693 3005 διωκομένων

158 3022 381 3087 κίνδυνος
433 3023 467 3077 ἆ
516 3025 613 3075 καὶ
646 3023 901 3087 ὑπέκνιζε
938 3024 1024 3077 διά
1058 3024 1175 3093 βίου
1224 3026 1351 3088 τοὺς
1379 3025 1689 3089 Ἰουδαίους,

156 3116 225 3165 καὶ
246 3116 510 3182 μανιωδῶς
546 3116 745 3185 λυττᾷν
772 3115 918 3185 αὑτῴ
950 3116 1386 3186 κατηνάγκαξεν.
1416 3116 1529 3170 Οὐκ
1549 3118 1614 3171 ἄν
1638 3136 1689 3171 τι

156 3206 318 3257 τούτων
356 3207 483 3276 ἡμῖν
516 3205 776 3272 ἔγνωστο,
822 3208 895 3276 μὴ
927 3207 1024 3278 τῆς
1068 3206 1178 3259 τῶν
1209 3207 1522 3261 ἀποστόλων
1561 3226 1693 3278 προ-

154 3293 380 3367 )σδούσης
428 3295 720 3367 Ἱστορίας.
767 3298 975 3360 ’Λλλως
1040 3315 1099 3350 τε
1152 3298 1244 3351 καὶ
1292 3300 1341 3350 εί
1394 3298 1491 3351 ἀπ’
1522 3299 1689 3352 αὑτοῦ

156 3387 315 3455 ἤρξατο
346 3388 588 3451 Παύλου,
648 3390 866 3452 πάντως
926 3390 1138 3460 ἀνάγκη
1175 3390 1482 3459 χρήσασθαι
1545 3408 1691 3459 παρ-

159 3478 363 3541 ικϐἐισει,
385 3480 524 3549 πρὸς
552 3480 615 3532 τὸ
632 3478 839 3543 διδάξαι
859 3479 923 3531 τὰ
960 3479 1045 3531 ἐπ’
1069 3481 1217 3549 αὐτῷ
1248 3482 1549 3550 συμϐάντα.
1583 3484 1693 3535 Καὶ

152 3568 287 3631 οὕτως
318 3574 342 3621 ὁ
382 3576 481 3635 τῆς
548 3572 854 3641 διηγήσεως
889 3573 1218 3625 ἀνεκόπτετο
1248 3574 1427 3640 λόγος,
1477 3574 1691 3637 πολλοῖς

154 3659 623 3728 ἐπεφςρτιζόμενος.
658 3654 758 3712 Ὧν
812 3662 987 3724 ἐκτὸς,
1037 3662 1191 3715 οὐδὲν
1236 3658 1304 3733 ἦν
1364 3665 1530 3732 σαφὲς
1562 3666 1692 3734 περὶ

153 3748 323 3800 Παύλου
352 3750 674 3818 λεγόμενον.
698 3750 795 3802 Ἱν“
818 3746 909 3803 οὖν
937 3752 1268 3803 εὐσύνοπτον
1299 3753 1393 3805 καὶ
1411 3755 1501 3805 ἀνε
1513 3754 1690 3824 παχθῆ

1723 3083 1769 3143 Β

152 3840 220 3890 τὶν
244 3842 360 3907 περὶ
387 3842 561 3894 αὑτοῦ
584 3843 878 3913 ποιήσηται
909 3843 1087 3910 λόγον,
1115 3844 1319 3913 ἤρξατο
1348 3847 1444 3912 μὲν
1474 3846 1691 3898 ἀπὸτοῦ

154 3932 293 3983 κει·ιοῦ
315 3932 404 3984 τοῦ
433 3950 502 3984 πε
514 3934 572 4002 pl.
612 3934 723 3985 τῶν
761 3935 1075 3987 ἀποστόλων
1100 3935 1280 4003 λόγου.
1308 3936 1461 3987 Ἐπεὶ
1480 3936 1535 3988 δὲ
1560 3953 1694 4002 προ-

156 4023 260 4091 ἦχεη
286 4028 357 4086 εἰς
388 4026 483 4079 τὸν
522 4043 590 4077 πε
604 4026 656 4095 ρὶ
686 4026 779 4079 τοῦ
812 4027 1048 4092 Παύλου,
1078 4029 1269 4096 γέγονε
1317 4030 1377 4081 τὸ
1408 4030 1515 4083 ἀπὸ
1540 4030 1693 4083 τοῦδε

153 4117 303 4170 into}
333 4121 358 4171 ό
383 4122 607 4182 Λουκᾶς
645 4119 871 4183 σκοποῦ,
925 4120 1020 4172 καὶ
1064 4120 1152 4171 τὸν
1190 4122 1317 4190 περὶ
1376 4127 1485 4172 τῶν
1518 4122 1693 4173 ἄλλων

151 4208 274 4275 ἁτεὶς
299 4212 474 4280 λόγον,
500 4213 688 4281 ἔχεται
711 4213 872 4281 μόνου
908 4213 1003 4264 τοῦ
1028 4213 1084 4279 ἐξ
1119 4214 1314 4285 ἀρχῆς.
1342 4215 1453 4266 Οὐκ
1488 4214 1691 4284 ἔγραψε

216 4306 291 4353 καὶ
318 4304 375 4355 τὸ
407 4306 563 4367 τέλος
594 4305 830 4371 Παύλου,
886 4307 978 4358 καὶ
1012 4306 1110 4376 τὴν
1137 4309 1198 4358 ὲκ
1228 4308 1482 4377 δευτέρου
1521 4311 1691 4363 αὑτοῦ

152 4393 252 4457 τώς
278 4396 497 4462 Νέρωνα
522 4397 857 4466 ἀπαγωγὴν,
890 4398 1065 4450 καίτοι
1093 4399 1258 4468 συνῆν
1288 4402 1379 4452 καὶ
1405 4403 1522 4453 τότε
1548 4402 1692 4455 Παύ-
1720 4438 1763 4498 C

152 4483 221 4551 λε).
263 4488 416 4539 αὐτοῦ
453 4491 767 4557 γράφοντος
825 4490 1061 4552 Παύλου,
1095 4491 1195 4554 δτι,
1245 4509 1264 4542 ι
1300 4494 1512 4555 Λουκᾶς
1571 4496 1691 4547 ἐστι

153 4578 275 4639 μένος
303 4581 416 4646 μετ’
449 4580 644 4643 αὑτοῦ,
669 4600 686 4632 ι
721 4580 753 4650 ἢ
782 4581 1239 4652 ὄτιοὺπροῦκειτο
1254 4584 1401 4653 αὐτῷ
1425 4583 1693 4655 Ἱστορίαν

150 4663 197 4712 δι’
226 4666 331 4719 ὅλου
360 4672 567 4733 πονεῖν,
606 4670 723 4721 ἀλλ’
744 4671 867 4723 ὅσον
891 4671 1052 4739 μόνον
1070 4672 1404 4736 ἐνδείξασθαι
1430 4673 1528 4744 τὴν
1558 4676 1694 4745 πρὸς

149 4754 214 4805 τὶν
240 4758 460 4826 Χριστὸν
483 4759 659 4814 αὑτοῦ
687 4762 1076 4833 προσαγωγὴν,
1097 4765 1189 4817 καὶ
1214 4766 1312 4817 ὅσα
1336 4768 1690 4837 κατήπειγεν.

150 4845 199 4896 Ἦ
230 4851 317 4901 οὐκ
342 4851 467 4921 ἔσχε
516 4852 719 4923 καιρὸν
751 4853 886 4920 πρὸς
918 4854 979 4906 τὸ
1014 4856 1186 4927 πέρας
1218 4858 1484 4911 ἐπιθεῖναι
1529 4862 1595 4931 τῇ
1632 4860 1691 4925 ἐξ

150 4938 287 5007 ἀρχῆς
333 4944 628 5013 προθέσει.
680 4944 855 5008 Πολὺς
880 4947 988 5016 γάρ
1026 4949 1054 4999 ό
1098 4948 1249 5018 παρὰ
1303 4950 1409 5002 τῶν
1436 4950 1684 5006 διωκτῶν

149 5030 450 5104 ἑπ.κείμενος
502 5040 624 5099 τοῖς
680 5036 776 5089 τοῦ
808 5038 1013 5109 Κυρίου
1049 5040 1169 5092 κατ’
1202 5041 1377 5111 ἀρχὰς
1429 5041 1689 5115 τάραχος.

150 5122 192 5174 Εἰ
220 5130 298 5178 καὶ
322 5130 428 5181 τῶν
461 5129 791 5182 ἀποστόλων
838 5130 893 5183 δὲ
922 5131 1042 5183 κατ’
1084 5134 1261 5203 ἀρχάς
1293 5136 1692 5203 ἐπαγγέλλεται

149 5217 189 5266 τί
204 5220 351 5289 παρὸν
374 5222 591 5291 βιϐλίον
612 5221 896 5291 ἱστορῆσαι
916 5224 1012 5286 τὰς
1033 5224 1288 5293 Πράξεις,
1303 5226 1377 5289 ὡς
1398 5227 1510 5279 ἄνω
1528 5230 1696 5297 ἐμνή-

151 5308 340 5378 σθημεν,
388 5314 533 5369 ἀλλά
609 5313 704 5368 τοῦ
774 5316 931 5383 ἀγίου
974 5318 1316 5387 Πνεῦματος,
1357 5320 1693 5391 σαφέστερον

150 5399 275 5467 ἐρεῖν,
299 5407 352 5457 ἐν
378 5407 561 5476 τούτῳ
586 5425 655 5459 πε
667 5408 956 5478 ριέχονται.
984 5410 1137 5479 ’Ἅμα
1161 5410 1268 5481 γὰρ
1290 5411 1368 5481 τῷ
1389 5413 1693 5482 ἐνδημῆσαι

149 5494 229 5552 τοῖς
249 5496 585 5562 ἀποστόλοις,
613 5502 713 5552 ὅσα
740 5500 808 5552 δι’
831 5501 1009 5553 αὐτῶν
1032 5503 1311 5571 παράδοξα
1342 5504 1692 5573 ἐπετελέσθη,

150 5580 209 5633 διὰ
235 5587 316 5638 τοῦ
346 5590 555 5657 βιϐλίου
619 5590 812 5644 τούτου
839 5592 1202 5661 γινώσκομεν,
1242 5594 1334 5646 τοῦ
1376 5593 1695 5662 Πνεῦματος

149 5671 305 5746 δηλαδὴ
324 5681 390 5733 δι’
442 5682 637 5735 αὐτῶν
687 5683 861 5737 ταῦτα
894 5685 1192 5749 ποιοῦντος.
1242 5687 1401 5740 Ἀλλά
1458 5686 1549 5740 καὶ
1581 5687 1691 5740 τῶν

201 5832 217 5863 ⁸
243 5834 429 5897 "Tim.
454 5858 534 5909 tv,
563 5841 657 5896 ll.

1865 1739 2186 1809 Quanquam
2215 1737 2354 1793 liber
2383 1737 2682 1808 inscriptus
2709 1738 2782 1793 sit
2807 1738 2944 1792 Acta
2964 1739 3372 1810 apostolorum,

1798 1830 2146 1901 potissimum
2194 1837 2375 1883 tamen
2414 1829 2567 1883 Pauli
2631 1830 2879 1885 actiones
2942 1830 3374 1901 complectitur:

1796 1938 1937 1993 quas
1954 1923 2116 1975 etiam
2153 1920 2332 1977 Lucas
2366 1928 2555 1975 exacte
2582 1929 2827 1985 noverat,
2865 1930 3056 1992 utpote
3089 1925 3183 1993 qui
3214 1924 3378 1979 simul

1802 2030 1926 2069 cum
1955 2030 2020 2069 eo
2047 2013 2429 2085 peregrinatus
2462 2012 2661 2077 fuerat,
2688 2028 2905 2083 unaque
2936 2014 3282 2081 conrixerat,
3322 2028 3379 2072 et

1798 2107 1850 2160 in
1879 2108 2068 2161 multis
2087 2106 2515 2162 necessitatibus
2538 2106 2588 2161 ei
2616 2106 3157 2163 subministraverat.
3174 2109 3376 2165 Neces-

1802 2199 2011 2251 sarium
2050 2207 2231 2251 autem
2267 2195 2370 2249 fuit
2397 2203 2457 2250 nt
2493 2197 2561 2251 ab
2587 2199 2824 2251 aliorum
2858 2198 3238 2267 apostolorum
3268 2201 3377 2255 Ac-

1798 2288 2044 2343 tionibus
2093 2288 2379 2358 inciperet.
2420 2287 2607 2359 Neque
2639 2289 2785 2343 enim
2832 2290 2991 2345 aliter
3020 2302 3208 2361 posset
3246 2292 3375 2348 dili-

1797 2390 1992 2451 genter
2041 2380 2195 2435 Pauli
2255 2380 2555 2434 Historiam
2606 2382 2890 2451 prosequi,
2934 2383 3040 2438 nisi
3092 2386 3377 2455 praemissa

1796 2473 2172 2541 apostolorum
2228 2471 2491 2528 Historia.
2548 2472 2835 2537 Quomodo
2887 2476 3033 2529 enim
3086 2478 3375 2535 manifesta

1798 2565 1948 2620 fieret
1977 2565 2127 2619 Pauli
2152 2564 2452 2619 crudelitas
2483 2573 2537 2619 ct
2569 2563 2760 2621 feritas
2790 2567 3109 2637 priusquam
3136 2569 3203 2623 ad
3234 2585 3375 2640 prte-

1797 2657 2133 2712 dicationcm
2192 2657 2519 2713 accederet?
2564 2667 2659 2711 aut
2698 2673 3007 2716 consensus
3061 2661 3116 2714 in
3169 2662 3374 2717 caedem

1796 2746 2015 2814 cognati
2046 2744 2151 2799 sibi
2185 2745 2495 2816 Stephani?
2529 2754 2584 2800 et
2616 2746 2899 2817 in0pinata
2956 2750 3105 2805 illius
3136 2748 3373 2818 vocatio,

1797 2850 1860 2888 ac
1891 2835 2184 2891 conversio
2221 2837 2287 2891 ad
2320 2837 2466 2898 illos.
2496 2853 2637 2906 quos
2671 2838 2739 2892 ad
2790 2838 2843 2894 id
2902 2856 3077 2909 usque
3111 2843 3374 2911 temporis

1796 2926 1969 2979 fuerat
1999 2927 2366 2995 persecutus?
2417 2934 2471 2981 et
2513 2941 2770 2996 perpessa
2805 2943 2906 2997 pro
2938 2929 3007 2982 iis
3032 2930 3193 2984 rebus
3239 2933 3378 3001 peri-

1797 3018 1919 3070 cula
1951 3033 2090 3086 quas
2123 3018 2280 3088 prius
2331 3018 2795 3090 persequebatur,
2820 3028 2875 3075 et
2903 3021 3111 3092 quibus
3143 3039 3378 3093 sequen-

1798 3110 1869 3165 tis
1902 3110 2026 3163 vitae
2056 3117 2303 3179 tempore
2320 3108 2537 3165 Judaaos
2595 3113 2949 3180 provocabat,
2979 3123 3033 3168 et
3068 3116 3134 3168 ad
3168 3116 3374 3171 rabiem

1796 3215 1971 3268 usque
1997 3200 2241 3255 insanire
2265 3200 2533 3271 cogebat?
2557 3199 2911 3271 Nequaquam
2934 3219 2997 3258 ex
3021 3204 3106 3258 bis
3128 3206 3380 3275 cognitus

1796 3295 1953 3349 nobis
2003 3305 2149 3350 esset
2200 3294 2427 3355 Paulus.
2464 3294 2571 3350 nisi
2630 3297 2961 3365 praecederet
2995 3300 3374 3368 apostolorum

1797 3384 2058 3441 Historia.
2082 3387 2353 3440 Praeterea
2372 3400 2590 3455 quoque
2613 3385 2659 3440 si
2678 3385 2748 3439 ab
2765 3386 2883 3456 ipso
2909 3388 3165 3457 coepisset
3186 3386 3376 3453 Paulo,

1795 3479 2021 3533 omnino
2045 3476 2390 3548 digressione
2420 3477 2496 3531 uti
2517 3491 2741 3532 necesse
2759 3486 2926 3542 esset,
2958 3478 3025 3531 ad
3074 3480 3377 3533 docendum

1795 3587 1856 3625 ea
1879 3586 2000 3641 quae
2026 3570 2173 3624 circa
2201 3570 2381 3639 ipsum
2413 3570 2760 3641 contigerant
2790 3586 2800 3618 :
2834 3578 2888 3625 et
2920 3571 2993 3624 ita
3046 3573 3380 3626 narrationis

1795 3660 2342 3729 tenorimpediretnr,
2365 3676 2556 3730 nempe
2578 3661 2742 3714 multa
2769 3661 3100 3717 includendo
3120 3663 3239 3717 sine
3254 3664 3382 3732 qui-

1797 3753 1899 3808 lms
1934 3753 2067 3806 nihil
2090 3753 2232 3821 quod
2265 3752 2332 3807 de
2355 3751 2525 3807 Paulo
2554 3754 2851 3813 diceretur.
2879 3762 3067 3823 posset
3103 3771 3226 3810 esse
3266 3770 3381 3807 ma-

1796 3846 2080 3899 nifestum.
2117 3843 2186 3899 Ut
2216 3846 2384 3914 igitur
2411 3845 2571 3898 facile
2605 3845 3010 3915 intelligibilem
3037 3861 3102 3899 ac
3125 3847 3378 3901 molestia

1796 3948 2077 3993 carentem
2110 3936 2277 3990 faciat
2315 3936 2383 3991 de
2414 3935 2586 3989 Paulo
2616 3952 2950 3998 sermonem.
2977 3939 3148 4009 cmpit
3170 3953 3197 3990 a
3230 3953 3381 3993 com-

1796 4030 1945 4084 muni
1998 4028 2065 4082 de
2103 4028 2369 4097 apostolis
2408 4041 2689 4082 sermone.
2727 4025 3025 4098 Postquam
3074 4036 3255 4083 autem
3310 4029 3377 4083 ad

1792 4141 1915 4179 eum
1942 4122 2033 4193 qui
2072 4122 2141 4175 de
2191 4121 2363 4176 Paulo
2390 4131 2510 4175 erat
2550 4119 2853 4189 perductus
2897 4128 3002 4185 est,
3027 4121 3136 4187 jam
3173 4137 3236 4175 ex
3275 4121 3380 4175 hoc

1794 4218 1859 4271 ad
1888 4217 2159 4270 intentum
2202 4214 2307 4269 sibi
2338 4227 2566 4283 scopum
2596 4210 2773 4267 Lucas
2798 4211 3049 4281 pervenit
3074 4220 3149 4277 et,
3184 4212 3378 4265 relicto

1797 4310 1863 4364 de
1898 4307 2114 4362 caneris
2154 4319 2428 4368 sermone,
2460 4305 2560 4356 soli
2593 4305 2667 4356 illi
2705 4303 2871 4357 lueret
2902 4317 3063 4371 quem
3106 4301 3175 4354 ab
3220 4302 3380 4357 initio

1801 4403 2132 4458 intenderat.
2174 4399 2294 4453 Non
2342 4406 2523 4453 autem
2558 4397 2785 4467 scripsit
2834 4398 2917 4450 vel
2958 4396 3108 4450 Pauli
3144 4407 3373 4451 mortem

1802 4496 1885 4549 vel
1921 4492 2217 4549 secundam
2246 4491 2421 4560 ipsius
2442 4489 2585 4557 apud
2614 4487 2887 4542 Neronem
2920 4488 3330 4541 accusationem
3355 4504 3372 4543 :

1806 4588 1959 4657 atqui
1995 4588 2160 4641 etiam
2190 4592 2322 4637 tunc
2352 4597 2477 4637 cum
2504 4580 2671 4633 Paulo
2693 4587 2833 4643 erat,
2865 4594 2988 4632 cum
3027 4577 3230 4632 Paulus
3259 4578 3378 4646 ipsc

1802 4678 2065 4732 scriberet
2107 4692 2125 4725 ι
2164 4673 2340 4728 solum
2375 4670 2580 4724 Lucam
2613 4684 2736 4724 cum
2768 4684 2833 4723 eo
2854 4684 2977 4723 esse
3006 4669 3062 4734 ';
3097 4687 3114 4719 ι
3139 4668 3221 4722 vel
3248 4668 3377 4738 quia

1804 4770 2084 4823 decretum
2132 4765 2234 4835 ipsi
2272 4779 2379 4817 non
2404 4770 2523 4817 erat
2570 4760 2870 4815 Historiam
2917 4758 2984 4813 ad
3018 4759 3178 4813 linem
3208 4758 3378 4812 dedu-

1801 4876 1946 4923 cere,
1978 4858 2071 4914 sed
2104 4857 2279 4911 solum
2340 4854 2632 4909 ostendere
2668 4867 2952 4907 accessum
2979 4852 3099 4921 ejus
3122 4850 3187 4905 ad
3220 4850 3378 4905 Chri-

1795 4963 1963 5014 stum,
2014 4959 2069 5005 et
2093 4956 2359 5018 quantum
2390 4947 2634 5000 laborum
2668 4945 3005 5015 susceperit,
3034 4943 3118 4996 vel
3158 4951 3379 5010 tempus

1802 5060 1911 5099 non
1939 5052 2022 5098 est
2056 5041 2243 5095 datum
2269 5048 2327 5093 ut
2351 5038 2510 5093 linem
2544 5038 2848 5104 imponeret
2876 5042 3202 5105 argumento
3225 5032 3371 5101 quod

1801 5137 1870 5190 ab
1926 5135 2083 5187 initio
2140 5139 2495 5199 conceperat.
2550 5129 2717 5183 Multa
2753 5144 2991 5198 namque
3043 5128 3284 5182 turbatio
3317 5134 3378 5182 et

1794 5229 2021 5283 afﬂiCtio
2046 5234 2164 5281 erat
2192 5241 2311 5293 quze
2339 5225 2479 5277 inter
2521 5221 2795 5291 principia
2828 5221 3114 5289 discipulis
3160 5218 3383 5275 Domini

1798 5336 1825 5373 a
1858 5314 2305 5387 persecutoribus
2328 5312 2669 5365 imminebat.
2701 5310 3025 5378 Quanquam
3057 5317 3239 5362 autem
3262 5306 3380 5360 εἰν-ι

1798 5429 1859 5464 ca
1897 5406 2193 5478 primordia
2219 5404 2490 5473 promittit
2525 5418 2768 5473 praesens
2833 5403 2970 5456 liber
3000 5399 3375 5454 narrationem

1794 5503 2086 5556 Actionnm
2116 5497 2568 5566 apostolicarnm.
2603 5494 2768 5548 veluti
2795 5509 2960 5563 supra
2992 5492 3365 5551 meminimus;

1794 5603 1853 5647 ut
1904 5602 2087 5646 tamen
2162 5586 2514 5642 manifestius
2578 5587 2814 5651 dicatur,
2870 5582 3045 5640 sancti
3118 5581 3373 5650 Spiritus

1792 5687 1924 5740 Acta
1958 5683 2011 5737 in
2052 5690 2155 5736 noc
2197 5678 2571 5735 continentur.
2618 5676 2757 5733 Nam
2801 5674 2963 5730 simul
3003 5679 3062 5727 ut
3096 5668 3375 5743 apostolis
