4184 6466
774 395 842 463 35
1886 390 2279 450 (ECUMENII
2326 390 2617 449 TRICCE
2672 390 3009 448 EPISCOI‘I
3979 397 4055 460 35

1376 554 1433 563 ο
1484 552 1520 559 ο-
1571 553 1590 559 ..
1677 551 1775 559 -.-..
1813 553 1821 556 ν
1875 550 1889 555 ν
1926 550 1987 559 οι.-
2015 552 2045 558 ν-
2117 550 2367 557 ..τ-γρ.-

2374 549 2612 558 m

2129 696 2699 786 ΚΕΦΑΛΑΙΑ

1160 898 1461 1011 ΤΩΝ
1526 883 2232 1010 ΠΡΑΞΕΩΝ
2302 897 2606 1011 ΤΩΝ
2646 886 3647 1011 ΑΠΟΣΤΟΛΩΝ.

1656 1272 2224 1366 ACTORUM
2301 1271 3192 1367 APOSTOLOBUM

2264 1470 2551 1531 CAPITA.

2382 1602 2425 1618 Α

811 1700 856 1747 1.
904 1695 978 1749 De
1011 1695 1261 1749 doctrina
1292 1692 1516 1762 Christi,
1556 1709 1673 1763 qua:
1696 1692 1812 1762 fuit
1834 1710 1868 1747 a
1894 1696 2281 1756 resurrectione
2304 1704 2359 1749 et

914 1787 1249 1856 apparitibne
1276 1786 1370 1838 .atl
1431 1783 1750 1860 discipulos."
1774 1795 1839 1839 et
1866 1786 1953 1856 .de
1998 1778 2384 1865 promissione

912 1880 1084 1933 sancti
1116 1876 1377 1945 Spiritus,
1413 1875 1477 1929 de
1503 1869 1616 1929 visa
1656 1874 1859 1930 Christi
1896 1871 2275 1945 assumptione,
2305 1871 2353 1930 et

913 1971 979 2022 de
1010 1969 1240 2037 glorioso
1275 1967 1389 2036 ejus
1419 1966 1645 2020 secundo
1680 1965 1928 2022 adventu.

805 2230 853 2284 2.
901 2228 1053 2281 Petri
1080 2230 1262 2283 concio
1290 2229 1359 2281 ad
1388 2246 1475 2282 eos
1502 2230 1691 2299 quibus
1722 2241 1903 2284 notum
1941 2242 2056 2284 erat
2086 2233 2150 2285 de
2190 2242 2355 2285 morte

909 2331 957 2373 et
986 2322 1290 2389 apostolatu
1323 2319 1482 2374 Judce
1513 2322 1803 2389 proditoris
1829 2339 1848 2386 ;
1875 2324 1926 2375 in
1961 2340 2065 2393 quo
2097 2333 2353 2375 narratur

905 2416 1068 2467 etiam
1108 2416 1171 2466 de
1209 2410 1431 2465 Muthra:
1462 2412 1858 2475 substitutione,
1896 2415 1986 2482 qui
2028 2430 2116 2481 per
2150 2416 2351 2467 oratio-

914 2523 1026 2558 nem
1060 2508 1280 2558 sortitus
1315 2517 1391 2559 est
1425 2506 1785 2574 apostolatum
1816 2509 1994 2575 gratia
2023 2506 2141 2561 Dei.

804 2598 857 2651 '5.
904 2597 975 2650 De
1004 2597 1169 2649 divini
1202 2595 1436 2663 Spiritus
1476 2598 1649 2649 sancti
1690 2599 2088 2665 superventione
2109 2598 2193 2651 die
2220 2598 2355 2651 Pen-

911 2698 1133 2742 tecostes
1168 2688 1318 2756 facta
1354 2703 1513 2756 super
1547 2704 1633 2741 eos
1666 2691 1753 2755 qui
1786 2688 2145 2752 crediderant,
2174 2690 2226 2742 in
2254 2707 2354 2759 quo

910 2783 1072 2833 etiam
1139 2778 1286 2833 Petri
1354 2779 1597 2832 doctrina
1641 2795 1669 2833 e
1715 2782 1983 2849 prophetis
2036 2785 2352 2843 continetur.

914 2890 1097 2941 nempe
1122 2872 1186 2926 de
1214 2874 1488 2941 passione,
1512 2874 1894 2927 resurrectione
1918 2885 1964 2927 et
1995 2876 2356 2943 assumptione

910 2963 1133 3027 Christi,
1156 2963 1396 3032 donoque
1430 2961 1663 3031 Spiritus
1688 2966 1864 3018 sancti
1895 2981 1914 3019 :
1946 2966 2010 3019 de
2039 2964 2144 3035 ﬁde
2172 2982 2356 3020 eorum

908 3057 1001 3125 qui
1033 3066 1316 3126 prasentes
1356 3065 1509 3111 erant
1547 3071 1639 3124 per
1678 3055 1962 3124 baptisma,
2004 3058 2069 3112 de
2106 3075 2357 3113 consensu

910 3148 966 3200 in
1000 3164 1336 3203 communem
1364 3148 1676 3214 utilitatem,
1709 3157 1761 3202 et
1792 3151 2116 3219 appositione
2142 3149 2357 3204 creden-

913 3241 1069 3295 tium.

802 3506 861 3561 4.
906 3505 980 3560 De
1010 3506 1191 3560 claudi
1215 3524 1246 3559 a
1277 3510 1555 3562 natwitate
1581 3524 1710 3562 cura
1735 3508 1937 3564 Christi
1968 3512 2158 3564 virtute
2186 3513 2354 3581 facta,

915 3600 1184 3669 eiectaque
1205 3600 1352 3655 Petri
1378 3602 1724 3657 instructione
1752 3604 1803 3656 in
1832 3620 1937 3673 qua
1964 3620 2078 3657 sese
2102 3605 2356 3666 demittit,

911 3700 961 3745 et
1001 3691 1281 3744 consilium
1325 3693 1394 3745 ad
1444 3693 1661 3748 illorum
1705 3697 1930 3750 salutem
1977 3696 2193 3749 adducit
2237 3713 2254 3751 :
2302 3700 2356 3750 in

911 3800 1015 3851 quo
1040 3783 1203 3836 etiam
1224 3785 1471 3837 subditur
1496 3788 1804 3855 pontiﬁcum
1830 3789 2217 3841 animadversio
2246 3790 2356 3842 zelo

914 3877 1031 3945 ejus
1070 3876 1210 3946 quod
1243 3877 1447 3947 factum
1482 3889 1619 3944 erat,
1648 3890 1699 3931 et
1734 3878 1798 3931 de
1833 3881 2090 3933 miraculo
2121 3880 2357 3934 decerta-

916 3969 1010 4022 tio.

807 4056 863 4113 5.
908 4057 984 4112 De
1016 4057 1305 4113 incredulis
1327 4061 1665 4130 pontiﬁcibus
1695 4063 1786 4130 qui
1807 4062 2063 4130 jubebant
2092 4081 2155 4117 ne
2181 4065 2235 4118 in
2262 4083 2356 4119 no-

912 4149 1050 4202 mine
1086 4148 1288 4203 Christi
1330 4150 1512 4219 palam
1553 4155 1909 4221 loquerentur,
1941 4164 1989 4206 et
2025 4155 2355 4227 redintegra-

915 4239 1057 4292 tione
1116 4239 1477 4306 apostolorum
1534 4254 1556 4294 :
1617 4244 1682 4293 de
1740 4238 1994 4295 Ecclesia:
2056 4245 2355 4312 gratiarum

914 4332 1123 4385 actione
1156 4331 1218 4385 ob
1261 4332 1386 4400 ﬁdei
1437 4333 1799 4400 apostolorum
1840 4336 2197 4388 constantiam
2230 4350 2252 4390 .'
2292 4338 2357 4388 de

914 4408 1272 4478 unanimitate
1317 4433 1368 4477 et
1408 4425 1695 4479 uniuersali
1741 4428 2105 4481 communione
2142 4426 2357 4480 creden-

918 4514 1072 4568 tium.
1102 4513 1167 4569 ln
1195 4532 1297 4586 quo
1324 4516 1488 4570 etiam
1514 4517 1810 4577 deAnania
1831 4530 1880 4574 et
1900 4502 2360 4589 Sapphira,iacer-

917 4605 1083 4675 baque
1113 4623 1295 4661 eorum
1326 4620 1509 4676 morte,
1547 4610 1863 4664 continetur.

811 4780 865 4834 6.
908 4780 1190 4849 Apostolos
1249 4783 1451 4835 carceri
1504 4784 1724 4853 injectos
1786 4786 2000 4857 angelus
2055 4785 2153 4840 Dei
2210 4796 2360 4841 nocte

917 4873 1123 4937 eduxit,
1156 4889 1339 4927 curam
1374 4874 1590 4929 tradens
1626 4885 1683 4929 ut
1726 4877 1790 4931 ob
1828 4879 2030 4931 nullam
2066 4878 2358 4935 obstantem

917 4970 1318 5036 prohibitionem
1353 4982 1620 5028 cessarent
1655 4981 1689 5028 a'
1718 4974 2097 5043 pmdicatione
2120 4974 2270 5041 Jesu,
2304 4978 2359 5030 in

918 5077 1021 5126 quo
1044 5062 1206 5115 etiam
1229 5062 1451 5117 habetur
1470 5069 1608 5134 quod
1630 5075 1812 5134 postea
1842 5068 2115 5137 pontiﬁces
2144 5086 2357 5123 rursum

886 5153 1063 5221 'ipsos
1110 5156 1619 5223 comprehendentes,
1649 5168 1929 5230 postquam
1970 5161 2248 5229 jusserunt
2297 5179 2360 5216 ne

923 5247 1145 5314 amplius
1167 5245 1432 5315 docerent,
1447 5266 1611 5305 ca'sos
1628 5252 1958 5307 dimiserunt.
1972 5253 2280 5309 Camalielis
2296 5256 2360 5308 de

921 5340 1177 5406 apostolis
1203 5340 1465 5394 sententia
1492 5344 1858 5410 persuasibilis
1890 5361 1996 5399 una
2029 5362 2146 5399 cum
2180 5364 2356 5401 exem-

921 5429 1024 5498 ptis
1059 5431 1332 5485 nonnullis
1366 5447 1429 5485 ac
1458 5433 1781 5489 euidentibus
1815 5436 2235 5504 probationibus.

824 5519 873 5573 1.
918 5520 991 5574 De
1026 5521 1278 5575 electione
1314 5532 1510 5594 septem
1545 5516 1915 5583 diaconoru'm.

821 5613 872 5668 Β.
908 5612 1219 5668 Judworum
1252 5618 1563 5673 insurrectio
1594 5634 1643 5674 et
1670 5621 1939 5677 calumnia
1961 5624 2212 5679 adversus
2241 5626 2360 5681 Ste-

922 5708 1176 5775 phanum,
1218 5712 1431 5781 ejusque
1473 5718 1653 5769 concio
1688 5716 1751 5770 de
1796 5717 1889 5771 Dei
1930 5735 2056 5788 erga
2094 5719 2364 5776 Abraham

920 5810 1257 5866 «statuente,
1287 5814 1335 5860 et
1365 5808 1429 5861 de
1456 5806 1731 5863 duodecim
1773 5811 2091 5867 uatriarchis
2120 5830 2139 5869 :
2170 5816 2223 5869 in
2253 5833 2354 5886 quo

2500 1696 2571 1745 α’.
2611 1690 2747 1757 Περὶ
2811 1689 2923 1757 τῆς
2960 1689 3425 1756 ἐξαναστάσεως
3474 1691 3874 1760 διδασκαλίας
3905 1698 4048 1764 Χριι

2601 1781 2779 1845 σποῦ,
2813 1782 2913 1836 καὶ
2940 1784 3236 1849 ὀπτασίας
3266 1785 3417 1852 πρὸς
3447 1785 3589 1850 τοὺς
3612 1788 3907 1854 μαθητὰς,
3944 1791 4049 1843 καὶ

2599 1875 2733 1943 περὶ
2770 1876 3133 1943 ἐπαγγελίας
3181 1875 3293 1941 τῆς
3322 1876 3428 1929 τοῦ
3468 1877 3640 1945 άγίου
3698 1882 4049 1948 Πιέύματος

2596 1966 2841 2034 δωρεᾶς,
2874 1966 3012 2030 θέας
3048 1984 3109 2019 τε
3156 1967 3255 2019 καὶ
3285 1968 3508 2035 τρόπου
3542 1968 3650 2037 τῆς
3677 1973 4048 2040 ἀναλήψεως

2597 2058 2703 2111 τοῦ
2731 2058 3012 2125 Χριστοῦ,
3047 2059 3147 2114 καὶ
3182 2061 3313 2126 περὶ
3347 2059 3459 2135 τῆς
3487 2062 3742 2125 ἐνδόξου
3781 2065 3879 2117 καὶ
3908 2065 4047 2118 δευ-

2597 2152 2774 2220 τέρας
2797 2154 2984 2206 αὐτοῦ
3014 2155 3375 2222 παρουσίας.
3442 2150 3445 2157 ’

2496 2244 2561 2315 β’.
2598 2244 2828 2313 Πέτρου
2891 2245 3174 2315 διάλογος
3203 2246 3355 2315 πρὸς
3392 2249 3532 2313 τοὺς
3557 2250 4047 2317 μαθητευθέντας

2597 2338 2727 2404 περὶ
2754 2336 3127 2391 θανάτουκαὶ
3156 2337 3509 2405 ἀποστολῆς
3546 2340 3743 2394 Ἰούδα
3765 2343 3869 2395 τοῦ
3901 2360 4045 2410 προ-

2597 2431 2808 2485 δότουο
2845 2431 2915 2484 ἐν
2971 2423 3020 2497 ᾧ
3072 2431 3204 2498 περὶ
3264 2432 3715 2501 ἀντεισαγωγῆς
3776 2437 4045 2490 Ματθίου

2599 2520 3014 2590 κληρωθέντος
3042 2520 3234 2590 χάριτι
3284 2522 3431 2576 Θεοῦ
3454 2522 3552 2575 διὰ
3579 2526 3949 2592 προσευχῆς.

2491 2620 2559 2681 γ’.
2597 2613 2740 2680 Περὶ
2787 2613 2955 2678 θείας
2987 2612 3097 2665 τοῦ
3125 2613 3299 2681 ἀγιου
3338 2615 3687 2682 Πνεύματος
3738 2618 4049 2684 ἐπιφοιτή-

2596 2720 2752 2770 σεως
2777 2703 2848 2757 ἐν
2890 2703 3080 2772 ἡμέρᾳ
3128 2705 3557 2773 Πεντηκοστῆς
3582 2709 3909 2776 γενομένης
3959 2713 4049 2774 εις

2600 2796 2741 2861 τοὺς
2770 2797 3243 2861 πιστεύσαντας,
3265 2796 3336 2848 ἐν
3360 2789 3409 2862 ᾧ
3432 2797 3657 2865 Πέτρου
3704 2801 4050 2868 κατήχησις

2598 2888 2731 2953 περὶ
2770 2887 2987 2940 τούτου
3013 2886 3082 2940 ἐκ
3114 2885 3235 2939 τῶν
3257 2888 3600 2956 προφητῶν,
3647 2891 3779 2956 περὶ
3811 2889 4052 2955 πάθους

2602 2978 2702 3029 καὶ
2763 2976 3153 3040 ἀναστάσεως
3206 2978 3307 3030 καὶ
3357 2979 3723 3045 ἀναλήψεως
3762 2981 4049 3047 Χριστοῦ,

2602 3066 2828 3134 δωρεᾶς
2857 3084 2920 3120 τε
2966 3067 3073 3120 τοῦ
3101 3068 3276 3136 άγίου
3333 3072 3714 3138 Πνεύματος·
3770 3078 3899 3143 περὶ
3942 3077 4049 3127 πί-

2601 3173 2791 3223 στεως
2845 3156 2999 3236 τῶν.
3021 3158 3355 3224 παρόντων,
3392 3160 3491 3212 καὶ
3526 3158 3633 3227 τῆς
3664 3160 3762 3214 διὰ
3796 3163 3898 3213 τοῦ
3926 3164 4049 3226 βα-

2602 3248 2937 3315 πτίσματος
2980 3249 3180 3301 αὐτῶν
3226 3251 3548 3315 σωτηρίας,
3586 3254 3716 3317 περὶ
3761 3256 4049 3320 ὁμονοίας

2603 3340 3034 3408 κοινωφελοῦς,
3066 3341 3163 3392 καὶ
3196 3341 3548 3409 προσθήκης
3576 3341 3692 3394 τῶν
3722 3348 4049 3399 πιστευόν-

2600 3447 2740 3484 των.

2495 3524 2559 3577 δ’.
2598 3525 2738 3592 Περὶ
2786 3524 2895 3592 τῆς
2914 3526 2982 3577 ἐν
3020 3525 3252 3593 Χριστῷ
3276 3529 3592 3595 θεραπείας
3628 3530 3735 3584 τοῦ
3784 3532 3849 3582 ἐκ
3878 3549 4045 3594 rere-

2601 3616 2711 3685 τῆς
2746 3617 2966 3686 χωλοῦ,
2987 3620 3212 3686 Πέτρου
3233 3637 3293 3671 τε
3312 3620 3702 3690 κατηχήσεως
3726 3624 4047 3691 ἐκλεκτῆς,

2602 3710 3092 3778 συμπαθητικῆς,
3125 3714 3647 3782 συμϐουλευτικῆς
3682 3716 3829 3783 πρίς
3853 3731 4050 3782 σωτηο

2599 3800 2743 3866 ρίαν
2768 3800 2987 3854 αὐτῶν.
3033 3803 3135 3855 Ἐν
3158 3798 3205 3870 ᾦ
3232 3805 3557 3871 ἐπιστασίᾳ
3587 3806 3703 3857 τῶν
3722 3806 4050 3874 ἀρχιερέων

2600 3890 2756 3958 ζήλῳ
2782 3891 2886 3945 τοῦ
2932 3898 3267 3964 γεγονότος,
3307 3896 3407 3950 καὶ
3456 3900 3654 3966 κρίσις
3683 3899 3787 3951 τοῦ
3819 3901 4050 3969 θαύμα-

2598 4001 2722 4051 τος.

2493 4080 2553 4130 ε’.
2595 4077 2733 4145 Περὶ
2786 4078 3061 4132 ἀπίστων
3128 4081 3448 4150 ἀρχιερέων
3508 4088 4048 4153 προσταττόντων,

2598 4169 2679 4235 ὡς
2714 4172 2785 4224 οὺ
2807 4170 2901 4224 δεῖ
2922 4174 3429 4240 παρρησιάζεσθαι
3458 4178 3556 4230 ἐπὶ
3575 4178 3654 4242 τῷ
3679 4179 3922 4244 ὀνόματι
3940 4179 4054 4231 τοῦ

2598 4260 2878 4326 Χριστοῦ,
2927 4265 3025 4315 καὶ
3056 4264 3446 4331 ἀνανεώσεως
3486 4265 3606 4318 τῶν
3642 4266 4049 4319 ἀποστόλων·

2599 4352 2952 4422 εὐχαριστία
2996 4354 3115 4407 ἀπὸ
3146 4354 3254 4423 τῆς
3318 4359 3677 4425 Ἑκκλησίας
3738 4360 3886 4428 ὑπὲρ
3938 4360 4057 4428 τῆς

2599 4441 2720 4495 τῶν
2735 4443 3095 4498 ἀποστόλων
3123 4448 3349 4517 πιστῆς
3371 4452 3684 4520 καρτερίας
3704 4469 3717 4481 ·
3748 4451 3879 4518 περὶ
3907 4457 4059 4520 Epr-

2602 4520 2806 4602 ψύχου
2826 4519 2937 4589 ’καὶ
2965 4537 3624 4608 κάθολικῆς⁰κοινωνίας
3655 4540 3774 4596 τῶν
3795 4558 4025 4597 πιστευ
4042 4578 4058 4587 -

2604 4625 2863 4681 σάντων.
2913 4620 3087 4693 Ἑνῷ
3129 4630 3264 4698 περὶ
3314 4632 3594 4686 Ἀνανίου
3629 4634 3728 4686 καὶ
3783 4637 4062 4703 Σαπφεί-

2595 4739 2729 4791 ρας,
2757 4722 2854 4775 καὶ
2890 4723 3108 4792 πικρᾶς
3137 4724 3335 4780 αὐτῶν
3361 4728 3672 4795 τελευτῆς.

2501 4820 2575 4877 ς’.
2614 4814 2743 4867 Ἔτι
2774 4813 2917 4880 τοὺς
2967 4816 3353 4884 ἀποστόλους
3376 4818 3780 4887 ἐμόληθέντας
3826 4821 3904 4885 τῷ
3948 4822 4064 4875 δε-

2601 4909 2935 4977 σμωτηρίῳ,
2999 4909 3254 4979 ἄγγελος
3294 4912 3443 4965 Θεοῦ
3489 4913 3720 4980 νύκτωρ
3758 4913 4056 4980 ἐξέωσεν,

2598 4997 2926 5066 ἐπιτρέψας
2945 4999 3266 5065 ἀκωλύτως
3289 5004 3625 5070 κηρύσσειν
3652 5004 3758 5057 τὸν
3787 5007 4056 5070 Ἰησοῦν,

2601 5084 2737 5157 ἐνῷ
2771 5090 2861 5145 ὅτι
2890 5092 2964 5160 τῇ
3000 5091 3148 5160 ἑξῆς
3177 5096 3401 5160 αὐτοὺς
3430 5100 3485 5150 οι
3518 5098 3813 5164 ἀρχιερεῖς
3855 5100 4061 5152 πάλιν

2602 5183 3070 5251 συλλαόόμενοι,
3124 5185 3218 5254 ἐφ’
3246 5181 3295 5252 ᾧ
3310 5186 3521 5254 μηκέτι
3568 5187 3899 5253 διδάσκειν,
3927 5209 4059 5259 μα-

2601 5269 2920 5337 στίξαντες
2935 5272 3273 5328 ἀπέλυσαν.
3298 5278 3615 5346 Γαμαλιὴλ
3633 5281 3829 5348 γνώμη
3852 5287 4053 5349 πιστὴ

2603 5360 2735 5427 περὶ
2787 5360 2905 5413 τῶν
2949 5363 3313 5418 ἀποστόλων
3354 5368 3505 5435 μετά
3551 5371 4055 5439 παραδειγμάτων

2604 5450 2786 5505 τινῶν
2818 5454 2916 5506 καὶ
2946 5454 3333 5519 ἀποδείξεων.

2498 5543 2563 5608 ζ’.
2602 5543 2741 5612 Περὶ
2774 5547 3143 5613 χειροτονίας
3177 5548 3296 5601 τῶν
3319 5550 3469 5604 ἑπτὰ
3499 5552 3812 5606 διακόνων.

2498 5643 2565 5706 η’.
2616 5633 2909 5688 Ἰουδαίων
2931 5638 3345 5705 ἐπανάστασις
3369 5641 3465 5693 καὶ
3499 5646 3877 5711 συκοφαντία
3908 5649 4051 5713 περὶ

2613 5723 2945 5792 Στεφάνου,
3007 5728 3195 5782 αὐτοῦ
3260 5747 3324 5782 τε
3362 5730 3691 5802 δημηγορία
3745 5736 3874 5803 περὶ
3935 5736 4057 5802 τῆς

2606 5817 2755 5886 πρὸς
2793 5819 3039 5893 Ἀϐραὰμ
3085 5822 3376 5895 διαθήκης
3405 5827 3509 5883 τοῦ
3562 5828 3732 5895 Θεοῦ,
3772 5830 3864 5883 καὶ
3909 5834 4054 5899 .1le
