4184 6466
264 542 378 593 τῶν
415 539 643 594 δώδεκα
676 541 1087 608 πατριαρχωνο
1115 540 1184 593 ἐν
1224 534 1274 607 ᾧ
1320 539 1450 607 περὶ
1486 536 1591 606 τῆς
1623 541 1711 591 λι-

262 631 375 695 μοῦ
408 631 503 682 καὶ
531 631 835 698 πυρωνίας
882 628 1342 696 ἀναγνωρισμοῦ
1391 627 1509 678 τῶν
1565 626 1712 680 υἱῶν

274 716 493 778 Ἰακὼϐ,
522 717 623 769 καὶ
654 717 787 785 περὶ
822 714 926 783 τῆς
948 715 1241 784 γενέσεως
1269 714 1586 780 Μωῢσέως,
1614 714 1714 767 καὶ

266 808 374 874 τῆς
428 810 578 877 πρὸς
634 810 824 862 αὑτὸν
878 807 1205 877 γενομένης
1253 810 1608 876 θεοφανείας
1644 808 1715 860 ἐν

265 896 386 963 ὄρει
420 896 589 966 Σινᾷ,
624 898 755 965 περὶ
789 897 900 966 τῆς
931 897 1147 962 ἐξόδου
1174 897 1271 949 καὶ
1314 898 1715 965 μοσχοποιΐας

261 990 371 1042 τοῦ
427 990 677 1058 Ἰσραὴλ
714 990 850 1058 ἄχρι
905 992 1144 1059 χρόνων
1177 987 1566 1057 Σολομῶντος
1616 989 1713 1041 καὶ

262 1080 375 1148 τῆς
427 1081 534 1135 τοῦ
568 1081 717 1135 ναοῦ
775 1079 1181 1147 κατασκευῆς.
1241 1080 1559 1148 Ὀμολογία
1604 1078 1716 1145 τῆς

263 1175 707 1243 ι’·περουρανίου
741 1174 929 1241 δόξης
971 1173 1168 1240 Ἰησοῦ
1208 1172 1466 1240 Χριστοῦ
1492 1173 1717 1225 ἀποκα-

262 1268 606 1332 λινρθείσης
648 1265 954 1334 Στεφάνῳ,
1006 1265 1099 1332 ἐφ’
1130 1259 1168 1334 ᾗ
1197 1265 1595 1329 λιθόλευστος
1626 1281 1719 1333 γε·

262 1357 495 1421 γονὼς,
548 1360 579 1410 ό
614 1355 799 1421 αὐτὸς
856 1356 1201 1424 Στέφανος,
1254 1355 1519 1421 εὐσεϐῶς
1561 1356 1716 1408 ἐκοι-

259 1449 453 1515 μήθη.

166 1541 222 1590 ς’.
270 1543 407 1607 Περὶ
436 1539 694 1608 διωγμοῦ
715 1538 824 1606 τῆς
863 1539 1221 1607 Ἐκκλησίας
1246 1540 1343 1592 καὶ
1370 1539 1562 1608 ταφῆς
1588 1544 1718 1594 Στε-

261 1632 486 1697 έιὶνου,
526 1634 594 1682 ἐν
636 1625 684 1698 ᾧ
716 1631 848 1698 περὶ
880 1634 1181 1685 Φιλίππου
1226 1632 1331 1684 τοῦ
1366 1634 1718 1687 ἀποστόλου

265 1725 545 1788 πολλοὺς
567 1722 895 1791 ίασαμένου
924 1723 1021 1775 ἐπὶ
1053 1722 1162 1790 τῆς
1185 1724 1538 1792 Σαμαρείας.

185 1824 229 1868 ι’.
274 1817 407 1882 Περὶ
441 1816 706 1883 Σίμωνος
743 1815 851 1867 τοῦ
886 1814 1093 1883 Μάγου
1138 1817 1584 1880 πιστεύσαντος
1621 1816 1719 1868 καὶ

260 1907 718 1972 ,ϐαπτισθέντος
760 1906 881 1959 σὺν
920 1906 1148 1973 ἑτέροις
1202 1909 1515 1960 πλείοσινο
1564 1908 1633 1959 ἐν
1672 1900 1720 1973 ᾧ

266 1998 401 2061 περὶ
441 1996 549 2063 τῆς
578 1996 805 2064 Πέτρου
836 1996 935 2051 καὶ
979 1997 1263 2050 Ἰωάννου
1302 1996 1453 2062 πρὸς
1498 1996 1720 2061 αὐτοὺς

264 2086 651 2156 ἀποστολῆς,
675 2089 774 2141 καὶ
816 2088 1141 2153 ἐπίκλησις
1179 2086 1285 2140 τοῦ
1325 2087 1500 2155 ἁγίου
1530 2090 1720 2141 Πνεύ·

262 2196 461 2249 ματος
483 2180 578 2233 ἐπὶ
601 2180 745 2246 τοὺς
760 2180 1228 2244 ,βαπτισθένταᾳ

150 2280 231 2329 u'.
270 2274 407 2325 Ὀτι
457 2274 568 2326 οὐκ
621 2273 910 2340 ἀργυρίου
961 2270 1103 2325 οὑδὲ
1136 2269 1505 2338 ὑποκριταῖς,
1561 2272 1725 2326 ἀλλὰ

263 2370 464 2435 ἁγίοις
489 2366 585 2419 διὰ
606 2369 865 2430 πίστεως
894 2365 933 2431 ἡ
952 2364 1180 2433 μετοχὴ
1215 2363 1320 2418 τοῦ
1352 2365 1524 2432 ἁγίου
1542 2366 1723 2419 Πνεύ-

263 2478 460 2529 ματος
496 2458 751 2512 δίδοται·
792 2459 861 2511 ἐν
886 2451 1020 2523 ᾦτά
1038 2457 1170 2524 περὶ
1208 2459 1583 2525 ὑποκρίσεως
1627 2456 1725 2510 καὶ

267 2551 656 2616 ἑπιπλιὶξεως
694 2554 979 2619 Σίμωνος.

157 2644 238 2714 ιβ’.
277 2646 411 2696 Ὅτι
448 2645 572 2709 τοῖς
596 2644 837 2712 ἀγαθοῖς
862 2644 959 2696 καὶ
990 2643 1229 2708 πιστοῖς
1259 2641 1459 2695 εὑοδοῖ
1486 2641 1599 2709 τὴν
1620 2658 1720 2694 σω-

268 2737 493 2802 τηρίαν
525 2738 558 2787 ό
612 2735 777 2798 Θεὸς,
812 2732 1007 2803 δῆμον
1043 2736 1112 2786 ἐκ
1159 2733 1269 2801 τῆς
1298 2737 1449 2787 κατὰ
1490 2736 1595 2786 τὸν
1628 2736 1725 2787 εύ-

269 2847 339 2880 rc
353 2829 384 2880 ῦ
388 2846 504 2895 χον
544 2828 912 2892 ὑποθέσεως.

157 3012 237 3073 ιγ’.
270 3006 413 3068 Περὶ
443 3003 550 3069 τῆς
588 3004 764 3069 οὐρα»
780 3003 920 3053 ὅθεν
964 3001 1128 3066 θείας
1172 3001 1449 3066 κλήσεως
1481 3001 1725 3052 Παύλου

270 3100 360 3160 εἰς
391 3094 752 3160 ἀποστολὴν
806 3093 1085 3160 Χριστοῦ.
1124 3093 1226 3145 Ἐν
1255 3086 1303 3157 ᾧ
1333 3092 1467 3158 περὶ
1502 3091 1723 3155 ἰάσεως

273 3188 376 3240 καὶ
402 3188 828 3255 ,ϐαπτίσματος
859 3186 1105 3239 Παύλου
1138 3184 1236 3237 διὰ
1276 3184 1543 3237 Ἀνανίου
1574 3184 1723 3236 κατὰ

271 3279 678 3346 ἀποκάλυψιν
703 3278 872 3342 Θεοῦ,
904 3277 1243 3345 παρρησίας
1275 3290 1336 3328 τε
1359 3272 1548 3328 αὐτοῦ
1577 3289 1730 3327 συνο

272 3373 495 3439 τυχίας
525 3369 638 3438 τῆς
670 3369 769 3423 διὰ
808 3369 1083 3437 Βαρνάϐα
1106 3366 1257 3435 πρὸς
1292 3365 1435 3431 τοὺς
1464 3364 1730 3419 ἀποστό-

276 3466 458 3528 λους.

164 3555 241 3609 ιδ’.
281 3556 428 3623 Περὶ
470 3553 652 3609 Αἰνέα
685 3551 1097 3621 παραλυτικοῦ
1133 3549 1407 3615 ίαθέντος
1433 3548 1503 3602 ἐν
1526 3546 1729 3614 Λύδόῃ

276 3650 381 3701 διὰ
406 3648 633 3715 Πέτρου
657 3663 671 3677 ·
725 3647 796 3699 ἐν
821 3640 867 3712 ᾧ
886 3643 959 3697 τὰ
991 3644 1123 3711 περὶ
1170 3641 1402 3710 Ταϐηθὰ
1427 3639 1537 3707 τῆς
1564 3642 1731 3707 φιλο-

278 3738 500 3806 χῖὶρου,
557 3737 636 3804 ἣν
661 3736 897 3805 ἤγειρεν
928 3736 995 3787 ἐκ
1043 3732 1274 3802 νεκρῶν
1303 3736 1335 3786 ό
1378 3729 1601 3798 Πέτρος
1635 3726 1733 3780 διὰ

279 3830 642 3898 προσευχῆς
669 3832 741 3883 ἐν
778 3828 1022 3897 Ἰώππῃ.

166 3923 243 3977 ιε’.
278 3923 423 3989 Περὶ
452 3921 813 3989 Κορνηλίου,
844 3920 959 3972 ὅσα
988 3935 1048 3972 τε
1086 3917 1235 3986 πρὸς
1265 3915 1453 3969 αὑτὸν
1480 3916 1511 3968 o'
1559 3912 1732 3981 ἀγγε-

282 4019 401 4078 λος
432 4008 581 4075 εἷπε,
610 4014 710 4065 καὶ
758 4012 873 4065 ὅσα
916 4010 1106 4063 πάλιν
1156 4009 1355 4077 Πέτρῳ
1403 4009 1733 4074 οὐρανόθεν

283 4103 426 4169 περὶ
459 4103 736 4167 κλήσεως
776 4101 969 4154 ἐθνῶν
995 4102 1225 4168 ἐρρέθη.
1265 4092 1425 4164 Ἐνῷ
1445 4097 1531 4149 ὅτι
1555 4110 1733 4165 μετα-

285 4196 541 4262 σταλεὶς
568 4196 833 4262 όΠέτρος
852 4190 999 4264 ἦλθε
1028 4193 1177 4261 πρὸς
1190 4190 1541 4260 Κορνήλιον.
1567 4189 1735 4241 Ἐπα-

288 4292 569 4358 round-tc-
608 4287 765 4357 παρὰ
792 4286 899 4340 τοῦ
924 4287 1281 4353 Κορνηλίου,
1308 4277 1397 4335 ὧν
1419 4284 1450 4335 ό
1482 4281 1729 4350 ἄγγελος

290 4383 755 4453 ἑπεμαρτύρηοε
786 4379 883 4433 καὶ
917 4377 1276 4447 ὑφηγήσατο
1313 4372 1473 4439 αὐτῷ
1512 4376 1737 4441 Κορνη-

292 4480 428 4544 λίῳ.
473 4476 697 4543 Πέτρου
738 4471 1076 4541 κατήχησις
1095 4471 1183 4532 είς
1218 4467 1479 4535 Χριστὸν
1514 4464 1620 4517 τοῦ
1675 4480 1739 4515 τε

166 3555 218 3609 ιδ’

294 4571 475 4638 ἁγίου
535 4568 881 4633 Πνεύματος
909 4560 1009 4616 ἐπὶ
1065 4559 1206 4625 τοὺς
1246 4557 1584 4621 ἀκούοντας
1633 4553 1741 4607 δω-

285 4660 434 4729 ρεά·
481 4659 580 4713 καί
627 4659 788 4721 ὅπως
832 4654 1286 4718 ἐϐαπτίσθησαν
1344 4651 1399 4701 ol
1443 4648 1510 4711 ἐξ
1548 4645 1739 4699 ἐθνῶν

295 4753 739 4813 πιστεύσαντες
754 4790 766 4800 .

158 4848 246 4914 ις’.
294 4849 391 4908 Ὠς
429 4842 650 4910 Πέτρος
692 4841 765 4892 τὰ
802 4834 1055 4904 καθεξῆς
1112 4834 1209 4887 καὶ
1249 4833 1320 4885 τὰ
1358 4832 1586 4885 ἕκαστα
1623 4829 1741 4881 τῶν

296 4940 632 5009 γεγονότων
661 4930 946 4999 διηγεῖται
974 4928 1096 4994 τοῖς
1124 4925 1493 4989 ἀποστόλοις
1515 4921 1739 4991 διακρι-

292 5033 453 5084 θεέσι
497 5030 645 5095 πρὸς
674 5023 865 5079 αὑτὸν
906 5023 974 5074 τὸ
1030 5017 1318 5086 τηνίκαδε
1366 5016 1475 5069 τὸν
1510 5014 1743 5081 Βαρνά-

293 5129 414 5175 Eur
435 5120 784 5187 ἑκπέμψασι
811 5114 958 5183 πρὸς
980 5112 1120 5176 τοὺς
1145 5112 1215 5163 ἐν
1230 5108 1558 5175 Ἀντιοχείᾳ
1578 5105 1747 5161 ἀδελο

290 5218 480 5287 ρούς.

175 5310 258 5374 ις’,
295 5304 642 5373 Προφητειά
678 5298 921 5370 Ἀγάὅου
941 5294 1074 5363 περὶ
1094 5291 1273 5361 λιμοῦ
1307 5287 1744 5359 οὶκουμενικοῦ,

296 5407 402 5455 καὶ
422 5395 798 5465 καρποφορία
818 5391 965 5459 πρὸς
984 5388 1123 5452 τοὺς
1138 5388 1207 5441 ἐν
1236 5386 1555 5455 Ἀντιοχείᾳ
1574 5382 1746 5439 ἁδελ-

297 5494 483 5564 θεούς.

180 5599 274 5664 ιη’.
300 5562 592 5641 -Ὶακώὅυυ
631 5583 737 5636 τοῦ
775 5582 1125 5636 ἀποστόλου
1168 5570 1552 5642 κατασφαγὴ,
1589 5571 1659 5625 ἐν
1700 5562 1749 5636 ᾧ

298 5685 536 5750 Πέτρου
589 5679 906 5744 σύλληψις
959 5675 1107 5743 πρὸς
1149 5669 1439 5739 Ἡρώδου·
1477 5667 1636 5732 ὅπως
1685 5681 1749 5717 τε

300 5777 498 5833 αὑτὸν
526 5777 561 5827 ὀ
620 5772 874 5839 ἅγγελος
909 5771 1042 5831 θείῳ
1090 5764 1452 5831 κελεύσματι
1481 5760 1747 5825 ἐξείλετο

304 5870 425 5926 τῶν
450 5864 711 5937 δεσμῶν.
742 5862 852 5919 Καὶ
880 5864 912 5917 ό
937 5859 1157 5929 Πέτρος
1187 5858 1462 5927 ἐμφανὴς
1508 5854 1745 5924 γενόμε-

1080 431 1471 493 (ΣΟΜΜΕΝΤ.
1505 433 1584 491 1N
1619 431 1739 491 AC'I

1856 433 1895 487 Α
1904 423 2435 488 POSTOLORUM.
3328 412 3403 480 38

1954 535 2114 587 etiam
2145 533 2208 585 de
2240 530 2401 598 fame,
2421 524 2938 595 frumentiemptione
2958 538 3019 575 ac
3051 522 3404 592 recognitione

1960 627 2191 694 ﬁliorum
2220 620 2388 676 Jacob
2432 620 2816 680 continetur-,et
2838 619 2900 667 de
2920 616 3197 666 nativitate
3230 613 3397 676 Mosi,

1956 718 2235 783 divinaque
2279 712 2347 764 ad
2395 727 2513 764 eum
2565 708 2899 776 apparitione
2938 707 3083 774 facta
3130 707 3181 757 in
3226 716 3402 756 monte

1956 804 2106 868 Sina,
2134 809 2197 856 de
2225 818 2435 872 egressu
2464 800 2699 868 filiorum
2728 796 2920 859 Israel,
2944 807 2990 849 et
3022 797 3171 849 tituli
3198 796 3405 864 forata-

1962 898 2102 950 tione
2136 912 2294 964 usque
2328 895 2396 946 ad
2441 903 2677 959 tempora
2711 888 3016 943 Salomonis
3063 905 3079 939 :
3124 890 3188 941 de
3227 890 3405 955 templi

1961 988 2333 1056 a’dificatione.
2355 984 2628 1051 Confessio
2656 983 3036 1049 superctelestis
3060 982 3243 1049 gloria’
3274 980 3403 1033 Iesu

1965 1077 2166 1132 Christi
2193 1076 2460 1143 Stephano
2490 1074 2753 1134 revelatar,
2780 1072 2833 1123 in
2862 1087 2965 1140 qua
2993 1071 3062 1136 la,
3087 1071 3265 1121 idatus
3293 1072 3405 1136 ipse

1961 1168 2263 1239 Stephanus
2300 1166 2543 1236 religiose
2575 1164 2891 1217 obdormirit

1861 1535 1915 1589 9.
1961 1532 2035 1586 De
2059 1530 2420 1601 persecutione
2450 1528 2699 1581 Ecclesia:
2732 1538 2777 1579 et
2808 1527 3079 1593 sepultura
3107 1524 3363 1589 Stephani
3388 1540 3408 1578 :

1966 1626 2017 1676 in
2047 1640 2148 1691 quo
2191 1623 2349 1674 etiam
2400 1623 2577 1689 agitur
2618 1620 2682 1670 de
2731 1618 2973 1685 Philippo
3020 1616 3284 1682 apostolo,
3319 1617 3411 1684 qui

1970 1716 2165 1766 multos
2202 1715 2255 1765 in
2291 1714 2539 1766 Samaria
2577 1711 2821 1763 curabat.

1830 1806 1913 1858 10.
1966 1803 2038 1856 De
2075 1801 2288 1856 Simone
2320 1801 2476 1869 Mago
2508 1802 2595 1868 qui
2624 1816 2739 1851 cum
2771 1798 3013 1865 pluribus
3038 1799 3159 1851 aliis
3188 1797 3416 1849 credidit

1963 1906 2013 1949 et
2046 1895 2352 1966 baptizatus
2380 1903 2453 1945 est
2497 1910 2514 1943 :
2552 1894 2603 1944 in
2636 1908 2736 1961 quo
2774 1893 2934 1943 etiant
2969 1892 3146 1958 agitur
3173 1889 3236 1940 de
3266 1888 3413 1941 Petri

1964 2000 2011 2043 et
2043 1988 2268 2063 Joannis
2302 1986 2367 2038 ad
2397 2004 2482 2039 eos
2514 1986 2792 2054 legatione,
2818 1996 2861 2036 et
2891 1985 3218 2037 invocatione
3241 1982 3413 2033 sancti

1969 2076 2201 2144 Spiritus
2236 2091 2393 2142 super
2420 2090 2507 2126 eos
2537 2073 2625 2141 qui
2664 2072 2921 2139 baptizati
2955 2078 3128 2122 erant.

1830 2253 1913 2306 11.
1958 2251 2115 2318 Quod
2177 2266 2280 2304 non
2335 2258 2578 2319 argento,
2635 2262 2797 2315 neque
2845 2243 3272 2306 simulataribus,
3324 2242 3415 2294 sed

1967 2343 2166 2395 sanctis
2201 2356 2292 2409 per
2323 2341 2479 2407 ﬁdem
2522 2336 2759 2405 Spiritus
2794 2336 2966 2388 sancti
3001 2333 3414 2387 communicatio

1966 2435 2128 2487 datur
2157 2450 2173 2486 :
2209 2436 2260 2486 in
2295 2449 2395 2501 quo
2432 2432 2591 2484 etiam
2631 2438 2901 2497 ponuntur
2934 2442 3052 2496 qutz
3086 2436 3208 2479 sunt
3249 2426 3312 2479 de
3344 2425 3417 2479 si-

1970 2526 2259 2579 mulatione
2288 2540 2350 2576 ac
2381 2522 2751 2590 objurgatione
2784 2519 3039 2572 Simonis.

1831 2619 1915 2672 12.
1960 2618 2112 2682 Quod
2170 2625 2473 2668 sanctorum
2525 2627 2588 2664 ac
2642 2611 2881 2679 fidelium
2938 2608 3204 2660 communi
3251 2607 3420 2661 saluti

1974 2707 2112 2759 Deus
2147 2720 2455 2772 prosperum
2487 2703 2685 2754 tribuat
2730 2713 3052 2762 successum,
3086 2708 3296 2765 sumpto
3328 2715 3419 2751 ar-

1970 2820 2073 2872 gur‘
2172 2813 2217 2846 ἠ
2260 2818 2330 2854 es:
2372 2801 2455 2852 his
2503 2815 2621 2869 (μίαν
2661 2799 2805 2849 circa
2850 2796 3147 2848 eunuchum
3189 2798 3420 2867 contige-

1974 2915 2091 2949 rum
2104 2936 2115 2948 .

1835 2988 1919 3041 15.
1965 2987 2035 3039 De
2085 2987 2261 3038 divina
2306 2984 2464 3038 Pauli
2501 2985 2570 3037 ad
2617 2985 2816 3041 Christi
2862 2985 3219 3053 apostolatum
3262 2997 3418 3034 voca-

1974 3080 2113 3132 tione
2141 3078 2347 3130 ca’litus
2387 3076 2565 3144 facta,
2612 3081 2668 3130 in
2707 3094 2809 3147 quo
2842 3079 3000 3130 etiam
3033 3077 3209 3144 agitur
3242 3072 3305 3123 de
3334 3088 3424 3125 sa-

1975 3172 2082 3223 lute
2112 3181 2160 3222 et
2197 3168 2515 3236 baptismate
2539 3165 2715 3219 Pauli
2735 3183 2827 3235 per
2850 3167 3118 3219 Ananiam
3146 3163 3307 3231 juxta
3329 3159 3426 3211 Dei

1980 3260 2442 3323 rerelationem,et
2476 3257 2721 3326 loquendi
2755 3258 3019 3318 libertate,
3051 3271 3113 3306 ac
3143 3265 3424 3305 conversa-

1978 3356 2116 3408 tione
2153 3368 2276 3420 erga
2314 3350 2584 3419 apostolos
2616 3364 2709 3417 per
2742 3348 3050 3401 Barnabant
3081 3351 3379 3399 contracta.

1837 3558 1920 3613 H.
1967 3555 2045 3610 De
2076 3553 2150 3607 1E
2155 3570 2252 3607 nea
2278 3552 2578 3622 paralytico
2601 3548 2801 3619 Lydda:
2823 3563 2917 3616 per
2942 3546 3160 3601 Petrum
3186 3555 3374 3600 curato
3404 3562 3421 3597 .-

1975 3652 2029 3704 in
2069 3665 2171 3717 quo
2217 3648 2396 3717 agitur
2432 3648 2592 3699 etiam
2633 3646 2697 3696 de
2742 3642 2967 3696 Tabitha
3005 3640 3202 3694 dilecta
3234 3640 3422 3701 vidua,

1974 3752 2135 3808 quam
2182 3736 2375 3790 Petrus
2416 3735 2599 3803 Joppae
2639 3748 2730 3800 per
2777 3732 3071 3784 orationem
3124 3744 3157 3781 a
3199 3728 3425 3781 mortuis

1976 3832 2245 3885 excitavit.

1839 3925 1924 3978 15.
1964 3922 2043 3975 De
2075 3920 2346 3982 Cornelio,
2391 3932 2609 3987 qua'que
2648 3914 2867 3985 angelus
2911 3910 2981 3965 ad
3013 3925 3133 3966 eum
3175 3910 3334 3974 dixit,
3372 3921 3423 3963 et

1975 4031 2091 4085 qua:
2125 4028 2338 4067 rursum
2365 4011 2524 4064 Petro
2556 4009 2763 4062 caelitus
2792 4007 2857 4060 de
2891 4007 3124 4076 gentium
3157 4005 3425 4059 uacatione

1980 4108 2126 4161 dicta
2155 4114 2278 4160 sunt
2309 4120 2328 4157 :
2359 4105 2411 4156 in
2444 4118 2547 4171 quo
2586 4109 2864 4162 narratur,
2901 4097 3040 4167 quod
3078 4100 3425 4152 transmissus

1980 4199 2174 4254 Petrus
2203 4196 2399 4250 venerit
2432 4193 2501 4247 ad
2530 4192 2857 4246 Cornelium.
2882 4188 3204 4258 Repetuntur
3232 4207 3265 4243 a
3294 4189 3428 4246 Cor—

1980 4290 2118 4345 nelio
2146 4302 2264 4359 quae
2286 4285 2502 4354 angelus
2531 4282 2708 4350 fuerat
2732 4290 2981 4343 testatus,
3004 4281 3208 4349 ipsique
3228 4277 3427 4333 Corne-

1980 4383 2052 4436 lio
2098 4384 2435 4433 narraverat.
2479 4372 2631 4427 Petri
2671 4371 2959 4426 instructio
2999 4370 3063 4425 de
3098 4369 3336 4435 Christo,
3367 4387 3429 4422 ac

1979 4472 2210 4541 Spiritus
2233 4469 2431 4531 sancti,
2454 4481 2612 4533 super
2634 4480 2720 4518 eos
2744 4464 2835 4532 qui
2861 4461 3170 4523 audiebant,
3195 4462 3427 4513 donum:

1984 4579 2031 4621 et
2074 4562 2334 4637 quomodo
2384 4560 2642 4628 baptizati
2689 4557 2909 4623 fuerint,
2952 4555 3042 4624 qui
3087 4569 3154 4607 ex
3190 4554 3428 4622 gentibus

1987 4657 2341 4711 crediderant.
2409 4690 2413 4694 ~

1854 4848 1936 4898 Ιϋ.
1974 4840 2252 4909 Quomodo
2297 4839 2490 4893 Petrus
2524 4837 2766 4904 deinceps
2811 4835 2970 4887 etiam
3012 4831 3224 4901 singula
3250 4845 3431 4883 eorum

1987 4948 2105 5001 qua:
2138 4941 2259 4984 acta
2291 4936 2415 4983 sunt
2448 4936 2641 4981 narrat
2676 4923 2931 4992 apostolis
2972 4920 3222 4973 adversus
3258 4918 3432 4985 ipsum

1986 5020 2429 5091 disceptantibus.
2488 5017 2636 5073 Tunc
2693 5023 2873 5068 autem
2916 5011 3228 5064 Barnabam
3273 5007 3429 5059 mise-

1990 5125 2112 5169 runt
2149 5114 2216 5169 ad
2252 5115 2449 5183 fratres
2477 5112 2567 5181 qui
2593 5106 2751 5163 erant
2776 5105 3087 5161 Antiochiw.

1850 5305 1938 5356 17.
1982 5296 2271 5367 Prophetia
2294 5292 2465 5364 Agabi
2493 5289 2556 5343 de
2585 5286 2822 5360 generali
2860 5300 2950 5352 per
2977 5280 3153 5336 orbem
3187 5277 3353 5367 fame,
3381 5286 3431 5327 et

1988 5366 2318 5458 eleemosyna
2349 5383 2573 5438 collecta
2605 5379 2745 5448 apud
2770 5378 2965 5446 fratres
2997 5372 3088 5442 qui
3148 5375 3299 5422 erant
3323 5366 3435 5417 An-

1991 5481 2219 5535 tiochite.

1851 5579 1937 5634 18.
1977 5575 2172 5631 Jacobi
2206 5570 2433 5642 apostoli
2462 5568 2816 5634 interemptio,
2846 5565 2900 5617 in
2919 5578 3021 5629 quo
3052 5572 3307 5614 narratur
3334 5555 3436 5610 Pe-

1994 5670 2061 5722 tri
2096 5666 2161 5721 ab
2194 5664 2403 5718 Herode
2432 5661 2864 5728 comprehensio:
2891 5667 2939 5709 et
2971 5652 3231 5723 quomodo
3264 5652 3436 5719 ipsum

1992 5761 2207 5830 angelus
2267 5757 2443 5811 divino
2493 5754 2654 5823 jussu
2687 5769 2719 5805 a
2754 5749 2976 5803 uinculis
3025 5744 3265 5798 liberavit
3318 5757 3336 5793 :
3382 5748 3439 5793 et

1994 5850 2186 5907 Petrus
2231 5848 2322 5903 ubi
2370 5845 2632 5915 fratribus
2684 5852 2840 5897 noctu
2884 5838 3243 5907 apparuisset,
3293 5834 3436 5887 clam
