4184 6466
163 442 271 509 ῙθΞι

1128 437 1516 497 COMMENT.
1568 433 1639 493 IN
1670 432 1857 491 ACTA
1890 429 2468 491 APOSTOLORUM.

3331 416 3433 481 106

161 555 225 605 σὺ
258 553 360 623 τὴν
388 550 546 622 χεῖρα
579 568 691 615 σου,
728 550 821 603 καὶ
855 549 1132 620 ἐμπιπλᾷς
1184 552 1290 603 πᾶν
1321 547 1480 613 ζῶον,
1522 566 1538 597 ›
1572 546 1743 616 μξμη-

1868 542 1980 608 psis
2006 540 2370 605 vindicarent,
2395 538 2577 593 nullus
2622 537 2764 591 inter
2794 546 2889 590 eos
2912 544 3077 604 egens
3103 536 3220 587 erat
3250 570 3264 597 ,
3289 529 3434 599 quod

160 658 246 705 σις
275 639 364 713 ἦν.

237 840 257 871 ι
307 821 423 874 Καὶ
450 820 665 891 μεγάλῃ
692 822 752 874 δυ
770 822 920 891 λάμει
952 821 1240 874 ἀπεδίδουν
1270 822 1330 874 τὸ
1355 819 1662 893 μαρτύριον
1699 822 1747 873 oi

165 932 184 963 ι
231 913 530 966 ἀπόστολοι
561 913 663 982 τῆς
702 913 1057 977 ἀναστάσεως
1123 913 1218 967 τοῦ
1280 914 1489 984 Κυρίου
1548 913 1749 984 Ἰησοῦ,

162 1025 181 1057 t
214 1006 383 1076 χάρις
415 1023 475 1059 τε
507 1005 722 1076 μεγάλη
754 1002 821 1077 ἦν
870 1008 960 1059 ἐπὶ
983 1008 1194 1071 πάντας
1220 1007 1441 1071 αὐτούς.
1480 1008 1617 1061 Οὐδὲ
1642 1007 1751 1078 γὰρ

167 1118 183 1148 ι
234 1100 431 1168 ἐνδεής
454 1116 539 1162 τις
572 1100 816 1170 ὑπῆρχεν
842 1100 899 1152 ὲν
927 1100 1132 1163 αὐτοῖς.
1172 1100 1330 1154 Ὅσοι
1353 1102 1461 1169 γὰρ
1487 1103 1749 1173 κτήτορες

162 1208 181 1239 ι
216 1188 442 1260 χωρίων
471 1189 505 1260 ἢ
541 1189 731 1243 οίκιῶν
763 1190 1032 1260 ὑπῆρχον,
1069 1188 1377 1255 πωλοῦντες
1421 1191 1615 1263 ἔφερον
1648 1193 1747 1255 τὰς

165 1301 183 1333 ι
226 1283 406 1354 τιμὰς
429 1283 539 1336 τῶν
566 1285 1057 1355 πιπρασκομένων.
1104 1303 1121 1336 ι

225 1462 327 1525 Τὸ,
371 1461 698 1529 ἀπεδίδουν,
746 1462 1003 1535 καθάπερ
1058 1462 1493 1534 ὲγχειρισθέντας
1556 1463 1754 1528 αὐτούς

155 1571 223 1619 τι,
265 1555 541 1621 δείκνυσι,
570 1558 663 1610 καὶ
688 1556 765 1620 ὡς
788 1557 920 1628 περὶ
943 1556 1259 1627 ὀφλήματος
1288 1555 1436 1623 λέγει
1472 1556 1623 1611 αὑτό.
1657 1556 1755 1610 Διὰ

154 1651 272 1719 γαρ
304 1648 419 1701 τῶν
445 1648 807 1719 θεοσημειῶν,
847 1648 998 1703 θείαν
1029 1648 1263 1721 δύναμιν
1321 1648 1593 1703 ἐδείκνυον
1626 1649 1756 1703 ὅντα

152 1742 247 1792 τὸν
284 1744 349 1793 ἐκ
382 1741 596 1811 νεκρῶν
628 1740 965 1795 ἀναστάντα.

236 1852 256 1884 ι
298 1834 419 1887 Καὶ
462 1833 674 1886 ἐτίθουν
704 1832 859 1904 παρὰ
898 1834 1025 1897 τοὺς
1055 1833 1222 1898 πόδας
1261 1834 1368 1887 τῶν
1418 1834 1750 1888 ἀποστόλων.

1855 634 2000 690 illius
2083 631 2327 688 Davidici
2415 629 2547 685 dicti
2627 624 2863 682 imitatio
2948 632 3065 680 erat
3129 620 3435 691 :tAperis

1856 736 1909 781 tu
1936 740 2186 804 \manuut
2256 732 2428 785 tuam,
2484 728 2537 775 et
2591 718 2783 788 imples
2808 730 2970 772 omne
2999 712 3204 769 animal
3238 712 3306 765 ³⁸.
3341 730 3359 763 ι

1933 836 1949 867 ι
1990 815 2077 878 IV,
2127 816 2215 880 35,
2251 814 2340 868 δι.
2395 811 2459 866 Et
2495 824 2690 881 magna
2722 810 2926 864 virtute
2961 806 3263 862 reddebant
3304 818 3436 874 apo-

1860 928 1878 959 ι
1916 907 2042 961 stoli
2100 904 2471 960 testimonium
2554 898 2978 956 resurrectionis
3033 894 3247 950 Domini
3283 892 3436 954 Jesu.

1862 1017 1878 1048 ι
1930 996 2211 1067 gratiaque
2245 1006 2438 1063 magna
2463 999 2580 1046 erat
2606 1004 2771 1060 super
2831 989 2978 1058 ipsos
3014 1004 3027 1040 :
3064 1000 3243 1055 neque
3291 983 3438 1040 enim

1861 1106 1878 1139 ι
1911 1085 2181 1156 quispiam
2224 1097 2396 1153 egens
2438 1090 2555 1135 erat
2602 1082 2746 1135 inter
2798 1079 2943 1133 illos.
2973 1074 3112 1132 Nam
3165 1083 3437 1146 quotquot

1862 1197 1879 1230 ι
1908 1189 2255 1247 possessores
2284 1172 2615 1245 praediorum
2641 1179 2737 1223 aut
2765 1170 2960 1223 :cdium
2988 1175 3146 1223 erant
3168 1167 3438 1228 intereas.

1862 1289 1881 1322 ‹
1918 1264 2522 1324 vendetttesaﬂcrebant
2546 1262 2721 1333 pretia
2764 1276 2951 1316 eorum
2979 1276 3099 1330 qua:
3123 1258 3441 1316 vendeban-

1864 1375 1972 1418 tur.
2020 1381 2038 1414 ι

1932 1452 2127 1515 Dictio,
2162 1452 2485 1514 reddebant,
2546 1457 2804 1517 tanquam
2876 1444 3082 1515 aliquid
3155 1443 3323 1500 fuerit
3358 1444 3443 1500 eis

1858 1543 2230 1597 concreditum
2256 1539 2550 1612 signiﬁcat,
2575 1546 2628 1594 et
2650 1539 2753 1593 hoc
2784 1534 2951 1591 veluti
2983 1532 3051 1590 'de
3071 1534 3253 1590 debito
3287 1534 3438 1589 dicit.

1861 1633 1995 1688 Nam
2015 1648 2112 1703 per
2129 1633 2307 1688 divina
2325 1632 2476 1703 signa
2497 1630 2735 1685 divinam
2760 1626 3122 1684 ostendebant
3141 1626 3440 1697 potentiam
3500 1645 3513 1665 ι

1862 1726 1984 1797 ejus
2014 1728 2155 1798 quia
2189 1726 2421 1781 mortuis
2448 1725 2803 1779 surrexisset.

1939 1839 1957 1871 ‹
1998 1818 2085 1886 lV,
2126 1818 2215 1872 55.
2276 1815 2341 1869 Et
2392 1816 2668 1885 ponebant
2701 1813 2769 1868 ad
2818 1812 2988 1883 pedes
3043 1810 3441 1883 apostolorum.

159 1944 177 1974 ι
228 1925 509 1978 Διεδίδοτο
570 1924 626 1977 δὲ
683 1925 901 1995 ἑκάστῳ
960 1924 1149 1979 καθότι
1201 1926 1267 1981 ἄν
1308 1944 1390 1989 τις
1421 1927 1610 1996 χρείαν
1669 1922 1746 1980 εἶ-

1866 1931 1880 1963 ι
1943 1911 2385 1966 Distribuebatur
2478 1919 2659 1963 autem
2743 1905 2976 1979 singulis
3030 1912 3192 1976 prout
3243 1905 3444 1975 cuique

157 2036 177 2067 ς
219 2034 341 2085 χεν.
380 2035 399 2067 ι

223 2111 305 2162 Τὸ
348 2110 508 2180 παρὰ
540 2111 665 2171 τοὺς
713 2108 881 2172 πόδας
910 2112 1007 2173 τὰς
1038 2111 1205 2181 τιμὰς
1232 2110 1437 2165 τιθέναι
1470 2111 1577 2165 τῶν
1616 2113 1750 2165 ἀπο-

156 2203 390 2266 στόλων,
428 2201 566 2255 ἀλλὰ
599 2200 675 2271 μὴ
708 2202 845 2272 πρὸς
873 2201 973 2264 τὰς
995 2204 1205 2274 χεῖρας,
1235 2203 1332 2273 τὴν
1363 2202 1563 2273 πολλὴν
1589 2204 1754 2273 τιμὴν

154 2293 251 2345 καὶ
278 2292 576 2346 εὒλάὸειαν
614 2292 722 2346 τῶν
767 2293 1156 2362 προσαγόντων
1186 2293 1353 2362 δηλοῖ.
1387 2294 1507 2347 Ὅτι
1541 2294 1597 2347 δὲ
1654 2295 1754 2347 οὐκ

154 2384 235 2443 εἰς
264 2382 369 2444 τας
403 2383 594 2452 χεῖρας
635 2382 880 2451 ἐτόλμων
929 2380 1134 2446 δοῦναι,
1177 2384 1375 2446 αὐτοὺς
1416 2384 1638 2455 κυρίους
1686 2382 1755 2456 ἦν

158 2474 341 2525 ποιεῖν
397 2472 497 2526 καὶ
527 2472 869 2540 οἰκονόμους,
910 2473 987 2536 ὡς
1022 2475 1085 2527 ἐκ
1135 2474 1333 2528 κοινῶν
1365 2475 1756 2539 ἀναλίσκοντας

155 2566 431 2633 ταμείων,
476 2565 572 2619 καὶ
629 2564 704 2635 μὴ
735 2564 810 2628 ὡς
843 2563 902 2629 ἐξ
960 2566 1105 2619 ίδίων
1138 2566 1225 2620 διὰ
1272 2568 1490 2637 χειρῶν.
1532 2569 1651 2621 Ἔτι
1696 2570 1758 2623 τὸ

156 2654 303 2722 πρὸς
333 2655 465 2716 τοὺς
518 2653 723 2716 πόδας,
764 2654 857 2705 καὶ
892 2654 1054 2718 σέϐας
1090 2655 1273 2719 αὐτοῖς
1304 2657 1631 2727 περιεποίει,
1662 2660 1755 2711 καὶ

152 2743 403 2805 ὀνείδους
424 2744 627 2814 ἀφῄρει
656 2743 755 2814 τὴν
779 2743 987 2798 ἔνδειαν
1008 2745 1117 2799 τῶν
1132 2748 1503 2818 τρεφομένων.
1527 2749 1757 2801 Ἐδίδουν

152 2833 232 2899 δὲ,
264 2834 348 2896 ὡς
380 2835 448 2887 ἐκ
482 2834 676 2889 κοινῶν
694 2834 936 2904 ταμείων
958 2838 1402 2906 χορηγουμένων.

234 3032 252 3062 ι
298 3010 498 3080 Ἰωσῆς
524 3010 579 3065 δὲ
607 3010 636 3062 ό
664 3010 980 3081 ἐπικληθεὶς
1013 3013 1297 3083 Βαρνάὸας
1333 3015 1438 3068 ὑπὸ
1465 3016 1573 3070 τῶν
1622 3020 1759 3072 ἀπο-

164 3123 182 3154 ι
226 3103 465 3167 στόλων,
499 3104 527 3157 ὁ
556 3105 723 3168 ἐστιν,
759 3105 873 3167 υίὸς
907 3105 1333 3173 παρακλήσεως,
1361 3108 1613 3179 Λευῖτης,
1644 3110 1760 3162 Κύ-

166 3216 184 3247 ι
226 3213 395 3267 πριος
448 3196 528 3264 τῷ
555 3196 724 3264 γένει,
767 3197 1106 3267 ὑπάρχοντος
1141 3197 1306 3250 αὑτοῦ
1341 3200 1532 3269 ἀγροῦ,
1574 3201 1760 3271 πωλή-

164 3307 183 3340 t
222 3306 331 3352 σας
360 3290 571 3360 ἦνεγκε
602 3288 662 3341 τὸ
693 3289 905 3359 χρῆμα,
937 3291 1032 3343 καὶ
1061 3290 1228 3360 ἔθηκε
1254 3291 1403 3362 παρὰ
1432 3292 1559 3355 τοὺς
1597 3292 1761 3356 πόδας

167 3405 183 3434 ι
222 3385 339 3437 τῶν
366 3383 709 3437 ἀποστόλων.
749 3402 767 3434 ι

232 3475 473 3544 Πρῶτον
506 3474 783 3545 μέμνηται
835 3474 928 3527 τοῦ
971 3476 1420 3545 κατωρθωκότος,
1467 3478 1635 3547 ἦγουν
1668 3476 1759 3529 τοῦ

173 3566 360 3636 Ἰωσῆ,
401 3569 486 3630 εἰς
535 3567 759 3637 ἔλεγχον
789 3568 1010 3637 μείζονα
1051 3568 1319 3632 Ἀνανίου,
1348 3570 1428 3622 ὅτι
1492 3570 1762 3622 τοσούτων

162 3660 337 3712 ὅντων
369 3660 483 3711 τῶν
500 3659 672 3712 ταῦτα
702 3660 1021 3724 ποιούντων,
1058 3662 1153 3715 καὶ
1185 3662 1457 3715 τοσοὺτω)
1494 3664 1761 3733 σημείων,

166 3751 256 3802 καί
279 3751 564 3819 τοσαύτης
593 3752 834 3821 χάριτος,
868 3752 958 3804 ὑπ’
978 3753 1188 3817 οὐδενὸς
1215 3753 1419 3808 τούτων
1444 3754 1759 3823 ἐπαιδεύθη.

168 3843 253 3913 Ῐῷ
287 3844 351 3895 δὲ
384 3844 549 3913 Ἰωσῇ
586 3843 693 3895 ἀπὸ
725 3844 835 3897 τῶν
866 3846 1205 3898 Ἀποστόλων
1265 3848 1297 3916 ἡ
1333 3845 1524 3915 κλῆσις
1587 3848 1759 3917 ὲπρυ⁸

164 3935 434 4004 τινε-3οη,
473 3936 771 4007 μαρτύριον
804 3936 1005 4005 ἀρετῆς
1036 3937 1499 4006 φιλοικτίρμονος.
1530 3938 1763 4005 Λευΐτης

164 4028 219 4080 δὲ
240 4027 343 4091 ὦν,
378 4027 631 4097 Κύπριος
655 4026 1052 4097 ἐχρημάτιζεν,
1077 4028 1158 4081 ὅτι
1185 4030 1211 4080 ό
1238 4028 1398 4098 νόμος
1420 4027 1521 4098 ἤδη
1551 4026 1759 4091 ἐλύετο,

165 4120 262 4173 καὶ
298 4117 591 4189 μετῲκουν
625 4120 683 4182 ἐξ
723 4118 983 4182 Ἰουδαίας
1012 4121 1147 4173 ὅπου
1176 4118 1239 4172 ἄν
1262 4136 1347 4182 τις
1390 4119 1649 4189 βούλοιτο.
1689 4120 1762 4172 Τὸ

243 4212 546 4282 Βαρνάϐας
571 4212 626 4278 ἐξ
655 4212 919 4274 Ἰουδαίας
952 4213 1205 4284 γλώσσης
1251 4216 1329 4277 είς
1373 4215 1602 4269 Ἐλλάδα
1630 4217 1763 4268 ἀνα-

169 4305 577 4372 πτυσσόμενον,
631 4304 773 4358 υίὸν
805 4305 1251 4373 παρακλήσεως
1286 4308 1563 4377 παριστᾷ,
1600 4307 1764 4360 οἱονεὶ

170 4393 530 4462 παραμυθίας
567 4393 660 4447 καὶ
686 4393 997 4465 οἰκτιρμοῦ.
1035 4397 1477 4467 Προπαρασκευὴ
1519 4398 1575 4451 δὲ
1611 4397 1765 4451 τοῦτο

168 4484 259 4535 τοῦ
289 4484 443 4537 κατὰ
476 4484 729 4538 Ἀνανίαν
762 4488 858 4537 καὶ
882 4486 1200 4557 Σάπφειραν
1222 4487 1469 4559 ὀλεθρίου
1496 4488 1656 4559 διηγή
1669 4505 1764 4557 μα·

172 4663 535 4732 ἀποδόμενος,
591 4665 665 4735 μὴ
704 4666 1060 4737 καταλλήλως
1116 4670 1460 4739 χρησάμενος
1507 4673 1571 4739 τῇ
1626 4672 1765 4742 ἀρχῇ

174 4757 260 4807 καὶ
289 4755 373 4823 τῷ
407 4755 578 4821 τέλει,
619 4756 808 4812 ἔλαθεν
845 4759 1019 4827 ἑαυτῷ
1048 4759 1269 4831 ὖλεθρον
1300 4760 1635 4832 διαθέμενος.

246 5050 265 5081 ι
299 5029 476 5099 Ἀνὴρ
510 5029 563 5082 δε
598 5047 677 5093 τις
700 5032 947 5094 ’Δνανίας
973 5031 1198 5101 ὀνόματι
1230 5034 1325 5091 σὺν
1359 5032 1645 5104 Σαπφείρῃ
1695 5034 1762 5103 τῇ

178 5139 198 5171 ι
233 5125 472 5189 γυναικὶ
527 5123 692 5175 αὖτοῦ
736 5123 989 5192 ἐπώλησε
1022 5125 1233 5194 κτῆμα,
1298 5124 1391 5176 καὶ
1442 5123 1762 5192 ἐνοσφίσατο

178 5231 197 5262 ι
230 5214 346 5264 απὸ
374 5214 475 5280 τῆς
498 5214 681 5283 τιμῆς,
709 5214 1016 5278 συνειδυίας
1043 5216 1138 5270 καὶ
1166 5216 1263 5286 τῆς
1294 5217 1549 5283 γυναικός
1574 5214 1761 5277 αὑτοῦ,

176 5321 197 5353 ι
228 5306 326 5357 καὶ
359 5305 595 5371 ἐνέγκας
632 5304 795 5377 μέρος
849 5323 902 5358 τι
938 5306 1089 5378 παρὰ
1119 5306 1245 5371 τοὺς
1288 5307 1453 5369 πόδας
1491 5307 1599 5360 τῶν
1628 5309 1765 5361 ἁποο

176 5418 196 5448 ι
240 5399 455 5452 στόλων
482 5397 700 5467 ἔθηκεν.
739 5418 758 5449 ι

256 5490 562 5549 Ὀλοτελῶς
619 5490 726 5561 γὰρ
760 5491 1061 5562 Σατανικῆς
1109 5493 1304 5562 μανίας
1337 5492 1548 5563 μεστὸς,
1586 5492 1614 5543 ό
1638 5490 1764 5544 αὐθ-

172 5586 439 5653 ο;.μήτως
477 5583 570 5635 καὶ
622 5584 722 5635 οὐκ
780 5584 839 5648 ἐξ
874 5586 1117 5656 ἀνάγκης
1148 5587 1240 5639 καὶ
1270 5585 1390 5656 βίας
1425 5586 1673 5654 ἐλόμενος
1706 5583 1766 5635 τὸ

170 5678 437 5747 χρηστὸν,
483 5675 599 5746 ἅμα
629 5677 685 5731 δὲ
719 5680 784 5748 τῇ
812 5679 955 5750 ἀρχῇ
988 5678 1086 5750 τὴν
1114 5680 1242 5751 περὶ
1290 5681 1348 5735 τὸ
1372 5679 1573 5751 ἀγαθὸν
1604 5676 1755 5742 ζέσιν

269 5863 314 5893 ⁸⁵
354 5862 505 5915 Psal.
526 5876 785 5925 unum,
824 5861 908 5914 l6.

432 5954 707 6018 PATRUL.
742 5956 862 6015 Gtt.
900 5954 1181 6015 CX‘i‘lll.

1864 2024 1881 2055 ι
1926 2019 2060 2075 opus
2086 2012 2224 2059 erat.
2263 2021 2281 2054 ι

1929 2097 2007 2149 ΑιΙ
2035 2096 2196 2164 pedes
2223 2093 2598 2164 apostolorum
2629 2093 2808 2163 pretia
2866 2105 3094 2164 ponere.
3121 2097 3175 2146 et
3216 2104 3324 2144 non
3376 2103 3407 2141 a

1860 2204 2074 2250 manus,
2110 2203 2364 2257 magnum
2393 2186 2595 2241 indicat
2618 2187 2879 2257 honorem
2928 2198 2993 2239 ac
3072 2181 3441 2239 reverentiam

1859 2296 2047 2336 eorum
2070 2280 2163 2350 qui
2187 2278 2505 2334 atl'erebant.
2539 2278 2697 2345 Quod
2724 2286 2907 2333 autem
2928 2276 2984 2332 in
3022 2275 3280 2330 manibus
3306 2274 3444 2329 dare

1859 2387 1967 2427 non
1991 2372 2288 2436 audebant,
2335 2378 2455 2425 erat
2489 2370 2613 2427 illus
2676 2370 3019 2425 constituere
3073 2368 3326 2424 dominos
3382 2383 3443 2423 ac

1861 2466 2286 2534 dispensatores,
2308 2472 2366 2517 ut
2382 2479 2446 2518 ex
2462 2463 2717 2518 omnibus
2742 2460 3130 2533 promptuariis
3155 2476 3445 2517 consume-

1864 2563 2004 2619 rent,
2030 2563 2083 2609 et
2138 2570 2243 2609 non
2261 2552 2368 2624 42
2412 2568 2507 2623 ρει·
2553 2566 2746 2607 manus
2776 2551 2842 2607 de
2870 2551 3130 2623 pr0priis.
3173 2551 3442 2609 Praeterea

1864 2652 2010 2719 quod
2029 2648 2231 2702 dicitur
2264 2665 2281 2697 ι
2318 2646 2383 2701 ad
2410 2646 2625 2716 pedes,»
2652 2655 2706 2700 et
2727 2645 3260 2700 venerationemillis
3277 2644 3443 2700 adde-

1862 2741 1980 2804 bat,
2005 2750 2058 2795 et
2082 2740 2434 2811 indigentiam
2461 2754 2649 2794 eorum
2670 2738 2763 2809 qui
2795 2738 3070 2794 alerentur
3086 2740 3287 2809 probro
3305 2741 3442 2795 libe-

1865 2831 2040 2885 rabat.
2067 2829 2702 2886 Distribuebaturaulem
2727 2840 2981 2900 tanquam
3004 2846 3033 2885 e
3059 2834 3444 2887 connnunibus

1867 2936 1919 2981 ct
1948 2925 2358 2981 abundantibus
2393 2924 2802 2994 promptuariis.

1944 3034 1961 3069 ι
1991 3015 2082 3082 IV,
2118 3016 2209 3083 56,
2242 3015 2330 3069 '57.
2363 3014 2522 3071 Joses
2587 3023 2790 3079 autem,
2879 3015 2974 3083 qui
3026 3014 3443 3085 cognominatus

1874 3128 1891 3159 ι
1930 3118 2013 3164 εει
2042 3106 2328 3163 Barnabas
2365 3108 2432 3162 ab
2456 3107 2749 3177 apostolis,
2790 3104 2936 3175 quod
2970 3112 3079 3170 est,
3113 3105 3255 3159 ﬁlius
3313 3121 3443 3159 eou-

1876 3221 1894 3252 «
1936 3201 2243 3265 solationis,
2276 3200 2514 3267 Levites,
2555 3199 2790 3271 Cyprius
2819 3212 3182 3268 generc,cum
3218 3198 3445 3253 haberet

1875 3314 1891 3344 ι
1930 3309 2145 3365 agrum,
2171 3292 2411 3347 vendidit
2442 3307 2590 3356 eum,
2615 3292 2857 3345 etattulit
2880 3291 3136 3360 pretium,
3162 3291 3445 3359 posuitque

1874 3404 1891 3435 t
1939 3385 2188 3453 adpcdcs
2218 3384 2612 3452 apt'stuluruzn.
2659 3404 2675 3432 ι

1938 3478 2179 3532 Primum
2231 3477 2350 3546 ejus
2408 3477 2653 3529 meminit
2704 3477 2797 3545 qui
2853 3476 3175 3547 prmclarum
3230 3475 3444 3532 facinus

1867 3581 2126 3641 operatus
2156 3579 2259 3635 est,
2301 3584 2492 3638 nempe
2520 3568 2692 3637 ipsius
2716 3567 2863 3633 Jose,
2903 3570 2968 3623 ad
3004 3570 3268 3640 majorem
3291 3571 3443 3625 Ana-

1868 3663 1969 3717 niae
1992 3661 2418 3717 conlutationetn
2452 3678 2465 3713 :
2498 3661 2672 3729 quod,
2705 3674 2827 3715 cum
2881 3661 3012 3715 tanti
3043 3669 3222 3715 essent
3249 3661 3341 3732 qui
3365 3669 3446 3715 ta-

1868 3750 1938 3803 lia
2002 3758 2224 3820 agerent
2254 3760 2306 3802 et
2343 3758 2491 3801 tanta
2521 3748 2695 3817 signa,
2727 3757 2989 3819 tantaque
3040 3749 3239 3818 gratia,
3297 3750 3447 3805 nullo

1870 3840 2066 3894 horum
2103 3846 2383 3894 correctus
2436 3838 2527 3893 sit.
2581 3836 2701 3908 Ipsa
2758 3850 2937 3894 autem
2986 3839 3115 3897 Jose
3156 3841 3446 3914 appellatio

1869 3931 1936 3984 ab
1970 3930 2232 3999 apostolis
2312 3928 2535 3982 inducta
2575 3938 2657 3983 est
2696 3929 2748 3981 in
2789 3930 3166 3985 testimonium
3227 3930 3446 3986 virtutis

1868 4026 2033 4079 animi
2075 4040 2203 4093 erga
2254 4039 2523 4094 pauperes
2553 4022 2834 4093 propensi.
2871 4023 3006 4077 Cum
3033 4032 3216 4078 autem
3250 4023 3446 4080 levites

1868 4116 2283 4186 csset,Cyprius
2315 4115 2629 4177 dicebatur,
2687 4114 2831 4183 quod
2869 4115 2950 4169 lex
2982 4115 3094 4183 jam
3127 4116 3306 4170 soluta
3361 4134 3447 4171 es-

1868 4219 1971 4273 set,
2001 4208 2303 4264 etaludaca
2333 4206 2799 4276 transmigrabant
2831 4224 2940 4277 quo
2969 4209 3201 4278 quisque
3262 4208 3443 4264 vellet.

1868 4302 2045 4357 Dictio
2072 4312 2251 4356 autem
2308 4301 2585 4355 Barnabas
2618 4298 2688 4354 ab
2741 4298 3007 4354 llebraica
3034 4300 3214 4370 lingua
3266 4300 3319 4354 in
3345 4302 3450 4354 La-

1868 4393 2040 4448 tinam
2060 4394 2308 4447 traducta
2328 4392 2499 4445 tilium
2544 4390 2794 4459 designat
2812 4390 3225 4456 consolationis,
3253 4407 3446 4461 nempe

1869 4487 2084 4556 pietatis
2114 4500 2241 4556 erga
2274 4498 2565 4553 pauperes.
2626 4482 2742 4536 lloc
2782 4493 2965 4537 autem
2996 4492 3254 4553 tanquam
3309 4499 3445 4552 prte-

180 4586 278 4631 τος.
347 4572 604 4641 Μιμήσει
634 4572 743 4643 γὰρ
777 4573 874 4625 καὶ
920 4565 1075 4637 οὗτος
1107 4575 1201 4627 τοῦ
1255 4577 1436 4646 Ἰωσῆ,
1470 4578 1561 4630 τὸν
1595 4578 1758 4647 ἀργὸν

1871 4578 2077 4631 ludium
2109 4587 2194 4631 est
2248 4574 2313 4629 ad
2348 4574 2719 4628 narrationem
2759 4573 3083 4644 perditionis
3111 4573 3340 4627 Ananiae
3390 4582 3444 4628 et

1870 4666 2173 4739 Sappltirm.
2230 4664 2366 4720 Nam
2392 4677 2444 4721 et
2470 4666 2565 4720 hic
2597 4665 2770 4735 ipsius
2798 4663 2926 4720 .Iose
2978 4664 3285 4720 imitatione
3317 4681 3448 4735 agro

1870 4759 2171 4821 divendito,
2214 4773 2322 4811 non
2374 4756 2725 4811 convenieuti
2786 4755 2947 4810 modo
2992 4770 3127 4810 usus
3179 4756 3448 4825 principio

1871 4861 1925 4908 et
1965 4852 2092 4916 line,
2126 4849 2397 4919 ignoravit
2420 4847 2569 4919 quod
2596 4848 2695 4903 sibi
2729 4847 2827 4918 ipsi
2854 4845 3219 4918 perditionem
3257 4847 3445 4901 conci-

1872 4944 2052 4997 liaret.
3074 4930 3099 4941 “

1949 5054 1965 5085 ι
1997 5034 2058 5098 ν,
2096 5033 2144 5097 i,
2165 5033 2221 5089 2.
2251 5032 2346 5086 Vir
2372 5040 2550 5085 autent
2577 5030 2797 5099 quidam
2831 5031 3053 5086 ..nanias
3078 5029 3297 5085 nomine
3323 5043 3447 5083 eum

1881 5147 1895 5172 ι
1937 5124 2205 5195 Sapphira
2262 5138 2432 5177 uxore
2471 5138 2569 5176 sua
2603 5119 2847 5175 vendidit
2920 5120 3329 5190 possessionem
3396 5127 3450 5172 et

1874 5237 1891 5269 ι
1918 5216 2193 5271 fraudavit
2219 5213 2287 5269 de
2317 5214 2514 5284 pretio,
2552 5213 2779 5267 conscia
2843 5212 3009 5267 etiam
3045 5226 3220 5266 uxore
3239 5223 3365 5275 sua,
3396 5219 3451 5265 et

1878 5328 1895 5360 ι
1932 5309 2148 5361 allatam
2178 5314 2390 5377 partem
2440 5304 2733 5375 quamdam
2770 5304 2955 5373 posuit
3000 5303 3067 5359 ad
3094 5302 3260 5373 pedes
3316 5316 3449 5371 apo-

1878 5420 1894 5451 ι
1934 5400 2217 5455 stolorum.
2252 5418 2269 5451 ι

1945 5494 2181 5548 Omnino
2217 5492 2361 5549 enim
2399 5491 2655 5547 Satanica
2707 5490 2917 5546 insania
2949 5489 3146 5560 plenus
3186 5496 3327 5551 erat,
3357 5487 3450 5557 qui

1877 5601 2002 5640 cum
2037 5585 2258 5655 proprio
2310 5584 2578 5639 instinctu
2615 5591 2669 5637 et
2703 5598 2811 5637 non
2847 5596 2916 5637 ex
2949 5580 3300 5643 necessitate,
3358 5591 3450 5632 aut

1869 5678 2115 5749 vialiqua
2141 5678 2285 5749 quod
2319 5678 2523 5733 bonum
2552 5685 2635 5733 est
2663 5675 2939 5746 elegisset,
2968 5674 3134 5731 simul
3175 5681 3269 5727 tan
3291 5684 3358 5727 en
3390 5676 3451 5726 ut
