4184 6466
767 370 868 434 135

1828 365 2232 425 (ECUMENII
2266 365 2307 423 Τ
2322 364 2565 423 ΒῙΟΟδΕ
2597 362 2933 423 EPlSCOl‘I

3920 353 4029 418 136

762 496 985 555 quoque
1014 479 1329 550 Stephanus
1364 479 1418 535 in
1465 479 1684 535 illorum
1715 478 2086 548 improbitate,
2113 493 2235 549 quae
2269 492 2334 532 ex

2464 492 2612 539 ιειοις
2643 473 3054 535 ὺποϐλεπτικῶς
3098 470 3559 542 προτκειμὲνουςς
3610 470 3689 524 διὸ
3737 470 3832 531 καὶ
3892 471 4032 525 Στέ-

761 583 964 633 inteeto
995 577 1178 631 animo
1213 583 1355 640 erat,
1390 574 1622 629 liberius
1645 572 1994 642 coarguenda
2029 581 2334 641 occupatus

761 679 866 725 est.
900 668 967 723 Et
1001 666 1449 738 promissionem,
1482 680 1607 735 quae
1632 664 1700 719 ad
1727 673 1910 735 patres
1954 662 2098 716 facta
2128 670 2235 729 est,
2266 662 2336 717 ob

761 777 927 833 quam
956 759 1343 823 efferebantur,
1366 754 1610 812 ostendit
1633 764 1758 809 ante
1790 770 1915 809 eum
1957 754 2163 819 locum,
2209 760 2337 807 ante

763 849 1279 912 circumcisionem,
1313 855 1438 901 ante
1475 844 1768 910 sacriﬁcia,
1797 853 1929 899 ante
1956 843 2222 913 templum
2251 841 2337 895 fam

763 950 904 996 ctam
944 955 1069 995 esse
1119 956 1133 993 :
1164 949 1219 994 et
1247 954 1422 1008 neque
1463 937 1516 991 hi
1543 937 2026 993 circumcisionem
2044 944 2137 989 aut
2165 935 2336 1005 legem

765 1043 1092 1103 acceperant
1114 1031 1259 1100 quod
1282 1031 1433 1101 digiti
1466 1030 1723 1093 fuissent,
1753 1031 1846 1084 sed
1874 1030 2046 1083 solius
2074 1028 2337 1083 obedien-

768 1127 857 1179 tiae
892 1137 1099 1179 merces
1130 1128 1250 1177 erat
1295 1122 1411 1177 sola
1437 1128 1606 1175 terra.
1635 1119 1701 1173 Et
1743 1134 1923 1188 neque
1948 1119 2076 1173 data
2101 1118 2340 1173 circum-

767 1217 979 1270 cisione
1007 1215 1277 1284 completa
1312 1221 1399 1269 est
1421 1212 1739 1282 promissio,
1774 1210 1919 1281 quod
1945 1212 2112 1265 etiam
2141 1210 2257 1265 haec
2284 1210 2341 1264 in

768 1308 936 1373 ﬁgura
963 1304 1373 1374 contingerent.
1403 1302 1705 1357 Considera
1739 1315 1894 1363 vero,
1922 1300 2068 1371 quod
2109 1301 2155 1356 si
2188 1309 2342 1370 pater

769 1397 949 1451 Thare
1006 1412 1115 1449 non
1150 1396 1250 1449 fuit
1303 1394 1487 1449 socius
1537 1394 2001 1464 peregrinationis
2056 1408 2180 1447 cum
2230 1393 2342 1447 ﬁlio

769 1488 1045 1542 Abraham
1065 1502 1130 1540 eo
1150 1486 1293 1553 quod
1320 1485 1583 1555 indignus
1612 1494 1781 1548 esset,
1815 1485 1987 1537 multo
2022 1484 2197 1553 magis
2222 1484 2341 1550 lilii,

769 1578 988 1631 etiamsi
1023 1576 1321 1646 plurimum
1377 1576 1479 1629 via:
1526 1574 1882 1629 confecerint.
1930 1573 2204 1626 Abraham
2237 1573 2342 1627 ita-

771 1682 877 1735 que
906 1667 1041 1720 adeo
1094 1666 1193 1718 fuit
1226 1666 1635 1734 obtemperans,
1679 1672 1736 1717 ut
1761 1673 1815 1718 et
1844 1665 2228 1732 cognationem
2284 1672 2340 1719 et

771 1755 1002 1824 patriam
1040 1756 1157 1807 solo
1190 1762 1369 1807 motus
1399 1754 1624 1807 oraculo
1661 1754 1962 1822 reliquerit.
1991 1752 2149 1819 Quod
2184 1753 2227 1807 si
2257 1753 2344 1807 hic

2444 582 2610 635 ιρανος
2633 568 2699 637 τῇ
2722 565 2948 619 ἐκείνων
2979 564 3085 618 ἀπὸ
3136 563 3426 634 χρώματος
3457 564 3850 636 κακεντρεχείᾳ
3882 560 4033 636 περ-

2446 657 2937 729 ρησιαστικὼτερον
2957 655 3303 726 ἐπεμϐαίνων
3334 655 3713 727 κατείληπται.
3752 658 3863 710 Kal
3911 656 4033 708 δεί-

2445 765 2602 803 κνυσι
2631 750 2730 820 τὴν
2759 749 2895 817 πρὸς
2918 750 3042 810 τοὺς
3061 746 3304 818 πατέρας
3331 747 3685 815 ἐπαγγελίαν,
3713 749 3797 815 ἐφ’
3829 740 4037 819 ᾖμέγα

2445 839 2731 911 ἐφρόνουν,
2760 839 2869 912 πρὸ
2890 838 2983 891 τοῦ
3007 840 3174 891 τόπου
3193 838 3512 908 γενομένην,
3543 838 3650 909 πρὸ
3677 837 3777 908 τῆς
3808 854 4038 908 περιτο-

2450 936 2578 1005 μῆς,
2622 934 2730 1005 πρὸ
2781 934 2882 1003 τῆς
2931 934 3143 1001 θυσίας,
3186 934 3292 1004 πρὸ
3322 933 3417 986 τοῦ
3447 933 3596 987 ναοῦ.
3648 934 3757 986 Καὶ
3781 934 3864 985 ὅτι
3904 931 4038 985 οὐδὲ

2447 1029 2570 1082 κατ’
2598 1026 2754 1092 ἀξίαν
2776 1022 2920 1082 οὗτοι
2953 1027 3144 1081 ἔλαϐον
3169 1027 3290 1080 οὐδὲ
3329 1026 3654 1097 περιτομὴν,
3690 1026 3810 1078 οὐδὲ
3839 1024 4035 1091 νόμον,

2449 1119 2586 1175 ἀλλὰ
2624 1122 2722 1191 τῆς
2773 1120 3022 1190 ὑπακοῆς
3066 1120 3236 1190 μόνης
3292 1121 3321 1172 ό
3371 1118 3561 1189 μισθὸς
3588 1114 3655 1187 ἦν
3684 1119 3717 1187 ἡ
3752 1117 3822 1186 γῆ
3866 1116 4035 1184 μόνη.

2447 1212 2559 1265 Kal
2588 1211 2711 1265 οὐδὲ
2744 1198 3049 1283 περιτομῆς
3102 1210 3350 1280 δοθείσης
3392 1212 3426 1281 ἡ
3454 1208 3756 1277 ἐπαγγελία
3787 1206 4039 1278 πληροῦ-

2448 1319 2559 1370 ται,
2606 1303 2702 1357 καὶ
2731 1304 2815 1357 ὅτι
2860 1302 3024 1355 τύποι
3077 1296 3216 1372 ἦσαν
3249 1300 3443 1355 ταῦτα.
3491 1300 3766 1353 Σκόπειδὲ
3796 1299 3900 1364 ὃτι,
3934 1299 4040 1350 εἰό

2450 1394 2636 1466 πατὴρ
2687 1394 2877 1465 etiam
2909 1394 3010 1447 οὐκ
3042 1391 3371 1463 ἐκοινώνησε
3395 1392 3473 1462 τῷ
3512 1390 3613 1460 υἱῷ
3650 1390 3903 1460 Ἀϐρααμ
3935 1392 4041 1458 τῆς

2446 1485 2759 1555 ἀποδημίας
2793 1485 2904 1539 ἀπὸ
2946 1485 3054 1540 τῶν
3078 1484 3487 1552 Χαλδαίων,διᾶι
3512 1486 3571 1537 τὸ
3604 1483 3822 1549 ἀνάξιος
3859 1478 4037 1543 εἶναι.

2451 1576 2631 1645 πολλῷ
2690 1577 2890 1646 μᾶλλον
2949 1578 3017 1630 τὰ
3067 1578 3278 1644 παιδία,
3330 1578 3435 1631 κᾶν
3491 1575 3714 1641 δόξωσιν
3764 1577 3854 1627 ἐπί
3896 1574 4039 1626 πολὺ

2453 1668 2737 1738 προελθεῖν
2768 1669 2865 1739 τῆς
2892 1667 3039 1722 ὀδοῦ.
3071 1668 3324 1739 Ἀϐραὰμ
3345 1669 3443 1738 μὲν
3468 1664 3561 1722 οὖν
3583 1667 3725 1721 οῦτω
3755 1666 4040 1736 πειθήνιος

2452 1759 2693 1826 ἐγένετο,
2730 1759 2805 1821 ὡς
2826 1759 2919 1811 καὶ
2945 1759 3099 1827 γένος
3124 1762 3218 1813 καὶ
3247 1758 3483 1829 πατρίδα
3513 1759 3619 1812 ἀπὸ
3644 1756 4039 1828 χρηματισμοῦ

772 1852 847 1897 ita
887 1860 947 1899 se
984 1847 1194 1908 habuit,
1233 1845 1511 1914 quomodo
1545 1845 1620 1908 hi,
1651 1846 1744 1914 qui
1788 1846 1842 1899 in
1874 1846 2131 1899 omnibus
2158 1844 2351 1898 inube-

2464 1851 2609 1920 ξιιλοῦ
2672 1850 2938 1906 ἐκλιπεῖν.
2999 1852 3060 1903 Ei
3113 1851 3169 1905 δὲ
3217 1844 3373 1913 οὗτος
3411 1850 3605 1915 οὕτως,
3643 1852 3758 1913 πῶς
3788 1847 3934 1903 οὗτοι
3979 1852 4041 1900 ἐν

772 1938 987 1991 dientes
1012 1953 1132 1991 esse
1165 1936 1673 2005 deprehenduntur,
1712 1938 1763 1991 in
1808 1938 1948 1991 filius
1994 1938 2226 1990 Abrahae
2268 1954 2352 1989 re-

773 2029 1152 2098 putabuntur?
1172 2028 1358 2097 Neque
1381 2030 1525 2082 enim
1552 2030 1674 2080 vitm
1705 2028 1984 2092 nativitas,
2018 2028 2113 2083 sed
2134 2044 2349 2083 morum

777 2120 1011 2172 imitatio
1047 2118 1365 2172 ﬁliationem
1402 2119 1664 2173 conciliat
1695 2137 1707 2172 :
1740 2119 1998 2188 quoniam
2028 2119 2101 2180 ita
2131 2134 2352 2188 quoque

775 2212 1044 2264 monstris
1092 2211 1233 2264 mala
1283 2210 1500 2264 fortuna
1556 2212 1723 2274 natis,
1753 2210 1900 2279 quod
1940 2210 2243 2280 legitimum
2289 2224 2352 2263 ac

772 2301 1021 2355 naturale
1040 2309 1123 2353 est
1151 2308 1331 2368 pOsSCl
1357 2300 1578 2355 attribui
1608 2301 1713 2371 63
1731 2300 1844 2355 Hoc
1862 2302 2021 2355 modo
2040 2315 2349 2369 quanquam

775 2395 1035 2450 dictionis
1081 2384 1221 2450 serie
1262 2410 1370 2449 non
1397 2394 1675 2463 procedat,
1706 2410 1900 2464 magna
1934 2402 2116 2447 tamen
2155 2394 2350 2448 abbre-

776 2489 908 2540 viati
933 2488 1225 2552 sermonis,
1263 2487 1623 2556 intelligentia
1653 2487 2351 2557 progredierrs.ctillorum

780 2578 1173 2646 impudentiam
1223 2578 1289 2631 ad
1343 2577 1548 2632 Christi
1614 2596 1784 2649 usque
1826 2581 2140 2648 passionem
2194 2595 2353 2633 coar-

780 2685 973 2737 guenS,
1022 2685 1214 2739 passus
1270 2678 1354 2725 est
1400 2687 1520 2739 qua:
1564 2672 1860 2725 verisimile
1922 2680 2190 2725 erateum
2241 2671 2351 2738 pati

779 2770 1056 2832 oportere,
1098 2762 1189 2830 qni
1237 2761 1413 2815 malos
1460 2771 1737 2831 argueret.
1786 2761 1849 2814 lit
1882 2762 2135 2831 promisit
2167 2777 2226 2816 se
2273 2762 2350 2816 illi

780 2852 1061 2905 daturum.
1114 2872 1130 2901 ι
1192 2849 1291 2905 llic
1322 2852 1586 2921 deinceps
1612 2853 1844 2906 Abrahae
1883 2854 2129 2921 procedit
2181 2853 2354 2907 histo-

781 2943 887 3006 ria,
936 2956 1055 3010 qua:
1112 2948 1225 2994 tota
1288 2942 1615 3010 palriarcha}
1664 2951 1851 2995 narrat
1898 2944 2242 2997 tolerantiam
2284 2942 2350 2996 ad

781 3042 1037 3088 eventum
1072 3049 1245 3102 usque
1271 3035 1720 3103 promissionum.
1763 3034 2049 3101 Siquidem
2079 3036 2349 3095 Abraham

782 3122 1011 3191 ejusque
1061 3130 1312 3191 nepotes,
1363 3121 1456 3190 qui
1495 3123 1642 3175 circa
1692 3122 1905 3176 divinas
1953 3122 2350 3190 promissiones

786 3219 1128 3289 longanimes
1154 3217 1398 3283 fuerunt,
1429 3218 1770 3271 demonstrat
1803 3218 2166 3287 percetebres,
2189 3218 2359 3285 negli-

786 3320 979 3380 gentes
1009 3324 1139 3363 vero
1180 3309 1388 3363 similes
1425 3308 1786 3377 praesentibus
1815 3316 1949 3361 tunc
2002 3306 2355 3361 auditoribus

786 3402 881 3472 qui
936 3410 990 3456 et
1033 3401 1135 3469 ipsi
1180 3400 1395 3453 illorum
1446 3400 1785 3455 calamitates
1847 3399 2053 3467 absque
2095 3398 2359 3453 dilatione

787 3507 896 3545 una
940 3506 1063 3546 cum
1117 3492 1198 3546 eis
1241 3502 1629 3561 assequentur,
1696 3491 1994 3547 abstractis
2049 3491 2116 3545 ab
2174 3504 2363 3544 eorum

789 3580 1045 3635 manibus
1098 3578 1256 3635 bonis
1287 3596 1405 3649 quae
1433 3581 1749 3649 sperabant.

859 3670 991 3735 Quae
1040 3680 1214 3723 tamen
1270 3669 1451 3723 omnia
1505 3685 1668 3739 parra
1701 3678 1852 3735 sunt,
1886 3685 1929 3724 sn
1963 3670 2027 3723 ad
2061 3678 2362 3723 extremum

789 3765 842 3817 in
878 3762 1153 3816 Christum
1190 3777 1385 3815 ausum
1429 3772 1965 3815 conuitcnsurentur.
1996 3761 2119 3815 ldco
2146 3776 2364 3830 quoque

788 3849 911 3903 duri
954 3850 1167 3904 cervice
1201 3858 1253 3904 et
1291 3850 1662 3905 incircumcisi
1706 3851 1870 3905 corde
1918 3866 1981 3904 ac
2028 3852 2253 3905 auribus
2281 3851 2367 3903 di-

791 3951 992 3995 cuntur
1035 3958 1049 3994 :
1105 3949 1326 4011 propter
1369 3956 1491 4010 qua:
1543 3953 1597 3997 ct
1643 3942 2031 4011 prophetarum
2084 3942 2368 3996 homicida:

788 4046 912 4085 esse
942 4041 1338 4099 coarguuntur,
1374 4032 1483 4083 imo
1524 4031 1701 4100 ipsius
1732 4032 1895 4085 etiam
1923 4030 2148 4094 Christi,
2180 4032 2270 4100 qui
2316 4042 2372 4086 et

790 4121 1069 4175 interitum
1123 4129 1176 4174 et
1230 4121 1583 4175 novissimam
1644 4121 1783 4190 ipsis
1832 4121 2230 4187 dispersioncm
2283 4136 2370 4174 re-

789 4212 1011 4282 pendet.
1048 4210 1221 4264 Tanta
1274 4211 1460 4279 itaque
1510 4218 1660 4274 sunt,
1695 4226 1816 4280 qurc
1865 4211 2055 4266 videre
2104 4212 2375 4281 contingit

793 4304 847 4356 in
878 4302 980 4355 hoc
1018 4302 1337 4356 abbreviato
1369 4316 1625 4356 sermone
1678 4301 2119 4371 prudentissima:
2147 4304 2372 4356 concio-

793 4395 879 4449 nis
940 4392 1201 4463 Stephani
1259 4392 1443 4447 divina
1506 4392 1714 4463 praediti
1777 4393 2082 4462 sapientia,
2135 4407 2370 4463 quorum

2455 1945 2624 1997 πᾶσιν
2665 1942 2911 2005 ἀπειθεῖς
2971 1943 3546 2013 καταλαμϐανόμενοι,
3604 1943 3685 2005 εἱς
3735 1942 3898 1993 τέκνα
3940 1940 4043 1992 τοῦ

2468 2033 2721 2104 Ἀϐραὰμ
2752 2033 3205 2105 λογισθήσονταις
3236 2036 3297 2087 οὐ
3319 2034 3428 2104 γὰρ
3452 2035 3483 2103 ἡ
3508 2030 3729 2101 ζωώδης
3752 2032 4046 2094 σῦσταπιςο

2454 2124 2570 2177 ἀλλ’
2596 2125 2629 2191 ἡ
2661 2122 2770 2177 τῶν
2824 2124 3042 2192 τρόπων
3093 2123 3328 2193 μίμησις
3369 2122 3468 2193 τὴν
3498 2122 3722 2191 υίότητα
3758 2121 4037 2190 προξενεῖ.

2467 2216 2621 2267 Ἐπεὶ
2648 2214 2793 2268 οὓτω
2813 2231 2876 2282 γε
2933 2214 3027 2268 καὶ
3055 2214 3243 2284 τέρασι
3274 2215 3337 2266 τὸ
3374 2216 3599 2284 γνήσιον
3622 2216 3733 2277 τοῖς
3757 2212 4047 2282 δυστυχῶς

2454 2304 2658 2373 φύσασι
2698 2305 3128 2376 προσνεμηθείη.
3180 2304 3339 2358 υῦτω
3403 2304 3507 2358 κᾶν
3545 2304 3593 2357 εί
3658 2305 3733 2374 μὴ
3776 2307 3844 2374 τῇ
3898 2303 4049 2366 λέξει

2453 2396 2754 2467 προελθὼν,
2786 2400 2852 2466 τῇ
2880 2397 3011 2465 γοῦν
3049 2397 3142 2449 τοῦ
3190 2397 3633 2467 συντετμημὲνου
3683 2396 3844 2464 λόγου
3879 2395 4051 2447 πολι,-

2456 2490 2576 2559 νοία
2632 2488 2863 2557 προϐὰς,
2893 2488 2989 2541 καὶ
3022 2488 3182 2557 μέχρι
3222 2488 3317 2540 τοῦ
3359 2488 3502 2540 κατὰ
3537 2487 3772 2557 Χριστὸν
3833 2486 4049 2547 πάθους

2456 2583 2556 2651 τὴν
2590 2580 2863 2634 ἀναίδειαν
2891 2580 3217 2648 ἀπελέγξας,
3251 2580 3451 2634 ἔπαθεν
3479 2580 3582 2632 ὑπὸ
3627 2580 3734 2632 τῶν
3766 2580 3862 2631 ὅσα
3896 2578 4051 2639 είκος

2454 2675 2545 2727 τὸν
2587 2674 2878 2742 ἐλέγχοντα
2934 2671 3156 2737 κακοὺς,
3219 2672 3433 2726 παθεῖν.
3484 2672 3596 2725 Kal
3670 2670 4047 2740 ἐπηγγείλατο

2453 2762 2637 2816 δοῦναι
2659 2761 2829 2831 αὐτῷ.
2862 2760 2995 2813 ’Λπὸ
3016 2761 3222 2814 τούτων
3247 2750 3478 2832 λοιπὸνή
3511 2762 3649 2814 κατὰ
3671 2760 3762 2813 τὸν
3789 2759 4051 2828 ’Δϐραὲιμ

2455 2852 2667 2922 ἱστορία
2729 2850 2994 2919 πρόεισιν,
3050 2850 3172 2918 ἦτις
3228 2848 3417 2903 ἅπασα
3462 2849 3522 2902 τὺ
3569 2848 4049 2919 προσκαρτερικον

2455 2945 2548 2999 ἐπὶ
2578 2946 2699 3007 ταῖς
2738 2946 2845 2997 τῶν
2880 2942 3223 3011 ἐπαγγελιῶν
3268 2943 3526 2995 ἐκϐασεσι
3570 2943 3665 2995 τοῦ
3694 2942 4049 3010 πατριάρχου

2453 3036 2754 3102 διεξιοῦσα,
2785 3035 3145 3105 τδνᾊϐραὰμ
3170 3034 3268 3103 μὲν
3292 3035 3386 3087 καὶ
3407 3035 3532 3095 τοὺς
3562 3035 3683 3086 κατ’
3705 3033 3888 3089 αὐτὸν.
3918 3032 4049 3093 τοὺς

2458 3128 2586 3199 περὶ
2615 3128 2715 3190 τὰς
2746 3125 2896 3188 θείας
2952 3125 3283 3193 ἐπαγγελίας
3330 3125 3687 3194 καρτερικοὺς
3715 3166 3728 3186 ,
3766 3124 4051 3191 ἀοιδίμους

2464 3219 2780 3287 ἀποφαίνει,
2817 3219 2942 3279 τοῦς
2992 3214 3292 3285 ὀλιγώρους
3330 3216 3407 3279 δὲ,
3459 3217 3676 3284 ὁμοίους
3707 3213 3817 3266 τῶν
3845 3213 4052 3281 παρόν-

2466 3330 2571 3365 των
2608 3311 2913 3383 τηνικαῦτα
2966 3307 3275 3377 ἀκροατῶν,
3307 3308 3356 3358 οἳ
3404 3309 3496 3359 καὶ
3546 3308 3698 3360 αὐτοὶ
3730 3308 3835 3360 τῶν
3864 3306 4051 3358 αὐτῶν

2468 3404 2699 3465 ἐκείνοις
2748 3401 3155 3471 ἁκληρημάτων
3204 3398 3928 3471 ἁνυπερθέτωςγτεὺξονται,
3989 3400 4049 3464 ἐξ

2471 3491 2650 3545 αὐτῶν
2705 3490 2927 3560 χειρῶν,
2991 3489 3097 3542 τῶν
3140 3489 3511 3558 ἐλπιζομένων
3560 3489 3782 3551 αὐτοῖς,
3826 3492 4053 3558 ρυῖακο-

2472 3579 2670 3649 μένων.

2544 3671 2722 3738 ’Λπερ
2753 3671 2967 3723 ἅπαντα
2990 3672 3139 3740 ὅμως
3176 3671 3347 3741 μικρὰ
3372 3672 3870 3740 παραμετροῦμενα
3912 3668 4051 3737 πρὸς

2472 3763 2533 3814 τὸ
2559 3762 2786 3831 ἔσχατον
2834 3764 2971 3814 κατὰ
2996 3761 3233 3832 Χριστοῦ
3264 3762 3538 3831 τόλμημα.
3577 3760 3665 3813 Διὸ
3695 3763 3787 3813 καὶ
3812 3760 4053 3828 σκληρο-

2483 3852 2745 3922 τράχηλοι
2799 3854 2893 3904 καὶ
2943 3852 3314 3921 ἀπερίτμητοι
3344 3856 3406 3920 τῇ
3440 3852 3657 3921 καρδία,
3695 3851 3787 3903 καὶ
3810 3853 3919 3911 τοῖς
3947 3851 4057 3902 ὠσὶ

2463 3944 2964 4014 παραϐεϐοσμένοι.
2992 3946 3065 3996 Δι’
3088 3945 3121 3997 ἆ
3142 3947 3235 3997 καὶ
3256 3949 3431 4012 φονεῖς
3462 3944 3755 4012 προφητῶν
3799 3945 3889 3995 τὸν
3927 3943 4046 3995 ὁλε-

2478 4037 2605 4105 θρον
2643 4037 2736 4088 καὶ
2763 4035 3212 4104 ἀπηλέγχθησαν,
3246 4037 3339 4086 καὶ
3359 4033 3632 4086 αὐτοῦτοῦ
3669 4032 3927 4102 Χριττοῦ.
3954 4034 4055 4093 Ὃς

2478 4125 2572 4175 καὶ
2595 4124 2695 4191 τὴν
2719 4123 2955 4191 ἐσχάτην
2975 4123 3159 4184 αὐτοῖς
3187 4122 3480 4192 βραϐεύτει
3504 4122 3827 4190 διασπορὰν.
3860 4126 3925 4172 Ἀ
3954 4122 4056 4190 μὲν

2474 4213 2569 4267 οῦν
2593 4202 2992 4283 ἐνθεωρηθῆναι
3025 4214 3169 4275 εἰκὸς
3194 4214 3302 4267 τῶν
3329 4214 3471 4268 κατὰ
3493 4215 3581 4267 τδν
3615 4231 3882 4283 συντετμη
3895 4214 4057 4283 μένον

2477 4304 2636 4371 λόγον
2665 4305 2763 4371 τῆς
2792 4305 3051 4371 θεοσόφου
3082 4305 3355 4373 Στεφάνου
3390 4305 3559 4373 σοφῆς
3596 4305 3931 4376 δημηγορίας
3962 4322 4053 4357 τε-

2478 4396 2951 4465 θησαυρισμένων,
2977 4393 3216 4448 τοσαῦτα
3240 4410 3253 4424 '
3286 4393 3360 4447 ὧν
3391 4398 3485 4448 καὶ
3512 4394 3574 4448 τὸ
3602 4397 3872 4467 ἡμέτερον
3906 4396 4061 4448 εὐτε-

793 4485 1136 4554 etiamjuxta
1169 4494 1415 4539 nostram
1451 4485 1773 4539 tenuitatem
1807 4493 2087 4553 sumptum
2155 4485 2358 4539 intelle-

2478 4486 2572 4549 λὲς
2603 4486 2745 4539 κατὰ
2776 4486 2835 4538 τὸ
2861 4485 3148 4556 ἐνάμιλλον
3180 4487 3278 4555 τῆς
3300 4485 3606 4555 προσούσης
3637 4486 3768 4555 ἡμῖν
3794 4485 4062 4555 καθαριό-

800 4588 948 4634 ctum
1001 4579 1267 4633 hactenus
1303 4578 1680 4631 ordinavinius
1709 4577 2008 4632 secundum
2057 4577 2370 4646 qualitatem

794 4670 907 4724 dati
935 4670 1093 4725 nobis
1121 4669 1418 4735 sermonis,
1454 4670 1617 4723 ﬁnem
1655 4685 1763 4723 una
1790 4685 1912 4723 cum
1948 4668 2217 4737 principio
2243 4682 2374 4721 con-

797 4762 1079 4815 trahentes
1117 4780 1129 4813 :
1162 4759 1218 4813 in
1267 4760 1386 4827 ipso
1432 4774 1709 4825 sermone,
1740 4774 1770 4812 a
1807 4775 1917 4829 quo
1947 4760 2085 4814 latex
2119 4760 2207 4813 hic
2237 4758 2374 4813 divi-

798 4853 944 4906 nitus
975 4851 1283 4905 scaturicns
1322 4849 1551 4917 efﬂuxit,
1586 4865 1688 4906 nos
1730 4851 2088 4906 oblectantes.
2119 4849 2238 4904 Jam
2275 4866 2374 4903 au-

799 4950 906 4993 tem
959 4942 1091 4994 utile
1139 4940 1245 4995 erit
1292 4955 1389 5009 per
1436 4949 1620 5010 partes
1664 4956 1727 4997 ea
1762 4956 1978 5011 quoque
2005 4942 2373 5010 interpretari,

794 5033 948 5101 juxta
1000 5039 1243 5084 nostram
1289 5031 1735 5100 possibilitatem,
1764 5047 1883 5100 qua:
1929 5030 2192 5100 majorem
2240 5029 2381 5083 desi-

799 5123 993 5176 derant
1042 5136 1271 5174 moram.
1302 5120 1421 5174 Non
1469 5122 1616 5175 enim
1649 5122 1854 5175 frustra
1890 5121 1954 5175 ad
1999 5120 2378 5175 concionantis

800 5214 1206 5268 roborationem
1257 5220 1537 5280 assumpta
1568 5220 1653 5266 est
1680 5212 1912 5265 Abraha:
1958 5211 2187 5280 ejusque
2224 5210 2381 5264 dein-

801 5320 931 5374 ceps
958 5310 1217 5372 nepotum
1267 5302 1498 5356 historia
1535 5322 1547 5357 :
1581 5303 1674 5358 sed
1708 5309 1766 5356 ut
1804 5302 2147 5365 ostendatur,
2177 5308 2229 5356 ct
2265 5316 2382 5355 ma-

798 5395 981 5465 jorum
1022 5395 1169 5447 circa
1201 5394 1253 5447 id
1291 5393 1437 5463 quod
1485 5393 1729 5448 divinum
1776 5402 1862 5450 est
1911 5392 2086 5448 facilis
2121 5394 2380 5449 obedien-

807 5491 905 5553 tia,
942 5498 994 5541 et
1033 5489 1305 5540 minorum
1353 5485 1425 5541 ob
1465 5487 1743 5556 improbus
1775 5502 1957 5542 mores
1990 5485 2378 5541 inobedientia.

806 5576 875 5632 Et.
909 5579 1142 5648 primum
1170 5576 1390 5645 quidem
1420 5578 1725 5646 exemplum
1769 5592 1833 5632 cx
1866 5577 2139 5631 Abraham
2174 5577 2382 5646 profer-

807 5682 916 5733 tur,
949 5671 1095 5737 quod
1141 5684 1248 5722 non
1294 5677 1541 5737 oporteat
1585 5671 1892 5723 accelerare
1928 5686 1989 5722 ea
2032 5684 2151 5736 qua:
2182 5668 2383 5723 ditinis

812 5759 1098 5827 promissis
1126 5759 1468 5827 deferuntur,
1501 5759 1628 5830 quia
1665 5776 1842 5831 neque
1871 5760 2144 5818 Abraham
2175 5762 2383 5818 accele-

2383 5841 2411 5866 Χ

2477 4594 2643 4648 τητος
2674 4578 2838 4630 λαϐὸν
2866 4578 2966 4647 τὴν
2989 4577 3203 4630 σύνεσιν
3223 4579 3349 4648 τῇδε
3374 4578 3770 4645 κατετάξαμεν,
3800 4579 4063 4630 συνελόν-

2477 4685 2568 4731 τες
2597 4669 2733 4737 πρὸς
2764 4671 2829 4737 τῇ
2863 4671 3002 4737 ἀρχῇ
3045 4668 3137 4720 καὶ
3174 4670 3234 4721 τὸ
3271 4669 3465 4736 πέρας,
3504 4666 3650 4736 αιτῴ
3684 4684 3741 4719 τε
3770 4668 3936 4737 λόγῳ,
3964 4669 4063 4737 ἅτθ’

2479 4752 2540 4811 οὗ
2598 4757 2780 4809 καὶτὸ
2842 4758 3167 4809 θεόϐλυστον
3197 4755 3353 4807 τοῦτο
3385 4755 3553 4825 ἐρρύη
3608 4756 3752 4823 νᾶμα
3786 4793 3799 4817 ,
3853 4756 4064 4806 ἐπανα-

2480 4847 2810 4909 παύσαντες.
2847 4847 3009 4898 um
3030 4847 3136 4917 γὰρ
3178 4846 3339 4913 σοφὸν
3370 4846 3469 4915 ἢδη
3511 4846 3608 4898 καὶ
3653 4847 3766 4908 τοῖς
3790 4845 3931 4898 κατὰ
3961 4848 4057 4915 μεὶ⁹

2483 4958 2572 5012 ρος
2606 4938 2934 5009 χρήσασθαι,
2960 4940 3101 4992 κατὰ
3137 4938 3199 4991 τὸ
3237 4940 3367 5008 ἡμῖν
3399 4938 3621 5007 ἐφικτὸν
3653 4938 4064 5008 ἐμςιλοχωρςῦ-

2484 5048 2585 5103 σιν,
2617 5031 2691 5082 Οὐ
2741 5030 2848 5100 γὰρ
2914 5031 3089 5099 μάτην
3118 5031 3197 5093 εἰς
3255 5031 3557 5100 ἐπίρρωσιν
3608 5031 3932 5099 παρελήφθη
3968 5032 4062 5081 τοῦ

2481 5120 2940 5190 δημηγοροῦντος,
2975 5123 3007 5190 ἡ
3042 5121 3181 5175 κατὰ
3210 5122 3301 5174 τὸν
3345 5122 3597 5191 Ἀϐρααμ
3629 5124 3722 5175 καὶ
3769 5123 3876 5174 τῶν
3937 5124 4060 5175 καθ’

2484 5209 2613 5279 ἑξῆς
2646 5212 2931 5277 ἀπογόνων
2966 5212 3130 5265 αὑτοῦ
3187 5212 3416 5282 ἱετορία,
3455 5213 3572 5265 ἀλλ’
3623 5214 3697 5274 ὡς
3754 5214 3818 5265 ἂν
3872 5214 4060 5283 δειχτςῇ

2484 5305 2577 5356 καὶ
2615 5304 2723 5355 τῶν
2782 5306 3063 5374 προγόνων
3104 5307 3293 5376 ἥπερ).
3318 5306 3378 5359 τὸ
3400 5306 3552 5360 θεῖον
3619 5307 3919 5371 εὐπείθεια,
3970 5310 4067 5359 καὶ

2485 5394 2589 5447 τῶν
2626 5396 2907 5462 ἀπογόνων
2949 5398 3077 5467 ήέκ
3113 5397 3305 5450 σκαιοῦ
3363 5399 3566 5467 τρόπον
3624 5397 3901 5450 ἀπείθεια.
3949 5401 4065 5452 Καιί

2487 5487 2699 5557 πρῶτον
2735 5490 2832 5557 μὲν
2867 5490 3171 5558 ὑπόδειγμα
3204 5491 3261 5556 ἐξ
3296 5490 3568 5561 Ἀϐρααμ,
3604 5493 3664 5543 τὸ
3695 5493 3766 5561 μὴ
3807 5494 4070 5560 ἐπιτειχί-

2486 5595 2599 5630 νειν
2628 5579 2696 5631 τὰ
2721 5584 2835 5641 ταῖς
2871 5580 3042 5642 θείαις
3096 5583 3448 5652 ἐμφερόμενα
3503 5584 3876 5651 ἐπαγγελίαις,
3944 5586 4071 5634 Ὅτι,

2489 5672 2625 5739 μηδὲ
2694 5671 2942 5741 Ἀϐραὰμ
2993 5672 3091 5743 τὴν
3148 5674 3243 5725 ἀπ’
3282 5674 3561 5739 Αἰγᾶπτον
3616 5677 3721 5725 τῶν
3784 5678 4071 5739 οπογόιωιν

3397 5767 3407 5782 \

2489 5762 2688 5830 ἔξοδον,
2717 5765 2812 5834 τῆς
2847 5765 3081 5835 κατοχῆς
3116 5766 3293 5821 αὐτῶν
3326 5767 3417 5819 ἐττί
3463 5768 3787 5835 ures-uiam.
3832 5770 3927 5836 ειη
3963 5784 4028 5819 τις
4054 5800 4069 5808 ο
