4184 6466
818 379 919 447 ιιτ

1915 377 2314 440 cucumam;
2338 378 2382 463 ft

2493 380 2644 439 CCIE
2674 379 3014 439 EPISCOPI
3949 378 4038 440 1⁷48

814 506 971 568 cepta
1027 502 1182 551 erant
1221 494 1291 551 de
1317 495 1461 550 vivis
1506 501 1563 549 et
1613 492 1977 548 rationalibus
2020 493 2369 547 animalibus.

2493 495 2640 563 λόγια
2664 494 2859 559 ζῶντα.
2888 496 3133 567 [lupa-(st
3164 497 3219 550 δὲ
3259 498 3353 567 τὴν
3392 497 3697 567 μαρτυρίαν
3722 496 3817 565 οὐχ
3845 496 4035 559 ἅπλῶς,

814 588 1212 643 Testimonium
1266 596 1446 641 autem
1497 584 1709 639 inducit
1762 599 1867 639 non
1917 593 2233 653 utcumque,
2284 586 2380 639 sed

812 680 959 749 quod
999 679 1252 733 ostendat
1296 678 1509 733 nullam
1552 692 1676 733 esse
1727 677 2030 731 hostiarum
2079 679 2382 731 necessita-

815 782 959 831 tem,
1014 772 1068 823 in
1118 784 1183 824 eo
1240 772 1381 839 quod
1437 769 1841 835 ait:Nunquid
1888 769 2139 821 victimas
2183 780 2235 820 ut
2286 770 2383 821 ho-

813 863 969 924 stias,
1009 872 1144 924 etc.,
1182 875 1246 914 ac
1273 860 1320 914 si
1344 861 1491 915 dicat
1526 877 1540 914 :
1586 860 1773 914 Dicere
1821 874 1931 913 non
1967 860 2201 929 potestis
2235 859 2382 928 quod

811 967 937 1007 cum
972 952 1082 1007 Deo
1101 952 1513 1017 sacriﬁcaretis,
1556 953 1721 1007 etiam
1752 952 1863 1007 illis
1901 951 2236 1009 oll'erebatis.
2286 951 2380 1005 sed

814 1044 928 1098 illis
963 1045 1197 1113 primum
1232 1043 1583 1096 imtnolastis.
1643 1042 1708 1094 Et
1760 1043 1873 1096 haec
1912 1041 2134 1111 quidem
2188 1041 2242 1094 in
2288 1040 2383 1095 de-

814 1145 962 1189 serto
1008 1134 1097 1188 ubi
1126 1134 1446 1204 longissima
1472 1134 1573 1187 fuit
1601 1149 1749 1186 mora
1783 1142 1983 1186 vestra.
2010 1130 2147 1185 Vide
2190 1142 2374 1187 autem

813 1225 1079 1292 integram
1105 1225 1452 1286 concionem,
1489 1236 1651 1291 quam
1684 1222 1901 1275 fortiter
1926 1233 1979 1276 et
2016 1222 2227 1291 absque
2254 1221 2384 1276 odio

810 1315 868 1369 in
925 1323 1037 1368 tota
1085 1315 1302 1367 illorum
1351 1316 1707 1367 accusatione
1753 1322 2109 1383 perseveret,
2172 1322 2381 1368 tantum

812 1420 921 1458 non
946 1405 1137 1460 dicens
1170 1421 1181 1455 ε
1218 1404 1279 1457 Ει
1309 1405 1354 1458 si
1384 1407 1643 1474 templttm
1675 1406 1908 1458 dixerim
1946 1404 2381 1468 dissolvendum,

810 1506 864 1551 et
891 1496 993 1566 71
1033 1497 1282 1551 instituta
1319 1496 1638 1564 hostiasquo
1682 1497 2046 1561 immolanda,
2094 1497 2227 1550 nihil
2258 1497 2381 1549 novi

810 1590 949 1642 dixi.
1001 1588 1182 1644 Moses
1233 1589 1528 1657 siquidem,
1574 1591 1626 1641 in
1678 1604 1788 1658 quo
1834 1589 2122 1657 plurimum
2162 1590 2384 1658 gloriari

812 1678 1099 1743 videmini,
1137 1682 1298 1737 annis
1328 1682 1690 1751 quadraginta
1718 1699 1895 1748 neque
1927 1683 2134 1735 hostias
2163 1682 2381 1742 obtulit.

815 1785 993 1839 neque
1046 1771 1309 1839 templum
1356 1774 1553 1835 erexit,
1598 1776 1689 1825 sed
1750 1789 1924 1840 neque
1970 1771 2161 1833 David,
2210 1788 2384 1842 neque

811 1860 1086 1928 quispiam
1116 1860 1349 1913 aliorum
1394 1862 1448 1915 in
1480 1861 1661 1915 medio
1692 1863 2016 1931 positorum.
2063 1863 2225 1927 idque
2254 1878 2378 1917 cum

809 1949 919 2017 jam
949 1960 1097 2004 sorte
1126 1950 1253 2003 data
1294 1965 1357 2003 ac
1384 1951 1561 2005 divisa
1603 1954 1757 2006 vobis
1794 1968 1939 2006 esset
1988 1962 2155 2005 terra.
2188 1953 2293 2006 Sed
2327 1963 2380 2005 et

811 2041 1088 2109 propheta:
1114 2052 1369 2111 tanquam
1395 2042 1461 2096 de
1486 2044 1651 2097 rebus
1687 2060 1795 2097 non
1826 2046 2180 2105 necessariis,
2206 2046 2279 2098 ita
2312 2048 2378 2099 de

813 2131 901 2185 his
933 2132 1313 2201 pronuntiant.
1343 2133 1461 2198 Quo
1493 2143 1673 2188 autem
1706 2144 1865 2205 pacto
1895 2135 2079 2191 Mosen
2107 2152 2251 2189 nunc
2281 2153 2376 2192 vos

815 2223 1007 2277 ulcisci
1052 2223 1279 2292 ﬁngitis,
1322 2239 1484 2294 quem
1532 2226 1852 2295 repulerunt
1889 2235 1942 2281 et
1975 2235 2160 2296 patres
2202 2228 2375 2282 vestri

2483 588 2618 641 ἀλλὰ
2648 592 2737 642 καὶ
2760 589 2820 641 τὸ
2850 590 2925 659 μὴ
2956 588 3094 643 εἶναι
3118 591 3307 662 χρείαν
3345 592 3454 646 τῶν
3481 591 3682 644 θυσιῶν
3731 591 3951 651 δεικνὺς.
3984 594 4035 642 ἐν

2484 679 2561 748 τῷ
2592 680 2790 745 λέγειν,
2812 680 2903 750 Μὴ
2934 683 3158 747 σφάγια,
3194 684 3285 734 καὶ
3305 680 3452 749 ἑξῆς,
3484 682 3605 736 ἀντὶ
3636 681 3873 745 τοῦ,οὒκ
3898 682 4035 749 ἔχετε

2485 770 2658 820 εἰπεῖν
2686 769 2767 820 δτι
2817 768 2924 820 ἀπὸ
2955 768 3049 821 τοῦ
3084 769 3232 822 θύειν
3282 769 3359 838 τῷ
3409 770 3525 839 Θεῷ
3548 769 3819 834 κάκείνοις
3845 770 4036 826 ἐθύετε.

2484 857 2600 910 ἀλλ’
2639 860 2869 921 ἐκείνοις
2913 862 3177 929 πρότερον
3228 860 3479 925 ἐθύσατε,
3533 863 3625 914 καὶ
3679 863 3873 921 ταῦτα,
3908 862 3961 911 ἐν
3980 864 4038 930 τῇ

2485 952 2678 1021 ἐρήμῳ
2716 951 2840 1004 ἔνθα
2887 950 3040 1020 ὑμῶν
3080 952 3460 1023 προειστήκειν
3493 952 3748 1021 μάλιστα.
3822 954 3952 1022 Ὅρα
3991 951 4041 1003 δὲ

2487 1045 2666 1096 πᾶσαν
2692 1045 2789 1112 τὴν
2816 1043 3179 1112 δημηγορίαν,
3204 1044 3321 1106 πῶς
3354 1043 3587 1113 ἰσχυρῶς
3620 1046 3709 1096 καὶ
3739 1043 4043 1113 ἀνεπαχθῶς

2484 1134 2699 1186 ἵσταται
2728 1134 2863 1201 πρὸς
2895 1135 3023 1202 δλην
3054 1134 3235 1187 αὐτῶν
3262 1135 3358 1203 τὴν
3385 1135 3743 1204 κατηγορίαν,
3780 1137 4047 1204 μονονουχὶ

2484 1224 2679 1291 λέγων.
2708 1226 2788 1276 ὅτι
2839 1223 2945 1278 Καὶ
2969 1221 3123 1276 εἶπον
3148 1224 3240 1277 τόν
3259 1243 3316 1277 τε
3348 1226 3473 1278 ναὸν
3497 1226 3849 1295 λυθήσεσθαι,
3875 1226 3963 1276 καὶ
3984 1226 4049 1276 τὰ

2485 1314 2580 1382 ἔθη
2636 1316 2729 1367 καὶ
2759 1318 2856 1376 τῗις
2892 1314 3077 1377 θυσίας
3124 1314 3551 1382 ἀλλαγήσεσθαι,
3584 1315 3734 1367 οὐδέν
3761 1318 3875 1382 εἰμι
3907 1314 4047 1378 ξένον

2486 1404 2740 1476 εἰρηκώς,
2788 1406 2991 1472 Μωσῆς
3032 1406 3162 1475 γὰρ,
3195 1409 3280 1475 ἐφ’
3337 1399 3382 1474 ᾧ
3413 1408 3551 1476 μέγα
3593 1410 3805 1474 φρονεῖν
3832 1406 4046 1466 δοκεῖτε,

2486 1496 2577 1565 ἔτη
2607 1495 3012 1562 τεσσαράκοντα
3067 1495 3188 1547 οὔτε
3249 1496 3441 1555 θυσίας
3494 1497 3890 1564 προσήνεγκεν,
3931 1494 4048 1546 οὔτε

2486 1587 2611 1637 ναὸν
2642 1586 2957 1654 ἀνέστησεν.
2995 1586 3130 1638 Ἀλλ’
3162 1585 3282 1638 οὐδὲ
3320 1585 3500 1645 Δαυῖδ,
3530 1586 3649 1639 οὐδέ
3683 1602 3766 1647 τις
3800 1584 3968 1638 ἄλλων
3998 1586 4052 1634 ἐν

2484 1679 2563 1748 τῷ
2596 1681 2765 1749 μέσῳ,
2788 1679 2963 1732 καίτοι
2989 1680 3629 1752 κατακληροδοτουμένης
3658 1678 3785 1745 ὑμῖν
3815 1681 3908 1743 τῆς
3930 1676 4049 1743 γῆς.

2500 1770 2658 1822 Ἀλλὰ
2696 1772 2788 1821 καὶ
2819 1771 2866 1821 οἱ
2898 1768 3175 1838 προφῆται
3209 1769 3284 1830 ώς
3317 1769 3390 1837 μὴ
3420 1767 3549 1820 ὅντα
3579 1766 3849 1830 ἀναγκαῖα
3886 1762 4056 1814 ταῦτα

2486 1860 2627 1913 οὕτω
2651 1862 2778 1930 περὶ
2817 1860 2997 1913 αὐτῶν
3028 1858 3435 1927 ἀποφαίνονται.
3468 1856 3674 1924 Μωσῆν
3711 1857 3768 1908 δὲ
3807 1854 3899 1905 νῦν
3944 1854 4057 1916 πῶς

2490 1952 2891 2021 σχηματίζεσθε
2912 1951 3220 2015 διεκδικείν,
3245 1950 3303 2003 δν
3326 1950 3619 2003 ἀπώσαντο
3643 1952 3738 2001 καὶ
3762 1951 3809 1999 οἱ
3830 1946 4058 2014 πατέρες

2488 2044 2642 2113 ὑμῶν
2694 2045 2788 2097 καὶ
2824 2045 3017 2110 ὑμεϊςς
3077 2042 3170 2094 καὶ
3217 2040 3399 2103 ἁπλῶς
3429 2041 3516 2092 διὰ
3548 2042 3725 2107 πάσης
3750 2039 3900 2090 ἔστιν
3934 2034 4059 2087 ἰδεῖν

2483 2137 2583 2203 τῆς
2606 2134 2967 2205 δημηγορίας,
2995 2134 3176 2201 σοφῶς
3214 2150 3267 2184 τε
3299 2132 3414 2202 ἅμα
3446 2133 3540 2185 καὶ
3556 2130 3811 2193 ἐπιεικῶς
3831 2130 3923 2182 καὶ
3946 2128 4062 2199 δρι-

2490 2228 2635 2296 μέως
2666 2226 2762 2295 τὴν
2789 2224 3123 2295 κατηγορίαν
3154 2222 3331 2276 αὐτῶν
3367 2222 3747 2291 διαλυομένην.

811 2320 865 2364 et
892 2312 1023 2366 vos?
1072 2312 1249 2383 thue
1299 2330 1407 2369 uno
1462 2316 1628 2370 verbo
1684 2315 1901 2382 dicam,
1940 2324 2056 2372 tota
2106 2319 2377 2374 concione
2418 2317 2605 2373 videre
2686 2327 2772 2371 est
2821 2332 2983 2386 quam
3032 2316 3307 2385 sapienter
3352 2315 3515 2369 simul
3602 2320 3656 2369 et
3709 2309 3952 2365 modeste
4005 2315 4063 2361 et

812 2419 973 2463 acute
1012 2410 1231 2466 illorum
1257 2412 1540 2468 accusatio
1569 2412 1922 2468 dissolvatur.

833 2496 835 2499 ’
889 2498 996 2564 VII,
1031 2501 1121 2554 45.
1169 2521 1188 2554 ε
1231 2503 1295 2555 Et
1319 2506 1645 2574 suscepistis
1688 2506 2106 2560 tabernaculum
2143 2506 2379 2573 Moloch,

817 2612 834 2639 ι
876 2601 929 2645 et
952 2592 1108 2649 sidus
1142 2594 1238 2648 Dei
1263 2596 1432 2650 vestri
1459 2594 1802 2667 Bephpham,
1848 2597 2053 2666 ﬁguras
2084 2612 2222 2668 quas
2249 2597 2381 2653 feci-

816 2700 839 2733 ο
883 2684 1009 2747 stis,
1058 2691 1115 2737 ut
1150 2683 1456 2741 adoraretis
1490 2701 1605 2742 eas.
1642 2688 1705 2741 Et
1744 2686 2075 2743 transferam
2104 2703 2201 2744 vos
2231 2700 2385 2746 trans

817 2795 839 2826 ε
880 2773 1235 2844 Babylonem.
1282 2795 1299 2827 ι

885 2867 1127 2934 Molocb,
1172 2870 1289 2924 sive
1330 2868 1601 2925 Molchom
1634 2873 1858 2928 dicitur.
1905 2875 2035 2930 Erat
2072 2888 2255 2931 autem
2284 2876 2385 2930 hoc

820 2957 1180 3013 simulacrum
1214 2958 1602 3026 Moabitarum,
1622 2964 1831 3021 habens
1859 2966 2092 3037 lapidem
2134 2975 2387 3037 transpa-

818 3057 1024 3104 rcntem
1060 3064 1125 3104 ac
1168 3052 1465 3121 pretiosum
1532 3054 1588 3107 in
1638 3055 1858 3110 modum
1901 3056 2113 3112 lucifcri
2143 3069 2384 3113 extrema

2567 2527 2585 2559 ί
2622 2506 2733 2559 Καὶ
2757 2506 3049 2559 ἀνελάϐετε
3075 2505 3176 2575 τὴν
3219 2504 3425 2572 σκηνὴν
3462 2500 3554 2553 τοῦ
3597 2499 3808 2567 Μολὸχ,
3864 2495 3957 2551 καὶ
3998 2495 4064 2547 τὸ

2494 2617 2515 2651 ι
2552 2598 2753 2668 ἄστρον
2780 2597 2874 2651 τοῦ
2905 2596 3042 2650 Θεοῦ
3089 2594 3245 2665 ὑμῶν
3275 2595 3536 2663 Ῥεφφάν,
3570 2592 3693 2653 τοὺς
3738 2590 3938 2649 τύπους
3968 2584 4068 2648 οὓς

2498 2708 2517 2739 ι
2555 2690 2871 2760 ἑποιήσατε,
2896 2690 3224 2759 προσκυνεῖν
3252 2686 3456 2748 αὐτοῖς.
3494 2684 3604 2737 Καὶ
3632 2679 3889 2752 μετοικιῶ
3917 2679 4069 2745 ὑμᾶς

2498 2800 2516 2831 ι
2555 2782 2808 2834 ἐπέκεινα
2841 2778 3184 2840 Βαϐυλῶνος.
3226 2796 3244 2826 ι

2560 2871 2762 2941 Μολὺχ,
2789 2872 2909 2940 ἦτοι
2930 2870 3175 2939 Μολχόμ.
3205 2869 3436 2921 Εἴδωλον
3467 2867 3523 2921 δὲ
3549 2864 3708 2919 τοῦτο
3732 2861 4069 2923 Μωαϐιτῶν,

2487 2962 2632 3015 λίθον
2670 2962 2792 3031 ἔχον
2822 2960 3055 3029 διαφανῆ
3106 2959 3201 3012 καὶ
3234 2957 3511 3025 ἐξαίρετον
3535 2956 3614 3017 εἰς
3657 2953 3936 3023 ἑωσφόρου
3967 2953 4071 3005 τύ-

2487 3070 2588 3106 πον
2650 3053 2744 3105 ὲπὶ
2800 3050 3055 3122 μετώπου
3104 3050 3295 3120 ἄκρου.
3349 3047 3589 3116 Ῥεφφὰν
3634 3046 3691 3098 δέ
3742 3046 3892 3097 ἐστιν
3921 3041 4070 3106 εἶδος

819 3138 1017 3193 frontis
1044 3148 1217 3208 parte.
1250 3139 1566 3210 Rephpham
1602 3158 1732 3197 vero
1756 3146 1971 3213 species
2008 3155 2092 3201 est
2114 3146 2377 3201 tenebra-

2493 3142 2822 3213 σκοτασμοῦ.
2868 3142 3213 3205 Ἀνελθόντος
3269 3141 3379 3210 γὰρ
3413 3141 3492 3201 είς
3520 3137 3581 3190 τὸ
3619 3136 3744 3206 ὅρος
3792 3137 4069 3195 Μωσέως.

822 3244 966 3283 ium.
1030 3228 1162 3282 Nam
1233 3244 1356 3284 cum
1408 3230 1750 3285 ascendisset
1796 3231 1975 3288 Moses
2018 3234 2072 3288 in
2117 3242 2383 3295 montem.

824 3319 1201 3376 conﬂaverunt
1242 3321 1473 3374 vitulum
1516 3332 1570 3375 et
1613 3324 1884 3392 provoluti
1931 3334 2061 3380 sunt
2100 3325 2167 3379 ad
2207 3325 2389 3379 cultus

824 3421 1121 3475 astrorum,
1155 3413 1409 3482 factoque
1448 3408 1808 3470 tabernaculo
1856 3426 2168 3471 statuerunt
2215 3419 2387 3471 simu—

824 3505 1060 3567 lacrum,
1092 3503 1236 3574 quod
1264 3505 1602 3574 appellarunt
1637 3505 1867 3561 Moloch.
1907 3509 2003 3561 Est
2044 3519 2227 3562 autem
2272 3509 2387 3563 Mo-

826 3595 972 3655 Ioch,
1014 3596 1058 3649 si
1099 3595 1223 3663 quis
1272 3595 1679 3666 interpretetur,
1724 3614 1822 3653 rex
1863 3615 2078 3665 eorum,
2124 3598 2384 3669 Rephpha

821 3700 951 3739 vero
992 3684 1249 3746 tenebras,
1296 3694 1389 3738 aut
1438 3688 1755 3741 excaecatio.
1808 3688 2149 3757 Suscepistis
2201 3690 2387 3757 itaque

822 3774 1230 3829 tabernaculum
1282 3774 1515 3841 Moloch,
1562 3777 1661 3832 hoc
1710 3786 1794 3833 est
1840 3779 1983 3847 regis
2019 3779 2224 3843 vestri;
2264 3779 2388 3848 quis

823 3873 1005 3918 autem
1032 3865 1119 3919 ille
1145 3866 1503 3922 est?Astrum
1537 3868 1632 3923 Dei
1662 3870 1825 3924 vestri
1868 3871 2210 3939 Rephpham.
2240 3871 2384 3937 quod

824 3956 989 4009 etiam
1049 3954 1150 4010 fuit
1195 3958 1349 4012 vobis
1396 3957 1461 4010 ad
1518 3959 1963 4015 excaecationem.
2020 3960 2387 4013 Obtenebrata

826 4062 954 4103 sunt
974 4051 1119 4104 enim
1150 4052 1314 4104 corda
1353 4063 1550 4105 vestra.
1588 4053 1854 4117 Quoniam
1888 4061 2067 4107 autem
2122 4051 2390 4106 Moabita-

824 4156 946 4193 rum
996 4141 1266 4196 insaniam
1319 4143 1668 4210 explevistis,
1738 4158 1858 4210 qua:
1916 4142 2166 4196 Damasci
2212 4142 2387 4196 vicina

826 4232 976 4299 regio
1012 4240 1135 4295 est,
1196 4244 1483 4301 propterca
1531 4234 1943 4301 proliciscimini
1993 4241 2145 4287 trans
2194 4232 2388 4286 Dama-

826 4338 1001 4387 scum,
1040 4326 1145 4377 boc
1188 4332 1291 4386 cst,
1340 4325 1393 4377 in
1446 4323 1803 4391 Babylonem.
1854 4325 1918 4378 Et
1956 4325 2080 4379 licet
2128 4324 2387 4394 prepheta

826 4414 1068 4477 dixerit,
1132 4412 1363 4468 «Trans
1421 4414 1743 4468 Damascum
1784 4434 1801 4467 ι
1872 4417 2030 4485 (nam
2093 4416 2166 4469 ita
2228 4416 2389 4468 habet

2504 3233 3006 3305 μεμοσχοποιήκασί
3070 3249 3127 3285 τε
3192 3232 3285 3283 καὶ
3339 3232 3458 3291 ταῖς
3496 3228 3604 3281 τῶν
3638 3229 3849 3297 ἄστρων
3892 3243 4074 3294 προσ-

2492 3326 2852 3393 εκυλίσθησαν
2875 3324 3176 3394 λατρείαις,
3211 3326 3302 3375 καὶ
3343 3320 3868 3388 σκηνοποιησάμενοι
3901 3318 4075 3385 ἔστη-

2494 3436 2593 3471 σαν
2619 3418 2857 3479 εἴδωλον,
2892 3416 2922 3469 δ
2944 3416 3248 3485 κεκλήκασι
3275 3414 3469 3482 Μολόχ.
3512 3411 3903 3482 Ἐρμηνεύεται
3920 3410 3982 3461 δὲ
4005 3409 4077 3460 τὸ

2496 3510 2594 3577 μὲν
2624 3508 2826 3578 Μολὺχ,
2865 3507 3115 3578 βασιλεὺς
3146 3508 3347 3572 αὐτῶν,
3403 3504 3607 3573 Ῥεςφὰ
3640 3505 3696 3557 δὲ
3728 3501 4071 3567 σκοτασμδς,

2492 3602 2842 3670 ἢτύυλωσις.
2886 3600 3204 3653 ’Δνελάὃετε
3238 3599 3416 3651 τοίνυν
3452 3599 3549 3665 τὴν
3583 3594 3785 3663 σκηνὴν
3812 3593 3907 3647 τοῦ
3948 3594 4076 3645 Μο-

2498 3694 2614 3762 λδχ,
2648 3693 2890 3745 τουτέστι
2920 3694 3014 3744 τοῦ
3042 3690 3301 3761 βασιλέως
3330 3689 3502 3759 ὑμῶν.
3554 3687 3649 3748 Τίς
3674 3686 3728 3738 δὲ
3762 3679 3951 3746 οὖτοςς
3991 3684 4081 3735 Τὸ

2492 3788 2690 3855 ἄστρον
2710 3784 2802 3838 τοῦ
2825 3784 2959 3837 Θεοῦ
2993 3783 3149 3853 ὑμῶν
3190 3783 3419 3850 Ῥεφφὰ,
3456 3781 3484 3834 ὃ
3530 3782 3622 3833 καὶ
3674 3779 3897 3845 γέγονεν
3931 3777 4079 3844 ὑμῖν

2492 3880 2571 3941 εἰς
2619 3877 2914 3945 τύφλωσιν.
2952 3874 3376 3941 Ἐσκοτίσθησαν
3407 3872 3515 3942 γὰρ
3555 3872 3611 3925 αἱ
3634 3869 3850 3940 καρδίαι
3874 3867 4073 3935 ὑμῶν.

2504 3969 2719 4037 Ἐπειδὴ
2748 3969 2804 4021 δὲ
2828 3968 2923 4037 τὴν
2943 3967 3053 4020 τῶν
3076 3964 3382 4019 Μωαϐιτῶν
3412 3964 3607 4031 μανίαν
3635 3960 4045 4029 πεπληρώκατε
4060 4001 4077 4019 ,

2490 4061 2607 4128 ἥτις
2642 4058 2759 4111 ἐστὶ
2807 4059 3002 4125 γείτων
3058 4055 3372 4126 Δαμασκοῦ,
3426 4054 3514 4108 διὰ
3565 4053 3719 4106 τοῦτο
3756 4051 4079 4121 πορεύεσθε

2491 4147 2783 4218 Δαμασκοῦ
2806 4147 3081 4210 ἐπέκεινα,
3110 4145 3404 4206 τουτέστιν,
3440 4144 3519 4206 εἰς
3550 4141 3862 4195 Βαϐυλῶνα.
3901 4141 3967 4192 Ei
4011 4140 4081 4193 δὲ

2492 4240 2583 4293 καὶ
2614 4241 2902 4309 ὁπροήτης
2951 4257 2968 4288 ι
3010 4237 3262 4289 ἐπέκεινα
3280 4234 3598 4303 Δαμασκοῦ»
3628 4234 3837 4301 εἰρήκει
3889 4231 4082 4299 (οὕτω

2491 4330 2653 4399 γὰρὴ
2684 4329 2788 4380 τῶν
2817 4327 3219 4397 Ἐὁδομήκοντα
3245 4325 3451 4386 ἕκδοσις
3482 4325 3638 4394 ἔχει),
3680 4322 3794 4376 ἀλλ’
3817 4324 3846 4375 ὁ
3878 4324 4081 4391 μα.κά-

2494 4434 2606 4488 ριος
2633 4418 2897 4484 Στέφανος
2920 4436 2937 4468 ι
2965 4417 3219 4469 ἐπέκεινα
3246 4413 3556 4475 Βαϐυλῶνος
3582 4413 3795 4481 »φησὶνΙ
3814 4411 4058 4464 ἀκολου-

825 4501 1113 4555 translatio
1143 4500 1566 4568 Septuaginta),
1622 4502 1812 4555 beatus
1860 4512 2039 4555 tamen
2076 4501 2382 4569 Stephanus

2495 4486 2664 4578 δήσας
2696 4510 2762 4578 τῇ
2806 4508 3071 4575 Ἑϐραίων
3123 4507 3351 4559 ἐκδόσει.
3388 4507 3456 4557 Ἦ
3498 4506 3580 4557 ὅτι
3612 4506 3787 4574 τέρμα
3823 4504 3923 4573 τῆς
3956 4505 4084 4571 Δα-

826 4599 930 4658 ait,
964 4613 983 4644 ι
1024 4592 1200 4647 Trans
1230 4591 1581 4662 Babylonem,
1616 4612 1635 4645 ι
1682 4609 1916 4660 sequens
1936 4594 2230 4648 editionem
2283 4591 2388 4657 ile-

827 4687 1119 4746 ιιτίεοηιῐη,
1150 4684 1233 4736 vel
1262 4682 1403 4751 quod
1429 4684 1699 4737 terminus
1729 4680 2185 4737 Damascenorum
2218 4680 2387 4751 Syro-

827 4791 1059 4845 rumqne
1093 4775 1337 4844 regionis
1368 4776 1439 4829 sit
1463 4774 1727 4844 Babylon.

862 4866 1009 4930 ‘Vll,
1038 4867 1225 4921 4446.
1270 4885 1288 4918 ι
1330 4864 1771 4920 Τοὶιετιιιιοιιιιιιη
1818 4867 2111 4921 testimonii
2146 4866 2247 4918 fuit
2289 4881 2386 4934 pa-

829 4976 849 5009 ε
895 4958 1073 5012 tribus
1100 4958 1309 5011 nostris
1363 4960 1419 5009 in
1459 4956 1697 5019 deserto,
1732 4959 1874 5010 sicut
1908 4957 2253 5011 ordinaverat
2281 4957 2386 5009 illis

832 5069 853 5100 ι
896 5050 1128 5118 loquens
1178 5049 1245 5101 ad
1289 5049 1499 5113 Mosen,
1554 5056 1612 5102 ut
1662 5046 1861 5101 iaceret
1912 5048 2045 5101 illud
2093 5048 2385 5101 secundum

832 5157 854 5189 ε
893 5136 1122 5192 formam
1174 5150 1338 5207 quam
1370 5137 1597 5191 viderat.
1642 5137 1797 5201 Quod
1842 5137 2005 5189 etiam
2058 5137 2389 5189 induxerunt

836 5246 857 5281 ε
896 5237 1082 5299 patres
1131 5228 1328 5292 nostri,
1387 5230 1480 5298 qui
1529 5236 1919 5284 successerunt
1965 5243 2086 5282 cum
2140 5226 2270 5283 Jesu
2331 5230 2384 5281 in

832 5336 853 5369 ε
896 5317 1301 5387 possessionem
1346 5318 1626 5387 gentium,
1688 5333 1826 5387 quas
1893 5318 2102 5387 expulit
2167 5316 2306 5371 Deus
2357 5331 2385 5368 a

835 5429 854 5462 ι
896 5409 1034 5464 facie
1062 5416 1275 5478 patrum
1316 5421 1653 5476 nostrorum,
1698 5426 1872 5480 usque
1897 5411 1963 5465 ad
1996 5411 2101 5480 72
2127 5410 2243 5463 dies
2280 5408 2386 5462 Da-

836 5521 855 5553 ι
896 5502 1005 5563 vid,
1037 5502 1129 5569 qui
1162 5508 1356 5555 nactus
1391 5510 1471 5556 est
1500 5503 1730 5572 gratiam
1762 5516 1946 5555 coram
1979 5500 2113 5566 Deo,
2146 5512 2199 5556 et
2230 5500 2386 5571 petiit

837 5612 856 5643 ‹
899 5600 957 5644 ut
980 5591 1254 5645 inveniret
1280 5591 1690 5645 tabernaculum
1725 5591 1834 5646 Deo
1858 5590 2048 5646 Jacob.
2089 5609 2107 5642 ι

899 5681 1334 5738 Tabernaculum
1397 5683 1735 5745 testimonii,
1803 5684 1907 5736 hoc
1965 5694 2049 5736 est
2104 5682 2384 5749 iussorum

830 5774 948 5842 Dei,
998 5777 1143 5847 quod
1187 5776 1594 5831 tabernaculum
1641 5776 1774 5831 .‘liosi
1826 5776 1879 5830 in
1934 5786 2118 5829 monte
2164 5774 2293 5829 Sina
2354 5789 2380 5828 a

2495 4598 2787 4671 μασκηνῶν
2815 4598 2909 4651 καὶ
2944 4598 3132 4667 Σύρων
3156 4596 3339 4667 χώρας
3370 4598 3402 4668 η
3426 4594 3680 4649 Βαδυλὼν
3702 4597 3992 4665 τυγχάνει.

2567 4887 2586 4918 ι
2632 4866 2695 4919 Ἦ
2727 4863 2901 4935 σκηνὴ
2930 4862 3025 4915 τοῦ
3055 4861 3348 4932 μαρτυρίου
3378 4857 3445 4929 ἦν
3473 4861 3582 4921 τοῖς
3615 4860 3883 4928 πατράσιν
3901 4856 4086 4925 ἡμῶν

2498 4980 2515 5011 ι
2554 4962 2610 5011 ἐν
2632 4962 2696 5029 τῇ
2734 4959 2946 5027 ἐρήμῳ,
2979 4954 3159 5016 καθὼς
3183 4953 3466 5017 διετάξατο
3488 4954 3515 5004 ὁ
3535 4951 3710 5003 λαλῶν
3749 4950 3826 5018 τῷ
3857 4951 4085 5019 Μωσῇ,

2498 5069 2515 5101 ι
2552 5053 2772 5119 ποιῆσαι
2804 5048 2972 5116 αὐτὴν
3028 5045 3170 5099 κατὰ
3206 5045 3294 5097 τὸν
3346 5043 3537 5106 τύπον,
3572 5042 3629 5093 δν
3659 5043 3915 5109 ἑωράκει.
3962 5042 4087 5092 Ἦν

2496 5159 2516 5192 t
2552 5141 2645 5193 καὶ
2678 5142 2971 5208 εἰσήγαγον
2995 5136 3363 5202 διαδεξάμενοι
3389 5136 3436 5187 οἱ
3460 5134 3693 5201 πατέρες
3731 5131 3891 5199 ἡμῶν
3919 5135 4087 5200 μετὰ

2496 5253 2513 5284 ι
2562 5232 2735 5301 Ἰησοῦ
2766 5234 2823 5285 ὲν
2851 5234 2915 5302 τῇ
2951 5231 3279 5300 κατασχέσει
3312 5227 3417 5281 τῶν
3462 5226 3650 5288 ἐθνῶν,
3685 5219 3759 5277 ὧν
3798 5224 4015 5289 ἐξῶσεν
4050 5226 4089 5275 ὁ

2496 5346 2513 5378 ι
2550 5325 2681 5387 Θεὸς
2710 5324 2818 5377 ἀπὸ
2852 5322 3143 5392 προσώπου
3178 5321 3286 5373 τῶν
3326 5319 3575 5386 πατέρων
3606 5316 3783 5384 ἡμῶν,
3810 5316 3919 5375 ἓως
3955 5315 4087 5366 τῶν

2496 5437 2515 5470 ι
2552 5416 2775 5487 ἡμερῶν
2830 5414 3026 5467 Aaut6°
3071 5415 3131 5476 ὃς
3161 5408 3284 5482 εῦρε
3311 5412 3470 5481 χάριν
3514 5408 3741 5462 ἐνώπιον
3772 5406 3866 5458 τοῦ
3893 5406 4083 5459 Θεοῦ.

2495 5525 2513 5558 ι
2556 5508 2667 5559 Καί
2690 5506 2928 5577 ᾐτήσατο
2955 5505 3135 5575 εὑρεῖν
3167 5505 3429 5573 σκήνωμα
3466 5500 3541 5569 τῷ
3572 5498 3691 5567 Θεῷ
3731 5498 3959 5550 Ἰακώϐ.

2561 5680 2742 5748 Σκηνὴ
2769 5676 2861 5731 τοῦ
2896 5676 3219 5747 μαρτυρίου,
3266 5675 3510 5729 τουτέστι
3558 5673 3665 5724 τῶν
3694 5672 4095 5740 προσταγμά-

2490 5788 2597 5825 των
2623 5768 2715 5822 τοῦ
2737 5766 2894 5834 Θεοῦ,
2934 5770 2966 5837 η
2998 5769 3054 5819 ὲν
3107 5765 3182 5836 τῷ
3231 5764 3346 5835 ὄρει
3376 5763 3502 5832 Σινᾷ
3537 5762 3610 5830 τῷ
3653 5761 3843 5813 llic-nsi
3876 5775 4097 5829 παρα-
