4184 6466
765 362 861 427 151

1842 370 2243 430 (ECUMENII
2280 371 2569 431 TRICCE
2626 375 2957 436 EPISCOP]

3895 380 4002 446 152

752 470 875 539 jure
934 478 1119 542 patres
1171 481 1392 529 accuset
1434 474 1677 539 illorum,
1719 476 1813 546 qui
1862 478 1915 531 in
1960 477 2143 533 Jesum
2207 493 2313 531 non

2447 501 2515 536 ται
2544 488 2654 547 τοῖς
2691 484 2930 556 πατράσι
2957 486 3065 539 τῶν
3103 489 3183 550 εἰς
3225 489 3313 542 τὸν
3366 490 3571 559 Ἰησοῦν
3627 493 4003 549 ἀπιστούντων

753 562 1072 631 credebant,
1101 563 1245 634 quod
1293 566 1566 635 persecuti
1599 567 1710 622 sint
1754 570 2043 639 prophetas
2088 580 2143 624 et
2172 574 2321 625 oet-i-

754 655 936 708 derint
971 672 983 707 :
1016 670 1189 725 neque
1224 658 1367 710 enim
1402 666 1589 726 posset
1646 659 1823 715 facere
1858 662 1925 714 ab
1969 662 2056 716 his
2099 663 2193 731 qui
2241 662 2316 718 fe-

755 756 952 800 runtur
972 745 1105 800 Novi
1136 745 1470 803 Testamenti
1497 750 1673 806 libris.
1708 749 1763 805 Si
1800 768 1951 819 ergo,
1982 754 2175 823 inquit,
2205 754 2324 807 illos

754 838 1057 904 occidistis,
1082 840 1176 908 qui
1204 840 1269 894 de
1294 839 1414 908 ejus
1446 842 1677 895 adventu
1703 844 2162 911 praenuntiabant,
2194 845 2322 913 quid

755 931 953 983 mirum
988 931 1032 984 si
1062 939 1113 985 et
1137 946 1236 997 ego
1268 932 1359 999 qui
1398 934 1822 1000 praenuntiatum
1882 936 2141 1003 prtedico,
2169 951 2199 988 a
2226 952 2322 988 vo-

754 1021 838 1076 bis
879 1021 1208 1077 iuterimar?
1238 1021 1354 1077 Non
1401 1024 1693 1094 ignorabat
1747 1035 1926 1080 autem
1957 1027 2101 1097 quod
2132 1027 2200 1081 ab
2244 1028 2324 1082 eis

752 1120 900 1165 esset
951 1110 1305 1174 occidendus,
1338 1127 1464 1166 eum
1508 1115 1701 1183 plenus
1750 1124 1896 1169 esset
1952 1116 2158 1187 Spiritu
2199 1131 2325 1170 san-

753 1213 863 1268 cto,
888 1203 1119 1273 ideoque
1142 1203 1351 1273 absque
1380 1214 1524 1259 metu
1571 1220 1703 1258 usus
1751 1213 1834 1260 est
1869 1204 2129 1275 loquendi
2161 1205 2324 1259 liber-

753 1300 888 1347 tate.

826 1381 944 1445 νη,
982 1383 1072 1447 52,
1104 1385 1191 1438 55.
1232 1403 1247 1435 ι
1293 1386 1359 1439 Et
1417 1386 1738 1439 occiderunt
1784 1402 1900 1449 eos,
1949 1388 2040 1455 qui
2074 1403 2325 1455 praenun-

760 1491 779 1524 ι
816 1473 1024 1528 tiabant
1061 1474 1129 1528 de
1156 1475 1392 1530 adventu
1418 1476 1552 1545 justi
1588 1477 1753 1540 illius,
1812 1478 1966 1545 cujus
2021 1494 2118 1533 vos
2181 1495 2325 1533 nunc

761 1583 780 1617 ι
824 1566 1131 1635 proditores
1170 1574 1225 1621 et
1264 1568 1541 1623 occisores
1570 1568 1774 1634 l‘uistis,
1811 1569 1903 1639 qui
1929 1570 2217 1637 accepistis
2251 1570 2325 1625 le-

763 1677 781 1709 ι
830 1673 946 1727 gem
977 1659 1041 1711 ad
1096 1658 1487 1728 dispositiones
1548 1660 1887 1731 angelorum,
1947 1670 2001 1713 ct
2052 1676 2161 1714 non
2208 1677 2324 1715 ser-

760 1768 777 1800 t
817 1750 1009 1804 vastis.
1051 1768 1068 1800 ι

2433 576 2507 637 ὡς
2537 576 2766 639 διώξωσι
2813 579 2938 641 τοὺς
2998 580 3283 650 προφήτας
3333 584 3426 635 καὶ
3472 584 3885 649 ἀποκτείνωσιν,
3937 589 4002 641 οὐ

2431 667 2654 719 δυνατὸν
2707 669 2812 720 ἀπὸ
2867 670 2974 721 τῶν
3022 674 3336 740 φερομένων
3390 672 3607 743 βιϐλίων
3658 675 3755 744 τῆς
3808 676 4005 746 καινῆς

2432 760 2714 829 διαθήκης.
2744 760 2804 813 El
2840 761 3040 827 τοίνυν,
3068 764 3223 833 φησὶ,
3249 764 3375 827 τοὺς
3429 769 4005 836 προκαταγγείλαντας

2434 854 2558 920 περὶ
2588 854 2684 921 τῆς
2722 853 2984 917 ἐλεύσεως
3008 854 3173 908 αὐτοῦ
3208 857 3469 921 ἀνείλετε,
3502 860 3653 912 οὐδὲν
3692 860 4005 930 θαυμαστὸν

2432 946 2519 997 καλ
2552 946 2649 1015 ἐμὲ
2672 962 2739 1015 κη
2750 944 3007 1014 ρύττοντα
3028 947 3118 1001 τὸν
3139 951 3711 1018 προκαταγγελθέντα,
3738 953 3827 1016 ὑφ’
3849 952 4005 1021 ὑμῶν

2432 1036 2806 1106 ἀναιρεθῆναι.
2841 1037 2955 1091 Οὐκ
2990 1038 3175 1107 ἠγνόει
3196 1039 3252 1092 δέ
3271 1039 3661 1111 τεθνηξόμενος
3692 1043 4002 1108 ὑπἀὐτῶν,

2432 1130 2644 1200 πλήρης
2669 1128 2744 1182 ὢν
2768 1130 3083 1201 Πνεύματος
3116 1132 3292 1201 ἁγίου.
3351 1136 3441 1187 Διὸ
3488 1135 3582 1187 καὶ
3629 1135 4007 1198 ἀνυποστόλως

2432 1221 2693 1291 κέχρηται
2730 1221 3031 1294 παρρησίᾳ.

2510 1418 2527 1451 ι
2563 1401 2669 1454 Καὶ
2694 1401 3024 1453 ἀπέκτειναν
3080 1405 3205 1464 τοὺς
3264 1402 3836 1471 προκαταγγείλαντας
3876 1401 4006 1472 περὶ

2439 1510 2457 1543 ι
2496 1491 2595 1561 τῆς
2629 1492 2891 1555 ἐλεύσεως
2920 1492 3014 1546 τοῦ
3048 1492 3290 1553 δικαίου,
3320 1487 3383 1549 οῦ
3406 1492 3500 1548 νῦν
3537 1495 3696 1564 ὑμεῖς
3748 1493 4006 1562 προδόται

2440 1602 2459 1636 ι
2493 1583 2587 1637 καὶ
2610 1586 2787 1651 φονεῖς
2816 1583 3135 1655 γεγένησθε.
3195 1585 3402 1647 Οἴτινες
3427 1584 3646 1637 ἐλάϐετε
3703 1583 3795 1637 τὸν
3839 1585 4006 1652 νόμον

2441 1692 2457 1725 ι
2497 1676 2576 1737 είς
2597 1674 2856 1742 διαταγὰς
2891 1675 3140 1743 ἀγγέλων
3177 1676 3272 1729 καὶ
3296 1676 3393 1729 οὐκ
3431 1675 3752 1745 ἐφυλάξατε.
3794 1694 3813 1726 ι

825 1838 967 1895 Justi
1019 1840 1216 1910 inquit,
1242 1842 1541 1896 ostendens
1597 1842 1749 1911 quod
1774 1842 1819 1898 si
1848 1842 1938 1896 ille
1964 1843 2146 1911 justus
2185 1850 2324 1905 erat,

2504 1847 2610 1900 Τοῦ
2645 1849 2857 1902 δικαίου
2891 1849 3051 1917 φησὶ,
3088 1850 3303 1911 δεικνὺς
3324 1850 3405 1903 ὅτι
3430 1852 3478 1903 εί
3512 1852 3721 1913 ἐκεῖνος
3776 1850 4008 1913 δίκαιος,

759 1931 918 1987 valde
948 1932 1123 2001 iniqui
1175 1943 1334 1986 erant
1374 1933 1468 2002 qui
1520 1934 1672 1985 illum
1729 1933 2070 1987 occiderunt.
2109 1932 2323 1987 Justum

757 2031 937 2076 autem
968 2023 1118 2076 illum
1154 2032 1333 2089 vocat,
1372 2024 1515 2093 quod
1570 2038 1746 2092 neque
1780 2023 1855 2076 illi
1914 2039 2113 2093 negare
2172 2032 2324 2092 pote-

758 2123 901 2169 rant.
940 2114 1262 2184 Quanquam
1305 2117 1446 2169 euim
1479 2113 1769 2169 admodum
1806 2113 2078 2185 praefracti
2113 2130 2176 2169 ac
2200 2130 2326 2169 con-

763 2219 1003 2261 tumaces
1030 2216 1208 2272 erant;
1247 2208 1299 2260 in
1330 2208 1482 2260 nullo
1516 2217 1693 2260 tamen
1748 2222 1871 2260 eum
1924 2206 2207 2274 iujustitiae
2233 2222 2328 2259 ac-

762 2299 1033 2353 Cusabant
1074 2298 1392 2368 :quomodo
1446 2299 1591 2353 enim
1631 2300 1731 2353 hoc
1787 2297 2050 2363 lacerent,
2108 2313 2229 2352 cum
2262 2312 2329 2351 ne

761 2392 982 2445 domum
1020 2392 1241 2461 quidem
1275 2391 1501 2445 haberet
1528 2391 1553 2443 ?
1580 2389 1794 2445 Justum
1828 2398 2005 2444 autem
2038 2397 2196 2444 vocat
2244 2387 2330 2444 Je-

762 2496 908 2545 sum,
946 2480 1137 2534 volens
1166 2494 1266 2533 eos
1306 2480 1605 2535 attrahere.
1644 2480 1822 2549 Ipsius
1856 2494 1986 2534 vero
2022 2479 2330 2549 proditores

2434 1940 2552 1992 λίαν
2589 1939 2759 1991 ἄδικοι
2790 1940 2839 1990 ot
2884 1941 3090 1991 ἐκεῖνον
3129 1940 3489 2009 ἀνῃρηκότες.
3528 1938 3744 1991 Δίκαιον
3772 1940 3825 1991 δὲ
3844 1940 4010 1992 αὑτὸν

2441 2030 2618 2089 καλεῖ,
2646 2029 2674 2081 ὃ
2703 2024 2823 2082 οὐδὲ
2881 2031 3077 2082 ἐκεῖνοι
3109 2030 3372 2098 ἠδύναντο
3418 2030 3776 2100 ἀρνήσασθαι.
3832 2031 4012 2083 Οὐδα-

2440 2121 2540 2188 μοῦ
2572 2123 2682 2191 γάρ
2713 2121 2804 2174 καί
2832 2139 2913 2175 τοι
2937 2121 3053 2173 λίαν
3081 2122 3231 2184 ὀντες
3261 2122 3530 2185 αὐθάδεις,
3567 2124 3622 2173 ἐν
3646 2123 3817 2175 οὐδενὶ
3847 2122 4012 2175 αὑτὸν

2433 2212 2645 2267 ἀδικίας
2666 2212 2977 2282 ᾐτιάσαντο.
3004 2213 3126 2274 Πῶς
3148 2213 3254 2281 γάρ
3280 2213 3370 2264 τον
3400 2213 3529 2281 μηδέ
3560 2215 3754 2279 στέγην
3773 2212 3970 2281 ἔχοντα
3993 2230 4010 2275 ;

2434 2300 2651 2353 Δίκαιον
2679 2302 2733 2353 δέ
2760 2301 2848 2353 τὸν
2890 2300 3095 2369 Ἰησοῦν
3129 2302 3335 2363 ἐκάλει,
3368 2301 3770 2355 ἐπισπάσασθαι
3810 2301 4014 2364 αὐτοὺς

2436 2392 2778 2464 βουλόμενος.
2803 2392 3073 2461 Προδότας
3103 2392 3157 2445 δὲ
3193 2392 3359 2444 αὑτοῦ
3400 2392 3493 2444 καὶ
3546 2394 3721 2460 φονεῖς
3782 2392 4013 2453 τούτους

2435 2485 2610 2549 καλεῖ,
2638 2484 2711 2547 ὡς
2744 2483 3033 2546 κοινωνοὺς
3064 2484 3222 2544 ὄντας
3256 2486 3365 2545 τοῖς
3410 2480 3788 2552 σταυρώσασιν
3822 2483 4012 2544 αὑτὸν,

760 2579 815 2623 et
852 2569 1131 2623 occisores
1166 2568 1322 2633 dicit,
1365 2567 1511 2638 quod
1545 2584 1734 2623 eorum
1767 2577 1954 2624 essent
2006 2569 2324 2638 participes,

760 2660 853 2729 qui
890 2661 1066 2729 ipsum
1096 2658 1502 2725 crucillxerant,
1554 2660 1717 2730 idque
1747 2675 1869 2715 cum
1900 2660 2095 2731 legem,
2130 2660 2331 2730 inquit,

767 2750 1117 2819 accepissent
1170 2749 1552 2807 ordinationes
1582 2751 1899 2818 habentem,
1937 2766 2059 2821 quae
2090 2751 2335 2807 facerent

764 2857 858 2896 eos
894 2841 986 2912 qui
1022 2841 1193 2910 ipsam
1230 2857 1394 2911 opere
1450 2843 1788 2912 complerent
1834 2843 2043 2912 angelis
2101 2842 2333 2898 similem

741 2948 986 2988 .servare
1020 2933 1284 3003 politiam.
1321 2932 1430 2989 Hoc
1462 2949 1697 3004 namque
1722 2932 1869 3005 quod
1894 2935 1971 2989 ait
2005 2951 2017 2987 :
2048 2932 2157 3005 ⁷4
2182 2952 2199 2985 ι
2231 2932 2336 2999 Qui

2437 2576 2531 2629 καί
2554 2592 2661 2641 τοι,
2695 2575 2849 2645 φησὶ,
2887 2574 3049 2643 νόμον
3082 2573 3336 2635 λαϐόντας
3369 2573 3636 2638 διατάξεις
3679 2572 3888 2640 ἔχοντα,
3954 2572 4018 2622 ατ

2436 2683 2577 2728 τινες
2609 2664 2892 2734 ίσάγγελον
2923 2666 3140 2717 ἐποίουν
3166 2663 3438 2715 πολιτείαν
3464 2663 3606 2732 ἔχειν
3642 2663 3766 2723 τοὺς
3795 2660 4016 2712 τελοῦν-

2438 2775 2533 2822 τας
2555 2757 2738 2811 αὐτόν.
2755 2756 2925 2809 Τοῦτο
2947 2755 3055 2824 γάρ
3076 2759 3242 2820 ἐστιν,
3279 2774 3296 2805 ι
3321 2755 3374 2807 οῖ
3398 2770 3542 2815 τινες
3564 2752 3782 2809 ἐλάϐετε
3810 2751 3899 2804 τὸν
3914 2751 4012 2804 νό-

2443 2865 2541 2918 μον
2570 2849 2648 2910 είς
2682 2847 2943 2914 διαταγὰς
2960 2847 3227 2915 ἀγγέλων.
3255 2865 3274 2898 ι
3308 2844 3465 2908 Τινὲς
3495 2844 3553 2897 δέ
3605 2844 3699 2895 καὶ
3726 2842 3886 2896 τοῦτο
3919 2842 4018 2895 λί-

2440 2955 2557 3005 γειν
2582 2938 2733 3005 φασὶ,
2770 2937 2861 2989 τὸν
2882 2938 2971 2990 ὑπ’
2995 2936 3244 3003 ἀγγέλων
3266 2934 3623 3005 διαταχθέντα
3653 2934 3748 2987 καὶ
3772 2935 4022 3001 ἐγχειρι-

769 3027 1062 3097 accepistis
1124 3027 1294 3097 legem
1347 3026 1415 3081 ad
1481 3028 1876 3097 dispositiones
1935 3028 2328 3095 angelorum.r

2447 3027 2637 3082 σθέντα
2663 3028 2729 3081 δι’
2764 3028 2996 3095 ἀγγέλου
3042 3027 3121 3096 τῷ
3167 3028 3411 3089 Μωῦσεῖ,
3441 3024 3534 3079 τοῦ
3566 3023 3822 3093 ὀφθέντος
3859 3023 4019 3093 αὐτῷ

770 3119 1000 3184 Quidam
1034 3134 1162 3174 vero
1184 3119 1347 3173 etiam
1379 3120 1482 3174 hoc
1513 3118 1667 3172 aiunt
1721 3119 1873 3173 illum
1931 3118 2140 3183 dicere,
2193 3118 2328 3187 quod

2447 3121 2500 3173 ἐν
2523 3122 2588 3191 τῇ
2618 3120 2783 3190 βάτῳ.
2815 3121 2906 3182 Et;
2928 3120 3211 3187 διαταγὰς,
3243 3119 3363 3171 ἀντὶ
3383 3116 3498 3180 τοῦ,
3530 3116 3674 3170 κατὰ
3691 3116 3789 3179 τὰς
3817 3116 4011 3168 διατα-

770 3227 868 3277 per
903 3212 1125 3281 angelos
1160 3218 1363 3265 statuta
1392 3218 1557 3274 esset,
1593 3217 1647 3265 et
1674 3208 1809 3264 Mosi
1859 3210 2057 3265 tradita
2113 3225 2208 3279 per
2238 3225 2328 3263 an-

2447 3186 2781 3276 ychztaOtb;
2811 3210 3009 3262 ἐκεῖνοι
3042 3186 3358 3275 διετάξαντο
3410 3208 3487 3277 τῷ
3517 3208 3723 3272 Μωσεῖ,
3758 3206 4022 3275 ὀφθέντες

770 3304 990 3367 gelum,
1046 3303 1137 3372 qui
1198 3302 1299 3371 ipsi
1358 3303 1410 3354 in
1482 3301 1619 3355 rubo
1676 3302 1947 3371 apparuit.
1998 3302 2092 3363 Εἰς
2149 3300 2328 3354 διατα-

2447 3300 2504 3352 ἐν
2523 3302 2587 3370 τῇ
2618 3299 2763 3369 βάτῳ
2794 3300 2888 3352 καὶ
2910 3303 2966 3352 ἐν
2993 3300 3072 3368 τῷ
3100 3300 3236 3371 ὄρει.

773 3395 899 3461 τὰς,
949 3393 1001 3446 id
1038 3405 1141 3457 est,
1192 3393 1243 3445 in
1307 3393 1389 3446 vel
1466 3392 1529 3447 ad
1583 3392 2000 3463 dispositioncs,
2054 3392 2159 3446 hoc
2225 3399 2327 3457 est,
2374 3394 2673 3446 secundum
2708 3390 3604 3461 dispositiones,quemadmodum
3668 3390 3746 3445 illi
3799 3398 4027 3444 statue-

774 3496 917 3549 rant,
950 3485 1085 3540 Mosi
1117 3496 1439 3555 apparentes
1472 3487 1522 3539 in
1559 3487 1695 3540 rubo
1724 3494 1777 3539 et
1818 3487 1872 3539 iu
1921 3496 2124 3540 monte.

850 3574 957 3637 Vll,
994 3573 1083 3633 54,
1118 3573 1206 3626 55.
1250 3591 1268 3625 ι
1311 3572 1604 3628 Audientes
1629 3581 1807 3627 autem
1839 3572 1953 3627 haec
1992 3571 2342 3627 dissecaban-

787 3684 804 3715 ι
843 3674 933 3718 tur
960 3664 1219 3719 cordibus
1246 3666 1383 3728 suis,
1418 3671 1471 3717 et
1507 3664 1814 3717 Stridebant
1855 3664 2113 3718 dentibus
2144 3662 2258 3717 suis
2290 3662 2343 3715 in

788 3778 805 3807 ς
841 3773 988 3811 eum.
1026 3757 1159 3811 Cum
1194 3768 1376 3811 autem
1438 3764 1587 3810 esset
1629 3756 1824 3825 plenus
1878 3755 2081 3823 Spiritu
2134 3762 2344 3813 saneto,

788 3871 805 3901 ι
849 3848 1077 3903 intentis
1106 3850 1158 3901 in
1192 3848 1389 3902 coelum
1422 3847 1617 3909 oculis,
1663 3846 1795 3899 vidit
1831 3846 2057 3915 gloriam
2094 3844 2209 3897 Dei.
2254 3861 2271 3889 ν

856 3939 909 3992 Si
936 3955 1057 3992 cum
1093 3938 1347 3993 occidere
1372 3937 1656 4001 volebant,
1694 3939 1970 4005 quomodo
2022 3936 2344 3987 nonistatim

783 4031 1153 4086 occidebant?
1189 4031 1324 4096 Quia
1358 4030 1709 4085 verisimilem
1769 4030 1961 4083 sceleri
1997 4020 2347 4081 occasionem

789 4133 1082 4191 [irrctexere
1116 4124 1390 4178 volebant.
1430 4122 1562 4175 Nam
1620 4122 1818 4190 injuria
1886 4120 2149 4173 adversus
2201 4118 2349 4187 ipsos

789 4233 894 4268 ron
918 4224 1034 4268 erat
1060 4215 1400 4269 rationabilis
1426 4221 1728 4283 praeteritus
1754 4212 1817 4264 ad
1849 4212 2346 4279 iutercmptionem,

2531 3592 2548 3624 ι
2602 3572 2918 3634 Ἀκούοντες
2950 3571 3004 3624 δὲ
3050 3569 3223 3624 ταῦτα
3255 3569 3558 3641 διεπρίοντο
3589 3585 3708 3630 ταις
3767 3567 4030 3637 καρδίαις

2460 3685 2475 3713 ι
2520 3664 2723 3724 αὐτῶν,
2756 3666 2847 3716 καὶ
2870 3663 3099 3733 ἔϐρυχον
3134 3664 3259 3725 τοὺς
3287 3662 3503 3724 ὀδόντας
3527 3661 3799 3714 αὑτωνὲπ’
3832 3660 4029 3713 αὐτόν.

2463 3776 2480 3806 ι
2526 3756 2816 3825 ’Υπάρχων
2852 3755 2908 3807 δέ
2934 3756 3147 3823 πλήρης
3182 3754 3493 3823 Πνεῦματος
3537 3752 3711 3818 ἁγίου,
3765 3752 4035 3814 ἀτενίσας

2462 3868 2479 3897 ι
2519 3851 2597 3911 εἰς
2618 3848 2707 3900 τὸν
2739 3846 2989 3917 οὐρανὸν,
3015 3842 3122 3897 εἶδε
3153 3845 3311 3906 δόξαν
3340 3843 3495 3897 Θεοῦ.
3527 3863 3545 3895 ›

2527 3940 2587 3991 Εἰ
2624 3938 2904 3990 ἐϐούλοντο
2935 3936 3161 3997 ἀνελεῖν,
3202 3936 3317 3996 πῶς
3380 3936 3479 3986 οὐκ
3534 3934 3738 3987 ἀνεῖλον
3768 3934 3884 3986 τότε
3924 3934 4036 3985 εὑ-

2458 4029 2621 4095 θέως;
2655 4030 2776 4081 Ὀτι
2808 4027 3078 4096 πρόρασιν
3108 4024 3325 4091 εὔλογον
3378 4023 3565 4092 ἧθελον
3605 4024 3903 4092 περιθεῖναι
3948 4023 4043 4091 τῷ

2456 4121 2786 4189 τολμήματι·
2833 4120 2894 4171 Ἡ
2910 4120 3017 4185 γὰρ
3047 4119 3124 4179 εἱς
3152 4117 3346 4178 αὖτοὺς
3370 4116 3526 4185 ὕϐρις
3575 4115 3673 4167 οὐκ
3705 4111 3772 4184 ἦν
3804 4114 4041 4180 εωογος

2459 4214 2733 4284 πρόφασις
2764 4211 2899 4282 πρὸς
2955 4212 3251 4279 ἀναίρεσιν,
3282 4208 3394 4260 ἀλλ’
3431 4205 3704 4258 ἀπελάσαι
3736 4205 3885 4272 μένῆ
3919 4222 4043 4269 μα-

786 4306 881 4360 sed
918 4307 983 4360 ad
1015 4306 1331 4375 ejectionem
1373 4316 1464 4358 aut
1494 4306 1558 4358 ad
1604 4303 2019 4371 llagellationem
2073 4300 2326 4355 fortassis

2462 4305 2639 4369 στίξαι
2668 4306 2820 4366 ἴσως,
2854 4301 3061 4354 ἀνελεῖν
3099 4302 3153 4353 δὲ
3209 4302 3308 4352 οὐκ
3347 4298 3567 4364 εὔλογος
3614 4298 3781 4348 αἰτία.
3817 4295 4045 4356 ’Λλὶως

790 4400 853 4452 ad
916 4400 1247 4454 occisionem
1304 4414 1429 4451 vero
1503 4412 1671 4450 causa
1714 4396 1989 4448 sulm-iens
2046 4408 2149 4446 non
2213 4399 2328 4447 erat

2459 4397 2514 4449 δὲ
2545 4396 2664 4448 οὐδὲ
2696 4392 2759 4464 ἦν
2794 4397 2824 4464 ἠ
2858 4394 3011 4461 ὕϐρις
3031 4393 3215 4455 αὐτοῦ,
3252 4391 3384 4445 ἀλλὰ
3430 4390 3523 4441 τοῦ
3567 4389 3841 4457 προφήτου
3904 4388 4049 4437 κατ’

792 4492 1006 4559 Alioqui
1044 4493 1206 4545 etiam
1261 4506 1439 4559 neque
1486 4489 1657 4557 ipsius
1701 4487 2029 4539 Contumelia
2068 4492 2205 4548 erat,
2261 4499 2328 4536 εει

2464 4489 2643 4542 αὐτῶν
2674 4488 3000 4557 κατηγορία.
3039 4486 3145 4538 Καὶ
3197 4486 3296 4536 οὐκ
3330 4484 3521 4552 ἤθελον
3560 4482 3736 4533 δοκεῖν
3763 4478 3847 4529 διὰ
3864 4478 4051 4533 tisi:

792 4584 1068 4652 propheta:
1107 4582 1370 4635 adversus
1413 4581 1534 4633 illos
1566 4577 1865 4633 accusatio.
1914 4590 2011 4628 nec
2057 4572 2225 4625 videri
2258 4587 2321 4623 vo

2462 4580 2658 4640 αὐτοὺς
2713 4580 2871 4629 αὺτὶν
2906 4578 3128 4634 ἀνελεῖν,
3160 4576 3345 4643 ὥσπερ
3372 4574 3487 4625 οὐδέ
3534 4572 3622 4623 τὸν
3660 4570 3911 4641 Χριστόν.
3946 4570 4031 4621 0-3

794 4678 979 4727 lrlzant
1037 4676 1356 4728 interimere
1426 4672 1577 4725 illum
1638 4670 1707 4722 ob
1769 4668 2018 4737 proprias
2104 4665 2355 4733 injurias,

795 4760 1249 4828 quemadmodum
1283 4776 1457 4829 neque
1512 4758 1814 4812 Christum.
1874 4756 2081 4808 litt-nim
2120 4752 2357 4807 contenti

800 4870 905 4905 nun
943 4864 1100 4907 erant
1161 4852 1516 4906 homicidium
1572 4858 1906 4919 perpetrare,
1941 4850 2033 4901 sed
2089 4855 2141 4899 et
2175 4846 2360 4913 gloria:

796 4947 917 5013 ejus
950 4960 1148 4998 nocere
1200 4944 1561 4998 conabantur.
1597 4940 1873 5010 Siquidem
1908 4937 2236 4999 metuebant,
2291 4951 2357 4988 ne

800 5038 1034 5092 celebris
1071 5036 1241 5104 magis
1275 5035 1613 5098 redderetur,
1672 5033 1716 5089 si
1744 5031 1813 5085 ob
1846 5030 2102 5099 injuri-am
2139 5027 2269 5096 ipsis
2296 5028 2359 5079 il-

798 5134 959 5183 latam
993 5130 1419 5183 interimeretur.

881 5241 897 5272 ‹
935 5220 1001 5272 Et
1025 5220 1209 5275 Jesum
1259 5227 1496 5276 stantem
1530 5233 1558 5273 a
1591 5227 1799 5273 uestris
1831 5216 1947 5280 Det,
1979 5225 2031 5268 et
2066 5216 2139 5267 ait
2173 5232 2186 5267 :
2230 5212 2365 5266 Ecce

805 5334 822 5363 ε
859 5313 1016 5367 rideo
1051 5314 1219 5369 coelos
1246 5324 1485 5384 apertos,
1510 5320 1560 5367 et
1584 5310 1782 5366 Filium
1806 5308 2044 5365 hominis
2076 5314 2305 5362 stantem
2335 5320 2364 5358 a

805 5419 824 5453 ι
856 5402 1063 5457 dextris
1090 5400 1202 5455 Dei.
1241 5422 1259 5455 ι
1402 5400 1403 5403 “

2463 4670 2571 4737 γάρ
2608 4668 2838 4737 ᾑροῦντο
2864 4670 2939 4728 εἰς
2959 4667 3056 4735 τὴν
3076 4665 3401 4734 μιαιφονίαν,
3420 4661 3799 4715 ἀλλ’ἐσπευδον
3834 4659 3927 4710 καὶ
3941 4659 4054 4727 τὴν

2464 4757 2621 4821 δόξαν
2654 4755 2819 4808 αὐτοῦ
2856 4755 3073 4825 βλάψει.
3129 4753 3431 4806 Ἐδεδίεσαν
3459 4752 3565 4817 γάρ
3607 4749 3675 4818 μὴ
3702 4747 4057 4817 ἀναιρώμε-

2465 4864 2555 4911 νος
2604 4849 2691 4900 διὰ
2734 4847 2830 4917 τὴν
2854 4850 2932 4908 είς
2991 4846 3185 4907 αὐτοὺς
3254 4844 3427 4915 ὓϐριν,
3481 4840 3897 4908 αίδεσιμώτερος
3948 4840 4061 4905 γέ-

2467 4956 2644 5009 νηταμ

2548 5222 2565 5253 ι
2614 5202 2723 5253 Καὶ
2774 5199 2981 5270 Ἰησοῦν
3035 5199 3244 5251 ἐστῶτα
3267 5198 3331 5249 ἐκ
3364 5195 3550 5261 δεξιῶν
3603 5192 3695 5246 τοῦ
3747 5192 3907 5253 Θεοῦ,
3954 5192 4075 5245 καὶ

2478 5314 2496 5346 ι
2537 5290 2727 5345 εἶπενο
2773 5292 2902 5345 Ἰδοὺ
2957 5290 3143 5355 θεωρῶ
3198 5290 3319 5350 τοὺς
3343 5287 3600 5356 οὐρανοὺς
3643 5284 4075 5352 ἀνεῳγμένους,

2486 5404 2503 5437 ι
2542 5386 2633 5438 καὶ
2689 5386 2816 5437 Υίὸν
2867 5383 2959 5435 τοῦ
3022 5382 3307 5450 ἀνθρώπου
3351 5381 3413 5431 ἐκ
3458 5376 3645 5442 δεξιῶν
3691 5375 3902 5426 ἑστῶτα
3953 5374 4073 5425 τσῦ

2483 5493 2500 5526 ι
2534 5473 2690 5527 θεοῦ.
2732 5491 2749 5523 ι

2560 5564 2811 5616 Ἐστῶτα
2837 5564 2927 5614 καὶ
2961 5562 3081 5629 οὐχὶ
3114 5561 3416 5627 καθήμενον
3441 5561 3467 5610 ὁ
3489 5556 3752 5625 μακάριος
3777 5554 4078 5620 Στέφανος

2614 5656 2704 5707 τὸν
2770 5655 2995 5722 Ἰησοῦν,
3033 5654 3118 5706 ἵνα
3151 5652 3300 5720 δείξῃ
3341 5650 3436 5719 τὴν
3498 5646 3779 5715 ἀντίληψιν
3810 5647 3911 5713 τὴν
3975 5646 4085 5707 εἰς

2480 5748 2660 5812 αὑτὸν,
2698 5748 2786 5798 καὶ
2822 5745 3014 5814 πολλὴν
3046 5744 3119 5813 τῷ
3142 5743 3343 5811 ἀθλητῇ
3364 5744 3457 5807 τὴν
3507 5738 3813 5807 προθυμία-ί
3863 5738 4085 5804 παρέ.-

880 5578 1123 5631 Stantem
1152 5583 1204 5629 et
1259 5591 1365 5628 non
1423 5578 1701 5630 sedentem
1758 5574 1891 5627 vidit
1944 5573 2124 5627 Iesum
2177 5572 2368 5624 beatus

808 5668 1143 5738 Stephanus.
1171 5676 1225 5719 ut
1256 5682 1409 5721 suam
1460 5668 1713 5721 exhibeat
1764 5665 2021 5720 Christus
2076 5664 2369 5733 protectio-

812 5778 930 5814 nem
965 5779 977 5815 :
1010 5773 1061 5814 et
1094 5776 1342 5830 magnam
1384 5778 1479 5811 suo
1518 5762 1732 5812 athleta!
1765 5760 1968 5811 tril'uat
2010 5757 2367 5815 :x‘acrltafcm,
