4184 6466
147 395 233 461 ιω
1075 389 1461 451 COMMENT.
1509 388 1589 448 IN
1634 390 1817 451 ACTA
1840 393 2419 462 APOSTOLORUM.

3262 406 3368 475 ιει

146 524 252 581 erm,
277 506 335 560 τὺ
357 506 453 560 τοῦ
482 503 804 575 βοηθοῦντος
851 501 1215 556 ἐπιδείκνυται
1251 506 1456 572 σχῆμα.
1490 501 1696 561 Ἀλλως
1727 504 1768 561 Α

1727 504 1768 561 Α
1800 505 2116 561 anniliantis
2144 510 2285 561 enim
2329 510 2547 566 habitus
2566 512 2898 569 ostenditur.
2927 512 3197 574 Praeterea
3231 536 3365 580 vero

143 618 190 651 τε
210 597 492 667 δὲ,ὲπειδὴ
514 596 576 649 τὸ
607 595 829 649 καθίσαι
852 595 1109 663 φορτικὸν
1157 588 1226 662 ἦν
1274 593 1476 656 αὐτοῖς,
1537 592 1691 643 ἵστα-

146 690 428 742 ώαιαῦτδν
462 684 585 741 εῐπε
612 688 768 750 τέως,
801 684 897 756 τὴν
926 684 1221 738 ἀνάστασιν
1266 682 1432 736 αὐτοῦ
1477 681 1690 748 αίνιξά-

146 793 304 845 μενος·
336 779 419 829 ὅτι
442 777 497 829 δὲ
518 779 617 846 οὐχ
648 777 882 841 ἵσταται,
914 775 1049 829 ἀλλά
1081 773 1336 841 κάθηται,
1362 773 1454 825 καὶ
1498 772 1526 822 ό
1547 771 1693 824 Παῦε

142 870 216 930 λος
243 867 458 932 ἔδειξεν,
490 868 681 933 είπὼν,
713 869 794 921 ὅτι
842 867 1131 936 συνήγειρε
1197 864 1292 918 καὶ
1335 862 1688 917 συνεκάθισεν

141 963 187 1010 ἐν
210 963 313 1022 τοῖς
353 962 701 1031 ἐπουρανίοις
731 964 790 1015 ὲν
821 960 971 1031 δεξιᾷ
1002 958 1191 1013 αὐτοῦ.

203 1141 560 1211 ιΚράξαντες
582 1141 638 1193 δὲ
669 1141 819 1209 φωνῇ
860 1138 1092 1210 μεγάλῃ,
1154 1135 1414 1204 συνέσχον
1462 1134 1531 1185 τά
1576 1124 1689 1184 ὧτα

144 1250 159 1282 ι
188 1232 378 1297 αὐτῶν,
426 1234 523 1285 καλ⁵
565 1232 835 1303 ὥρμησαν
879 1228 1222 1301 ὁμοθυμαδὸν
1256 1226 1342 1279 ἐπ’
1372 1224 1553 1280 αὐτόν.
1583 1223 1690 1276 Καὶ

144 1344 157 1375 ι
190 1324 502 1388 ἐκϐαλόντες
542 1324 645 1389 ἔξω
666 1325 764 1393 τῆς
803 1321 1008 1384 πόλεως
1030 1318 1386 1374 ἐλιθοϐόλουν.
1418 1335 1437 1368 ι

196 1496 476 1567 Συνέσχον,
516 1498 565 1550 oi
592 1498 731 1550 κατά
750 1495 842 1549 τοῦ
877 1496 1030 1564 ἁγίου
1052 1491 1683 1564 ψευδομαρτυρήσαντες.

198 1692 214 1723 ι
249 1674 356 1726 Καὶ
377 1677 429 1728 oi
469 1675 746 1744 μάρτυρες
780 1673 1045 1728 ἀπέθεντο
1075 1670 1143 1723 τά
1176 1669 1366 1739 ἱμάτια
1387 1668 1537 1737 παρά
1560 1667 1686 1729 τοὺς

142 1781 155 1810 ι
194 1764 348 1825 πόδας
376 1764 615 1827 νεανίου,
648 1764 983 1833 καλουμένου
1025 1759 1253 1814 Σαύλου.
1316 1758 1422 1810 Καὶ
1446 1755 1677 1809 ὲλιθοϐό·

140 1873 153 1903 ι
186 1854 298 1907 λουν
324 1856 419 1909 τὸν
444 1857 736 1925 Στέφανον,
758 1853 1182 1925 ἐπικαλούμενον
1205 1852 1297 1905 καὶ
1321 1851 1565 1917 λέγοντα.
1602 1865 1620 1898 ι

191 2044 484 2114 Μάρτυρας
512 2043 681 2111 λέγει,
730 2043 821 2107 οὓς
870 2043 1135 2097 ὑπέϐαλον
1165 2041 1682 2111 καταψευδομαρτυ-

138 2135 273 2203 pigeat
304 2136 499 2188 αὐτοῦ.
521 2138 629 2189 Καὶ
652 2136 889 2188 δείκνυσι
915 2137 1039 2197 τοὺς
1059 2133 1348 2196 δοκοῦντας
1379 2135 1680 2202 μάρτυρας,

134 2230 199 2279 ὅτι
229 2227 385 2280 πλέον
441 2223 584 2296 ἦσαν
634 2227 1142 2298 παρεσκευασμένοι
1190 2226 1325 2296 πρὸς
1365 2225 1457 2277 τὸν
1502 2224 1680 2292 φόνον,

135 2319 226 2384 είγε
253 2321 343 2371 καὶ
378 2320 451 2371 τὰ
490 2321 681 2388 ἱμάτια
720 2320 1037 2372 ἀπετίθεντο
1068 2320 1202 2387 πρὸς
1231 2319 1292 2370 τὸ
1326 2312 1462 2371 εἶναι
1494 2318 1685 2369 εὐσταο

134 2411 222 2472 ἱείς
247 2414 337 2463 καὶ
364 2412 565 2479 κοῦφοι
600 2414 682 2473 είς
710 2412 770 2464 τὸ
821 2411 1034 2481 βάλλειν
1086 2412 1197 2473 τοῖς
1230 2409 1415 2470 λίθοις.
1456 2407 1592 2476 Φησὶ
1626 2407 1682 2459 δὲ

132 2502 303 2555 ὅτικαὶ
334 2506 362 2555 ό
397 2505 611 2571 μέλλων
652 2503 877 2573 ὕστερον
929 2502 1099 2572 κῆρυξ
1130 2499 1269 2554 εἶναι
1307 2502 1406 2569 τῆς
1433 2497 1683 2567 οἰκουμέ-

132 2608 227 2657 νης.
264 2593 361 2644 καὶ
394 2593 565 2655 αὐτὸς
613 2594 948 2665 συνέπραττε
981 2594 1103 2647 τότε
1152 2591 1230 2661 τῷ
1264 2591 1427 2660 φόνῳ.
1469 2590 1682 2653 δεικνὺς

132 2681 195 2731 ὃτι
225 2680 336 2733 θεία
367 2698 458 2745 τις
504 2682 600 2735 καὶ
654 2683 956 2753 παράδοξος
1008 2683 1101 2736 καὶ
1139 2682 1199 2733 οὐ
1231 2680 1370 2732 κατά
1397 2678 1682 2747 ἄνθρωπον

132 2771 326 2839 γέγονεν
356 2772 529 2826 αὐτοῦ
561 2775 592 2843 ἡ
623 2774 762 2843 μετά
794 2774 965 2827 ταῦτα
990 2772 1281 2843 μεταϐολή.
1314 2771 1386 2823 Τὸ
1405 2770 1483 2832 δὲ,
1511 2769 1682 2839 Κύριε

141 2860 309 2931 Ἰησοῦ,
337 2864 496 2928 δέξαι
519 2865 581 2917 τὸ
610 2865 826 2933 πνεῦμά
846 2882 968 2935 μου,
985 2864 1320 2926 δεικνύοντος
1344 2858 1411 2933 ἦν
1430 2862 1528 2915 καὶ
1548 2860 1685 2915 διδά-

134 2968 322 3017 σκοντος
344 2954 429 3006 δτι
460 2953 564 3007 οὐκ
591 2953 907 3008 ἀπόλλυται.

193 3147 209 3179 t
234 3129 404 3198 Κύριε
436 3129 640 3200 Ἰησοῦ,
661 3130 811 3197 δέξαι
834 3130 895 3184 τὸ
924 3132 1140 3202 πνεῦμά
1166 3149 1288 3202 μου.

1791 598 2049 664 quoniam
2095 616 2261 670 grave
2289 602 2398 655 eis
2464 602 2655 659 luisset
2688 604 2881 660 audire
2941 608 3087 677 quod
3130 611 3366 682 sederet,

1792 693 1940 740 stare
1970 687 2188 744 interim
2216 691 2377 757 dixit,
2432 692 2728 764 designans
2778 697 2954 766 ipsius
3000 702 3369 757 resurrectio-

1792 791 1934 830 nem.
1958 776 2110 844 Quod
2146 790 2325 837 autem
2358 798 2466 839 non
2491 794 2616 851 stet,
2646 786 2743 842 sed
2766 788 2970 853 sedeat,
3016 790 3189 844 etiam
3232 792 3369 846 Pau-

1792 868 1877 923 lus
1902 871 2168 937 ostendit,
2222 874 2431 939 dicens,
2470 878 2617 946 quod
2663 877 2829 934 simul
2887 882 3239 937 resuscitavit
3291 884 3357 938 si-

1790 961 2012 1029 mulque
2076 962 2269 1018 sedere
2329 964 2457 1020 fecit
2509 968 2656 1023 inter
2694 969 2951 1026 caelestes
3007 970 3073 1024 ad
3112 971 3360 1027 dextram

1790 1065 1968 1106 suam.

1864 1141 1972 1209 Vll,
2002 1145 2091 1209 56,
2122 1146 2213 1203 57.
2248 1165 2267 1199 ι
2305 1145 2687 1205 Exclamantes
2726 1160 2908 1206 autem
2950 1166 3089 1206 voce
3136 1167 3359 1223 magna,

1796 1252 1813 1285 ι
1860 1236 2253 1293 continuerunt
2282 1254 2445 1297 aures
2488 1255 2643 1305 suas,
2676 1247 2732 1295 et
2781 1240 3043 1311 impetum
3111 1240 3364 1299 fecerunt

1795 1340 1814 1372 ‹
1860 1324 2197 1379 unanimiter
2228 1325 2285 1379 in
2315 1342 2463 1383 eum.
2492 1328 2560 1382 Et
2596 1328 2835 1398 ejectum
2863 1342 2991 1382 eum
3030 1336 3187 1383 extra
3219 1330 3360 1385 civi-

1793 1432 1812 1462 ‹
1850 1421 2015 1468 tatem
2043 1415 2379 1484 lapidabant.
2422 1435 2443 1469 ι

1856 1504 2253 1561 Continuerunt
2284 1547 2299 1573 ,
2362 1508 2457 1578 qui
2504 1508 2769 1564 adversus
2816 1516 3068 1566 sanctum
3119 1510 3363 1567 tulerunt

1792 1593 1985 1648 .alsum
2014 1597 2412 1663 testimonium.

1856 1682 1967 1748 VII,
1995 1685 2083 1750 57,
2124 1686 2211 1742 58.
2249 1706 2281 1739 ι
2312 1688 2376 1742 Ει
2409 1696 2575 1744 testes
2609 1688 2987 1759 deposuerunt
3037 1690 3358 1745 vestimenta

1792 1792 1809 1823 ι
1850 1774 1955 1843 75
1977 1775 2043 1829 ad
2075 1776 2241 1845 pedes
2268 1777 2659 1842 adolescentis,
2688 1778 2781 1848 qui
2807 1780 3108 1833 vocabatur
3132 1778 3355 1836 Saulus.

1719 1845 1765 1903 Β
1804 1883 1821 1914 ‹
1863 1864 1926 1917 Et
1957 1864 2276 1935 lapidabant
2310 1865 2674 1938 Stephanum,
2703 1845 3043 1924 invocantem
3073 1883 3139 1925 ac
3164 1869 3359 1925 dicen-

1792 1974 1809 2005 t
1849 1964 1978 2009 tem.
2015 1975 2034 2008 ι

1853 2043 2045 2098 Testes
2118 2045 2250 2098 dicit
2309 2059 2451 2115 quos
2506 2045 2942 2101 subornaverant
2985 2051 3045 2099 ut
3096 2042 3359 2099 adversus

1785 2135 1936 2189 illum
1972 2136 2177 2191 ferrent
2211 2138 2409 2193 falsum
2443 2139 2838 2204 testimonium,
2866 2138 3214 2207 ostenditque
3236 2151 3355 2198 eos.

1783 2227 1873 2295 qui
1901 2234 2070 2281 testes
2090 2228 2435 2294 videbantur,
2458 2230 2825 2299 promptiores
2848 2229 2913 2282 ad
2936 2229 3135 2283 caedem
3160 2227 3354 2294 fuisse,

1784 2318 2225 2388 quandoquidem
2250 2322 2413 2374 etiam
2439 2329 2621 2376 vestes
2648 2322 3027 2391 deposuerunt
3056 2336 3165 2390 quo
3192 2335 3355 2389 expe.

1784 2411 2011 2465 ditiores
2044 2420 2230 2466 essent
2259 2427 2321 2466 ac
2357 2413 2587 2467 leviores
2616 2413 2684 2467 ad
2716 2412 3007 2481 iaciendos
3040 2411 3268 2480 lapides.
3297 2410 3354 2467 Id

1786 2510 1968 2554 autem
2003 2502 2116 2565 ait,
2148 2504 2403 2571 quoniam
2454 2504 2502 2558 is
2554 2504 2742 2567 etiam,
2789 2504 2882 2573 qui
2926 2504 3164 2558 universi
3204 2502 3355 2557 orbis

1785 2593 2107 2658 praedicator
2162 2594 2382 2648 futurus
2440 2602 2579 2659 erat,
2638 2595 2755 2663 ipse
2783 2609 3002 2663 quoque
3047 2594 3114 2648 ad
3150 2593 3351 2647 caedem

1783 2684 2182 2752 cooperabatur
2225 2702 2237 2735 :
2282 2682 2578 2739 ostendens
2617 2685 2761 2753 quod
2803 2685 2989 2739 divina
3021 2684 3264 2753 quaedam
3300 2690 3356 2735 et

1785 2773 2104 2827 admiranda
2140 2789 2418 2843 supraque
2452 2774 2725 2829 hominem
2769 2774 2935 2830 fuerit
2971 2774 3090 2843 ejus
3120 2787 3354 2828 convera

1785 2867 1886 2919 sio.
1921 2864 2078 2931 Quod
2108 2880 2235 2920 vero
2268 2866 2361 2931 ait,
2395 2884 2413 2911 ο
2442 2865 2671 2937 Domine
2700 2864 2851 2930 Iesu,
2885 2866 3069 2935 accipe
3101 2865 3353 2935 spiritum

1784 2968 1990 3018 meum,
2032 2973 2052 3007 ι
2084 2954 2519 3011 demonstrantis
2546 2963 2665 3010 erat
2693 2970 2759 3010 ac
2790 2956 3039 3011 docentis
3070 2954 3214 3023 quod
3245 2968 3355 3009 non

1785 3044 1991 3112 periret

1860 3150 1881 3185 ι
1922 3132 2150 3188 Domine
2176 3131 2330 3199 Jesu,
2364 3132 2550 3202 accipe
2581 3134 2833 3204 spiritum
2864 3149 3065 3190 meum.
3099 3151 3119 3186 ι

198 3191 472 3275 Ἐντεῦθεν
493 3191 770 3276 δείκνυται
804 3223 999 3291 μηκέτι
1046 3191 1125 3286 είς
1165 3191 1292 3294 ἀδου
1341 3221 1441 3285 τὰς
1472 3221 1580 3275 τῶν
1604 3220 1683 3275 δί·
1709 3191 1752 3249 c

1709 3191 1752 3249 θ
1859 3220 1998 3277 Hinc
2036 3191 2347 3279 ostenditur
2383 3191 2659 3292 iustorum
2708 3224 2919 3279 animas
2960 3239 2990 3278 a
3023 3223 3352 3291 corporibus

134 3315 273 3367 καίων
299 3316 526 3368 ἀπιέναι
552 3315 731 3384 ψυχὰς
752 3315 859 3367 τῶν
884 3315 1149 3383 σωμάτων
1180 3313 1679 3380 ἀπαλλαττομένας,

134 3408 248 3458 καθὰ
291 3409 382 3461 καὶ
439 3407 661 3477 πρώην,
692 3408 1004 3477 πέμπεσθαι
1058 3408 1113 3460 δὲ
1157 3406 1355 3476 μᾶλλον
1387 3407 1467 3467 είς
1498 3406 1681 3475 χεῖρας

132 3495 239 3548 Θεοῦ
290 3496 495 3559 ζῶντος
532 3496 620 3549 sta
664 3495 758 3547 τοῦ
798 3498 1014 3549 πάντων
1068 3495 1222 3563 ἡμῶν
1252 3493 1505 3563 Σωτῆρος
1542 3493 1673 3561 Χρι-

136 3604 253 3639 στω).

191 3696 207 3727 ι
229 3678 347 3741 Θεὶς
371 3678 429 3732 δὲ
463 3678 533 3731 τά
562 3678 783 3745 γόνατα.
817 3677 1010 3745 Εκραξε
1033 3681 1184 3747 φωνῇ
1213 3678 1445 3749 μεγάλῃ,
1480 3678 1674 3748 Κύριε,

137 3784 150 3813 t
176 3764 237 3834 μὴ
264 3768 472 3838 στήσῃς
496 3767 680 3829 αὐτοῖς
702 3767 799 3836 τὴν
820 3766 1093 3836 ἁμαρτίαν
1119 3765 1341 3832 ταύτην.
1378 3767 1488 3820 Καὶ
1523 3766 1681 3819 τοῦτο

135 3873 149 3900 ι
171 3856 322 3907 ιίπὼν
350 3857 655 3926 ἐκοιμήθη.
685 3857 954 3919 Σαῦλοςδὲ
973 3853 1040 3927 ἦν
1069 3858 1405 3912 συνευδοκῶν
1434 3861 1500 3930 τῇ
1528 3861 1675 3912 ἀναιο

137 3946 302 4008 «sisit
333 3945 531 3997 αὑτοῦ.

186 4035 371 4087 cna:
428 4034 878 4104 προσευξαμένου
933 4035 1095 4088 αὐτοῦ
1134 4036 1209 4105 μὴ
1260 4036 1452 4104 στῆσαι
1495 4036 1677 4100 αὐτοῖς

132 4127 191 4181 εἰς
217 4125 487 4192 ἁμαρτίαν
525 4124 614 4176 τὸν
642 4125 833 4177 ἑαυτοῦ
862 4126 1109 4191 θάνατον,
1144 4129 1191 4179 εί
1233 4126 1407 4195 ἀφεθη
1433 4128 1613 4191 αὐτοῖς
1641 4130 1673 4197 ἡ

132 4215 360 4282 ἁμρτῖα,
390 4215 637 4283 ζητῆσαι
667 4215 835 4277 ἄξιον.
874 4216 980 4267 Καί
1008 4234 1208 4284 φαμεν,
1239 4220 1285 4268 εἰ
1324 4218 1672 4287 μετενόησαν.

132 4306 312 4373 εεεῖῠη.
367 4307 482 4359 Καὶ
519 4305 624 4373 γὰρ
663 4308 689 4357 ὁ
739 4308 970 4374 μυρίαις,
1026 4306 1186 4360 αὐτὸν
1247 4306 1453 4376 βάλλων
1499 4314 1674 4376 χερσὶ,

132 4395 202 4446 καὶ
227 4396 413 4460 διώξας
451 4394 556 4462 τὴν
601 4393 925 4462 Ἐκκλησίαν
948 4395 1177 4461 Παῦλος,
1210 4396 1305 4465 τῆς
1342 4396 1675 4465 Ἐκκλησίας

132 4490 403 4554 ipsum};
436 4486 684 4552 ἐγένετο.

712 4602 759 4653 Κ
770 4602 958 4653 ΕΦΑΛ.
1009 4598 1085 4653 6'.

136 4712 238 4779 Περὲ
264 4712 531 4781 {aug-1:917
562 4713 673 4778 τῆς
715 4714 1078 4778 Ἐκκλησίας
1120 4712 1213 4763 καί
1241 4710 1434 4778 ταφῆς
1460 4714 1680 4780 Στεφά-

191 4801 305 4843 νου,
324 4779 395 4836 ἐκ
427 4779 479 4849 ᾧ
501 4785 639 4847 περὶ
673 4785 969 4834 Φιλίππου
994 4782 1097 4833 τοῦ
1119 4782 1486 4843 ἀποστόλου,
1535 4779 1682 4835 πολ-

194 4856 313 4919 λοὺς
341 4853 687 4921 ιασαμένου
717 4852 812 4903 ἐπὶ
846 4850 954 4918 τῆς
985 4850 1335 4918 Σαμαρείας.

190 4964 207 4995 ι
242 4946 492 5011 Ἐγένετο
548 4942 607 4995 δὲ
653 4944 711 4993 ἐν
735 4941 922 5013 ἐκείνῃ
943 4943 1007 5009 τῇ
1045 4940 1225 5010 ἡμέρᾳ
1251 4939 1486 5007 διωγμὸς
1510 4940 1678 5007 μέγας

138 5052 153 5082 ι
178 5038 253 5087 ἐπὶ
286 5038 381 5105 τὴν
433 5033 773 5102 Ἐκκλησίαν
799 5033 897 5100 τὴν
931 5034 988 5084 ὲν
1020 5031 1429 5100 Ἰεροσολύμοις.
1478 5032 1681 5093 Πάντες

138 5142 152 5172 ι
175 5140 223 5176 τε
247 5124 631 5192 διεσπάρησαν
657 5121 795 5172 κατά
828 5120 927 5183 τὰς
971 5120 1150 5190 χώρας
1174 5121 1270 5187 τῆς
1309 5118 1561 5181 Ἰουδαίας
1585 5121 1691 5171 καί

138 5213 491 5281 (Σαμαρείας,
527 5209 673 5277 πλὴν
709 5209 815 5261 τῶν
858 5209 1189 5263 ἀποστόλων.
1223 5208 1589 5276 Συνεκόμισαν
1622 5208 1680 5260 δὲ

139 5324 151 5353 ι
173 5308 539 5373 τὸνΣτέφανον
555 5303 747 5373 ἄνδρες
776 5304 1039 5369 εὗλαΰείς,
1060 5304 1153 5357 καὶ
1174 5305 1497 5373 ἐποιήσαντο
1521 5322 1678 5357 κοπε-

138 5398 240 5449 ιτδν
263 5399 430 5466 μέγαν
466 5398 564 5449 ἐπ’
597 5394 763 5465 αὐτῷ.
787 5396 984 5456 Σαῦλος
1017 5396 1070 5447 δὲ
1101 5396 1415 5464 ἐλυμαίνετο
1444 5398 1679 5468 τὴνἙκ-

140 5505 151 5535 ι
175 5489 403 5558 κλησίαν,
422 5489 581 5543 κατά
598 5491 721 5549 τοὺς
742 5488 919 5550 οἴκους
940 5488 1408 5557 εἰσπορευόμενος,
1427 5490 1603 5557 σύρων
1622 5508 1677 5543 τε

141 5595 152 5626 I
176 5578 352 5649 ἀνδρας
369 5583 467 5633 καὶ
484 5582 778 5647 γυναῖκας.
796 5578 1083 5647 παρεδίδου
1105 5581 1185 5642 είς
1208 5578 1471 5649 φυλακήν.
1491 5581 1552 5632 Οἱ
1579 5580 1677 5649 μὲν

141 5669 252 5723 «οὖν
278 5670 679 5741 διασπαρέντες
726 5669 937 5738 διῆλθον
976 5669 1447 5741 εὐαγγελιζόμενοι
1481 5671 1571 5724 τὸν
1595 5672 1677 5723 λό-

140 5777 154 5810 t
179 5781 271 5828 γε»,
304 5788 317 5815 ι

1783 3312 2047 3367 liberatas
2072 3328 2414 3383 nequaquam
2438 3316 2491 3369 in
2514 3314 2787 3371 infernum
2813 3314 3140 3370 descendere
3162 3330 3354 3383 quem-

1782 3403 2073 3457 admodum
2109 3412 2162 3458 et
2194 3414 2353 3460 antea
2379 3446 2393 3471 ,
2444 3406 2538 3461 sed
2589 3405 2888 3461 transmitti
2939 3408 3117 3475 potius
3150 3407 3203 3460 in
3239 3422 3355 3460 ma-

1784 3511 1889 3548 nus
1924 3495 2017 3550 Dei
2049 3496 2284 3552 viventis
2314 3512 2412 3567 per
2444 3497 2695 3553 omnium
2732 3509 2977 3553 nostrum
3013 3498 3352 3554 Salvatorem

1782 3586 2083 3640 Christum.
2562 3590 2563 3593 “

1850 3674 1960 3738 Vll,
1989 3676 2076 3731 59.
2125 3695 2142 3727 ι
2178 3676 2379 3731 Positis
2417 3685 2598 3732 autem
2643 3679 2873 3748 genibus
2916 3678 3174 3749 clamavit
3216 3695 3353 3737 voce

1789 3787 1805 3818 ι
1842 3783 2037 3837 magna
2066 3785 2078 3821 :
2113 3768 2360 3834 Domine,
2395 3786 2461 3824 ne
2488 3779 2697 3825 statuas
2742 3770 2851 3825 illis
2899 3771 3002 3825 hoc
3048 3785 3351 3841 peccatum.

1788 3878 1805 3909 ‹
1842 3859 2087 3927 Cumque
2122 3862 2222 3913 hoc
2257 3860 2506 3923 dixisset,
2540 3861 2894 3916 obdormivit.
2925 3860 3125 3917 Saulus
3170 3875 3352 3920 autem

1786 3964 1804 3996 ι
1838 3946 2216 3999 consentiebat
2249 3947 2301 3999 in
2340 3962 2523 4002 necem
2553 3948 2695 4015 ejus.
2739 3966 2757 3999 ι

1859 4035 1995 4089 Cum
2037 4043 2219 4089 autem
2257 4036 2373 4104 ipse
2412 4046 2665 4106 precatus
2707 4036 2800 4099 sit,
2836 4051 2903 4090 ne
2938 4052 3037 4093 sua
3071 4052 3217 4093 mors
3246 4038 3353 4094 illis

1782 4126 1837 4179 in
1864 4134 2149 4193 peccatum
2180 4134 2537 4189 statueretur,
2561 4126 2785 4193 dignum
2814 4135 2898 4180 est
2924 4134 2982 4180 ut
3010 4128 3352 4195 inquiramus

1782 4226 1960 4267 utrum
1996 4223 2277 4282 peccatum
2311 4214 2477 4269 fuerit
2516 4216 2623 4269 illis
2662 4217 2976 4270 remissum.
3018 4218 3085 4271 Et
3116 4218 3352 4273 dicimus

1784 4308 1930 4375 quod
1962 4307 2070 4371 his,
2099 4308 2190 4375 qui
2224 4307 2596 4375 resipuerunt,
2624 4307 2911 4361 remissum
2941 4316 3045 4362 est.
3074 4308 3350 4377 Siquidem

1785 4397 2009 4461 Paulus,
2029 4397 2119 4465 qui
2149 4398 2297 4449 illum
2323 4397 2626 4451 innumeris
2653 4396 2803 4463 petiit
2825 4397 3075 4450 manibus
3093 4405 3147 4450 et
3171 4414 3353 4466 perse-

1717 4518 1759 4571 ο
1785 4498 1944 4542 cutus
1971 4496 2053 4543 est
2103 4486 2423 4551 Ecclesiam,
2466 4488 2641 4542 iactus
2675 4497 2761 4541 est
2795 4486 3047 4542 defensor
3074 4486 3349 4543 Ecclesia).

2396 4599 2624 4654 CAPUT
2664 4598 2754 4654 IX.

1790 4717 1862 4770 De
1891 4717 2245 4784 persecutione
2276 4715 2545 4774 Ecclesia.
2580 4726 2628 4769 et
2662 4716 2931 4784 sepultura
2966 4715 3219 4782 Stephani
3247 4731 3265 4768 :
3298 4715 3349 4767 t'u

1855 4803 1955 4851 quo
1991 4788 2148 4838 etiam
2181 4788 2356 4853 agitur
2384 4786 2446 4839 de
2479 4786 2720 4853 Philippo
2752 4786 3013 4854 apostolo,
3039 4786 3127 4854 qui
3160 4784 3351 4837 multos

1854 4858 1905 4908 in
1937 4856 2185 4909 Samaria
2214 4856 2451 4908 curabat.

1860 4949 1986 5011 VIII,
2016 4949 2123 5001 1-4.
2162 4967 2179 4999 ι
2214 4948 2377 5001 Facta
2408 4958 2489 5001 est
2514 4958 2692 5001 aulem
2720 4949 2771 5000 in
2803 4947 2894 5000 illo
2923 4946 3008 4999 die
3043 4944 3349 5013 persecutio

1789 5061 1807 5093 ι
1850 5055 2043 5108 magna
2078 5040 2340 5093 adversus
2373 5038 2691 5097 Ecclesiam.
2724 5052 2843 5106 qua:
2880 5046 2996 5089 erat
3034 5033 3346 5104 Hierosoly-

1791 5150 1808 5183 ι
1849 5132 1969 5191 mis,
2016 5143 2318 5197 omnesque
2368 5128 2600 5195 dispersi
2645 5127 2753 5197 76
2789 5136 2915 5182 sunt
2960 5142 3056 5196 per
3099 5125 3347 5191 regiones

1791 5239 1808 5271 ι
1845 5219 2043 5273 Judaeae
2071 5227 2124 5272 et
2150 5216 2426 5282 Samaria,
2450 5225 2645 5287 praeter
2668 5219 2963 5284 apostolos.
2995 5214 3342 5269 Cnraveruut

1792 5330 1808 5360 ι
1853 5319 2036 5363 autem
2071 5308 2403 5375 Stephanum
2438 5324 2544 5363 una
2576 5309 2677 5363 viri
2711 5307 2973 5377 religiosi,
3006 5322 3070 5361 ac
3107 5306 3346 5361 fecerunt

1791 5420 1807 5449 σ
1849 5399 2122 5465 planctum
2160 5412 2413 5465 magnum
2451 5412 2613 5467 super
2647 5414 2790 5453 eum.
2843 5398 3042 5452 Saulus
3084 5411 3213 5450 vero
3253 5397 3346 5451 dc-

1792 5513 1807 5541 ι
1852 5490 2098 5544 vastabat
2130 5485 2455 5553 Ecclesiam,
2494 5503 2586 5556 per
2619 5488 2862 5557 singulas
2892 5489 3082 5541 domos
3117 5478 3346 5549 intrans,

1792 5603 1807 5629 I
1848 5580 2183 5646 trahensque
2219 5578 2370 5633 viros
2404 5593 2468 5632 ac
2494 5578 2772 5646 mulieres,
2804 5577 3048 5634 tradebat
3078 5576 3129 5631 in
3154 5585 3344 5632 custo-

1790 5692 1807 5720 ε
1844 5672 2008 5726 diam.
2037 5668 2116 5723 llli
2148 5669 2331 5736 itaque
2358 5669 2590 5740 dispersi
2626 5670 2980 5741 peragrabant
3011 5667 3338 5722 annuntian-

1788 5783 1803 5812 ι
1848 5772 1926 5816 tes
1962 5761 2177 5816 verbum
2214 5758 2326 5815 Dei.
2368 5776 2387 5811 ι
