4184 6466
193 390 267 453 157

1089 395 1479 460 ΟΟΜΜΕΝΤ.
1536 401 1616 461 IN
1650 401 1833 462 ACTA
1874 404 2449 470 APOSTOLORUM.

3283 410 3385 480 158

191 522 353 574 ιςιστος
379 506 470 559 τοῦ
516 506 690 577 Ἰησοῦ
720 508 974 579 Χριστοῦ,
1014 511 1371 575 ἐϐαπτίζοντο
1423 515 1614 585 ἄνδρες
1645 532 1703 567 τε
1733 516 1781 576 Α
1821 537 1828 566 ι

1821 535 1837 567 ι
1873 515 2125 588 Philippo
2153 522 2548 591 evangelizauti
2578 522 2645 576 de
2674 536 2841 590 regno
2870 522 2963 577 Dei
2989 530 3040 575 et
3065 522 3133 577 de
3161 526 3385 581 nomine

188 597 291 651 ικαὶ
325 601 591 665 γυναῖκες.
634 598 694 653 '0
720 601 777 653 δὲ
824 600 1005 672 Σίμων
1054 604 1148 657 καὶ
1180 606 1343 669 αὐτὸς
1396 609 1703 669 ἐπίστευσε,

189 690 298 742 ικαὶ
352 687 665 756 βαπτισθεὶς
720 686 789 763 ἦν
836 696 1265 766 προσκαρτερῶν
1318 698 1394 767 τῷ
1434 698 1703 767 Φιλίππῳ,

189 781 403 848 «θεωρῶν
428 797 485 833 τε
515 781 775 851 δυνάμεις
824 784 913 837 καὶ
944 788 1144 855 σημεῖα
1176 789 1459 857 γινόμενα.
1492 786 1707 853 ἐξίστα-

185 889 279 925 ιτο.
310 872 647 936 Ἀκούσαντες
676 875 731 927 δὲ
759 876 808 927 ot
842 877 899 928 ὲν
930 876 1324 949 Ἰεροσολύμοις
1388 881 1702 948 ἀπόστολοι,

186 964 283 1015 ιὸτι
311 963 541 1017 δέδεκται
573 968 605 1034 ἡ
641 967 923 1037 Σαμάρεια
951 969 1043 1020 τὸν
1076 969 1231 1038 λόγον
1256 971 1350 1024 τοῦ
1384 971 1540 1037 Θεοῦ,
1608 973 1705 1023 ἀπο

185 1054 428 1106 ιέστειλαν
462 1057 811 1126 πρδςαὺτοίις
842 1059 933 1111 τὸν
967 1060 1170 1131 Πέτρον
1196 1064 1579 1130 καὶῚωάννην,
1626 1064 1701 1116 οἴ-

185 1160 329 1205 ιτινες
354 1146 710 1209 καταϐάντες,
745 1148 1124 1218 προσηύξαντο
1155 1153 1283 1223 περὶ
1318 1154 1516 1215 αὐτῶν.
1559 1155 1705 1218 ὅπως

185 1232 383 1289 «λάϐωσι
412 1235 635 1305 Πνεῦμα
662 1236 839 1305 ἅγιον.
874 1258 893 1289 ι

229 1416 541 1484 Σημειωτέον
577 1422 662 1473 ὅτι
716 1423 778 1475 οῦ
825 1424 908 1477 δεῖ
936 1424 1257 1493 πλησιάζειν
1295 1427 1513 1495 μάγοις.
1554 1428 1617 1481 Et
1644 1429 1701 1482 δὲ

179 1526 241 1562 τις
260 1511 543 1580 ἀπατηθεὶς
595 1515 946 1585 ιπλησίασεν.
996 1518 1315 1585 ἀφιστάσθω
1343 1504 1572 1590 ταχέως.
1638 1520 1703 1574 Ἦ

179 1600 260 1669 γὰρ
284 1602 497 1673 ἐπιμονὴ
553 1606 583 1672 ἡ
625 1607 680 1657 ὲν
737 1608 911 1671 αὐτοῖς
959 1610 1036 1671 είς
1082 1609 1341 1662 ἔκστασιν
1408 1609 1532 1677 ἄγει
1567 1627 1702 1680 φρε-

179 1692 273 1758 νῶν,
316 1692 443 1747 ὥστε
480 1696 557 1765 μὴ
610 1700 852 1752 συνιέναι
905 1703 1201 1770 διακρῖναι.
1239 1695 1407 1764 Οὗτος
1450 1703 1628 1755 τοίνυν
1673 1704 1702 1756 ὁ

178 1783 316 1852 Σίμων
390 1788 858 1858 ὑποκορισάμενος
925 1796 1050 1855 τοὺς
1117 1794 1452 1855 ἀποστόλους
1526 1794 1698 1863 μάγος

177 1874 405 1943 ὑπάρχων,
462 1880 557 1930 καὶ
585 1884 784 1949 ὁμοίως
814 1888 921 1945 τοῖς
958 1884 1135 1948 ἄλλοις
1172 1885 1276 1938 {me
1303 1886 1571 1940 Φιλίππου
1599 1889 1695 1941 τοῦ

177 1964 264 2025 te;
284 1965 377 2016 τῶν
420 1968 581 2032 ἑπτὰ,
614 1971 933 2037 βαπτισθεὶς
971 1974 1108 2038 μετὰ
1137 1974 1365 2039 πολλῶν,
1394 1976 1455 2028 οῦ
1490 1977 1589 2044 μέν
1619 1994 1700 2029 τοι

174 2055 345 2121 ἐδέξατο
390 2058 474 2110 διὰ
503 2061 600 2127 τῆς
631 2062 926 2124 ἐπιθέσεως
954 2064 1061 2113 τῶν
1097 2064 1295 2131 χειρῶν
1325 2065 1433 2116 τῶν
1474 2068 1701 2119 ἀποστό-

173 2145 253 2196 λων
274 2147 325 2198 se
348 2148 497 2214 ἄτιον
530 2150 779 2217 Πνεῦμα.
816 2153 880 2205 Τί
911 2149 1037 2217 οῦνς
1087 2156 1134 2206 οἱ
1176 2153 1566 2224 βαπτισθέντες
1599 2158 1702 2210 ὑπ’)

171 2235 386 2289 1Φιλίππου
418 2240 520 2291 οὐκ
567 2240 760 2294 ἔλαϐον
819 2243 1041 2312 Πνεῦμα
1091 2244 1283 2311 ἆγιον;
1329 2246 1549 2317 Πνεῦμα
1603 2248 1702 2317 μὶν

173 2325 290 2392 ἅγιον
310 2329 492 2381 ἔλαϐον
522 2331 583 2383 τὸ
604 2332 704 2399 τῆς
721 2334 990 2401 ἀφέσεως,
1012 2335 1072 2388 τὸ
1097 2335 1153 2387 δὲ
1186 2336 1295 2389 τῶν
1332 2338 1574 2407 σημείων
1592 2338 1693 2393 οὐκ

172 2416 338 2471 ἔλαϐον.
372 2419 578 2474 Ὀθενό
618 2424 801 2492 Σίμων
833 2423 954 2478 ίδὼν
983 2426 1064 2479 ὅτι
1091 2427 1288 2480 δίδοται
1326 2428 1414 2481 διὰ
1452 2430 1552 2499 τῆς
1582 2431 1700 2483 ἑπι-

172 2510 330 2572 θέσεως
361 2512 465 2564 τῶν
484 2514 708 2583 χειρῶν,
747 2517 1010 2585 προσῆλθε
1042 2520 1151 2580 τοῖς
1210 2519 1527 2582 ἀποστόλοις
1562 2521 1699 2574 ἀπο-

170 2590 396 2667 τολμήσας
423 2603 574 2671 αὐτῷ
604 2606 1069 2674 ὲμπορεύσασθαι.
1117 2610 1253 2678 Πρὶν
1276 2609 1385 2679 γὰρ
1422 2610 1549 2663 ίδεῖν
1575 2612 1695 2663 ἑτέ-

171 2705 266 2757 pm;
310 2690 681 2761 λαμϐάνοντας
731 2695 792 2747 τὺ
845 2696 954 2748 τῶν
1009 2699 1249 2768 σημείων
1308 2698 1537 2768 Πνεῦμα
1597 2702 1697 2754 οὐκ

170 2778 344 2849 ιθάρρει
386 2782 631 2849 αἰτῆσαι.
699 2784 820 2847 Πῶς
855 2787 911 2838 δὲ
963 2787 1055 2839 τὸν
1102 2788 1346 2840 τοιοῦτον
1377 2792 1405 2842 ό
1431 2790 1696 2855 Φίλιππος

169 2866 440 2935 ίδὰπτισενς
485 2872 579 2933 Ὡς
611 2875 705 2925 καὶ
735 2875 825 2925 τὸν
863 2875 1064 2927 Ἰούδαν
1113 2878 1350 2946 Χριστὸς
1383 2878 1689 2944 ὶξελέξατο.

169 2958 257 3019 Πῶς
279 2959 328 3011 δὲ
359 2962 519 3014 αὑτὸν
546 2963 647 3015 οὐκ
672 2964 878 3017 ἀνεῖλον
900 2965 976 3028 ὡς
1001 2966 1093 3018 τὸν
1132 2968 1416 3032 Ἀνανίανς
1445 2968 1569 3021 Ὀτι
1599 2969 1693 3022 καὶ

168 3048 211 3096 ἐν
237 3052 291 3118 τῇ
336 3051 538 3122 παλαιᾷ
563 3047 644 3115 εἷς
674 3055 913 3124 ἀνῃρέθη
943 3059 971 3108 ό
1004 3057 1070 3109 τὰ
1102 3055 1232 3120 ξύλα
1266 3057 1522 3122 συλλέξας
1548 3100 1563 3124 ,
1613 3061 1693 3121 είς

167 3142 495 3211 σωφρονισμὸν
541 3144 761 3215 ἑτέρων,
795 3145 968 3205 οὐδεὶς
991 3146 1049 3198 δὲ
1082 3147 1269 3216 ἕτερος
1310 3147 1469 3200 τοῦτο
1491 3149 1692 3201 πέπον-

164 3229 249 3285 θεν.
279 3234 421 3287 Ἐστι
479 3234 540 3287 δὲ
596 3236 827 3288 συνιδεῖν
876 3237 957 3289 ὅτι
1005 3239 1062 3289 ἐν
1098 3240 1164 3306 τῇ
1208 3238 1349 3291 δόσει
1396 3239 1490 3292 τοῦ
1534 3242 1689 3309 ἀγίου

164 3324 452 3393 Πνεὺματος,
488 3327 747 3393 αίσθητόν
772 3344 823 3379 τι
852 3328 1060 3394 ἐγίνετο
1085 3330 1407 3399 παράδοξον.
1449 3334 1558 3384 Καὶ
1584 3334 1691 3403 γὰρ

162 3412 355 3481 ill-Spw
375 3417 473 3468 οὐκ
508 3416 578 3469 ἂν
612 3417 917 3486 προσῆλθεν
952 3417 1143 3477 αίτῶν,
1164 3420 1212 3470 εί
1245 3419 1320 3489 μὴ
1347 3419 1506 3473 τοῦτο
1534 3420 1692 3475 ἐθεά⁶

164 3520 275 3557 σιτο.
307 3506 420 3569 Πῶς
478 3510 539 3560 δὲ
591 3509 666 3578 μὴ
709 3509 828 3560 ἰδὼν
863 3511 987 3571 τοὺς
1031 3511 1360 3574 ἀποστόλους
1392 3513 1689 3582 χρημάτων

159 3594 277 3648 τοῦτο
297 3598 648 3665 πράττοντας,
673 3597 936 3667 ἐτόλμησε
967 3599 1225 3668 χρήματα
1260 3604 1647 3669 προσενεγκεῖν
1673 3618 1687 3665 ;

162 3684 248 3739 Ὅτι
279 3691 366 3741 οὐκ
401 3686 472 3759 ἦν
504 3690 750 3757 ἀγνοίας,
785 3689 917 3742 ἀλλά
940 3691 1310 3761 πειράζοντος.
1345 3692 1421 3743 Δι’
1464 3692 1491 3744 ὃ
1526 3694 1619 3743 καὶ
1662 3694 1689 3745 ό

158 3771 335 3843 Πέτρος,
353 3776 414 3830 Ἦ
440 3778 644 3846 καρδία
686 3794 779 3829 σου
806 3780 906 3830 οὐκ
930 3778 1076 3831 ἑστιν
1100 3779 1310 3839 εὐθεῖα.
1345 3780 1580 3843 δεικνὺς,
1607 3782 1688 3833 ὅτι

157 3863 243 3916 οὐδὲ
268 3867 325 3918 τὰ
347 3870 403 3919 ἐν
446 3872 515 3937 τῇ
580 3870 789 3939 διανοία
830 3870 997 3921 αὐτοῦ
1046 3870 1459 3940 σκευωρηθέντα
1500 3871 1688 3923 ἔλαθεν

157 3958 293 4011 σῦτόν.
324 3962 462 4029 Ὀρα
502 3961 564 4013 δὲ
600 3964 697 4029 τὴν
724 3963 1113 4031 ἀναισχυντίαν
1142 3960 1235 4014 τοῦ
1270 3963 1528 4031 Σίμωνος.
1559 3962 1686 4014 Δέον

156 4049 233 4118 γᾶρ
257 4050 403 4103 αὑτὸν
426 4053 654 4121 αἰτῆσαι
696 4052 919 4121 Πνεῦμα
951 4053 1132 4105 λαϐεῖν
1162 4054 1336 4119 ἆγιον,
1369 4052 1554 4119 ἐπειδὴ
1585 4056 1686 4105 οὐκ

155 4138 299 4202 ἔμελεν
331 4142 477 4211 αὐτῷ
502 4142 718 4202 τούτου,
745 4143 831 4195 ἵνα
886 4143 1012 4212 δ;δῴ
1058 4145 1265 4213 ἑτέροις
1297 4146 1450 4195 αἰτεῖ.
1486 4144 1682 4196 Ἤθελε

153 4228 230 4296 γὲρ
252 4233 331 4283 καὶ
353 4233 627 4285 Φιλίππου
657 4234 802 4295 δόξαι
838 4233 1233 4301 λαμπρότερος.
1269 4232 1327 4285 Ὀ
1363 4236 1470 4301 γὰρ
1492 4234 1682 4286 Φίλιπ-

155 4336 223 4380 πος
245 4318 310 4384 εἷς
355 4322 426 4375 ὢν
467 4325 582 4375 τῶν
630 4325 790 4385 ἑπτὰ,
833 4326 1075 4388 διάκονος
1109 4324 1204 4385 ὢν,
1234 4327 1331 4377 οὐκ
1360 4320 1502 4394 εἶχεν
1535 4326 1683 4390 ,ξου-

156 4410 241 4460 aias
259 4413 337 4466 διὰ
367 4415 465 4483 τῆς
517 4416 858 4483 χειροθεσίας
906 4417 1089 4478 αὑτοῦ,
1126 4417 1324 4469 διδόναι
1353 4418 1411 4467 τὸ
1460 4416 1681 4484 Πνεῦμα

1733 1853 1772 1907 Β

1715 3190 1760 3249 C

1816 625 1835 659 ι
1867 605 1994 662 Jesu
2019 607 2245 673 Clu-isti,
2268 610 2686 679 baptizabantur
2707 609 2809 664 viri
2832 609 2993 665 simul
3017 624 3082 663 ac
3103 608 3382 667 mulieres.

1815 717 1836 751 ι
1870 701 2059 755 Simon
2088 711 2267 757 autem
2296 711 2352 758 et
2387 703 2503 772 ipse
2533 704 2783 765 credidit.
2812 716 3047 772 cumque
3076 701 3384 770 baptintul

1815 807 1834 841 ι
1866 798 2032 853 esset,
2050 791 2361 849 adhaerebat
2406 790 2682 863 Philippo,
2728 803 2783 847 et
2820 792 3014 846 videns
3049 791 3282 846 virtutes
3317 805 3382 845 ac

1816 902 1836 934 ι
1865 884 2019 955 signa
2047 900 2165 955 quae
2195 885 2417 949 ﬂebant,
2444 894 2672 954 stupens
2698 883 3093 939 admirabatur.
3116 880 3253 935 Cum
3283 892 3383 936 Ill-

1813 993 1831 1026 ι
1863 982 1970 1028 tem
2006 976 2290 1031 audissent
2355 976 2589 1045 apostoli
2629 976 2723 1045 qui
2762 982 2922 1030 erant
2969 972 3378 1041 Hierosolymis,

1814 1080 1833 1113 ι
1862 1067 2007 1133 quod
2049 1068 2350 1135 recepisset
2390 1065 2637 1119 Samaria
2695 1066 2921 1119 verbum
2955 1064 3069 1127 Dei,
3109 1062 3381 1117 miserunt

1812 1171 1832 1205 ι
1862 1154 1929 1207 ad
1958 1170 2052 1208 eos
2085 1154 2310 1210 Petrum
2337 1170 2401 1210 ac
2420 1153 2711 1209 Joannem.
2739 1154 2849 1223 78
2868 1152 2967 1218 Qui
2999 1167 3122 1206 cum
3158 1152 3383 1205 «lescen-

1814 1261 1833 1293 ι
1864 1243 2094 1307 dissent,
2119 1254 2415 1301 oraverunt
2445 1261 2545 1315 pro
2578 1243 2736 1314 ipsis,
2763 1252 2821 1297 ut
2854 1230 3166 1313 acciperent
3208 1238 3379 1311 Spiri-

1813 1353 1832 1385 ι
1868 1341 1982 1388 tum
2016 1345 2289 1390 sanctum.
2325 1354 2344 1387 ι

1875 1426 1989 1480 [loc
2018 1427 2137 1482 loco
2170 1426 2523 1482 indicandum
2551 1437 2631 1482 est
2654 1441 2762 1481 non
2798 1433 3054 1495 oportere
3084 1427 3151 1481 ad
3187 1443 3377 1499 magos

1804 1516 2066 1572 accedere
2113 1531 2128 1570 :
2178 1517 2324 1587 quod
2370 1518 2415 1573 si
2465 1515 2729 1585 deceptus
2782 1515 2851 1569 ad
2902 1530 2999 1571 eos
3049 1518 3374 1583 accesserit,

1805 1609 2142 1675 quantocius
2194 1616 2481 1677 separetur
2524 1624 2537 1659 :
2587 1608 2995 1678 perseverantia
3041 1623 3277 1676 namque
3316 1610 3373 1666 in

1811 1696 1895 1748 bis
1927 1696 2088 1750 rebus
2122 1705 2400 1765 stuporem
2441 1697 2641 1751 mentis
2675 1696 2919 1762 adducit,
2946 1712 3013 1752 ne
3049 1698 3224 1765 possit
3250 1700 3378 1768 quis

1806 1784 2106 1854 intelligere
2157 1785 2224 1839 ad
2275 1785 2705 1854 dijudicandum.
2774 1785 2874 1841 Hic
2936 1787 3120 1856 itaque
3178 1788 3372 1844 Simon

1802 1890 1926 1928 cum
1963 1890 2154 1945 magus
2176 1884 2332 1931 esset
2365 1877 2737 1947 apostolisque
2769 1877 3127 1942 blandiretur,
3149 1888 3203 1934 et
3225 1879 3373 1935 sicut

1804 1966 1984 2020 caeteri
2028 1981 2057 2018 a
2105 1965 2379 2036 Philippo,
2426 1967 2517 2037 qui
2567 1983 2710 2021 unus
2756 1981 2821 2022 ex
2858 1975 3064 2037 septem
3094 1976 3236 2031 erat,
3283 1969 3374 2023 in-

1804 2069 1884 2110 ter
1910 2058 2113 2111 inultos
2144 2059 2451 2127 baptizatus
2482 2068 2647 2121 esset,
2670 2076 2774 2111 non
2803 2068 2985 2113 tamen
3019 2074 3114 2129 per
3140 2060 3369 2130 imposi-

1805 2147 2007 2201 tionem
2057 2164 2312 2201 manuum
2364 2149 2738 2216 apostolorum
2795 2147 3063 2215 Spiritum
3117 2156 3368 2202 sanctum

1802 2240 2031 2307 accepit.
2082 2238 2222 2305 Quid
2267 2238 2438 2308 ergo?
2479 2239 2562 2292 Διι
2605 2254 2634 2292 a
2679 2237 2928 2305 Philippo
2964 2238 3219 2306 baptizati
3262 2255 3368 2291 non

1801 2341 2125 2397 acceperant
2167 2328 2431 2399 Spiritum
2477 2328 2771 2382 sanetum?
2809 2326 3073 2396 Spiritum
3117 2335 3367 2382 sanctum

1802 2426 2126 2488 acceperant
2167 2418 2416 2488 quidem,
2462 2418 2640 2489 quoad
2689 2426 3039 2487 peccatorum
3090 2418 3371 2474 remissio-

1800 2524 1945 2574 nem,
1996 2510 2088 2565 sed
2139 2524 2248 2563 non
2290 2518 2616 2579 acceperant
2652 2517 2925 2579 quantum
2971 2510 3037 2564 ad
3083 2509 3366 2579 signorum

1797 2599 2109 2655 editionem.
2138 2600 2292 2655 Unde
2326 2601 2556 2655 intuitus
2585 2600 2773 2654 Simon
2803 2600 2948 2669 quod
2981 2615 3077 2669 per
3104 2584 3365 2656 manuum

1798 2690 2204 2760 impositionem
2248 2691 2495 2754 daretur,
2530 2690 2767 2745 accessit
2798 2690 2867 2744 ad
2903 2692 3183 2759 apostolos
3213 2706 3365 2747 sum-

1796 2790 1885 2851 pta
1920 2782 2170 2846 audacia,
2208 2792 2270 2836 ut
2307 2782 2460 2836 illum
2504 2782 2609 2837 sibi
2654 2791 3011 2837 mercaretur.
3059 2783 3365 2852 Antequam

1795 2872 1941 2926 enim
1976 2871 2115 2925 alios
2144 2871 2354 2926 videret
2387 2872 2650 2940 Spiritum
2694 2869 2762 2923 ad
2795 2870 3002 2926 edenda
3036 2871 3192 2940 signa
3217 2872 3370 2928 acci-

1794 2962 2026 3032 pientes,
2048 2976 2157 3017 non
2186 2963 2419 3017 audebat
2449 2972 2651 3031 petere.
2678 2961 2963 3027 Quomodo
2991 2970 3172 3017 autem
3199 2962 3363 3019 talem

1794 3054 2093 3123 baptizavit
2112 3052 2441 3122 Philippus?
2463 3052 2660 3109 Eodem
2687 3052 2871 3115 modo,
2900 3068 3009 3123 quo
3032 3064 3088 3109 et
3110 3053 3367 3111 Christus

1792 3144 1987 3201 Iudam
2035 3144 2217 3213 elegit.
2265 3143 2550 3209 Quomodo
2596 3159 2727 3198 vero
2780 3144 2956 3213 ipsum
3009 3159 3118 3199 non
3165 3144 3369 3199 occidit

1796 3235 1990 3291 Petrus
2034 3244 2095 3289 ut
2140 3235 2455 3289 Ananiam?
2507 3233 2779 3300 Quoniam
2818 3235 2871 3288 in
2923 3235 3095 3288 veteri
3144 3250 3368 3305 quoque

1794 3324 2144 3380 Testamento
2165 3340 2308 3379 unus
2334 3326 2692 3394 interemptus
2713 3335 2817 3387 est,
2840 3325 2932 3393 qui
2961 3324 3102 3395 ligna
3126 3324 3365 3379 Sabbato

1795 3415 2087 3483 collegerat
2104 3414 2252 3479 ",ad
2284 3418 2681 3468 correctionem
2712 3422 3058 3480 caeterorum,
3086 3430 3209 3468 cum
3242 3414 3365 3468 nul-

1794 3506 1879 3561 lus
1922 3509 2062 3562 alius
2108 3506 2210 3561 hoc
2255 3522 2455 3576 passus
2498 3510 2589 3562 sit.
2639 3504 2792 3560 Licet
2834 3515 3015 3560 autem
3064 3505 3363 3575 intelligere

1792 3598 1942 3667 quod
1976 3600 2029 3652 in
2061 3598 2284 3652 datione
2313 3596 2555 3667 Spiritus
2587 3596 2763 3652 sancti
2796 3596 3056 3651 sensibile
3083 3594 3359 3665 quidpiam

1792 3688 2177 3743 admirandum
2212 3689 2586 3757 contingebat,
2630 3703 2809 3758 neque
2857 3688 3004 3741 enim
3039 3686 3242 3755 alioqui
3283 3685 3363 3740 Si-

1792 3798 1916 3836 mon
1951 3782 2016 3836 ad
2054 3782 2346 3850 petendum
2386 3781 2733 3843 accessisset,
2768 3780 2875 3833 nisi
2912 3782 3015 3834 hoc
3048 3779 3362 3848 conspexis-

1789 3884 1891 3929 set.
1932 3872 2223 3939 Quomodo
2250 3882 2431 3926 autem
2460 3888 2583 3926 cum
2614 3873 2664 3926 id
2693 3886 2801 3925 non
2827 3871 3058 3927 vidisset
3084 3870 3360 3940 apostolos

1788 3967 2145 4033 pecuniarum
2179 3965 2354 4035 gratia
2390 3966 2677 4031 facientes,
2715 3982 2886 4021 ausus
2919 3974 3002 4019 est
3038 3964 3232 4030 oiIcrrc
3265 3978 3359 4032 pe-

1787 4057 2177 4119 cunias‘lQuia
2200 4073 2304 4109 non
2336 4059 2577 4112 errantis
2603 4067 2743 4120 erat,
2776 4058 2869 4111 sed
2906 4056 3189 4110 tentantis.
3222 4054 3359 4107 Pro-

1786 4160 1967 4219 pterea
1995 4150 2158 4204 etiam
2196 4147 2412 4214 Petrus,
2447 4168 2464 4200 ι
2503 4150 2611 4203 Cor
2656 4158 2830 4214 tuum,
2863 4151 3061 4218 inquit,
3117 4164 3223 4201 non
3273 4155 3359 4201 est

1785 4246 1992 4292 rectum
2025 4253 2037 4287 :
2071 4256 2088 4286 ι
2117 4240 2412 4293 ostendens
2432 4239 2576 4307 quod
2597 4240 2879 4307 nequeilla
2903 4240 3134 4292 laterent
3155 4238 3355 4305 ipsum,

1783 4345 1904 4399 quae
1942 4329 1993 4382 in
2028 4328 2150 4398 ejus
2194 4338 2378 4383 tuente
2426 4331 2826 4387 tractabantur.
2859 4331 2997 4386 Vide
3042 4337 3222 4382 autem
3269 4326 3355 4381 Si-

1785 4421 1961 4475 monis
1994 4420 2405 4489 impudentiam.
2433 4420 2567 4476 Cum
2601 4422 2743 4475 enim
2776 4422 2954 4490 ipsum
2987 4409 3167 4489 petere
3193 4432 3357 4487 opor-

153 4500 195 4549 τδ
211 4503 353 4567 ἅγιον.
391 4506 514 4556 Ὀτι
546 4506 601 4557 δὲ
638 4506 796 4558 τοῦτο
828 4507 1047 4577 ἀληθὲς,
1072 4509 1167 4560 καὶ
1215 4508 1272 4559 τὶ.
1296 4507 1403 4558 τῶν
1440 4506 1680 4573 σημείων
1708 4519 1760 4578 D
1787 4518 1823 4562 tt

1794 4511 2045 4571 tuerit,ut
2074 4508 2332 4579 Spiritum
2361 4511 2631 4578 acciperet
2662 4528 2673 4561 :
2698 4510 2956 4578 quoniam
2989 4508 3038 4560 id
3068 4508 3144 4559 illi
3171 4506 3352 4560 studio

153 4591 325 4662 Mign
351 4597 450 4648 οῦκ
507 4596 724 4660 ἐλαϐεν,
758 4599 857 4667 δρα
908 4600 1025 4662 πῶς
1075 4616 1260 4669 φησιν,
1327 4598 1409 4649 ὅτε.
1455 4595 1673 4663 θεωρῶν
1732 4617 1737 4621 ·
1781 4616 1828 4653 ιιι

1794 4616 1889 4652 non
1931 4608 2069 4663 erat,
2111 4601 2243 4667 petit
2286 4610 2338 4651 ut
2380 4599 2500 4652 aliis
2544 4601 2719 4652 daret.
2772 4596 2996 4651 Volebat
3037 4596 3181 4649 enim
3224 4592 3352 4647 ΡΙιί-

151 4678 358 4751 δυνάμεις
381 4705 438 4738 τε
467 4691 567 4740 καὶ
583 4692 786 4759 σημεῖα
810 4692 1085 4759 γινόμενα,
1101 4691 1366 4754 ἐξίστατο,
1396 4689 1489 4740 καὶ
1510 4704 1675 4757 προσ-

151 4772 244 4839 ἧὶθι
268 4778 411 4831 τοῦτο
443 4782 538 4832 ait
546 4781 639 4833 ὧν.

1782 4692 1929 4759 lippo
1954 4706 2173 4759 quoque
2196 4691 2367 4743 videri
2392 4691 2613 4745 clarior.
2636 4691 2770 4745 Nam
2801 4690 3087 4759 Philippus
3117 4702 3257 4741 unus
3282 4700 3353 4741 ex

1784 4792 2010 4848 septem,
2042 4795 2166 4834 cum
2202 4780 2469 4835 diaconus
2495 4794 2662 4847 esset,
2695 4790 3013 4850 potestatem
3048 4794 3152 4831 non
3188 4777 3352 4831 liabe-

153 4866 230 4932 bal,
269 4881 321 4925 ut
365 4875 429 4928 ad
480 4892 745 4930 manuum
798 4895 1017 4931 suarum
1068 4880 1468 4947 impositionem
1505 4882 1659 4935 daret
1697 4878 1959 4948 Spiritum
1996 4888 2272 4930 sanctum.
2302 4876 2457 4941 Quod
2490 4886 2670 4930 autem
2701 4877 2806 4930 hoc
2840 4891 3026 4930 verum
3068 4875 3161 4937 sit,
3204 4872 3350 4942 quod

150 4956 359 5025 Spiritum
386 4968 454 5020 ad
484 4968 696 5021 edenda
734 4970 887 5035 signa
922 4987 1026 5024 non
1061 4976 1353 5037 acceperit,
1387 4974 1508 5027 vide
1541 4972 1817 5042 quomodo
1848 4970 1997 5023 dicat
2027 4968 2175 5039 quod
2206 4968 2397 5022 videns
2429 4970 2660 5024 virtutes
2726 4984 2787 5023 ac
2846 4969 2998 5038 signa
3068 4981 3188 5036 qum
3253 4964 3349 5018 ile-

150 5048 258 5117 bant,
301 5065 528 5128 stupens
575 5062 972 5125 admirabatur,
1021 5077 1073 5119 et
1120 5066 1223 5120 hoc
1266 5069 1538 5135 petiturus
1572 5067 1828 5122 accessit.

200 5164 215 5195 ι
246 5148 397 5204 Οὔπω
440 5154 557 5222 γάρ
603 5150 671 5223 ἦν
717 5157 806 5207 ἐπ’
830 5158 1005 5211 οὐδενὶ
1052 5160 1230 5212 αὐτῶν
1261 5164 1664 5226 ἐπιπεπτωκὸς.

148 5241 307 5305 Iguium
335 5245 389 5295 δὲ
424 5245 855 5315 βεϐαπτισμένοι
887 5251 1131 5319 ὑπῆρχον
1170 5254 1247 5314 εἰς
1276 5253 1335 5303 τὸ
1374 5254 1543 5322 ὄνομα
1574 5253 1667 5305 τοῦ

150 5330 377 5399 ιΧριστοῦ
405 5337 612 5405 Ἰησοῦ,
639 5339 771 5391 Τότε
804 5341 1086 5393 ἑπετίθουν
1112 5343 1209 5405 τὰς
1238 5346 1424 5412 χεῖρας
1454 5345 1537 5396 ἐπ’
1569 5345 1667 5396 αῦ-

150 5437 162 5466 !
183 5426 295 5487 τοὺς,
320 5429 413 5480 καὶ
442 5431 759 5498 ἐλάμϐανον
782 5433 1005 5499 Πνεῦμα
1028 5434 1206 5500 ἄτιον.
1236 5456 1252 5485 ι

195 5605 430 5677 Πρίὸηλον
454 5613 540 5665 ὃτι
571 5614 622 5664 ot
650 5614 751 5666 ὑπὸ
769 5616 1034 5669 Φιλίππου
1062 5620 1117 5670 ὲν
1156 5620 1437 5689 Σαμαρείᾳ
1467 5618 1659 5688 βαπτι-

196 5775 231 5809 ⁸¹
255 5780 397 5839 Num.
429 5802 516 5852 tr,
554 5787 645 5840 52.

1845 5159 1954 5229 79
1980 5157 2116 5220 Vill,
2165 5160 2251 5221 16,
2294 5158 2379 5212 17.
2412 5178 2429 5209 ι
2463 5158 2714 5212 Nondum
2750 5159 2894 5212 enim
2936 5157 2988 5209 in
3017 5168 3346 5225 quemquam

1784 5268 1803 5303 ι
1840 5252 2058 5305 illorum
2087 5254 2311 5320 illapsus
2335 5249 2533 5312 fuerat,
2559 5252 2651 5304 sed
2673 5250 2929 5320 haptizati
2964 5257 3171 5301 tantum
3194 5254 3349 5299 erant

1786 5362 1804 5394 ι
1843 5343 1897 5396 in
1934 5344 2153 5395 nomine
2195 5340 2405 5393 Domini
2437 5337 2588 5395 Jesu.
2627 5340 2782 5394 Tunc
2814 5338 3169 5409 imponeliaut
3224 5347 3341 5386 Ina-

1787 5456 1805 5488 ι
1838 5452 1950 5490 nos
1989 5450 2155 5505 super
2196 5434 2339 5497 illos,
2372 5442 2427 5489 et
2484 5435 2827 5503 accipit-baut
2890 5431 3157 5503 Spiritum
3209 5441 3342 5480 san-

1784 5547 1800 5577 ι
1838 5538 2004 5581 (ιιιιιι.
2040 5545 2058 5577 ι

1848 5616 2195 5671 Manifestum
2229 5626 2311 5671 est
2343 5630 2461 5680 eos,
2489 5614 2583 5684 qui
2618 5631 2645 5668 a
2680 5613 2930 5684 Philippo
2972 5613 3026 5665 iu
3083 5607 3338 5672 Samaria
