4184 6466
163 385 240 450 ιιι
1107 375 1498 437 COMMENT.
1539 373 1621 433 ΙΝ
1670 371 1861 432 ACTA
1895 369 2471 432 APOSTOLORUM.

3293 380 3398 447 162

165 500 298 570 ιὸρῶ
340 517 401 552 σε
431 499 580 552 δντα.
623 492 969 566 Ἀποκριθεὶς
994 491 1052 546 δὲ
1082 493 1110 546 ὁ
1141 493 1345 562 Σίμων,
1387 487 1508 544 εἷπε
1530 507 1544 522 ο
1577 491 1709 560 Δεή-

1822 505 1840 539 ‹
1879 488 2156 559 spondens
2183 495 2364 542 autem
2400 486 2590 544 Simon
2644 489 2782 546 dixit
2809 510 2822 546 :
2854 492 3021 551 Orate
3049 509 3147 552 vos
3177 510 3278 566 pro
3305 515 3394 558 me

162 593 315 662 ιθητε
345 593 508 660 ὑμεῖς
537 589 680 660 ὑπὲρ
710 587 844 658 ἐμοῦ
866 585 1003 658 πρὸς
1035 585 1126 638 τὸν
1172 585 1401 656 Κύριον,
1437 584 1586 643 ὅπως
1619 599 1720 652 μη·

163 682 277 734 «ὁὲν
312 680 521 751 ἐπέλθῃ
554 677 788 748 ἑπῚμδ,
817 668 892 729 ὧν
935 673 1218 744 εἰρήκατε.
1255 673 1318 724 Οί
1355 671 1455 741 μὲν
1487 667 1582 723 οὖν
1608 671 1721 723 δια-

157 772 598 841 ιμαρτυράμενοι
647 770 740 821 καὶ
789 766 1123 836 λαλήσαντες
1153 763 1244 816 τὸν
1292 763 1450 830 λόγον
1475 761 1568 814 τοὺ
1602 762 1711 814 Κυ-

159 863 329 934 ιρίου,
389 861 740 930 ὑπέστρεψαν
793 861 875 921 είς
936 855 1325 927 Ἰερουσαλὴμ,
1395 853 1597 915 πολλάς
1646 848 1710 904 ἰε

156 949 371 1017 (κώμας
411 947 519 999 τῶν
549 947 906 1016 Σαμαρειτῶν
933 943 1384 1015 εὑηγγελίσαντο.
1418 961 1439 994 a

211 1038 315 1088 «Τὸ
341 1035 606 1106 ἀργύριόν
631 1052 724 1087 σου
755 1035 852 1087 σὺν
880 1034 982 1087 σοί.
1024 1050 1042 1083 ι
1081 1033 1195 1086 Οὐκ
1214 1032 1329 1084 ἐστι
1368 1030 1540 1085 ταῦτα
1571 1033 1711 1104 ἀρω-

155 1132 317 1196 μίνου,
345 1126 487 1180 ἀλλά
531 1127 904 1189 παιδεύοντος,
936 1125 1010 1186 ὡς
1049 1125 1113 1178 ἄν
1146 1141 1227 1186 τις
1251 1123 1429 1177 εἵπου
1452 1123 1525 1175 Τὸ
1550 1122 1714 1194 ἀργὺο

152 1220 245 1288 ριόν
276 1235 372 1270 σου
410 1218 766 1271 συναπόλοιτό
798 1234 878 1269 σοι
914 1215 1052 1285 μετά
1089 1216 1187 1286 τῆς
1216 1215 1608 1286 προαιρέσεως.
1636 1215 1710 1266 Οὑ

151 1309 343 1373 κολάζει
362 1309 420 1362 δὲ
441 1309 536 1361 νῦν
565 1309 656 1360 τὸν
681 1308 906 1374 Σίμωνα
937 1307 964 1358 ὁ
993 1307 1196 1377 Πέτρος
1225 1306 1373 1359 καθὰ
1396 1307 1490 1358 καὶ
1522 1305 1712 1374 πρώην

150 1400 224 1450 τὸν
258 1400 532 1461 Ἁνανίαν,
558 1399 644 1450 ἴνα
671 1398 821 1468 δείξῃ
849 1399 930 1450 ὃτι
979 1399 1079 1451 οὐκ
1129 1397 1375 1467 ἀνάγκης
1425 1399 1456 1467 ἡ
1506 1397 1710 1461 πίστις,

150 1490 243 1542 ἁλλ’
275 1493 360 1543 ἶνα
383 1491 481 1543 καὶ
510 1491 576 1543 τὰ
613 1491 714 1560 τῆς
742 1490 1032 1559 μετανοίας
1055 1491 1348 1559 εἰσαγάγῃ.
1400 1488 1591 1558 Ἀρκεί
1606 1489 1713 1557 γὰρ

151 1580 263 1649 πρὸς
288 1580 580 1650 διόρθωσιν
607 1579 668 1632 τὸ
723 1579 960 1647 ἐλέγξαι,
996 1580 1089 1633 καὶ⁵
1119 1579 1189 1632 τὰ
1228 1582 1286 1633 ὲν
1320 1581 1385 1650 τῇ
1415 1579 1611 1649 καρδίᾳ
1637 1581 1714 1630 εί-

152 1673 270 1734 πεῖν,
313 1671 515 1734 καὶτὸ,
544 1672 752 1724 ἐκεῖνον
777 1671 1138 1742 ὁμολογῆσαι,
1190 1673 1271 1725 ὅτι
1305 1672 1469 1724 ἑάλω.
1504 1670 1576 1724 Τὸ
1603 1671 1712 1739 γὰρ

148 1763 319 1826 εἰπεῖν,
353 1761 598 1832 Δεήθητε
632 1763 790 1830 ὑμεῖς
836 1763 976 1832 ὑπὲρ
1008 1762 1166 1832 ἐμοῦ,
1201 1762 1361 1815 τοῦτό
1407 1765 1557 1814 ἐστιν
1583 1764 1712 1831 ὀμο-

1828 597 1846 630 r
1891 579 2034 648 apud
2076 578 2396 647 Dominum,
2448 597 2516 636 ne
2555 582 2688 652 quid
2719 584 2905 639 veniat
2939 586 2994 641 in
3050 603 3137 644 me
3170 589 3396 658 horum,

1827 687 1845 720 ι
1883 685 2005 740 quas
2043 671 2284 726 dixistis.
2318 670 2386 725 Et
2415 671 2492 726 illi
2539 673 2759 742 quidem
2811 677 3088 733 testiﬁcati
3112 694 3178 734 ac
3230 681 3398 737 locuti

1828 780 1848 814 ι
1889 764 2115 818 verbum
2152 762 2267 829 Dei,
2325 764 2531 820 reversi
2563 774 2692 819 sunt
2723 765 3141 840 Jerosolymam,
3179 773 3399 829 multis-

1827 872 1844 904 ι
1880 869 1983 922 que
2011 853 2145 909 vicis
2200 853 2676 911 Samaritanorum
2730 859 3106 927 praedicabant
3157 862 3404 935 Evange-

1827 961 1846 996 ι
1891 945 2046 998 lium.
2090 963 2108 996 ι

1898 1055 1914 1088 ι
1957 1035 2194 1092 Pecunia
2229 1049 2320 1093 tua
2347 1046 2548 1092 tecum.
2584 1059 2602 1090 ι
2642 1041 2758 1095 Non
2787 1050 2918 1097 sunt
2953 1043 3071 1098 haec
3105 1058 3399 1100 exsecran-

1821 1127 1915 1190 tis,
1954 1127 2048 1182 sed
2083 1130 2458 1198 corripientis,
2486 1131 2650 1184 veluti
2706 1132 2750 1185 si
2782 1133 2903 1200 quis
2932 1135 3078 1188 dicat
3117 1153 3128 1187 :
3158 1134 3397 1191 Pecunia

1822 1225 1916 1270 tua
1953 1218 2116 1270 simul
2167 1219 2266 1272 tibi
2318 1227 2504 1288 pereat
2551 1237 2674 1274 cum
2735 1220 3053 1291 bujusmodi
3093 1228 3392 1284 voluntate.

1819 1306 1938 1361 Non
1970 1308 2124 1377 punit
2157 1317 2341 1364 autem
2373 1326 2520 1364 nunc
2578 1311 2860 1368 Simonem
2894 1315 3090 1370 Petrus
3133 1317 3392 1386 quemad-

1819 1398 2042 1452 modum
2067 1399 2219 1468 prius
2241 1401 2532 1464 Ananiam,
2573 1410 2629 1454 ut
2652 1405 2906 1459 ostendat
2944 1404 3103 1460 [idem
3128 1421 3237 1462 non
3271 1423 3396 1466 esse

1819 1490 2170 1544 necessitatis
2207 1491 2325 1544 sive
2355 1492 2664 1548 coactionis
2703 1512 2717 1548 :
2749 1496 2843 1549 sed
2871 1505 2931 1550 ut
2972 1497 3042 1551 ad
3091 1512 3155 1552 ea
3207 1500 3396 1569 potius

1815 1580 2047 1635 inducat
2102 1596 2224 1649 quae
2286 1582 2627 1650 pmnitentia:
2673 1594 2822 1639 sunt.
2873 1585 2954 1639 Ad
2989 1590 3394 1644 correctionem

1813 1669 1959 1723 enim
1992 1667 2188 1722 sufﬁcit
2224 1671 2495 1740 arguisse,
2540 1680 2593 1726 et
2624 1687 2688 1728 ea
2745 1689 2869 1744 qua:
2917 1674 2972 1728 in
3019 1677 3186 1732 corde
3231 1687 3392 1734 erant

1813 1759 2020 1814 dixisse
2050 1775 2113 1814 ac
2138 1761 2290 1814 illum
2333 1763 2648 1819 confessum
2676 1781 2798 1821 esse
2837 1766 2983 1837 quod
3015 1767 3390 1837 deprehensus

148 1853 433 1920 ληοὺντος,
470 1855 518 1906 εί
550 1855 644 1907 καὶ
673 1855 750 1926 μὴ
775 1852 885 1908 ἀπὸ
914 1853 1084 1924 ὀρθῆς
1119 1853 1212 1908 καὶ
1254 1853 1490 1925 σφοδρᾶς
1518 1851 1701 1907 διαθέ-

1816 1863 1973 1909 esset.
2003 1855 2109 1925 ει
2138 1854 2418 1924 Siquidem
2444 1858 2650 1922 dicere,
2674 1857 2837 1914 Orate
2870 1875 2969 1916 vos
2997 1876 3097 1932 pro
3122 1877 3228 1927 me.
3255 1879 3388 1919 con-

150 1961 265 2007 σεως
294 1945 538 2013 ἐλέγετο.

721 2148 974 2205 ΚΕΦΔΛ.
1009 2149 1110 2204 IB'.

147 2266 254 2318 ὀτι
280 2263 409 2328 τοῖς
444 2261 693 2332 ἀγαθοῖς
712 2262 809 2314 καί
855 2261 1092 2332 ᾳυστρῒς
1124 2260 1331 2315 εὐοόοἷ
1355 2261 1472 2330 τὴν
1501 2275 1698 2332 σωτη-

197 2336 328 2401 ρίαν
352 2336 388 2404 d
423 2329 590 2397 Θεὸς,
618 2329 816 2399 δῆλον
846 2330 915 2385 ἐκ
944 2330 1055 2400 τῆς
1087 2332 1237 2386 κατὰ
1275 2333 1384 2386 τὸν
1411 2329 1710 2404 εὐνοῦχον

205 2401 572 2467 ὑποθέσεως.

207 2515 225 2548 ι
280 2494 554 2562 Ἀγγελος
598 2492 655 2547 δὲ
705 2493 911 2564 Κυρίου
955 2492 1186 2564 ὲλάλησε
1236 2493 1373 2564 πρὸς
1422 2495 1705 2560 Φίλιππον,

147 2607 164 2640 ι
197 2587 358 2654 λόγων
387 2603 401 2614 ·
437 2586 749 2654 ’Δνάστηθι,
786 2585 879 2637 καὶ
927 2587 1160 2654 πορεύου
1195 2585 1330 2638 κατὰ
1361 2585 1708 2656 μεσημϐρίαν

149 2699 163 2729 ι
197 2680 280 2732 ἐπὶ
307 2679 410 2747 τὴν
443 2678 565 2730 ὁδὸν
611 2677 709 2746 τὴν
751 2677 1190 2729 καταϐαίνουσαν
1215 2677 1322 2729 ἀπὸ
1359 2677 1708 2748 Ἰερουσαλὴμ

150 2790 163 2820 ι
196 2774 265 2834 εἰς
300 2769 507 2833 Γάζαν,
541 2769 677 2840 αὕτη
717 2770 862 2821 ἐστὶν
901 2769 1125 2838 ἔρημος,
1166 2769 1274 2822 Καὶ
1307 2769 1546 2832 ἀναστάς
1579 2773 1707 2823 ἑπο-

152 2880 167 2910 r
196 2863 371 2930 ρεὺθη.
413 2863 528 2914 Καὶ
571 2861 680 2913 nos
715 2860 853 2929 ἀνὴρ
889 2860 1100 2926 Αἰθίοψ,
1129 2859 1406 2928 εὐνοῦχος,
1438 2861 1704 2930 δυνάστης

149 2973 163 3002 ι
199 2954 490 3019 Κανδάκης
548 2952 646 3019 τῆς
704 2950 1023 3021 βασιλίσσης
1071 2949 1362 3014 Αἰθιόπων,
1419 2951 1477 3012 ὃς
1519 2947 1586 3020 ἦν
1615 2953 1708 3004 ἐπὶ

151 3046 368 3113 ιπάσῃς
424 3048 528 3113 τῆς
575 3042 758 3113 Γάζης
804 3043 1278 3112 αὑτῆς,,ὲληλὺθει
1318 3046 1707 3114 προσκυνήσων

150 3156 162 3185 ι
195 3136 675 3206 είςίερουσαλήμ·
712 3131 778 3204 ἦν
817 3152 874 3187 τε
896 3136 1248 3205 ὑποστρέφων
1283 3138 1374 3188 καὶ
1405 3137 1707 3206 καθήμενος

1812 1946 2020 2001 ﬁtentis
2049 1956 2133 2000 est
2167 1963 2182 1999 :
2214 1962 2530 2018 quanquam
2565 1949 2669 2004 hoc
2695 1966 2805 2006 non
2833 1966 2864 2006 a
2884 1961 3038 2010 recto
3058 1955 3390 2012 vehementi-

1812 2050 1919 2106 que
1941 2035 2136 2093 affeetu
2167 2037 2462 2094 diceretur.

2400 2147 2629 2205 CAPUT
2659 2149 2777 2204 XII.

1813 2255 1967 2322 Quod
2006 2267 2310 2313 sanctorum
2355 2275 2420 2312 ac
2460 2261 2698 2326 ﬁdelium
2731 2264 2997 2320 communi
3038 2267 3200 2322 saluti
3243 2269 3386 2328 Deus

1882 2341 2189 2410 ρνορρεηιηι
2227 2331 2425 2410 tribuat
2464 2347 2786 2410 successum,
2820 2345 3028 2410 sumpto
3075 2351 3386 2408 argumnto

1883 2411 1948 2450 ea;
1973 2401 2075 2462 his,
2112 2413 2228 2468 qua
2249 2401 2392 2451 circa
2423 2402 2719 2455 eunuchum
2747 2401 3104 2474 contigerunt.

1889 2506 1906 2540 ι
1937 2486 2073 2554 VIII,
2103 2488 2292 2544 26-32.
2326 2491 2566 2561 Angelus
2590 2501 2770 2548 autem
2802 2493 3015 2550 Domini
3055 2498 3270 2555 locutus
3301 2508 3388 2557 est

1817 2598 1836 2630 ι
1869 2580 1935 2632 ad
1977 2579 2312 2650 Philippum,
2358 2582 2546 2638 dicens
2576 2600 2589 2638 :
2629 2583 2802 2655 Surge
2856 2596 2910 2640 et
2941 2588 3077 2644 vade
3103 2593 3385 2648 meridiem

1819 2688 1836 2720 ι
1873 2686 2088 2737 versus,
2119 2674 2184 2724 ad
2217 2673 2357 2725 viam
2385 2689 2507 2741 qua:
2553 2673 2838 2730 descendit
2868 2679 2935 2732 ab
2973 2678 3274 2736 Jerusalem
3317 2682 3387 2737 ad

1818 2781 1835 2813 (
1867 2761 2091 2825 Gazam,
2117 2765 2321 2818 IIIPCCSI
2339 2765 2574 2820 deserta.
2601 2766 2951 2838 Surgensque
2980 2773 3384 2840 profectusest.

1820 2871 1837 2904 ι
1871 2852 1933 2905 Et
1950 2868 2075 2908 ecce
2097 2855 2176 2906 vir
2204 2854 2476 2924 Ethiops,
2501 2860 2812 2919 eunuchus.
2849 2863 3140 2930 praefectus
3174 2864 3388 2922 Canda-

1817 2963 1836 2995 ι
1874 2959 1964 2998 ces
1988 2947 2186 3014 reginae
2211 2946 2547 3016 AithiOpum,
2572 2951 2664 3018 qui
2685 2963 2911 3017 prmerat
2943 2956 3210 3013 universa:
3230 2957 3390 3017 6am

1819 3053 1836 3086 ι
1869 3036 2060 3104 ipsius,
2101 3047 2320 3091 venerat
2351 3040 2680 3097 adoraturus
2709 3041 3046 3115 Jerosolyma
3073 3064 3086 3099 :
3119 3055 3172 3101 et
3203 3062 3387 3104 reven-

1821 3144 1838 3176 ι
1871 3127 2085 3179 tebatur
2137 3129 2332 3182 sedens
2392 3147 2557 3200 super
2589 3148 2811 3187 currum
2876 3148 3034 3188 suum
3057 3121 3386 3213 legebatque

151 3243 163 3273 ι
196 3226 276 3276 ἐπὶ
303 3225 400 3277 τοῦ
445 3225 694 3294 ἅρματος
729 3223 913 3287 αὑτοῦ,
952 3226 1045 3276 καὶ
1077 3225 1408 3291 ἀνεγίνωσκε
1443 3225 1533 3276 τὸν
1569 3241 1705 3294 προ-

1816 3235 1832 3264 σ
1870 3217 2063 3270 Isaiam
2095 3221 2434 3287 prophetam.
2464 3193 2616 3276 'Dixit
2651 3233 2826 3278 autem
2863 3193 3384 3299 Spiritus‘Pbilippo:

148 3335 161 3365 ι
198 3318 364 3387 ιξὴτην
404 3315 661 3369 Ἡσαΐαν.
698 3311 832 3367 Εῐπε
864 3316 919 3367 δὲ
947 3316 1007 3367 τὸ
1049 3315 1272 3384 Πνεῦμα
1303 3316 1378 3385 τῷ
1411 3316 1664 3386 Φιλίππῳ
1691 3333 1706 3348 ⁸

145 3426 160 3458 ι
196 3409 472 3477 Πρόσελθε
507 3409 603 3460 καὶ
648 3407 940 3476 κολλήθητι
971 3407 1047 3476 τῷ
1069 3409 1276 3477 ἆρματι
1304 3406 1498 3476 τούτῳ.
1537 3409 1710 3476 Προσ-

147 3519 162 3549 ι
197 3500 414 3570 δραμὼν
441 3500 503 3552 δὲ
533 3501 560 3551 6
583 3499 844 3560 Φίλιππος
868 3499 1096 3567 ήκουσεν
1120 3497 1282 3550 αὑτοῦ
1314 3496 1710 3564 ἀναγινώσκον-

149 3607 164 3638 ι
197 3606 276 3650 τος
303 3589 396 3641 τὸν
432 3590 727 3657 προφήτην
765 3587 1012 3650 Ἡσαΐαν,
1044 3586 1138 3639 καὶ
1161 3583 1334 3639 εἶπεν·
1366 3583 1510 3656 τΑροὶ
1538 3601 1600 3652 γε
1628 3601 1710 3652 γι-

147 3698 160 3728 ι
193 3681 415 3742 νώεκεις
454 3678 496 3731 ἃ
526 3677 952 3745 ἀναγινώσκεις;
991 3677 1047 3729 '0
1093 3677 1148 3729 δὲ
1177 3673 1320 3739 εἷπε,
1355 3677 1478 3737 Πῶς
1511 3676 1618 3744 γὰρ
1646 3675 1710 3727 ἂν

145 3789 159 3819 ι
191 3771 486 3841 δυναίμην,
519 3770 614 3822 ἐὰν
649 3769 723 3838 μή
757 3787 838 3830 τις
862 3768 1100 3839 ὁδηγήσῃ
1134 3784 1235 3836 με;
1273 3767 1619 3836 Παρεκάλεσέ
1654 3781 1712 3818 τε

145 3881 159 3912 ι
192 3864 274 3914 τον
311 3864 596 3915 Φίλιππον
628 3859 903 3913 ἀναϐάντα
949 3859 1171 3912 καθίσαι
1224 3859 1320 3912 σὺν
1357 3859 1526 3929 αὐτῷ.
1565 3859 1628 3911 'H
1655 3859 1709 3910 δὲ

143 3969 156 3999 ι
191 3953 413 4021 περιοχὴ
446 3949 552 4018 τῆς
584 3950 802 4019 Γραφῆς
834 3948 900 4018 ἣν
931 3949 1317 4015 ἀνεγίνωσκεν,
1352 3944 1418 4017 ἦν
1441 3947 1635 4018 αὕτη.»

196 4044 287 4094 Διά
317 4044 371 4096 τί
425 4046 506 4110 μὴ
557 4041 639 4111 τῷ
688 4040 928 4109 εὑνοὺχῳ
983 4041 1230 4106 φαίνεται
1269 4042 1296 4092 ό
1342 4040 1570 4105 ἄγγελος
1619 4042 1710 4092 καὶ

140 4135 239 4198 ἁτει
271 4135 440 4186 αὑτὸν
482 4132 623 4202 πρὸς
661 4131 960 4194 Φίλιππονς
1002 4130 1124 4181 Ὀτι
1162 4131 1290 4193 ἴσως
1320 4131 1418 4183 οὑκ
1459 4130 1525 4184 ἂν
1558 4132 1710 4183 ἐπεί-

145 4225 241 4293 ;θη,
271 4226 388 4278 ἀλλ’
434 4223 722 4290 ἐξεπλάγη
756 4222 972 4290 μᾶλλον.
1007 4222 1081 4274 Οὑ
1128 4221 1237 4292 γὰρ
1279 4217 1346 4291 ἦν
1392 4222 1465 4284 ὡς
1499 4225 1526 4275 ὁ
1566 4223 1711 4292 Κορ-

139 4318 292 4385 νήλιος
332 4312 524 4378 οὗτος.
579 4334 596 4365 ι
638 4315 792 4366 Κατά
845 4312 1210 4383 μεσημϐρίαν.
1251 4333 1269 4366 ι
1323 4315 1436 4366 Οὑκ
1485 4314 1550 4367 ἂν
1605 4314 1712 4368 ἀπὸ

147 4409 538 4477 Ἰεροσολύμων
583 4406 718 4474 πρὸς
773 4405 1124 4473 μεσημϐρίαν
1174 4406 1361 4475 ἀπῄει,
1411 4407 1545 4458 ἀλλά
1577 4407 1710 4476 πρὸς

1817 3325 1834 3356 ι
1863 3309 2069 3361 Accede
2105 3319 2157 3362 et
2190 3311 2486 3383 adjungere
2515 3314 2641 3367 huic
2674 3318 2882 3369 currui.
2910 3316 3160 3387 Cumque
3191 3336 3385 3374 accur-

1819 3417 1835 3449 ι
1867 3401 2026 3454 risset
2062 3399 2380 3470 Philippus,
2444 3405 2651 3457 audivit
2705 3422 2828 3459 eum
2872 3409 3138 3477 legentem
3191 3390 3384 3465 lsaiam

1818 3508 1834 3540 t
1871 3494 2212 3560 prophetam,
2247 3505 2300 3546 et
2349 3494 2527 3548 dixit:
2575 3495 2909 3566 lntelligisne
2940 3516 3062 3568 qua:
3096 3502 3272 3571 legis?
3315 3503 3384 3556 At

1818 3601 1836 3632 ι
1871 3583 1960 3636 ille
1994 3583 2068 3635 ait
2097 3602 2110 3637 :
2145 3584 2377 3648 Quinam
2416 3587 2560 3639 enim
2595 3589 2800 3655 possim
2853 3591 2956 3643 nisi
2993 3594 3262 3662 quispiam
3297 3608 3384 3648 me

1819 3691 1838 3723 ε
1880 3675 2304 3728 manutluxerit?
2342 3674 2681 3746 Rogavitque
2718 3678 3050 3749 Philippum,
3091 3693 3148 3735 ut
3186 3697 3385 3736 ascen-

1820 3781 1837 3814 ι
1869 3763 2021 3817 deret
2053 3778 2113 3817 ac
2139 3765 2353 3818 sederet
2381 3780 2593 3820 secum.
2641 3768 3039 3836 Argumentum
3066 3785 3196 3826 vero
3230 3770 3385 3826 Scri-

1819 3875 1836 3905 ι
1867 3863 2061 3923 ptime,
2097 3870 2256 3924 quam
2295 3857 2508 3926 legebat
2546 3867 2664 3912 erat
2692 3859 2813 3912 hoc.
2857 3878 2875 3910 ι

1883 4027 2056 4092 Quam
2096 4029 2167 4083 ob
2196 4044 2418 4084 causam
2457 4031 2712 4085 eunucho
2752 4048 2862 4086 non
2895 4040 3120 4102 apparet
3155 4035 3384 4102 angelus

1814 4121 2100 4188 ipsumque
2126 4122 2274 4176 ducit
2301 4123 2368 4175 ad
2404 4121 2761 4192 Philippum?
2823 4124 3093 4190 Quoniam
3130 4125 3386 4183 fortassis

1814 4224 1920 4262 non
1977 4203 2502 4276 credidissen'sed
2561 4215 2736 4282 magis
2791 4216 3116 4282 perterritus
3166 4215 3381 4273 fuisset.

1814 4297 1997 4367 Neque
2054 4303 2197 4355 enim
2265 4312 2383 4357 erat
2437 4306 2617 4373 qualis
2673 4307 2978 4363 Cornelius.
3039 4328 3058 4360 ι
3096 4310 3379 4365 Meridietn

1812 4407 2027 4445 versus.
2063 4413 2081 4443 ›
2144 4393 2260 4448 Non
2296 4410 2324 4446 a
2356 4394 2713 4467 Jerosolymjs
2749 4399 2815 4451 ad
2873 4400 3154 4455 meridiem
3193 4403 3384 4456 tende—

138 4501 343 4568 ἀρκτονο
393 4503 516 4553 ἀπὸ
571 4497 626 4549 δὲ
679 4498 1010 4566 Σαμαρείας,
1057 4496 1183 4549 ἔνθα
1236 4497 1498 4559 Φίλιππος
1532 4499 1560 4549 ὁ
1600 4497 1708 4548 τῶν

1816 4482 1926 4542 bat,
1962 4483 2056 4536 sed
2089 4483 2154 4536 ad
2187 4486 2611 4552 septentrionem
2639 4503 2652 4538 :
2686 4501 2714 4539 a
2745 4487 2991 4542 Samaria
3018 4505 3170 4553 vero,
3197 4493 3249 4545 in
3274 4507 3382 4560 qua

138 4594 251 4646 ἑπτά
279 4592 534 4662 διέτριϐε
587 4592 681 4642 καὶ
715 4590 957 4641 ἐδίδασκε
1007 4589 1148 4651 τότε,
1185 4589 1321 4658 πρὸς
1362 4589 1706 4658 μεσημϐρίαν

138 4682 260 4734 ἐστὶν
301 4687 331 4753 η
367 4684 524 4742 ὁδός.
567 4680 640 4730 Τὸ
680 4679 760 4742 δὲ,
809 4699 826 4729 ι
851 4678 996 4747 Αὕτη
1040 4677 1189 4730 εστὶν
1224 4678 1452 4747 ἕρημος,
1479 4697 1497 4728 ι
1535 4673 1706 4742 εἶπεν,

139 4773 254 4826 ὥστε
287 4778 361 4844 μὴ
405 4771 734 4842 φοϐηθῆναι
767 4771 1004 4837 τὴντῶν
1045 4769 1315 4821 Ἰουδαίων
1361 4769 1706 4822 ἐπιστασίαν.

141 4863 376 4927 Γυναῖκες
408 4865 472 4917 δὲ
521 4858 697 4931 ἦρχον
739 4862 950 4928 ἐκείνης
975 4860 1071 4927 τῆς
1101 4859 1406 4922 Αἰθιοπίας,
1438 4853 1511 4911 ὧν
1553 4860 1646 4910 καὶ
1675 4859 1707 4926 ἡ

139 4959 372 5026 Κανδάκη
403 4957 564 5009 κατὰ
605 4953 852 5021 διαδοχὴν
885 4953 1003 5020 μία,
1033 4949 1101 5024 ἦς
1135 4953 1162 5002 ὀ
1195 4951 1448 5020 εὐνοῦχος
1495 4950 1708 5022 ὑπῆρχε

139 5050 310 5117 ταμίας
368 5049 490 5101 τῶν
556 5045 852 5115 βασιλικῶν
905 5043 1213 5114 θησαυρῶν.
1279 5042 1471 5095 ’ἰστέον
1517 5042 1572 5093 δὲ
1629 5042 1708 5093 ὃτι

141 5140 410 5207 Κανδάκην
443 5136 716 5197 Δίθὶοπες
744 5137 918 5189 πᾶσαν
944 5135 1044 5204 τὴν
1084 5133 1176 5187 τοὺ
1210 5132 1471 5202 βασιλέως
1502 5131 1708 5200 μητέρα

139 5229 392 5294 καλοῦσιν,
431 5227 643 5294 ἐπειδὴ
667 5227 876 5295 πατέρα
911 5225 1165 5287 Αἰθίοπες
1190 5224 1288 5277 οὑκ
1322 5224 1704 5291 ἀναφέρουσιν,

140 5320 233 5370 ἀλλ’
263 5323 333 5382 ὡς
358 5322 537 5380 ὄντας
588 5318 736 5379 υἱοὺς
760 5318 909 5387 ⁴ἡλίου
943 5317 1325 5387 παραδιδόασιν
1344 5330 1358 5344 ⁸
1391 5315 1619 5367 ἑκάστου
1652 5312 1706 5364 δὲ

140 5411 218 5480 τὴν
251 5412 470 5482 μητέρα
499 5407 738 5462 καλοῦσι
764 5407 1072 5478 Κανδάκην.

200 5609 215 5640 ι
259 5589 344 5651 Ὧς
381 5585 680 5658 πρόϐατον
718 5585 811 5638 ἐπὶ
839 5584 1051 5653 σφαγὴν
1093 5583 1254 5653 ἢχθη,
1297 5583 1389 5635 καὶ
1421 5582 1495 5645 ὡς
1538 5579 1707 5651 ἀμνὸς

146 5697 158 5725 ι
192 5679 422 5730 ὶναντίον
453 5675 563 5729 τοῦ
615 5674 890 5743 κείροντος
935 5673 1096 5727 αὑτὸν
1131 5675 1362 5741 ἄφωνος,
1395 5670 1566 5733 οὑτως
1607 5671 1708 5723 οὑκ

148 5789 162 5818 ι
195 5773 387 5840 ἀνοίγει
423 5771 490 5824 τὺ
532 5769 718 5838 στόμα
749 5767 931 5820 αὑτοῦ.
975 5767 1061 5819 Ἑν
1092 5769 1155 5838 τῇ
1187 5766 1512 5821 ταπεινώσει
1541 5763 1704 5819 αὑτοῦ

1814 4572 2093 4642 Philippus
2123 4591 2264 4628 unus
2291 4591 2355 4628 ex
2388 4585 2593 4645 septem
2625 4580 2944 4632 versabatur
2977 4587 3108 4634 tunc
3137 4591 3201 4636 et
3221 4583 3383 4637 doce-

1812 4665 1922 4728 bat,
1946 4668 2030 4719 via
2062 4675 2176 4720 erat
2208 4669 2492 4722 meridiem
2527 4685 2740 4723 versus.
2783 4669 2928 4722 Dixit
2959 4681 3164 4738 autem,
3197 4693 3215 4724 ι
3255 4672 3380 4729 Ηωο

1810 4767 1894 4811 est
1936 4758 2170 4822 deserta,
2203 4777 2222 4809 ι
2283 4767 2340 4811 ut
2380 4775 2488 4813 non
2539 4769 2805 4814 metueret
2831 4759 3143 4815 Iudaeorum
3178 4765 3385 4829 princi-

1813 4859 2018 4920 patum.
2035 4850 2284 4904 Mulieres
2298 4858 2477 4903 autem
2491 4850 2599 4918 82
2622 4851 2957 4918 imperabant
2976 4852 3048 4904 illi
3065 4851 3381 4919 IEtltiopize,

1812 4956 2041 5008 quarum
2118 4956 2225 4993 una
2293 4955 2389 5009 per
2446 4941 2853 4994 successionem
2905 4950 3022 4995 erat
3072 4941 3377 4996 Candaeae:

1811 5033 1970 5100 cujus
2039 5031 2327 5084 eunuchus
2402 5038 2630 5100 praeerat
2690 5033 2935 5084 conclavi
2999 5035 3380 5085 thesaurorum

1810 5127 2104 5194 regiorum.
2140 5122 2432 5177 Sciendum
2466 5133 2646 5176 autem
2675 5124 2820 5191 quod
2854 5122 3143 5192 [Ethiopes
3163 5137 3379 5176 omnem

1811 5216 1953 5285 regis
2027 5225 2254 5268 matrem
2327 5213 2616 5267 Candacen
2697 5214 3010 5283 appellant:
3111 5212 3378 5280 siquidem

1811 5307 2094 5374 IEthinpes
2159 5320 2345 5375 regum
2388 5312 2597 5374 patrem
2641 5320 2749 5357 non
2802 5304 3063 5365 referunt,
3119 5301 3216 5358 sed
3257 5303 3379 5356 illos

1810 5408 2067 5466 tanquam
2095 5411 2251 5450 veros
2286 5394 2420 5448 solis
2443 5393 2586 5448 ﬁlios
2623 5395 2888 5446 tradunt:
2943 5392 3380 5461 uniuscujusque

1811 5499 1986 5545 autem
2023 5497 2248 5540 matrem
2289 5485 2576 5540 Candaceu
2617 5485 2910 5553 appellant.

1888 5604 1904 5635 ι
1942 5582 2079 5647 Vill,
2097 5583 2282 5636 ὅτι-56.
2303 5581 2583 5650 Tanquam
2605 5583 2721 5635 ovis
2736 5581 2802 5635 ad
2827 5583 3153 5637 occisionem
3178 5580 3377 5635 ductus

1815 5697 1832 5728 ι
1863 5687 1966 5742 est,
2000 5683 2054 5729 et
2083 5676 2224 5730 sicut
2257 5689 2427 5743 agnus
2451 5687 2636 5727 coram
2667 5673 2928 5728 tondente
2959 5689 3017 5728 se
3038 5683 3244 5734 mutus,
3293 5673 3376 5727 sic

1817 5789 1833 5821 ι
1875 5767 2289 5838 nonaperuitos
2313 5780 2493 5822 suum.
2516 5765 2575 5819 In
2608 5762 3373 5835 humilitateipsiusjudicium
