4178 6464
716 404 826 468 ’171

1803 375 2197 441 (ECUMENII
2228 370 2517 433 ΤΒΙίἚίΕ
2559 365 2896 428 EPISCOPI

3864 348 3970 413 172

725 535 749 567 ς
788 510 961 570 oculis
1018 506 1137 576 ejus
1198 511 1457 571 tanquam
1515 508 1779 566 squamae,
1828 503 1883 547 et
1932 491 2107 544 visum
2149 501 2340 546 recc-1

2464 479 2630 535 αὐτοῦ
2674 478 2807 532 ὡσεὶ
2860 474 3101 542 λεπίδες,
3155 471 3418 541 ἀνέϐλεψε
3467 488 3525 522 τε
3588 467 3679 522 καὶ
3728 466 3971 526 ἀναστὰς

730 626 751 659 ι
791 607 888 677 pit,
928 617 989 655 ac
1040 611 1269 666 surgens
1310 591 1621 661 baptizatus
1684 594 1789 641 est.
1838 583 2086 651 Cumque
2139 590 2292 631 acce-

733 716 751 749 ι
791 668 964 767 pisset
998 691 1175 743 cibum
1211 683 1555 739 confortatus
1587 686 1689 732 est.
1725 675 1851 730 Fuit
1882 682 2063 727 autem
2093 668 2295 723 Saulus

733 756 908 844 «cum
975 779 1262 851 discipulis
1324 774 1417 845 qui
1486 779 1643 827 erant
1698 764 1952 821 Damasci
2011 760 2131 815 dies
2199 756 2287 811 ali~

733 900 753 934 ι
789 886 942 950 quot.
983 893 1001 926 ι

806 1014 824 1044 ς
857 989 961 1057 Qui
1013 981 1263 1054 apparuit
1312 976 1430 1032 tibi.
1468 992 1487 1027 ι
1521 972 1685 1043 Atqui
1735 984 1843 1024 non
1893 965 2032 1021 dixit
2058 963 2107 1018 ei
2140 959 2303 1015 Chri-

732 1094 819 1144 stu

733 1142 948 1231 didicit.
982 1142 1183 1222 ἦρι-μω
1212 1176 1321 1216 non
1355 1159 1457 1212 fuit
1482 1155 1551 1208 ab
1582 1168 1646 1207 eo
1675 1151 1848 1205 visus.
1902 1145 2103 1214 Utique
2139 1142 2304 1197 rebus

732 1266 867 1337 ipsis
900 1271 953 1317 et
981 1257 1217 1313 eﬂieacia
1240 1253 1393 1306 visus
1440 1246 1543 1300 fuit
1596 1253 1651 1299 et
1694 1240 1966 1312 apparuit.
2009 1236 2126 1291 Non
2168 1233 2306 1289 dixit

714 1325 958 1413 autem:
1006 1352 1121 1422 33
1144 1347 1248 1413 Qui
1288 1353 1341 1399 te
1363 1338 1676 1401 excaecavit,
1714 1330 2105 1403 imprOperium
2146 1325 2309 1381 decli-

722 1463 898 1511 vnans,
922 1444 1015 1499 sed
1035 1444 1126 1512 qui
1146 1436 1399 1508 apparuit
1414 1432 1534 1487 tibi.
1558 1427 1825 1485 Decidunt
1841 1434 2020 1479 autem
2041 1433 2307 1491 squamas,

718 1533 1137 1593 vehementiam
1193 1525 1458 1584 caecitatis
1500 1519 1889 1582 ostendentes,
1948 1512 2313 1581 sanitatisque

2402 592 2421 626 ι
2460 570 2782 641 ἐϐαπτίσθη,
2811 568 2906 622 καὶ
2929 565 3110 619 λαϐὼν
3137 563 3344 635 τροφὴν
3381 561 3681 631 ἐνίσχυσεν.
3723 556 3975 624 Ἐγένετο

2405 684 2423 718 ι
2459 664 2517 718 δέ
2576 665 2605 716 6
2658 661 2861 723 Σαῦλος
2920 658 3060 729 μετά
3118 657 3227 711 τῶν
3270 657 3328 708 ἐν
3384 650 3662 723 Δαμασκῷ
3710 646 3975 720 μαθητῶν

2407 778 2426 814 ι
2464 758 2677 831 ἠμέρας
2709 755 2884 819 τινάς.
2919 772 2937 806 ι

2481 980 2500 1012 ι
2549 960 2609 1012 '0
2657 954 2841 1025 ὀφθείς
2880 968 2983 1006 σοι.
3024 968 3042 1002 ι
3106 949 3219 1002 Καὶ
3251 947 3361 1017 μὴν
3394 946 3494 1000 οὐκ
3542 939 3696 997 εἶπεν
3749 940 3898 1011 αὐτῷ
3951 942 3983 994 6

827 1033 1166 1148 stuiigorirlli
1209 1067 1456 1139 apparui,
1507 1033 1735 1119 sed-hoc
1781 1075 1812 1114 a
1850 1057 2060 1127 Spiritu
2111 1058 2303 1108 sancto

2450 1050 2659 1123 ριστὸς,
2687 1048 2769 1101 ὅτι
2800 1044 3008 1114 Ὠφθην
3040 1040 3210 1111 αὐτῷ,
3248 1039 3364 1093 ἀλλ’
3400 1036 3510 1091 ἀπὸ
3535 1035 3630 1089 τοῦ
3657 1033 3987 1103 Πνεύματος

2408 1144 2631 1215 ἔμαθεν.
2689 1141 2802 1193 Καὶ
2832 1137 2937 1209 μὴν
2970 1137 3070 1189 οὐκ
3102 1134 3283 1204 ὤφθη.
3341 1131 3449 1185 Ναὶ
3500 1129 3586 1183 διὰ
3638 1126 3989 1197 πραγμάτων

2410 1239 2504 1292 καὶ
2532 1237 2630 1305 τῆς
2674 1230 2953 1303 ἐνεργείας
2983 1227 3161 1297 ὤφθη.
3213 1225 3328 1278 Ούκ
3356 1219 3477 1276 εἶπε
3505 1221 3583 1284 δὲ,
3625 1218 3687 1273 Ὃ
3720 1215 3991 1288 πηρώσας

2412 1344 2495 1390 σε,
2530 1324 2794 1378 ἐκκλίνων
2849 1321 2940 1373 τὸν
2994 1315 3319 1383 ὀνειδισμὸν,
3366 1312 3504 1377 ἀλλ’,
3551 1310 3609 1364 '0
3655 1308 3841 1376 ὀφθείς
3874 1323 3991 1359 σοι.

2425 1415 2784 1470 Ἐκπίπτουσι
2820 1409 2878 1462 δὲ
2903 1408 3139 1470 λεπίδες,
3172 1405 3234 1457 τὸ
3264 1402 3495 1472 σφοδρὸν
3514 1397 3849 1452 δεικνύουσαι
3883 1393 3995 1463 τῆς

2413 1506 2766 1577 τυφλώσεως,
2800 1503 2896 1556 καὶ
2926 1501 2987 1554 τὺ
3017 1497 3389 1570 ἀναμφίϐολον
3414 1494 3511 1564 τῆς
3543 1491 3758 1551 ἰάσεως.

723 1625 1147 1684 certitudinem.

809 1738 905 1805 ιχ,
931 1733 1125 1790 20-25.
1170 1728 1265 1782 «Et
1299 1725 1591 1783 confestim
1630 1723 1685 1779 in
1712 1722 2005 1792 synagogis
2044 1714 2315 1787 praedica-

747 1855 765 1886 ι
796 1835 889 1888 bat
932 1829 1236 1891 Christum,
1267 1822 1413 1893 quod
1452 1821 1541 1875 hic
1568 1825 1714 1873 esset
1746 1815 1923 1870 Filius
1949 1812 2063 1867 Dei.
2121 1809 2317 1876 Stupe-
2350 1840 2391 1893 Β

748 1944 769 1979 ι
811 1925 943 1980 bant
969 1928 1150 1973 autem
1185 1928 1378 1968 omnes
1427 1911 1519 1981 qui
1551 1924 1676 1963 eum
1710 1904 2026 1968 audiebant,
2081 1913 2143 1952 ac
2171 1896 2317 1949 dice-

749 2039 768 2070 ‹
807 2018 937 2072 baut
964 2034 975 2066 :
1006 2011 1195 2065 Nonne
1220 2009 1308 2061 hic
1340 2012 1424 2060 est
1451 2003 1544 2072 qui
1575 1996 1928 2069 expugnabat
1961 1988 2322 2060 Jerosnlymis

744 2128 770 2161 4
802 2122 896 2163 eos
923 2106 1015 2175 qui
1048 2100 1372 2156 invocabant
1394 2109 1593 2149 nomen
1623 2088 1815 2144 istud?
1868 2086 1932 2139 Et
1967 2086 2073 2138 huc
2110 2080 2174 2134 ad
2223 2080 2326 2133 hoc

754 2220 773 2253 ι
808 2201 957 2254 venit
983 2208 1041 2251 ut
1074 2196 1290 2249 vinctos
1310 2188 1569 2245 educeret
1591 2186 1714 2239 illos
1741 2181 1805 2235 ad
1833 2179 2109 2250 principes
2139 2189 2327 2228 sacer-

755 2314 773 2345 ι
812 2288 1045 2346 dotum?
1094 2284 1297 2339 Saulus
1327 2293 1459 2334 vero
1483 2275 1656 2345 magis
1690 2270 2083 2330 invalescebat,
2109 2274 2159 2319 et
2192 2279 2328 2317 con-

758 2406 778 2437 ι
816 2381 1078 2438 fundebat
1122 2374 1342 2430 Iudaeos
1381 2369 1473 2438 qui
1522 2366 1775 2419 habitant
1820 2360 2093 2424 Damasci,
2129 2355 2333 2410 conlir-

760 2496 780 2530 ι
818 2489 975 2530 mans
1003 2474 1147 2525 hunc
1174 2480 1299 2521 esse
1319 2461 1624 2516 Christum.
1662 2454 1903 2524 Expletis
1931 2463 2106 2505 autem
2138 2449 2332 2502 diebus

762 2588 781 2622 ι
820 2563 1215 2635 compluribus,
1257 2557 1499 2610 inierunt
1550 2552 1690 2603 inter
1726 2562 1785 2601 se
1829 2543 1999 2598 Judaei
2040 2540 2329 2596 consilium

760 2681 781 2714 ι
830 2670 890 2714 ιιι
942 2634 1119 2727 ipsum
1166 2649 1506 2706 occiderent.
1556 2642 1758 2697 Verum
1810 2647 1954 2692 nota:
2001 2634 2155 2690 facta:
2208 2640 2335 2687 sunt

767 2777 784 2808 ι
822 2753 987 2810 Saulo
1028 2749 1241 2804 insidia:
1272 2758 1483 2799 eorum.
1526 2739 1589 2791 Et
1633 2734 1991 2790 asservahant
2024 2741 2209 2796 portas
2250 2728 2337 2782 die

767 2867 786 2899 ι
827 2860 891 2899 ac
921 2852 1079 2896 nocte
1111 2847 1168 2891 ut
1203 2838 1380 2905 ipsum
1412 2829 1749 2885 occiderent.
1806 2825 2108 2891 Acceptum
2152 2826 2336 2871 autem

767 2955 788 2991 ι
821 2951 947 2991 eum
974 2928 1227 2999 discipuli
1266 2933 1431 2980 noctu
1477 2936 1570 2991 per
1608 2931 1827 2972 murum
1850 2916 2191 2968 demiserunt
2211 2906 2342 2963 sub-

760 3048 790 3081 Δι
824 3029 1105 3083 mittentes
1137 3024 1191 3076 in
1228 3025 1439 3088 sporta.
1484 3032 1501 3065 ι

843 3159 863 3191 ι
895 3134 1238 3193 Prmdirabat
1281 3130 1564 3184 Christum
1627 3125 1680 3176 in
1739 3119 2051 3191 synagegis.
2078 3137 2096 3169 ο
2139 3114 2343 3183 Nempe

769 3248 895 3287 cum
953 3231 1124 3297 legem
1184 3220 1490 3283 didicisset,
1548 3230 1643 3267 ora
1707 3215 1814 3265 illis
1867 3210 2186 3267 obturabat.
2243 3220 2346 3260 uec

770 3323 984 3381 sinebat
1025 3316 1196 3386 loqui.
1242 3312 1338 3368 sed
1380 3326 1409 3363 a
1459 3305 1759 3376 Scripturis
1799 3302 2138 3356 contrarium
2169 3306 2352 3351 osten-

771 3417 955 3471 debat.
985 3430 1004 3464 ι
1034 3409 1405 3467 Conlirmans,
1438 3421 1455 3452 ι
1488 3402 1591 3455 hoc
1618 3408 1724 3463 est,
1768 3412 1891 3451 cum
1929 3391 2351 3448 mansuetudine

773 3510 979 3561 docens
1026 3501 1212 3556 Jesum
1252 3510 1379 3551 esse
1426 3493 1706 3548 Christum
1745 3488 1837 3542 Dei
1890 3484 2108 3539 Filium.
2149 3484 2220 3535 At
2271 3481 2350 3533 illi

776 3596 1270 3661 insidiabantur‘ut
1299 3590 1477 3655 ipsum
1510 3584 1826 3637 occiderent
1856 3599 1868 3633 :
1917 3593 2106 3631 verum
2131 3590 2161 3628 a
2193 3587 2352 3626 muro

778 3706 875 3760 per
926 3684 1228 3752 discipulos
1277 3679 1551 3734 demissus
1604 3685 1689 3729 est
1730 3675 1783 3726 in
1844 3680 2072 3740 sporta,
2124 3683 2188 3721 ac
2228 3665 2353 3735 fuga

780 3791 1033 3837 servatus
1077 3785 1181 3830 est.
1228 3773 1529 3827 Considera
1570 3768 1716 3837 quod
1746 3767 1856 3835 jam
1890 3763 2191 3831 discipulos
2214 3775 2353 3829 quo-

782 3889 889 3942 que
934 3881 1127 3924 nactus
1174 3874 1314 3928 erat,
1360 3864 1498 3917 adeo
1548 3869 1694 3913 totus
1739 3858 1964 3912 ardebat
1994 3871 2057 3909 ac
2101 3853 2357 3923 praedica-

784 3969 931 4019 tione
983 3959 1406 4028 perﬁciebatur:
1463 3962 1625 4021 atque
1664 3966 1730 4004 eo
1780 3950 1899 4018 ipso
1942 3945 2089 4015 quod
2144 3943 2355 3997 tardius

782 4059 1132 4120 accessisset,
1177 4049 1482 4121 promptior
1512 4044 1874 4100 elliciebatur.
1926 4040 1989 4093 Et
2039 4052 2355 4109 quanquam

789 4149 918 4205 hinc
957 4148 1192 4217 migrare
1236 4148 1495 4210 cuperet,
1540 4145 1778 4189 attamen
1820 4134 2104 4187 hominum
2142 4141 2358 4197 quoque

789 4242 1022 4296 salutem
1068 4234 1322 4289 amabat:
1384 4239 1607 4299 propter
1648 4225 1796 4295 quod
1852 4225 2015 4277 etiam
2046 4221 2359 4288 frequenter

791 4328 1107 4401 huiusmodi
1173 4322 1736 4382 comminiscebatur,
1813 4330 2041 4371 servans
2118 4313 2357 4380 scipsum

790 4419 1161 4490 pradicatioui
1198 4435 1211 4470 :
1248 4431 1350 4471 nec
1388 4413 1679 4469 recusabat
1708 4408 1966 4463 humanis
1998 4406 2074 4459 uti
2097 4402 2355 4468 inventis,

791 4515 886 4569 ubi
922 4510 1184 4580 temporis
1210 4507 1428 4562 occasio
1454 4510 1756 4572 expeteret.

866 4622 960 4687 ιχ,
990 4621 1176 4676 26-28.
1226 4637 1245 4671 ι
1279 4619 1415 4673 Cum
1465 4626 1644 4669 autem
1706 4611 1908 4667 Saulus
1945 4609 2186 4664 venisset
2220 4604 2370 4660 Jeru-

800 4737 821 4771 ι
864 4718 1057 4780 salem,
1083 4714 1328 4767 tentabat
1350 4726 1408 4765 se
1437 4710 1735 4777 adjungere
1761 4705 2047 4773 discipulis
2066 4721 2079 4757 ε
2097 4710 2153 4756 et
2170 4714 2364 4754 omnes

802 4830 823 4863 ι
857 4810 1006 4864 illum
1050 4806 1334 4867 timebant,
1387 4817 1497 4855 non
1526 4800 1814 4854 credentes
1852 4795 1995 4866 quod
2025 4800 2172 4848 esset
2194 4790 2364 4846 disci-

738 4938 741 4942 ι
805 4920 825 4954 ι
862 4903 1040 4970 pulus.
1091 4897 1375 4949 Barnabas
1423 4908 1551 4948 vero
1592 4890 1991 4960 apprehensum
2022 4885 2173 4937 illum
2210 4882 2367 4937 duxit

804 5012 822 5045 ι
855 4992 921 5047 ad
974 4990 1274 5060 apostolos,
1324 4985 1675 5051 narravitque
1717 4981 1850 5049 ipsis
1875 4976 2153 5049 quomodo
2195 4976 2249 5027 in
2277 4974 2364 5027 via

698 5146 701 5151 η
805 5103 824 5137 ι
856 5084 1084 5138 vidisset
1119 5079 1431 5140 Dominum,
1464 5074 1578 5144 89
1604 5081 1657 5126 et
1686 5071 1830 5140 quod
1857 5070 2075 5123 locutus
2106 5075 2253 5121 esset
2272 5065 2320 5118 ei
2350 5081 2365 5118 :

807 5195 826 5228 ι
862 5184 915 5229 et
931 5172 1203 5243 quomodo
1224 5169 1471 5222 Damasci
1491 5179 1713 5221 strenue
1732 5158 2132 5233 segessissetin
2153 5157 2374 5211 nomine

811 5284 830 5317 ι
856 5264 1007 5319 Jesu.
1064 5261 1301 5329 Eratque
1348 5272 1472 5312 cum
1506 5256 1640 5324 ipsis
1670 5255 1887 5307 intrans
1912 5257 1965 5304 et
1997 5249 2187 5303 exiens
2214 5243 2373 5298 Jero-

810 5374 830 5408 ι
868 5354 1129 5425 solymis,
1193 5366 1257 5404 ac
1304 5365 1428 5404 cum
1481 5346 1678 5402 ﬁducia
1741 5345 1972 5412 loquens
2039 5340 2092 5392 in
2154 5338 2374 5391 nomine

813 5466 833 5498 ι
868 5446 1078 5499 Domini
1106 5442 1257 5497 Jesu.

880 5537 1053 5606 Digna
1094 5537 1183 5588 hic
1226 5532 1507 5587 suboritur
1539 5529 1807 5583 dubitatio
1836 5522 2108 5596 quomodo
2157 5518 2211 5572 in
2245 5515 2370 5584 Epi-

810 5628 949 5683 stola
978 5625 1044 5680 ad
1069 5624 1289 5679 Galatas
1331 5622 1477 5676 dicat
1526 5622 1670 5690 quod
1720 5634 1826 5673 non
1879 5616 2071 5670 abierit
2098 5610 2369 5677 Jerosoly-

809 5734 979 5785 mam,
1029 5718 1123 5774 sed
1156 5718 1209 5770 in
1258 5714 1533 5778 Arabiam,

810 5815 936 5878 post
984 5815 1096 5863 tres
1146 5818 1317 5860 annos
1365 5803 1755 5871 Jerosolymatu
1791 5808 1847 5852 ut
1893 5794 2097 5849 videret
2133 5788 2371 5849 Petrum,

2493 1724 2512 1755 ι
2548 1701 2659 1754 Καλ⁵
2701 1697 2903 1761 εὐθέως
2937 1698 2994 1750 ἐν
3045 1696 3167 1757 ταῖς
3204 1690 3550 1759 συναγωγαῖς
3599 1686 3867 1755 ἐκήρυσσε
3900 1682 4002 1735 τὸν

2427 1817 2445 1849 ι
2485 1792 2741 1865 Χριστὸν,
2795 1791 2879 1843 ὅτι
2926 1782 3081 1850 οὗτός
3129 1788 3276 1838 ἐστιν
3305 1784 3333 1837 6
3362 1782 3489 1844 Υἱὸς
3532 1777 3626 1831 τοῦ
3672 1775 3828 1829 Θεοῦ.
3873 1774 4005 1836 Ἐξ-

2431 1908 2449 1939 (
2491 1888 2707 1939 ίσταντο
2726 1882 2783 1936 δέ
2814 1883 3016 1943 πάντες
3040 1880 3090 1931 οἱ
3135 1875 3448 1938 ἀκούοντες,
3496 1871 3591 1925 καὶ
3621 1868 3805 1931 ἔλεγον
3827 1882 3841 1897 ·
3880 1866 4003 1934 uel

2430 2000 2448 2030 ι
2490 1970 2644 2040 οὗτός
2670 1980 2816 2029 ἐστιν

2435 2185 2451 2215 ι
2491 2160 2772 2232 ἐλήλυθεν,
2807 2159 2895 2211 ἵνα

2438 2276 2454 2308 ι
2498 2255 2808 2327 ἀρχιερείς;
2868 2249 3070 2307 Σαῦλος
3124 2244 3183 2298 δὲ
3240 2240 3440 2312 μᾶλλον
3471 2235 3878 2305 ἐνεδυναμοῦτο,
3912 2231 4017 2283 καὶ

2440 2369 2455 2400 ι
2498 2348 2755 2416 συνέχυνε
2817 2342 2942 2401 τοὺς
3004 2336 3291 2397 Ἰουδαίους
3332 2333 3457 2394 τοὺς
3504 2326 3891 2387 κατοικοῦντας
3949 2324 4018 2374 ἐν

2440 2459 2456 2489 ι
2497 2435 2795 2508 Δαμασκῷ,
2828 2429 3180 2502 συμϐιϐἁζων
3212 2427 3294 2479 ὅτι
3320 2416 3475 2485 οὗτός
3520 2424 3667 2473 ἐστιν
3690 2423 3716 2471 6
3748 2416 4017 2486 Χριστός.

2443 2551 2459 2581 ι
2510 2506 2595 2590 Ὦς
2642 2528 2698 2580 δέ
2754 2520 3091 2594 ἐπληροῦντο
3138 2519 3339 2587 ἡμέραι
3393 2516 3597 2575 ἱκαναὶ,
3654 2506 3978 2563 συνεϐουλε(⁵

2440 2637 2461 2669 ‹
2504 2632 2664 2670 σαντο
2704 2614 2751 2666 oi
2792 2612 3030 2666 Ἰουδαῖοι
3061 2608 3272 2661 ἀνελεῖν
3306 2605 3486 2659 αὐτόν.
3537 2600 3814 2668 Ἐγνώσθη
3842 2598 3898 2650 δὲ
3935 2614 4017 2666 τῳ

2446 2732 2462 2762 ι
2501 2708 2690 2778 Σαύλῳ
2722 2708 2755 2777 ή
2786 2702 3049 2771 ἐπιϐουλὴ
3081 2700 3283 2755 αὐτῶν.
3313 2697 3665 2765 Παρετὴρουν
3688 2709 3745 2744 τε
3776 2693 3873 2752 τάς
3902 2688 4008 2741 πύ-

2448 2819 2465 2852 ι
2503 2801 2598 2861 λας
2628 2797 2839 2867 ἡμέρας
2868 2811 2928 2847 τε
2961 2794 3055 2846 καὶ
3079 2791 3298 2854 νυκτὸς,
3348 2790 3496 2850 ὅπως
3548 2786 3712 2839 αὑτὸν
3761 2783 4027 2835 ἀνέλωσι.

2449 2911 2467 2944 ι
2505 2888 2777 2950 Λαϐόντες
2801 2886 2858 2940 δὲ
2881 2885 3043 2938 αὑτὸν
3065 2885 3113 2936 οἱ
3144 2881 3387 2953 μαθηταὶ
3418 2878 3637 2943 νυκτὸς,
3665 2874 3911 2943 καθῆκαν
3934 2872 4035 2925 διὰ

2452 3003 2469 3036 ι
2502 2983 2595 3037 τοῦ
2620 2983 2853 3051 τείχους,
2887 2977 3222 3047 χαλάσαντες
3248 2977 3305 3026 ἐν
3334 2971 3577 3043 σπυρίδι.
3611 2988 3630 3021 ι

2523 3116 2541 3150 ι
2590 3097 2888 3166 Ἐκήρυσσε
2928 3093 3018 3145 τὸν
3054 3090 3286 3159 Χριστὸν
3335 3088 3392 3140 ἐν
3445 3087 3564 3147 ταῖς
3601 3084 3968 3151 συναγωγαῖς.
4004 3100 4028 3134 ι

2370 3166 2415 3225 C'
2452 3192 2582 3244 Ἀτε
2617 3186 2929 3257 νομομαθὴς
2952 3185 3025 3237 ὢν
3053 3180 3415 3250 ἐπεστόμιζεν
3439 3179 3657 3243 αὐτοὺς,
3687 3176 3781 3229 καὶ
3811 3176 3913 3228 οὐκ
3938 3174 4037 3227 εἴα

2452 3280 2806 3353 φθέγγεσθαι,
2834 3278 2949 3332 ἀλλ’
2978 3276 3087 3329 ἀπὸ
3115 3274 3219 3327 τῶν
3248 3272 3479 3343 Γραφῶν
3512 3271 3772 3322 ἐδείκνυε.
3822 3285 3839 3317 ι
3873 3266 4037 3333 Συμ-

2452 3373 2710 3435 ϐιϐἁζων,
2748 3390 2766 3423 ι
2801 3370 3071 3430 τουτέστι,
3119 3365 3237 3436 μετ’
3289 3362 3588 3423 ἐπιεικείας
3621 3359 3908 3418 διδάσκων,
3945 3357 4039 3409 ὅτι

2465 3468 2670 3539 Ἰησοῦς
2691 3469 2840 3519 ἐστιν
2868 3468 2895 3518 6
2919 3463 3152 3534 Χριστὸς
3197 3463 3225 3514 ὁ
3266 3459 3395 3518 Υἱὸς
3420 3458 3515 3509 τοῦ
3546 3454 3701 3508 Θεοῦ.
3738 3454 3799 3505 Οί
3841 3452 3898 3504 δὲ
3932 3454 4040 3503 ἐπ-

2455 3559 2741 3615 εϐούλευον
2770 3556 2910 3611 ὥστε
2941 3554 3149 3607 ἀνελεῖν
3181 3552 3342 3605 αὐτόν
3362 3567 3375 3579 ·
3408 3550 3437 3601 6
3466 3549 3523 3600 δέ
3557 3547 3663 3600 ἀπὸ
3689 3545 3782 3597 τοῦ
3810 3544 4038 3609 τείχους

2457 3655 2514 3705 ἐν
2546 3650 2764 3720 σπυρίδι
2800 3648 3029 3718 ἐχαλᾶτο
3057 3645 3144 3697 διὰ
3168 3645 3277 3696 τῶν
3316 3640 3594 3710 μαθητῶν,
3624 3638 3718 3689 καὶ
3738 3634 4040 3696 διεσώζετο

2459 3744 2659 3814 φυγάς.
2686 3743 2885 3794 Σκόπει
2912 3742 2993 3792 ὅτι
3029 3740 3128 3807 ἥδη
3164 3737 3259 3791 καὶ
3290 3732 3538 3805 μαθητὰς
3565 3726 3632 3799 ἦν
3662 3727 4043 3797 κτησάμενος.

2457 3836 2628 3897 οὕτως
2663 3835 2800 3895 ὅλως
2830 3832 3043 3885 ἐκαίετο
3095 3830 3190 3882 καὶ
3229 3825 3586 3894 ἐπεπλήρωτο
3619 3819 3709 3872 τοῦ
3741 3816 4047 3885 κηρύγμα-

2459 3944 2571 3991 τος,
2614 3925 2709 3977 καὶ
2757 3924 2818 3975 τὸ
2872 3922 3202 3991 βραδύτερον
3235 3918 3399 3972 αὑτὸν
3451 3912 3771 3985 προσελθεῖν
3823 3906 4042 3976 προθυ-

2466 4021 2693 4087 μότερον
2728 4014 2923 4067 ἐποίει.
2961 4014 3022 4065 Ei
3056 4012 3163 4080 γὰρ
3216 4011 3312 4062 καὶ
3345 4007 3609 4075 ἐπεθύμει
3656 4004 3754 4072 τῆς
3784 4000 4045 4054 ἐντεῦθεν

2461 4108 2793 4177 ἀποδημίας,
2842 4105 2957 4159 ἀλλ’
3000 4105 3148 4173 ὅμως
3190 4101 3408 4169 καὶτῆς
3448 4099 3557 4151 τῶν
3598 4094 3897 4165 ἀνθρώπων
3926 4092 4048 4161 ἦρα

2464 4199 2767 4270 σωτηρίας·
2815 4198 2880 4249 δι’
2921 4196 2949 4248 ὃ
2982 4196 3075 4247 καὶ
3114 4193 3372 4252 πολλάκις
3422 4188 3645 4243 τοιαῦτα
3691 4185 4043 4255 ἐμηχανᾶτο,

2463 4288 2649 4359 τηρῶν
2674 4287 2866 4339 ἐαυτὸν
2894 4285 2972 4354 τῷ
3003 4283 3320 4353 κηρύγματι
3340 4298 3354 4312 ·
3399 4281 3493 4333 καὶ
3517 4278 3576 4333 οὐ
3605 4279 3903 4348 παρῃτεῖτο
3943 4273 4051 4325 καὶ

2465 4378 2827 4448 ἀνθρωπίνοις
2858 4375 3169 4445 χρήσασθαι
3204 4374 3617 4443 μηχανήμασιν,
3649 4369 3810 4438 ἡνίκα
3837 4365 4049 4435 ἀπῄτει

2387 4505 2440 4566 D
2465 4472 2673 4542 καιρός.

2546 4602 2563 4634 ι
2603 4582 3052 4652 Παραγενόμενος
3116 4578 3171 4631 δὲ
3221 4579 3249 4630 6
3294 4575 3495 4637 Σαῦλος
3539 4574 3598 4625 ἐν
3664 4569 4051 4640 Ἰερουσαλὴμ,

2476 4695 2493 4727 ι
2536 4676 2792 4743 ἐπειρᾶτο
2840 4672 3132 4725 κολλᾶσθαι
3183 4671 3295 4730 τοῖς
3344 4667 3666 4737 μαθηταῖςο.
3696 4663 3787 4714 καὶ
3840 4661 4051 4723 πάντες

2476 4785 2494 4817 ι
2537 4764 2832 4835 ἐφοϐοῦντο
2854 4763 3037 4824 αὐτὸν,
3090 4762 3164 4831 μὴ
3216 4760 3564 4819 πιστεύοντες
3595 4756 3675 4808 ὅτι
3711 4756 3826 4805 ἐστὶ
3860 4752 4054 4821 μαθη-

2478 4879 2496 4911 ι
2533 4861 2653 4929 τής.
2683 4857 2967 4927 Βαρνάϐας
2993 4856 3050 4907 δέ
3069 4852 3459 4922 ἐπιλαϐόμενος
3490 4848 3674 4913 αὐτὸν,
3698 4847 3873 4916 ἠγαγε
3906 4845 4055 4913 πρὸς

2480 4973 2497 5004 ι
2535 4954 2659 5015 τοὺς
2682 4949 3032 5013 ἀποστόλους,
3064 4947 3159 4999 καὶ
3188 4946 3486 5013 διηγήσατο
3510 4940 3713 5002 αὐτοῖς,
3754 4936 3869 4997 πῶς
3893 4937 3952 4985 ἐν
3978 4939 4051 5003 τῇ

2483 5066 2501 5098 ι
2540 5044 2641 5113 6δῷ
2667 5039 2774 5096 εἶδε
2804 5043 2895 5097 τὸν
2926 5039 3151 5108 Κύριον,
3194 5038 3289 5090 καὶ
3334 5037 3415 5087 ὅτι
3444 5032 3705 5101 ἐλάλησεν
3739 5028 3887 5096 αὐτῷ
3909 5044 3924 5055 ο
3952 5034 4055 5078 καὶ

2478 5157 2496 5189 ι
2542 5136 2658 5194 πῶς
2706 5136 2762 5185 ἐν
2796 5130 3075 5201 Δαμασκῷ
3123 5127 3571 5198 ἐπαρρησιάσατο
3619 5123 3675 5172 ἐν
3714 5119 3789 5187 τῷ
3820 5119 4057 5184 ὀνόματι

2478 5248 2496 5281 ι
2540 5227 2635 5281 τοῦ
2677 5225 2873 5295 Ἰησοῦ.
2904 5225 3014 5278 Καὶ
3042 5223 3107 5292 ἦν
3138 5221 3257 5292 μετ’
3284 5218 3462 5272 αὐτῶν
3485 5213 3941 5283 εἰσπορευόμενος
3970 5213 4056 5271 εἰς

2479 5340 2497 5372 ι
2544 5317 2917 5389 Ἰερουσαλὴμ,
2952 5317 3046 5367 καὶ
3078 5310 3592 5385 παρρησιαζόμενος
3623 5308 3681 5359 ἐν
3706 5303 3784 5374 τῷ
3815 5302 4056 5370 ὀνόματι

2479 5432 2497 5464 ι
2537 5411 2630 5465 τοῦ
2658 5409 2865 5479 Κυρίου
2906 5404 3105 5476 Ἰησοῦ.
3147 5424 3166 5456 ι

2552 5503 2736 5568 ’Δξιον
2792 5498 3024 5552 ἐνταῦθα
3080 5495 3428 5566 διαπορῆσαι,
3458 5492 3573 5552 πῶς
3600 5493 3655 5541 ἐν
3684 5488 3781 5558 μέν
3809 5488 3874 5555 τῇ
3912 5484 4057 5553 πρὸς

2480 5597 2723 5658 Γαλάτας
2783 5595 2967 5663 φησιν,
3001 5592 3083 5644 ὅτι
3117 5591 3230 5643 Οὐκ
3271 5586 3513 5658 ἀπῆλθον
3558 5587 3632 5646 εἰς
3674 5580 4055 5649 Ἰεροσόλυμα,

1577 5721 1630 5766 et
1671 5724 1887 5764 rursum
1927 5706 2270 5760 Damascum,
2316 5713 2340 5750 a

2488 5688 2696 5749 ἀλλἐίς
2738 5684 2999 5755 Ἀραϐίαν
3023 5683 3116 5736 καὶ
3142 5682 3458 5749 Δαμασκὸν,
3488 5678 3582 5730 καὶ
3619 5674 3755 5744 μετά
3796 5671 3926 5740 τρία
3955 5668 4057 5735 ἐτη

2483 5783 2562 5845 εἰς
2606 5778 2995 5851 Ἰεροσόλυμα,
3061 5775 3153 5827 καὶ
3219 5771 3497 5842 ἱστορῆσαι
3561 5770 3764 5838 ῐιέτρον
3828 5765 3924 5816 καὶ
3968 5761 4060 5834 Ξτι
