4178 6464
777 399 875 462 17'.)

1823 397 2153 456 (ECUMEN
2167 396 2223 454 II
2261 395 2555 455 TillCCd‘J
2587 396 2926 456 El’ISCOPI

3922 396 4033 462 130

779 534 798 565 ς
839 516 914 568 Ex
947 513 1173 568 cohorte
1196 527 1318 582 qua;
1351 512 1557 566 dicitur
1591 511 1798 565 Italica.
1846 532 1862 562 ι
1901 512 2108 581 Σπεῖρα
2138 521 2344 577 autem,

2461 511 2529 563 Δι’
2561 511 2589 564 ὃ
2623 512 2715 564 καὶ
2745 511 2842 580 τὴν
2876 509 3033 576 ἀξίαν
3067 509 3353 582 ἐδήλωσεν.
3381 530 3400 564 ι
3443 512 3536 564 Ἐκ
3570 511 3798 582 σπείρης
3854 515 4034 565 εἰπὼν

773 608 825 662 id
859 617 941 660 est
970 606 1298 670 cohors,'est
1325 619 1490 674 quam
1515 619 1662 658 nunc
1691 605 1952 673 νούμερον
1983 603 2238 657 dicimus.

842 787 910 849 Χ,
937 786 989 847 6,
1021 788 1073 839 7.
1118 805 1135 837 ι
1171 785 1272 841 Cui
1323 787 1520 841 domus
1543 785 1804 853 estjuxta
1855 798 2026 838 mare.
2064 784 2162 838 llic
2203 784 2349 838 dicet

781 899 797 928 ι
844 877 939 931 tihi
991 878 1122 946 quid
1153 888 1202 932 te
1233 887 1486 947 oporteat
1533 877 1735 930 facere.
1774 875 2047 930 L’tautem
2095 876 2348 929 discessit

781 995 796 1020 ι
839 970 1065 1040 angelus
1118 971 1212 1039 qui
1271 970 1603 1039 loquebatur
1647 968 1927 1031 Cornelio,
1959 969 2175 1021 vocavit
2208 967 2348 1022 duos

781 1083 798 1113 ι
846 1062 1081 1116 famulos
1109 1073 1166 1116 et
1196 1062 1426 1116 militem
1464 1061 1780 1130 religiosum
1806 1077 1871 1113 ex
1905 1059 1992 1113 his
2024 1061 2117 1129 qui
2151 1059 2203 1113 ei
2247 1059 2348 1114 ad-

782 1174 799 1205 ι
837 1155 1138 1208 Ιιιετρὶιυιιι.
1184 1175 1199 1204 ι

845 1243 1140 1313 Segregata
1173 1244 1241 1297 ab
1270 1244 1502 1298 urbibus
1541 1243 1662 1298 loca
1702 1241 2060 1297 sectabantur
2091 1242 2346 1311 apostoli,

775 1345 966 1405 utpote
999 1335 1320 1391 solitudinis
1347 1350 1412 1389 ac
1457 1334 1663 1404 quietis
1693 1333 1878 1387 atnici.
1911 1333 2052 1398 Quid
2080 1342 2263 1385 autem
2301 1331 2345 1385 si

774 1439 831 1484 et
879 1429 1048 1482 alium
1095 1427 1418 1498 contigisset
1467 1443 1586 1482 esse
1616 1427 1936 1482 Simonem?
1961 1426 2100 1479 Ecce
2131 1425 2347 1494 signum

777 1521 867 1575 dat
897 1519 1042 1590 quod
1074 1520 1287 1574 habitet
1321 1521 1474 1590 juxta
1507 1535 1678 1573 mare.
1721 1518 1923 1572 Verum
1969 1531 2190 1570 causam
2240 1531 2348 1570 non

776 1614 934 1676 dixit,
959 1628 1029 1668 ne
1057 1614 1233 1683 ipsum
1268 1619 1581 1673 enervaret,
1612 1609 1704 1664 sed
1730 1609 1784 1662 in
1812 1607 2113 1678 cupiditate
2163 1621 2226 1662 ac
2250 1607 2349 1661 de-

775 1706 978 1760 siderio
1015 1704 1276 1759 audiendi
1307 1719 1426 1758 esse
1459 1703 1686 1755 dimisit.

845 1797 914 1863 X,
946 1797 1094 1850 8-10.
1139 1816 1157 1848 ι
1189 1795 1438 1865 Cumque
1477 1803 1754 1848 narrasset
1796 1795 1902 1849 illis
1957 1794 2163 1856 omnia,
2201 1793 2349 1846 misit

783 1909 801 1937 ι
837 1904 930 1942 eos
962 1889 1013 1942 in
1037 1887 1268 1958 Joppen.
1289 1887 1560 1942 Postridie
1586 1901 1714 1939 vero
1746 1885 2076 1939 facientibus
2095 1885 2202 1938 illis
2227 1884 2350 1947 iter,

784 2002 801 2031 ι
843 1983 1067 2052 jamque
1103 1979 1684 2050 appropinquantibus
1709 1978 1943 2040 civitati,
1971 1976 2221 2032 ascendit
2248 1977 2349 2030 Pe-

785 2093 801 2117 σ
845 2084 962 2126 trus
988 2074 1041 2126 in
1065 2073 1408 2141 superiorem
1431 2071 1631 2125 domus
1657 2080 1863 2140 partem
1891 2081 1951 2123 ut
1987 2078 2171 2122 oraret
2208 2069 2350 2122 circa

785 2184 801 2212 ι
846 2163 1036 2216 horam
1064 2173 1272 2216 sextam
1322 2172 1419 2216 :et
1461 2177 1584 2216 eum
1629 2163 1884 2225 esuriret,
1927 2160 2098 2214 voluit
2129 2173 2351 2229 gus:are

782 2275 800 2307 ι
839 2258 1019 2310 cibum
1051 2275 1063 2308 :
1096 2270 1334 2325 cumque
1366 2255 1442 2309 illi
1465 2263 1818 2325 appararent.
1861 2276 1877 2303 ι

847 2349 987 2401 ’ν’ἰίιίε
1028 2348 1196 2402 animi
1225 2347 1570 2401 modestiam.
1631 2347 1820 2415 Neqne
1853 2347 1998 2399 enim
2021 2346 2161 2400 dixit
2193 2367 2203 2400 :
2239 2347 2348 2396 νυ-

777 2449 898 2494 catc
930 2439 998 2493 ad
1035 2455 1121 2492 me
1175 2439 1397 2492 Petrum
1437 2437 1694 2491 :nolebat
1741 2436 2015 2506 siquidem
2067 2437 2352 2507 dignitatis

775 2533 1001 2587 nomine
1023 2547 1148 2587 cum
1196 2545 1503 2586 accersere.
1542 2531 1839 2601 Propterea
1889 2531 2135 2585 narravit
2167 2530 2350 2585 omnia

779 2625 1026 2679 utetiam
1087 2624 1447 2692 persuaderet
1495 2637 1508 2674 :
1563 2622 1701 2676 adeo
1746 2623 1832 2675 vir
1888 2621 2173 2675 modestus
2210 2630 2348 2674 erat.

776 2717 943 2784 Atqui
969 2715 1106 2769 nihil
1135 2714 1318 2783 magni
1358 2713 1572 2783 concipi
1610 2721 1824 2783 poterat
1848 2713 1916 2766 de
1944 2713 2062 2765 viro
2088 2711 2184 2781 qui
2209 2711 2351 2780 apud

779 2807 1074 2860 curiarium
1103 2805 1505 2860 diversabatur.

848 2895 919 2959 Χ,
971 2894 1153 2951 10-15.
1199 2895 1418 2948 (11·τυὶι
1455 2908 1621 2964 super
1666 2907 1790 2947 cum
1841 2893 2042 2946 mentis
2073 2905 2353 2956 excessus,

787 3009 805 3038 ε
845 2987 1108 3057 videtque
1153 2987 1353 3042 (mlum
1413 2994 1689 3055 apertum,
1721 2996 1776 3040 et
1804 2984 2147 3039 descendens
2184 2983 2251 3037 ad
2299 3001 2356 3038 se

787 3099 805 3131 ι
846 3095 942 3134 vas
989 3079 1266 3149 quoddam
1311 3078 1462 3134 velut
1517 3078 1748 3131 linteum
1797 3092 2053 3146 magnum
2119 3087 2357 3145 quatuor

787 3191 805 3222 ι
848 3169 1019 3224 initiis
1049 3169 1352 3238 alligatum,
1388 3167 1635 3222 submitti
1668 3181 1698 3220 a
1728 3166 1867 3221 c0310
1907 3165 1963 3218 in
2004 3174 2204 3218 terram
2249 3181 2260 3216 :
2300 3163 2353 3216 in

788 3285 806 3316 ι
851 3279 960 3334 quo
980 3271 1140 3318 erant
1168 3263 1349 3316 omnia
1383 3260 1760 3331 quadrupedia
1797 3268 1976 3321 terrm,
1997 3268 2052 3312 et
2080 3257 2270 3313 bestia:
2291 3273 2356 3311 ac

788 3377 806 3408 ι
846 3357 1084 3427 reptilia,
1128 3355 1480 3424 volatiliaque
1532 3354 1676 3409 cceli.
1732 3352 1801 3407 Et
1833 3351 1974 3406 facta
2012 3359 2098 3404 est
2142 3365 2248 3404 vox
2289 3350 2355 3403 ad

788 3466 806 3497 1
851 3461 998 3500 eum.
1037 3464 1054 3497 ι

855 3534 1156 3601 Ἐκστασις
1189 3537 1462 3608 signiﬁcat
1505 3546 1562 3591 et
1614 3535 2117 3590 consternationem
2149 3549 2269 3602 qua:
2301 3534 2355 3586 in

781 3627 1147 3684 admiratione
1168 3628 1461 3698 contingit,
1482 3638 1681 3682 etcum
1703 3635 1856 3681 extra
1878 3625 2162 3680 sensibilia
2183 3625 2358 3677 factus

782 3717 1054 3786 quispiam
1083 3717 1152 3772 ad
1209 3717 1514 3787 spiritualia
1557 3716 1874 3771 deducitur.
1920 3715 1997 3768 Ex
2041 3715 2144 3767 hoc
2174 3714 2358 3782 itaque

782 3809 1135 3864 manifestum
1165 3808 1274 3879 95
1299 3815 1384 3863 est
1414 3807 1561 3878 quod
1584 3806 1889 3877 spiritualis
1909 3803 2158 3875 quredam
2186 3804 2356 3858 veluti

781 3901 924 3955 visio
957 3899 1060 3969 ipsi
1092 3899 1232 3954 facta
1256 3899 1347 3963 sit,
1382 3907 1714 3968 ettanquam
1741 3897 1922 3951 anima
1953 3895 2357 3966 quodammodo

785 4008 815 4046 a
854 4008 1083 4062 corpore
1120 3992 1442 4048 excedente.
1490 4011 1507 4042 ι
1542 3992 1836 4061 Videtque.
1877 4011 1894 4042 ι
1936 3990 2189 4045 Linteum
2225 3991 2356 4044 illud

785 4085 1000 4154 signum
1036 4095 1155 4140 erat
1191 4085 1427 4141 sublime
1463 4085 1708 4139 universi
1746 4084 1914 4138 orbis.
1951 4083 2200 4150 Quatuor
2228 4100 2357 4138 vero

792 4174 950 4226 initia
1009 4181 1249 4242 quatuor
1300 4180 1429 4226 sunt
1460 4173 1754 4227 elementa.
1799 4173 1908 4227 Vas
1964 4180 2148 4225 autem
2182 4187 2356 4242 appa-

789 4280 918 4320 rens
971 4265 1296 4320 crassiorem
1343 4265 1592 4335 designat
1644 4263 1931 4318 mundum.
1985 4263 2158 4318 Porro
2209 4265 2357 4318 varia

789 4356 1092 4410 animantia
1147 4356 1301 4426 signa
1351 4365 1480 4410 sunt
1531 4365 1706 4410 status
1744 4356 2053 4410 hominum.
2112 4355 2240 4419 Aut,
2299 4364 2360 4409 ut

787 4448 1036 4516 apertius
1062 4447 1262 4511 dicam,
1301 4448 1500 4502 sindon
1531 4457 1615 4502 est
1657 4447 1926 4501 Ecclesia.
1986 4447 2181 4500 Bestia:
2225 4462 2358 4502 vero

2454 606 2552 672 τῆς
2570 603 2910 671 καλουμένης
2952 603 3237 672 Ἰταλικῆς.
3266 621 3284 654 ι
3317 604 3523 674 Σπεῖρα
3546 604 3601 658 δέ
3645 605 3792 656 ἐστιν
3836 604 3864 656 ὃ
3927 621 4037 656 κα-

2453 694 2543 746 λοῦ
2553 711 2651 762 μεν
2672 692 2766 745 νῦν
2792 694 2955 762 νούμε
2965 710 3076 761 ρον,

2529 806 2547 836 ι
2597 780 2666 856 ’ᾫ
2701 788 2848 839 ἐστιν
2877 787 3023 839 οἰκία
3059 788 3210 857 παρὰ
3272 788 3567 842 Θάλασσαν.
3603 781 3774 852 Οὗτος
3802 789 4036 860 ldiﬁcat

2461 899 2478 930 ι
2523 895 2625 940 σοι,
2657 879 2709 930 τί
2765 896 2821 930 σε
2849 879 2929 930 δεῖ
2971 883 3165 932 ποιεῖν.
3211 879 3298 941 Ὠς
3330 880 3384 932 δὲ
3415 879 3656 948 ἀπῆλθεν
3686 882 3713 933 ὁ
3737 881 3966 947 ἄγγελος
4005 883 4038 934 ὁ

2464 992 2480 1022 ι
2516 972 2687 1024 λαλῶν
2716 972 2792 1041 τῷ
2815 972 3116 1041 Κορνηλίῳ,
3143 973 3396 1041 φωνήσας
3426 972 3518 1025 δύο
3547 973 3655 1025 τῶν
3673 974 3900 1025 οἰκετῶν
3935 977 4004 1025 αὖ

2464 1083 2480 1114 ι
2519 1063 2635 1126 τοῦ,
2672 1065 2762 1113 καὶ
2789 1062 3126 1133 στρατιώτην
3161 1063 3362 1132 εὐσεϐῆ
3396 1063 3505 1116 τῶν
3545 1067 4039 1136 προσκαρτερούν-

2463 1177 2479 1205 ι
2517 1173 2622 1208 των
2656 1155 2823 1224 αὐτῷ.
2866 1174 2883 1206 ι

2530 1248 2609 1299 Τὰ
2637 1245 3105 1316 ἁνακεχωρημένα
3155 1246 3263 1299 τῶν
3301 1245 3508 1299 πόλεων
3545 1246 3788 1299 ὲδίωκων
3818 1249 3865 1298 οἱ
3895 1246 4037 1297 ἀτετέ-

2459 1339 2654 1402 στο).οι,
2688 1341 2920 1410 ἐρημίας
2959 1340 3110 1402 ὄντες
3151 1339 3292 1408 φίλοι
3326 1339 3422 1392 καὶ
3475 1339 3725 1409 ἡσυχίας.
3753 1339 3817 1390 Τί
3877 1338 3933 1390 δὲ
3991 1341 4037 1388 :i

2457 1429 2654 1498 συνέϐη
2690 1431 2782 1481 καὶ
2811 1428 2968 1482 ἄλλον
3002 1425 3146 1482 εἶναι
3181 1431 3401 1498 Σίμωνα
3425 1448 3438 1495 ;
3464 1430 3618 1494 Ἰδοὺ,
3655 1430 3771 1482 ἔστι
3807 1433 4041 1497 σημεῖον

2456 1521 2517 1574 τὸ
2545 1521 2694 1589 παρά
2724 1520 3000 1574 Θάλασσαν
3030 1522 3215 1574 οἰκεῖν.
3247 1522 3360 1574 Οὐκ
3384 1516 3505 1574 εἶπε
3537 1520 3701 1573 δὲδιά
3729 1520 3799 1582 τί,
3837 1521 3920 1571 ἵνα
3960 1520 4042 1585 {ria

2459 1611 2664 1683 ἐκλύσῃ
2695 1613 2881 1677 αὑτὸν,
2913 1612 3026 1664 ἀλλ’
3061 1613 3275 1680 ἀφῆκεν
3311 1612 3474 1666 αὑτὸν
3536 1614 3595 1665 ἐν
3641 1611 3904 1682 ἐπιθυμία
3942 1618 4041 1662 x1;

2460 1703 2609 1771 πόοῳ
2649 1702 2746 1769 τῆς
2776 1702 3090 1772 ἀκροάσεως
3118 1702 3391 1767 γενέσθαι.

2535 1815 2552 1846 ι
2587 1796 2698 1849 Καὶ
2725 1795 3134 1865 ἐξηγησάμενος
3185 1795 3366 1856 αὐτοῖς
3403 1795 3638 1858 ᾶπαντα,
3701 1792 4041 1846 ἀπέστειλεν

2387 1875 2424 1927 Β
2459 1908 2477 1936 ‹
2518 1887 2714 1949 αὐτοὺς
2738 1889 2818 1950 εἰς
2846 1888 2942 1956 τὴν
2958 1887 3201 1956 Ἰόππην.
3223 1887 3299 1955 Τῇ
3321 1887 3373 1939 δὲ
3398 1886 3658 1955 ἐπαύριον
3687 1885 4041 1952 ὁδοιπορούν-

2459 1999 2476 2030 ι
2519 1999 2626 2034 των
2665 1982 2912 2042 ἐκείνων,
2967 1979 3135 2049 ἀνέϐη
3181 1979 3386 2050 Πέτρος
3417 1978 3511 2031 ἐπὶ
3534 1978 3594 2031 τὸ
3619 1978 3772 2048 δῶμα
3799 1977 4042 2047 προσεύ-

2460 2092 2476 2123 ι
2520 2071 2713 2135 ξασθαι
2772 2075 2898 2142 περὶ
2931 2072 3080 2141 ὤραν
3107 2072 3292 2140 ἕκτην.
3319 2071 3566 2137 Ἐγένετο
3596 2070 3652 2122 δὲ
3681 2070 4039 2139 πρόσπεινος,

2458 2182 2477 2214 ι
2513 2166 2609 2216 καὶ
2631 2163 2789 2232 male
2809 2163 3132 2231 γεύσασθαι·
3155 2160 3752 2232 παρασκευαζόντωνδὲ
3782 2160 4034 2214 ἐκείνων.

2523 2345 2665 2415 ’Ὅρα
2722 2345 2781 2395 τὺ
2813 2346 3036 2411 ἄτυςςον.
3103 2344 3176 2395 0-3
3234 2342 3341 2411 γὰρ
3395 2338 3538 2403 εἷπε,
3586 2339 3867 2393 Καλέσατέ
3941 2356 4044 2408 μοι

2455 2437 2692 2506 Πέτρον·
2731 2437 2790 2488 οὗ
2825 2436 2932 2504 γὰρ
2971 2434 3122 2502 ἠξίου
3173 2435 3280 2486 ἀπὸ
3339 2433 3433 2486 τοῦ
3498 2433 3808 2500 ἀξιώματος
3868 2431 4042 2483 αὐτὸν

2457 2525 2939 2596 μεταπέμψασθαι.
2975 2526 3074 2578 Διὰ
3106 2525 3265 2578 τοῦτο
3287 2525 3594 2597 ἐξηγήσατο
3631 2522 4038 2587 ᾶπανταμῦστε

2456 2619 2550 2672 καὶ
2583 2622 2790 2674 πεῖσαι.
2817 2618 2977 2674 Οὖτω
3013 2620 3232 2688 μέτριος
3256 2615 3324 2687 ἦν
3354 2620 3380 2671 ὁ
3417 2619 3575 2686 ἁνήρ.
3629 2617 3735 2669 Καί
3761 2633 3843 2668 τοι
3874 2615 4040 2668 οὐδὲν

2458 2711 2600 2778 μέγα
2632 2707 3090 2782 φαντασθῆναιῆν
3120 2710 3245 2779 περὶ
3279 2708 3465 2778 ἀνδρὸς
3490 2707 3865 2778 καταγομένου
3881 2707 4040 2777 παρὰ

2459 2804 2666 2874 βυρσεῖ.

2535 2915 2551 2945 ι
2596 2895 2897 2947 Ἐπέπεσεν
2940 2893 3027 2945 ἐπ’
3069 2893 3230 2946 αὑτὸν
3265 2892 3539 2954 ἔκστασις.
3581 2891 3691 2945 Καὶ
3723 2890 3922 2960 θεωρεῖ
3944 2892 4040 2943 τὸν

2465 3003 2482 3035 ι
2521 2985 2752 3056 οὐρανὸν
2809 2985 3173 3054 ἀνεῳγμένον,
3243 2985 3335 3037 καὶ
3396 2983 3720 3036 καταϐαῖνον
3751 2983 3838 3035 ἐπ’
3869 2984 4041 3034 αὐτον

2465 3094 2481 3125 ι
2523 3076 2716 3137 σκεῦός
2753 3094 2806 3129 τι
2846 3076 2920 3139 ὡς
2965 3077 3158 3146 ὀθόνην
3194 3075 3456 3145 μεγάλην,
3505 3075 3800 3144 τέσσαρσιν
3832 3075 4039 3145 ἀρχαῖς

2467 3187 2484 3218 ι
2524 3167 2826 3236 δεδεμένον,
2893 3167 2986 3222 καὶ
3034 3169 3354 3238 καθιέμενον
3420 3168 3512 3220 ἐπὶ
3561 3168 3659 3235 τῆς
3713 3170 3837 3237 γῆς,
3888 3169 3947 3219 ὲν
3991 3162 4040 3236 ᾧ

2467 3279 2483 3310 ι
2522 3262 2733 3330 ὑπῆρχε
2769 3261 2946 3314 πάντα
2991 3261 3059 3312 τὰ
3086 3260 3388 3330 τετράποδα
3421 3261 3520 3329 τῆς
3562 3261 3684 3326 γῆς,
3718 3261 3811 3312 καὶ
3838 3259 3907 3312 τὰ
3933 3259 4041 3328 θη-

2464 3374 2481 3404 ι
2527 3353 2637 3423 ρία,
2677 3354 2770 3405 καὶ
2807 3353 2876 3405 τὰ
2917 3352 3140 3420 ἑρπετὰ,
3177 3353 3268 3404 καὶ
3305 3351 3371 3403 τὰ
3404 3353 3622 3403 πετεινά
3644 3350 3735 3403 τοῦ
3774 3350 4037 3422 οὐρανοῦ.

2464 3461 2482 3493 ι
2525 3443 2637 3494 καὶ
2675 3442 2892 3510 ἐγένετο
2928 3443 3076 3511 φωνὴ
3109 3442 3241 3510 πρὶς
3281 3440 3463 3494 αὐτόν.
3493 3460 3508 3490 ι

2539 3533 2605 3585 ’11
2639 3532 2897 3595 ἔκστασις
2926 3531 3078 3600 δηλοῖ
3124 3532 3217 3583 καὶ
3271 3530 3368 3599 τὴν
3431 3531 3522 3583 ἐπὶ
3585 3529 3896 3598 θαυμασμῷ
3940 3530 4040 3583 ἔκ-

2459 3623 2672 3693 πληξιν,
2697 3623 2791 3676 καὶ
2827 3623 2886 3674 τὸ
2919 3623 3021 3689 ἔξω
3054 3622 3164 3674 τῶν
3216 3621 3488 3690 αἰσθητῶν
3525 3620 3774 3688 γενέσθαι
3827 3623 3920 3675 ἐπὶ
3966 3623 4045 3675 τὰ

2461 3715 2806 3784 πνευματικὰ
2892 3714 3278 3783 δδηγούμενον.
3342 3712 3440 3765 Ἐκ
3495 3712 3685 3765 τούτου
3745 3713 3904 3781 δῆλον
3952 3715 4043 3766 ὅτι

2461 3807 2808 3877 πνευματική
2840 3824 2921 3869 τις
2945 3807 3145 3858 ὡσανεὶ
3194 3806 3397 3875 θεωρία
3433 3805 3655 3872 γέγονεν
3712 3803 3882 3873 αὐτῷ,
3940 3803 4041 3856 τοῦ

2462 3897 2730 3966 σώματος,
2771 3898 2848 3960 ὡς
2879 3897 2942 3950 ἂν
2974 3897 3117 3948 εἴποι
3157 3913 3259 3958 τις,
3294 3896 3645 3964 ἐξεστηκυίας
3683 3896 3781 3963 τῆς
3832 3894 4040 3963 ψυχῆς,

2466 4007 2484 4040 ι
2519 3989 2626 4041 Καὶ
2666 3987 2878 4058 Θεωρεῖ.
2911 4006 2928 4037 ι
2967 3985 3244 4054 Σῦμΰοὶον
3273 3986 3371 4054 τῆς
3435 3987 3761 4056 οἰκουμένης
3813 3985 4042 4052 ἀπάσης

2459 4080 2780 4151 ἀκρότατον,
2817 4080 2914 4148 τὴν
2937 4078 3128 4148 ὀθόνην
3152 4079 3385 4148 ἐκείνην.
3417 4080 3479 4130 Ai
3506 4078 3562 4131 δὲ
3602 4077 3868 4146 τέσσαρες
3929 4076 4042 4145 ἀρφ

2459 4173 2552 4242 χαὶ
2601 4172 2668 4224 τὰ
2711 4171 2952 4241 τέσσαρα
3005 4174 3243 4240 στοιχεῖα
3295 4171 3536 4240 δηλοῦσι.
3608 4169 3681 4220 Τὸ
3749 4169 3805 4220 δὲ
3855 4169 4036 4236 φανὲν

2464 4264 2654 4326 σκεῦος
2681 4264 2771 4317 τὸν
2796 4265 3105 4333 παχύτερον
3137 4265 3340 4333 κόσμον
3382 4263 3655 4331 σημαίνει.
3715 4261 3794 4313 Τὰ
3823 4260 3878 4312 δὲ
3917 4261 4046 4314 διὰ-

2461 4374 2601 4428 ςορα
2624 4356 2759 4421 ζῶα,
2815 4356 2911 4425 τῆς
2967 4356 3075 4408 τῶν
3120 4354 3422 4426 ἀνθρώπων
3480 4355 3595 4407 ἐστὶ
3651 4353 4050 4417 καταστάσεως

2462 4449 2722 4518 σύμϐολα.
2762 4450 2854 4512 “ll,
2909 4449 2994 4501 ἵνα
3027 4449 3362 4518 σαςέστερον
3417 4448 3573 4508 εἴπω,
3625 4445 3812 4498 σινδὼν
3842 4447 3875 4512 ἡ
3908 4445 4049 4498 Ἐκ-

789 4556 912 4606 quae
953 4539 1008 4592 in
1065 4555 1130 4594 ea
1189 4550 1366 4601 erant,
1417 4549 1606 4610 gentes
1640 4548 1788 4595 sunt.
1828 4539 2128 4594 Ecclesiam
2171 4539 2353 4608 itaque

2464 4543 2684 4613 κλησία.
2717 4543 2796 4596 Τἀ
2829 4542 2884 4594 δὲ
2920 4544 2978 4594 ὲν
3019 4543 3156 4612 αὖτῇ
3194 4541 3378 4610 θηρία.
3417 4543 3465 4592 οἱ
3504 4540 3561 4606 ἐξ
3594 4539 3783 4594 ἐθνῶν.
3841 4538 4042 4591 Ἐθεὰ-

789 4632 1074 4700 conspexit
1093 4641 1332 4701 quatuor
1352 4631 1665 4703 Evangeliis
1682 4631 1978 4702 alligatam,
2001 4632 2056 4686 in
2074 4647 2181 4702 qua
2199 4643 2360 4687 erant

787 4737 982 4776 omnes
1000 4733 1211 4791 gentes.

857 4810 927 4875 Χ,
964 4812 1030 4865 15
1062 4812 1151 4866 29.
1183 4832 1202 4865 ι
1247 4811 1440 4883 Surge,
1476 4813 1657 4879 Petre,
1684 4821 1860 4869 macta
1894 4821 1952 4868 et
1990 4828 2236 4869 vescere.
2270 4813 2361 4869 Ait

795 4923 812 4953 ι
853 4911 1036 4957 autem
1074 4904 1309 4959 Petrus:
1342 4905 1719 4975 Nequaquam,
1764 4906 2013 4970 Domine,
2064 4907 2191 4976 quia
2219 4922 2364 4960 nun-

796 5013 815 5045 ι
854 5011 1016 5063 quam
1048 4995 1136 5050 edi
1171 4996 1466 5066 quidquam
1495 5012 1787 5052 commune
1817 5007 1874 5053 et
1901 4999 2263 5053 immundum.
2297 5000 2362 5053 Et

798 5105 815 5135 σ
858 5103 958 5140 vox
1011 5103 1204 5142 rursus
1257 5087 1325 5141 ad
1353 5103 1478 5142 eum
1521 5087 1710 5154 :Quod
1759 5089 1903 5144 Deus
1944 5089 2256 5160 puriﬁcavit
2301 5100 2360 5145 tu

799 5201 815 5230 ι
861 5197 1154 5236 commune
1195 5197 1262 5236 ne
1315 5180 1540 5236 dixeris.
1567 5180 1679 5236 lloc
1721 5191 1903 5236 autem
1949 5183 2112 5236 tertio
2158 5183 2360 5236 factum

797 5293 815 5322 ‹
859 5281 964 5327 est.
996 5273 1063 5327 Et
1086 5290 1306 5328 rursum
1338 5285 1619 5345 receptum
1641 5284 1726 5329 est
1745 5291 1841 5328 vas
1874 5276 1929 5328 in
1953 5276 2172 5330 coslum.
2204 5277 2362 5329 Dum-

798 5385 814 5414 ι
865 5381 972 5434 que
1022 5367 1168 5434 apud
1216 5381 1335 5421 sese
1369 5367 1647 5423 haesitaret
1691 5366 1885 5421 Petrus
1929 5383 2177 5438 quaenam
2217 5376 2363 5423 esset

800 5477 816 5506 ι
863 5457 1006 5510 visio
1051 5473 1217 5526 quam
1247 5459 1494 5522 vidisset,
1522 5476 1650 5515 ecce
1680 5459 1781 5513 viri
1815 5460 1907 5530 qui
1936 5461 2088 5515 missi
2125 5469 2284 5515 erant
2331 5476 2361 5515 a

800 5567 816 5596 ι
854 5547 1114 5603 Cornelio
1141 5551 1450 5618 percontati
1479 5551 1546 5606 de
1569 5552 1734 5607 domo
1770 5552 2035 5616 Simonis,
2064 5553 2361 5607 astiterunt

799 5658 816 5690 ι
854 5641 919 5694 ad
943 5641 1188 5710 januam,
1217 5651 1274 5697 et
1301 5652 1530 5700 evocato
1562 5645 1819 5713 quopiam
1849 5643 2258 5714 interrogabant
2290 5659 2358 5698 an

801 5750 817 5781 ι
859 5731 1049 5786 Simon
1083 5733 1176 5802 qui
1212 5745 1695 5803 cognominaretur
1723 5736 1939 5795 Petrus,
1971 5735 2200 5789 haberet
2250 5735 2360 5789 illic

801 5843 817 5874 ι
859 5823 1179 5895 hospitium.
1205 5825 1364 5882 Petro
1385 5843 1516 5882 vero
1539 5828 1813 5899 cogitante
1844 5827 1910 5882 de
1938 5827 2173 5892 visione.
2223 5828 2359 5882 dixit

2465 4650 2595 4686 σατο
2623 4633 2802 4701 τοίνυν
2837 4634 2934 4704 τὴν
2979 4633 3308 4703 Ἐκκλησίαν
3341 4633 3638 4701 τέσσαρσιν
3681 4629 4050 4698 Εὑαγγεὶίοις

2461 4725 2775 4796 δεδεμένην,
2815 4727 2874 4778 ὲν
2976 4725 3188 4796 ὑπῆρχε
3217 4724 3396 4778 πάντα
3424 4723 3493 4775 τὰ
3531 4721 3681 4788 ἔθνη.

2539 4838 2558 4871 ι
2612 4819 2896 4883 Ἀναστὰς,
2929 4817 3128 4888 Πέτρε,
3158 4816 3322 4869 Θῦσον
3345 4816 3440 4867 καὶ
3465 4816 3626 4883 φάγε.
3663 4813 3721 4866 '0
3745 4813 3801 4865 δὲ
3830 4812 4052 4881 Πέτρος

2471 4930 2488 4963 ι
2532 4909 2672 4977 εἷπε,
2698 4909 3002 4981 Μηδαμῶς,
3039 4909 3233 4979 Κύριε,
3259 4908 3342 4961 ὅτι
3375 4907 3496 4960 οὐδέ
3539 4922 3668 4958 ποτε
3691 4906 3894 4974 ἔφαγον
3931 4908 4054 4958 πᾶν

2469 5021 2487 5055 t
2528 5003 2705 5056 κοινὸν
2739 5001 3123 5073 ἢάκάοαρτον.
3159 5001 3270 5054 Καὶ
3310 4999 3463 5068 φωνὴ
3492 4998 3655 5051 πάλιν
3687 4999 3753 5050 ὲκ
3781 4996 4052 5066 δευτέρου

2472 5113 2490 5146 ι
2530 5094 2663 5165 πρὸς
2679 5093 2857 5147 αὐτόν·
2883 5092 3092 5156 ἈΘεδς
3105 5091 3422 5161 ἑκαΘάρισε,
3453 5091 3516 5142 σὺ
3546 5090 3620 5159 μὴ
3648 5089 3848 5142 κοίνου.
3866 5089 4056 5142 Τοῦτο

2470 5205 2488 5237 ι
2524 5187 2580 5239 δὲ
2610 5186 2828 5254 ἐγένετο
2850 5186 2943 5237 ἐπὶ
2971 5184 3111 5256 τρίς.
3138 5185 3249 5237 Καὶ
3272 5183 3432 5237 πάλιν
3463 5181 3740 5252 ἀνελήφθη
3762 5181 3825 5233 τδ
3841 5178 4054 5243 σκεῦος

2471 5297 2490 5330 t
2527 5280 2605 5340 εἰς
2642 5278 2732 5331 τὸν
2765 5278 3013 5349 οὐρανόν.
3059 5277 3147 5340 Ὧς
3171 5276 3226 5328 δὲ
3256 5278 3313 5328 έν
3342 5273 3522 5344 ἑαυτῷ
3552 5273 3799 5343 διηπόρει
3848 5274 3879 5325 ὁ
3932 5273 4053 5326 Πέ-

2472 5388 2490 5420 ι
2525 5385 2652 5440 τρος
2679 5368 2732 5420 τί
2757 5367 2824 5420 ἂν
2851 5367 2937 5437 εῖη
2958 5367 3017 5420 τὸ
3046 5369 3228 5436 ὅραμα
3252 5361 3422 5427 δεῖδε,
3444 5365 3540 5417 καὶ
3558 5364 3666 5416 ἰδοὺ
3685 5365 3734 5415 oi
3765 5361 3962 5430 ἄνδρες
3993 5363 4052 5416 οἱ

2468 5475 2487 5510 ι
2527 5457 2925 5527 ἀπεσταλμένοι
2994 5457 3100 5509 ἀπὸ
3143 5455 3234 5509 τοῦ
3257 5453 3580 5523 Κορνηλίου,
3606 5452 4055 5520 διερωτήσαντες

2469 5569 2488 5602 ι
2516 5548 2616 5618 τὴν
2645 5546 2822 5600 οἰκίαν
2844 5546 3106 5615 Σίμωνος,
3135 5544 3444 5611 ἐπέστησαν
3458 5542 3552 5594 ἐπὶ
3567 5541 3656 5594 τὸν
3683 5539 3930 5602 πυλῶνα,
3947 5543 4053 5592 καὶ

2470 5660 2488 5691 ι
2524 5639 2874 5709 φωνήσαντες
2895 5636 3255 5689 ἐπυνθάνοντο
3279 5636 3328 5686 εἰ
3373 5635 3555 5703 Σίμων
3599 5633 3629 5685 δ
3668 5631 4053 5697 ἐπικαλούμε-

2470 5754 2487 5785 ι
2525 5749 2612 5795 νος
2633 5732 2836 5800 Πέτρος
2871 5728 3054 5783 ἐνθάδε
3089 5729 3374 5794 ξενίζεται.
3405 5725 3512 5779 Τοῦ
3533 5726 3590 5779 δὲ
3613 5725 3820 5794 Πέτρου
3889 5725 4052 5776 ἐνθυ-

2470 5845 2488 5880 ι
2528 5823 2799 5896 μονμένου
2839 5823 2964 5892 περὶ
2983 5821 3073 5874 τοῦ
3105 5823 3399 5894 ἐρίιματος,
3423 5814 3575 5873 εἶπεν
3602 5816 3746 5888 αὐτῷ
3775 5817 3836 5870 τδ
3879 5815 4049 5868 πνεῦ-
