4178 6464
175 424 248 487 ιιι
1132 421 1498 480 COMMENI‘
1571 419 1641 478 LV
1697 420 1872 474 At.“
1932 413 2494 475 APUs'I'OLO..U.\t

3297 402 3398 465 Ῑδὶ

174 559 187 588 ι
220 554 284 604 μα
309 553 321 565 ⁶
353 533 484 588 Ἰδοὺ
510 533 702 604 ἄνδρες
738 531 961 602 ζητοίσί
986 550 1072 584 σε’
1109 534 1223 586 ἀλλ’
1273 536 1512 596 ἀναστας
1544 535 1711 586 κατὰ·
1760 544 1769 572 ε

1882 533 1932 584 ei
1969 530 2210 599 Spiritus
2241 547 2254 582 :
2286 527 2422 582 Ecce
2452 529 2550 579 viri
2575 534 2826 595 quaerunt
2860 535 2908 577 te
2937 541 2945 574 ι
2994 536 3156 586 surge
3202 522 3404 588 itaque.

175 649 191 681 ι
221 627 347 696 εηθι,
381 626 478 679 καὶ
507 625 745 696 πορεύου
785 627 882 678 σὺν
920 627 1126 689 αὐτοῖς,
1179 626 1346 695 μηδὲν
1374 625 1707 696 διακρινόμε-

175 743 189 772 ι
221 737 312 781 νος,
353 719 487 771 διότι
540 719 650 786 ἐγὼ
703 717 1022 772 ἀπέσταλκα
1079 717 1301 780 αὐτούς.
1347 717 1609 780 Καταόὰς
1667 718 1722 768 δὲ

177 813 413 880 ιΠέτρος
446 811 587 881 πρὸς
643 811 773 874 τοὺς
832 810 1034 880 ἄνδρας
1092 811 1218 872 τοὺς
1277 811 1723 880 ἀπεσταλμένους

178 927 190 955 ι
221 905 315 958 ἀπὸ
342 905 435 956 τοῦ
476 903 780 974 Κορνηλίου
820 905 958 974 πρὸς
991 903 1176 966 αὑτὸν,
1220 901 1372 956 εἶπεν
1397 921 1410 934 ο
1455 904 1585 957 Ἰδοὺ
1618 904 1726 972 ἐγώ

179 1017 192 1047 ι
225 999 405 1064 εἰμιδν
432 997 670 1064 ζητεῖτε.
707 997 804 1061 Τίς
841 999 874 1066 ἡ
916 997 1065 1050 αἰτίαν
1115 997 1181 1049 δι’
1230 998 1295 1068 ἣν
1333 997 1572 1067 πάρεστε
1607 1014 1621 1060 ἶ
1667 999 1728 1049 m

177 1110 189 1140 ι
218 1090 266 1142 δὲ
297 1085 446 1141 εἷπον
469 1104 483 1118 ο
516 1088 818 1159 Κορνήλιος
850 1092 878 1142 ὁ
905 1090 1334 1159 ἑκατοντάρχης,
1364 1089 1501 1160 ἀνὴρ
1523 1090 1731 1150 δίκαιος

179 1201 192 1231 ι
220 1183 298 1233 καὶ
327 1181 666 1251 φοϐούμενος
695 1182 789 1235 τὸν
821 1181 977 1245 Θεὸν,
1008 1181 1460 1251 μαρτυρούμενός
1519 1199 1578 1233 τε
1640 1183 1731 1234 καὶ

177 1294 191 1324 ι
221 1274 314 1327 ὑπὸ
343 1274 464 1326 δλου
490 1274 583 1326 τοῦ
641 1273 976 1338 ἕθνους,τῶν
1035 1271 1323 1335 Ἰουδαίων,
1354 1272 1734 1344 ἐχρηματίσθη

179 1388 192 1418 ι
228 1368 316 1419 ὖτδ
332 1367 566 1434 ἀγγέλου
607 1367 787 1434 ἁγίου,
819 1365 1285 1436 μεταπέμψασθαί
1311 1383 1366 1420 σε
1398 1370 1477 1430 είς
1536 1367 1626 1418 τὸν
1655 1362 1735 1418 οῖ-

179 1481 192 1510 ι
224 1478 306 1511 κον
333 1461 523 1525 αὑτοῦ,
560 1461 657 1512 καὶ
688 1457 920 1513 ἀκοῦσαι
954 1460 1177 1529 ῥήματα
1202 1461 1350 1528 παρᾶ
1385 1460 1499 1514 σοῦ.
1536 1463 1736 1514 Εἰσκα-

180 1555 506 1622 ιλεσάμενος
537 1553 629 1606 οὖν
665 1555 862 1616 αὐτοὺς
910 1555 1136 1619 ἐξένισε.
1184 1556 1263 1625 Τῇ
1317 1554 1373 1606 δὲ
1422 1554 1683 1623 ἐπαύριον
1713 1556 1740 1606 ὁ

180 1665 194 1697 ι
224 1649 415 1717 Πέτρος
453 1648 644 1717 ἐξῆλθε
674 1650 772 1701 σὺν
802 1650 1009 1712 αὐτοῖς,
1040 1649 1131 1702 καί
1167 1665 1314 1710 τινες
1358 1647 1468 1700 τῶν
1495 1647 1741 1714 ἀδελφῶν

183 1759 198 1790 ι
230 1743 326 1793 τῶν
354 1743 466 1795 ἀπὸ
488 1742 715 1810 Ἰόππης
753 1742 1015 1812 συνῆλθον
1043 1741 1211 1808 αὐτῷ.
1245 1743 1354 1794 Καὶ
1384 1746 1449 1812 τῇ
1481 1741 1743 1811 ἐπαύριον

182 1835 456 1902 (εἰσῆλθον
486 1837 564 1898 είς
585 1835 684 1904 τὴν
723 1836 1082 1906 Καισάρειαν.
1129 1835 1188 1889 '0
1229 1834 1284 1888 δὲ
1331 1835 1628 1905 Κορνήλιος
1675 1829 1744 1905 ἦν

183 1927 534 1996 «προσδοκῶν
577 1928 794 1993 αὐτοὺς,
834 1929 1313 1999 συγκαλεσάμενος
1368 1929 1495 1991 τοὺς
1549 1945 1745 1996 συγγε-

184 2023 331 2082 ινεῖς
387 2021 556 2074 αὑτοῦ
601 2023 695 2073 καὶ
743 2022 869 2083 τοὺς
923 2023 1253 2089 ἀναγκαίους
1310 2020 1516 2090 φίλους.
1571 2021 1659 2082 Ὠς
1691 2020 1747 2072 δὲ

186 2113 433 2177 «ἐγένετο
493 2114 758 2166 εἰσελθεῖν
785 2115 877 2166 τὸν
920 2113 1148 2184 Πέτρον,
1209 2115 1554 2182 συναντήσας
1603 2112 1751 2180 αὐτῷ

184 2223 201 2255 ι
225 2208 250 2257 ό
288 2206 587 2275 Κορνήλιος
620 2205 807 2259 πεσὼν
845 2207 1074 2270 ἑπὶτοὺς
1117 2207 1282 2268 πόδας
1319 2205 1750 2277 προσεκύνησεν.

185 2315 200 2344 ι
243 2295 297 2349 '0
319 2297 372 2348 δὲ
425 2299 635 2366 Πέτρος
677 2298 840 2351 αὑτὸν
887 2299 1102 2367 ἤγειρε,
1164 2297 1377 2366 λέγων·
1434 2297 1750 2366 Ἀνάστηθι,

189 2406 203 2438 ι
241 2386 387 2454 κάγὼ
428 2389 593 2450 αὐτὸς
625 2388 913 2458 ἄνθρωπός
938 2391 1075 2460 εἰμι.
1111 2391 1218 2442 Καὶ
1240 2389 1546 2458 συνομιλῶν
1581 2388 1750 2458 αὐτῷ,

187 2501 202 2531 ι
231 2483 458 2552 εἰσῆλθε,
488 2483 583 2535 καὶ
605 2482 852 2552 εὑρίσκει
904 2480 1334 2550 συνεληλυθότας
1370 2480 1620 2541 πολλοὺς,
1643 2481 1751 2549 ἔφη

187 2593 202 2623 ι
235 2593 286 2626 τε
317 2573 452 2643 πρὸς
483 2572 680 2634 αὐτούς
704 2587 718 2600 ⁸
755 2573 945 2642 Ὑμεῖς
1006 2572 1325 2636 ἐπίστασθε,
1380 2572 1454 2635 ὡς
1498 2573 1755 2642 ἀθέμιτόν

187 2684 203 2715 ι
232 2666 366 2717 ἐστιν
425 2666 585 2734 ἀνδρὶ
625 2665 864 2734 Ἰουδαίῳ
925 2664 1220 2718 κολλᾶσθαι
1267 2664 1299 2732 ἦ
1349 2663 1754 2734 προσέρχεσθαι

191 2776 204 2805 ι
235 2757 535 2826 ἀλλοφύλῳ.
590 2757 698 2810 Καὶ
734 2758 856 2826 ἐμοὶ
881 2757 910 2808 ὁ
947 2757 1078 2819 Θεὸς
1106 2755 1294 2819 ἔδειξε,
1345 2756 1549 2824 μηδένα
1578 2757 1754 2808 κοινὸν

191 2867 205 2898 ι
233 2849 261 2917 ἦ
294 2850 604 2915 ἀκάθαρτον
661 2849 843 2917 λέγειν
892 2848 1184 2919 ἄνθρωπον
1214 2867 1227 2880 ·
1262 2849 1344 2902 διὸ
1381 2848 1472 2901 καὶ
1502 2849 1753 2918 ἀναντιρ-

192 2958 206 2989 ι
237 2942 406 3009 ρήτως
447 2937 614 3010 ἦλθον
648 2939 1084 3010 μεταπεμφθείς.
1122 2960 1140 2993 ι

245 3032 314 3099 Γῆ
338 3033 438 3100 μὲν
462 3035 497 3098 ἡ
529 3030 827 3097 σινδὼν,τὰ
857 3033 912 3086 δὲ
935 3034 991 3086 ἐν
1017 3033 1156 3104 αὐτῇ
1190 3031 1379 3103 θηρία,
1407 3033 1456 3085 οἱ
1479 3031 1537 3096 ἐξ
1562 3029 1751 3084 ἐθνῶν.

184 3124 246 3174 Τὸ
280 3123 351 3184 δὲ,
390 3143 407 3174 ι
441 3123 620 3177 Θῦσον
653 3124 747 3176 καὶ
771 3124 932 3191 φάγε,
971 3143 989 3176 ι
1023 3125 1104 3177 ὅτι
1148 3124 1436 3186 κάκείνους
1479 3124 1558 3176 δεῖ
1579 3140 1756 3193 προσ-

187 3215 324 3270 ιέναι.
379 3215 457 3268 Τὸ
489 3216 543 3268 δὲ
572 3217 755 3286 τρίτον
804 3216 963 3270 τοῦτο
1011 3215 1286 3283 γενέσθαι,
1339 3216 1401 3268 τὸ
1450 3215 1754 3285 βάπτισμα.
1789 3250 1830 3312 C

195 3308 268 3371 Ὠς
297 3309 349 3362 δὲ
373 3309 635 3380 διηπόρει
658 3311 685 3361 ὁ
716 3307 942 3378 Πέτρος,
972 3309 1246 3379 εὐκαίρως
1275 3303 1441 3378 ἦλθον
1471 3310 1519 3361 οἱ
1546 3308 1758 3376 ἄνδρες,

181 3400 265 3471 τὴν
297 3400 538 3470 ἀπορίαν
589 3399 827 3463 λύοντες.
866 3400 1117 3462 Εὖκόλως
1151 3399 1261 3470 γὰρ
1301 3401 1334 3468 ἡ
1359 3398 1502 3469 ψυχὴ
1550 3398 1762 3468 δέχεται

182 3494 266 3560 τὴν
300 3494 479 3546 λύσιν.
521 3493 797 3564 Πρότερον
831 3492 887 3546 δὲ
920 3494 976 3546 έν
1015 3493 1219 3564 ἀπορία
1284 3493 1521 3560 ἐγένετο,
1575 3491 1762 3562 ὥσπερ

191 3583 267 3633 καὶ
295 3585 320 3635 ό
348 3584 556 3652 Ἰωσὴφ
610 3584 875 3653 πρότερον
932 3584 1288 3653 συνεχωρήθη
1321 3582 1636 3652 θορυϐἦναι,
1668 3581 1764 3636 καὶ

185 3673 288 3725 -ότε
322 3670 488 3743 ἦλθεν
529 3679 558 3728 ὁ
607 3675 857 3741 ἄγγελος.
891 3693 908 3725 ι
951 3674 1063 3727 Καὶ
1131 3675 1478 3744 φωνήσαντες
1524 3674 1762 3726 ἐπυνθά-

184 3785 335 3821 νοντο.
365 3788 381 3816 ι
418 3770 556 3820 "At:
591 3768 670 3830 εἰς
697 3767 886 3836 εὖτελῆ
908 3766 1349 3820 οἱκὶανκάτωθεν
1379 3767 1764 3830 ἐπυνθάνοντο,

185 3858 265 3909 καὶ
302 3861 361 3911 οὐ
393 3860 652 3925 γείτονας
688 3858 939 3928 ἠρώτων.
983 3858 1161 3928 Πολλὴ
1211 3859 1267 3912 δὲ
1319 3859 1412 3913 τοῦ
1451 3858 1766 3928 Πνεύματος

186 3951 214 4014 ἡ
242 3949 452 4014 ἐξουσία
484 3951 758 4015 εἰπόντος,
793 3952 874 4005 δτι
915 3970 934 4002 ι
958 3951 1103 4019 Ἐγὼ
1127 3951 1450 4006 ἀπέσταλκα
1481 3951 1704 4013 αὐτούς.
1739 3971 1755 4002 ι

187 4041 429 4104 Καταδὰς
463 4042 522 4094 δὲ
550 4041 760 4111 Πέτρος
819 4043 919 4113 τὴν
969 4044 1147 4097 αἰτίαν
1218 4044 1546 4097 πυνθάνεται
1574 4043 1664 4096 διὰ
1694 4045 1766 4106 τί,

186 4135 261 4184 ἵνα
292 4137 356 4186 ἂν
385 4137 490 4203 μὲν
524 4135 731 4198 εὐθέως
767 4137 1096 4209 κατεπείγῃ,
1129 4137 1444 4206 συνεξέλθῃ,
1477 4139 1540 4190 ἂν
1578 4137 1633 4188 δὲ
1670 4137 1769 4206 μὴ,

190 4226 262 4277 ἴα
294 4227 480 4297 ξενίη]
521 4228 721 4290 αὐτοὺς
750 4229 828 4290 ετς
854 4229 947 4281 τὸν
977 4225 1148 4283 οἷκον.
1190 4229 1262 4281 Τὸ
1318 4229 1374 4281 δὲ
1418 4228 1770 4281 συναπελθεῖν

185 4317 252 4383 τῷ
287 4318 482 4387 ιιὲτρῳ
516 4319 674 4380 τινας
722 4319 955 4371 τῶνὰπο
1009 4319 1235 4389 Ἰόππης
1295 4320 1558 4387 ἀδελφῶν,
1627 4321 1771 4372 οἱκο-

189 4409 439 4476 -.›ιμ.κιῖ›ς.
475 4409 646 4460 ’Ὥστε
695 4405 836 4461 εἶναι
891 4409 1147 4479 μάρτυρα
1204 4411 1342 4478 χατὰ
1392 4411 1586 4474 ταῦτα,
1643 4411 1770 4464 ὅταν

188 4500 626 4568 ἀπολογήσασθαι
652 4500 745 4570 δέῃ
774 4501 979 4570 Πέτρον
1027 4503 1162 4571 πρὸς
1197 4503 1321 4565 τοὺς
1378 4503 1646 4572 μαθητὰς,
1687 4503 1770 4555 ὅτι

1840 641 1855 672 ι
1895 621 2170 676 descende
2197 632 2253 674 et
2284 619 2635 690 proficiscere
2669 633 2792 670 crint
2829 615 2912 670 eis
2957 614 3094 668 nihil
3125 612 3405 671 haesitans,

1843 741 1853 764 ε
1899 713 2159 782 quoniam
2200 728 2302 777 ego
2329 711 2450 764 misi
2481 710 2624 764 illos.
2651 707 3000 762 Descendens
3025 705 3190 774 igitur
3217 703 3411 757 Petrus

1840 823 1856 854 ι
1904 805 1971 858 ,ιιί
2001 806 2150 857 viros
2187 804 2282 870 qui
2329 802 2479 857 missi
2515 813 2672 854 erant
2711 814 2738 850 a
2783 797 3043 851 Cornelio
3088 793 3154 848 ad
3209 792 3410 862 ipsum,

1843 919 1860 950 ι
1908 897 2045 951 dixit
2083 939 2092 948 .
2139 895 2282 948 Ecce
2337 911 2439 963 ego
2483 909 2602 946 sum
2655 892 2744 944 ille
2782 904 2946 959 quem
2981 885 3246 956 qumritis.
3283 881 3415 947 QlltP

1845 1013 1860 1041 ι
1901 1006 2065 1044 causa
2087 1000 2168 1044 est
2195 996 2426 1058 prepter
2450 1002 2612 1054 quam
2641 982 2872 1037 venistis
2894 986 2914 1031 ’ί
2939 985 3004 1033 At
3037 979 3112 1032 illi
3137 977 3411 1030 dixerunt:

1848 1103 1864 1134 ι
1905 1083 2192 1138 Cornelius
2224 1079 2498 1141 ienturio,
2549 1078 2633 1130 vir
2664 1080 2844 1147 justus
2890 1089 2954 1128 ac
2997 1073 3195 1126 timens
3220 1069 3415 1127 Deum,

1848 1196 1864 1226 ι
1895 1167 1961 1229 et
1989 1175 2364 1229 testimonium
2397 1171 2690 1226 habensab
2727 1171 2982 1222 universa
3015 1173 3174 1236 gente
3205 1159 3418 1216 Judmo-

1851 1288 1866 1316 ι
1911 1284 2058 1326 rum,
2096 1266 2382 1321 oraculum
2421 1266 2628 1331 accpit
2662 1262 2730 1316 ab
2774 1259 2969 1330 angelo
2999 1264 3187 1310 sancto
3223 1262 3280 1306 ut
3329 1266 3421 1305 ac-

1852 1382 1867 1412 ι
1909 1369 2157 1415 cerseret
2187 1369 2237 1413 te
2271 1359 2322 1412 in
2352 1358 2573 1412 domum
2607 1372 2757 1409 suam
2809 1362 2863 1406 et
2897 1347 3300 1406 audiretvcrba
3327 1345 3424 1397 abs

1854 1472 1870 1500 ‹
1915 1461 1986 1507 te.
2022 1452 2170 1505 Intro
2205 1459 2426 1504 vocatos
2461 1449 2626 1517 igitur
2651 1463 2746 1499 eos
2791 1444 2998 1513 recepit
3033 1439 3290 1509 hospitio.
3329 1435 3426 1489 Se-

1855 1567 1871 1594 ε
1909 1543 2101 1612 quenti
2133 1558 2267 1596 vero
2298 1540 2385 1596 die
2412 1541 2608 1595 Petrus
2636 1537 2918 1608 profectus
2945 1545 3030 1588 est
3059 1548 3184 1586 cum
3219 1529 3344 1588 illis.
3371 1537 3425 1580 et

1858 1653 1874 1686 ι
1915 1633 2140 1703 quidam
2166 1648 2232 1686 ex
2259 1632 2524 1686 fratribus
2553 1631 2646 1700 qui
2681 1629 2749 1683 ab
2782 1629 2954 1696 Joppc
2980 1630 3156 1678 erant.
3181 1621 3424 1675 comitati

1859 1746 1876 1777 ι
1922 1734 2054 1780 sunt
2103 1739 2255 1780 cum.
2321 1723 2593 1778 Postridie
2644 1736 2773 1774 vero
2832 1715 3061 1788 ingressi
3093 1711 3424 1768 suntCa‘sa-

1860 1838 1876 1870 ι
1918 1833 2087 1872 ream.
2116 1817 2288 1872 Porro
2303 1811 2959 1882 Corneliuscxspectabat
2977 1824 3089 1862 eos.
3114 1803 3429 1860 (10ll\'0(‘:lli~i

1779 1901 1820 1956 Β
1858 1932 1872 1962 ι
1916 1909 2166 1981 cognatis
2191 1909 2307 1963 suis
2337 1923 2402 1962 ac
2427 1907 2758 1962 necessariis
2786 1901 3126 1972 amicis.96
3146 1900 3214 1954 l’t
3245 1904 3427 1950 autem

1860 2026 1874 2057 ι
1917 2003 2148 2073 contigit
2180 2002 2434 2055 introisse
2461 2001 2705 2061 Petrum,
2745 1998 2963 2051 obviam
3017 2005 3340 2063 prtlgt‘CSSIts
3383 2007 3426 2033 ιι

1862 2118 1876 2148 ι
1917 2096 2208 2152 Cornelius
2239 2095 2512 2156 adoravit,
2545 2091 2840 2162 procidens
2871 2089 2936 2144 ad
2986 2087 3153 2157 pedes
3196 2085 3332 2151 ejus.
3370 2083 3430 2133 ,ιι

1863 2213 1878 2239 α
1924 2192 2119 2246 Petrus
2160 2188 2336 2244 erexit
2372 2202 2523 2249 eum,
2576 2185 2766 2239 dicens
2805 2202 2815 2236 :
2848 2181 3044 2249 Surge,
3092 2187 3144 2230 et
3171 2191 3271 2244 ego
3322 2191 3414 2241 qm

1864 2311 1879 2338 ι
1921 2286 2086 2339 homo
2110 2299 2253 2339 sum.
2275 2283 2340 2336 Et
2367 2281 2688 2349 colloquens
2707 2292 2832 2331 cum
2864 2276 2957 2329 illo
2988 2271 3230 2326 intravit.
3261 2267 3432 2319 olfeu-

1865 2397 1880 2426 ι
1921 2377 2112 2444 ditque
2147 2375 2374 2436 multos,
2411 2371 2507 2439 qui
2533 2373 2932 2426 convenerant,
2966 2371 3019 2417 et
3051 2361 3127 2415 ait
3165 2359 3231 2412 ad
3265 2358 3390 2408 illos
3422 2374 3430 2404 ;

1866 2489 1882 2519 ι
1921 2469 2027 2521 Vos
2067 2464 2223 2520 scitis
2249 2479 2360 2518 non
2397 2477 2516 2517 esse
2559 2461 2639 2515 fas
2665 2457 2999 2512 viroJudaeo
3052 2449 3308 2522 conjungi
3343 2459 3436 2501 aut

1868 2587 1882 2608 ς
1932 2557 2199 2612 accedere
2236 2555 2303 2610 ad
2339 2553 2702 2623 alienigenam
2736 2569 2748 2604 :
2788 2551 2931 2604 Deus
2987 2557 3166 2602 tamen
3197 2539 3440 2597 ostendit

1864 2669 1880 2700 ι
1925 2650 2060 2704 mihi
2108 2649 2319 2702 nullum
2377 2659 2727 2702 communem
2798 2653 2893 2697 aut
2943 2637 3287 2695 immundum
3327 2634 3437 2688 diei

1867 2762 1880 2789 ι
1927 2739 2249 2792 hominem:
2289 2744 2627 2806 quapropter
2657 2733 2822 2789 etiam
2875 2732 3261 2786 incunctanter
3310 2721 3438 2780 veni

1867 2854 1882 2880 ι
1927 2829 2243 2884 accersitus.
2329 2831 2332 2835 ’

1930 3017 2098 3070 Terra
2131 3013 2353 3083 quidem
2393 3011 2592 3067 sindon
2629 3019 2737 3075 est,
2766 3008 2958 3064 bestia:
2984 3020 3117 3062 vero
3148 3021 3271 3076 quae
3300 3003 3442 3060 inea

1860 3118 2038 3172 erant,
2069 3119 2263 3179 gentes
2310 3116 2458 3160 sunt.
2492 3105 2708 3158 Dicitur
2756 3113 2963 3167 autem,
2996 3120 3012 3151 ι
3044 3101 3217 3154 Macta
3245 3108 3300 3152 et
3344 3112 3440 3151 ve-

1864 3217 2041 3264 scere,
2081 3221 2096 3248 ι
2137 3200 2282 3269 quod
2318 3199 2482 3252 etiam
2515 3198 2635 3251 illos
2661 3203 2914 3265 oporteat
2946 3193 3231 3248 accedere.
3255 3190 3440 3244 Tertio

1867 3309 1999 3348 vero
2025 3293 2077 3347 id
2106 3292 2247 3355 fieri,
2276 3291 2548 3360 baptisma
2572 3289 2818 3342 denotat.
2844 3287 2980 3341 Cum
3005 3300 3138 3340 vero
3165 3285 3443 3338 haesitaret

1868 3387 2086 3447 Petrus,
2122 3394 2434 3454 opportune
2458 3389 2730 3435 venerunt
2784 3379 2912 3442 viri,
2949 3377 3042 3446 qui
3077 3377 3439 3432 hmsitantiam

1867 3479 2168 3534 solverent.
2200 3477 2396 3530 Anima
2423 3475 2568 3528 enim
2610 3473 2940 3526 solutionem
2988 3470 3144 3525 facile
3187 3469 3440 3537 suscipit.

1867 3573 2111 3627 Primum
2139 3580 2318 3623 tamen
2352 3569 2404 3621 in
2430 3566 2788 3636 ambiguitate
2808 3564 2912 3618 fuit
2944 3581 2954 3615 :
2981 3561 3443 3632 quemadmodum

1867 3673 1923 3719 et
1948 3665 2150 3732 Joseph
2184 3663 2486 3732 permissus
2528 3667 2611 3714 est
2669 3659 2907 3728 primunt
2943 3655 3176 3716 turbari,
3209 3667 3264 3708 et
3314 3663 3443 3707 tunc

1871 3760 2019 3814 venit
2051 3759 2279 3828 angelus
2308 3759 2374 3810 ’°.
2436 3773 2452 3802 ‹
2493 3755 2560 3808 Ει
2592 3762 2819 3805 evocato
2850 3749 3110 3820 quopiam
3142 3762 3445 3814 Interroga-

1871 3851 2022 3914 bant,
2060 3871 2076 3898 ›
2114 3866 2222 3902 non
2247 3865 2276 3902 a
2310 3847 2509 3901 vicinis
2535 3844 2908 3913 inquirebant.
2937 3842 3126 3910 Magna
3157 3851 3240 3896 est
3266 3849 3445 3894 autem

1871 3940 2109 4009 Spiritus
2131 3939 2425 3996 autoritas.
2448 3936 2542 4004 qui
2575 3936 2650 3988 ait
2690 3952 2702 3986 :
2747 3954 2760 3980 ι
2792 3934 2904 4002 Ego
2933 3933 3051 3986 misi
3087 3933 3228 3985 illos.
3271 3952 3286 3982 ι
3341 3933 3435 3984 De-

1872 4031 2142 4087 scendens
2164 4040 2347 4084 autem
2381 4026 2752 4095 interrogabat
2787 4041 3006 4079 causam
3035 4033 3256 4094 propter
3284 4039 3445 4092 quam

1872 4123 2145 4188 venerint,
2171 4121 2291 4176 utsi
2322 4120 2545 4189 quidem
2583 4116 2872 4172 confestim
2909 4130 3135 4169 necesse
3179 4116 3269 4176 sit,
3320 4130 3448 4169 con-

1872 4214 2157 4285 grediatur
2183 4231 2194 4266 :
2225 4214 2308 4267 sin
2340 4223 2546 4276 autem,
2580 4219 2637 4266 ut
2683 4210 2808 4263 illos
2833 4209 2886 4262 in
2909 4207 3131 4261 domum
3184 4206 3451 4276 suscipiat

1874 4308 2130 4377 hospitio.
2155 4306 2308 4373 Quod
2342 4307 2510 4359 etiam
2539 4303 2789 4356 nonnulli
2824 4301 3078 4364 fratrum,
3102 4298 3197 4367 qui
3225 4313 3254 4351 a
3277 4300 3450 4367 Joppe

1872 4409 2032 4457 erant
2070 4399 2231 4454 simul
2261 4397 2499 4452 abierint
2535 4412 2660 4450 eum
2687 4395 2872 4457 Petro,
2901 4392 3315 4462 dispensatorie
3336 4391 3450 4445 fac-

1877 4504 1990 4548 tum
2027 4503 2132 4556 est,
2158 4507 2222 4545 ne
2255 4489 2602 4560 postmodum
2625 4487 2938 4542 testimonia
2967 4487 3130 4539 Petro
3165 4485 3450 4547 deessent,

190 4590 269 4641 καὶ
318 4591 573 4661 διεκρίθη
609 4591 712 4642 ὑπὸ
757 4593 848 4646 τοῦ
895 4593 1214 4662 Πνεὺματος
1262 4594 1334 4663 μὴ
1377 4594 1768 4666 διακρίνεσθαι.

1878 4585 2095 4656 quando
2123 4583 2299 4652 ipsum
2327 4581 2589 4636 fratribus
2621 4579 2955 4648 respondere
2977 4585 3274 4646 oporteret,
3303 4575 3451 4646 quod

191 4680 249 4731 T7;
280 4682 557 4752 θηριῶδές
609 4700 663 4735 τε
702 4684 796 4736 καὶ
855 4685 1048 4752 ἄλογον
1105 4680 1247 4749 εἶδος
1306 4683 1417 4738 τῶν
1468 4686 1772 4757 ἀνθρώπων

190 4771 335 4824 θίσαι
363 4774 391 4824 ὁ
424 4774 642 4842 Πέτρος
673 4773 1074 4837 διακελεύεται,
1126 4777 1212 4827 ἵνα
1244 4776 1632 4846 καθαρθέντων
1679 4777 1774 4830 αὑ-

189 4863 282 4914 τ-ίτιν
307 4866 367 4916 τὸ
395 4863 732 4933 λε.πόμενον
766 4865 1025 4935 ἐδώδιμον
1084 4867 1330 4938 γένηται.
1377 4867 1604 4938 Γυμνῶς
1627 4869 1654 4920 ὁ
1676 4869 1774 4937 τῆς

191 4955 464 5017 ε’ᾷσεῦείας
492 4955 853 5025 παραδίδοται
877 4956 1056 5024 λόγος,
1092 4959 1190 5028 οὐχ
1224 4958 1370 5026 ἆπαξ
1400 4961 1774 5032 εἰπούσηςτῆς

191 5042 322 5098 θείας
354 5047 570 5115 φωνῆς,
602 5049 684 5100 ὅτι
717 5049 816 5100 οὐκ
851 5049 966 5101 ἔστι
998 5051 1176 5103 κοινὸν
1212 5053 1352 5122 ὅπερ
1399 5057 1426 5106 ὁ
1463 5053 1595 5117 Θεὸς
1644 5058 1770 5108 beat--

192 5134 420 5201 θᾶριπεν,
458 5135 605 5189 ἀλλὰ
633 5138 757 5207 τρίς
790 5154 802 5166 ’
850 5140 937 5192 ἵνα
972 5141 1236 5211 μάθωμεν
1258 5145 1322 5212 τῇ
1345 5145 1442 5213 μιᾷ
1469 5147 1618 5215 φωνῇ
1642 5146 1772 5196 Θεὸν

193 5226 558 5298 κιθαρίζοντα
591 5228 682 5280 τὸν
710 5230 950 5299 Πατέρα,
979 5232 1077 5284 καὶ
1091 5235 1156 5302 τῇ
1188 5235 1351 5304 ἑτέρᾳ
1380 5233 1514 5287 Θεὸν
1538 5235 1768 5303 καθαρί-

195 5316 340 5376 ζοντα
367 5322 460 5372 τον
479 5322 792 5390 Μονογενῆ,
815 5325 908 5376 καὶ
940 5327 1004 5394 τῇ
1030 5327 1164 5397 ἄλλῃ
1186 5327 1246 5378 το
1277 5326 1502 5396 Πνεῦμα
1524 5327 1582 5380 τὸ
1595 5326 1768 5395 ἆγιον.

196 5411 338 5474 Ἰτως
369 5415 463 5464 ἐπὶ
500 5413 712 5480 γόνατα
738 5417 989 5485 κείμενος
1018 5413 1124 5469 εἶδε
1163 5419 1262 5487 τὴν
1300 5419 1590 5474 ὀπτασίαν.
1643 5419 1718 5470 Δι’
1748 5420 1774 5470 δ

195 5503 328 5570 καὶὴ
361 5504 520 5572 φωνὴ
549 5503 689 5572 πρὸς
715 5505 898 5570 αὑτὸν,
928 5525 944 5556 ι
969 5505 1254 5571 ’Λναστὰς,
1282 5509 1478 5578 Πέτρε,
1501 5508 1652 5577 φησὶ,
1675 5508 1773 5560 θῦ-

196 5609 276 5645 σον
310 5598 400 5647 καὶ
447 5597 621 5662 φάγε.
656 5615 675 5645 ι
716 5597 1003 5650 Δεῑκνυται
1043 5598 1099 5651 δὲ
1135 5599 1216 5651 ὃτι
1277 5598 1418 5652 θεῖον
1449 5594 1516 5668 ἦν
1539 5599 1597 5650 τὸ
1627 5597 1773 5664 γινό-

200 5702 364 5752 μενον,
391 5690 452 5740 τό
475 5706 538 5742 τε
579 5690 784 5742 ἄνωθεν
815 5692 963 5758 ἰδεῖν,
997 5693 1089 5746 καὶ
1122 5694 1180 5746 ἐν
1219 5693 1472 5746 ἐκστάσει
1521 5692 1766 5755 γενέσθαι

336 5868 480 5922 “ut.
515 5884 527 5916 ι
588 5869 654 5917 ευ

1877 4679 2038 4730 etiam
2085 4675 2398 4745 prohibitus
2426 4681 2592 4734 esset,
2625 4687 2690 4725 ue
2737 4670 3036 4740 quidquam
3090 4669 3448 4737 adiudicaret.

1879 4771 2135 4825 Ferinum
2188 4784 2252 4822 ac
2305 4765 2625 4820 irrationale
2681 4763 2964 4816 hominum
3024 4776 3196 4831 genus
3255 4761 3454 4815 Petrus

1879 4873 2119 4917 mactare
2154 4860 2398 4930 jubctur,
2457 4867 2517 4911 ut
2569 4857 2704 4926 ipsis
2747 4854 3054 4924 purificatis
3095 4853 3298 4907 edibile
3358 4851 3453 4905 fiat

1877 4955 2025 5025 quod
2082 4952 2432 5020 relinquitur.
2477 4949 2630 5004 Nudo
2677 4947 2915 5001 traditur
2973 4945 3194 5014 pietatis
3243 4959 3448 5006 sermo,

1878 5062 2003 5101 cum
2036 5062 2145 5100 non
2186 5043 2352 5098 semel
2384 5041 2569 5095 divina
2598 5055 2731 5092 voce
2759 5039 2963 5092 dicitur
2996 5053 3102 5090 non
3128 5051 3248 5091 esse
3297 5050 3450 5089 com-

1881 5156 2047 5192 mune
2077 5136 2223 5206 quod
2253 5137 2397 5190 Deus
2421 5133 2753 5203 puriticavit.
2789 5131 2884 5183 sed
2923 5130 3084 5184 tertio
3118 5145 3130 5180 :
3164 5137 3220 5181 ut
3278 5127 3454 5196 prima

1880 5245 2013 5282 voce.
2045 5228 2323 5281 discamus
2349 5225 2564 5278 Patrem
2592 5237 2714 5276 esse
2739 5222 2910 5274 Deum
2942 5219 3037 5287 qui
3067 5215 3340 5287 purificat,
3371 5217 3453 5270 al-

1884 5333 1993 5374 tera
2025 5319 2377 5387 L'uigenitum
2406 5329 2628 5384 quoque
2655 5330 2775 5368 esse
2802 5314 2970 5366 Deum
3022 5310 3116 5380 qui
3171 5307 3451 5378 purificat,

1885 5412 2044 5466 tertia
2079 5421 2342 5479 praeterea
2391 5417 2642 5461 sanctum
2673 5407 2824 5458 illum
2859 5403 3150 5472 Spiritum.
3183 5399 3456 5456 Fortassis

1884 5504 2122 5576 genibus
2170 5503 2442 5554 inluerens
2494 5500 2706 5553 viderat
2753 5497 3019 5550 visionem
3087 5513 3098 5547 :
3168 5499 3455 5562 propterea

1882 5598 2046 5648 etiam
2077 5610 2180 5649 vox
2213 5593 2277 5646 ad
2309 5593 2462 5645 illum
2500 5591 2577 5643 ait
2607 5607 2618 5641 :
2660 5611 2674 5639 ι
2718 5589 2915 5659 Surge,
2956 5588 3138 5648 Petre,
3188 5594 3365 5638 macta
3399 5590 3459 5636 ct

1888 5705 2127 5744 \escere.
2175 5711 2188 5735 ι
2227 5684 2480 5740 Ostendit
2520 5693 2703 5738 autem
2746 5683 2992 5736 divinum
3031 5694 3153 5734 esse
3179 5676 3324 5746 quod
3363 5691 3427 5728 su
