4178 6464
163 413 234 475 185

1086 356 1474 463 GOMMENT.
1512 398 1591 457 IN
1634 394 1824 454 ACTA
1865 387 2439 452 APOS’I‘OLORUM.

3241 380 3342 442 186

166 544 179 572 ι
205 520 339 575 πάντα
352 517 415 573 τὰ
434 516 887 589 προστεταγμένα
906 530 985 570 σοι
1003 514 1108 569 ὑπὸ
1125 515 1219 568 τοῦ
1243 514 1400 567 Θεοῦ.
1420 511 1662 576 Ἀνοίξας
1694 513 1737 566 Α
1772 525 1790 557 ε

1696 513 1737 566 Α
1772 525 1790 557 ‹
1841 505 1939 560 tibi
1972 512 2238 574 prmcepta
2260 509 2391 557 sunt
2417 515 2447 554 a
2479 498 2611 555 Deo.
2645 494 2916 567 Aperiens
2944 500 3125 548 autem
3155 490 3346 547 Petrus

165 615 242 664 «δὲ
286 612 469 680 Πέτρος
509 609 569 663 16
610 610 808 680 στόμα,
841 603 991 663 εἶπεν
1012 607 1167 662 ’Ἐπ’
1200 604 1460 678 ἀληθείας
1496 621 1670 659 κατα-

167 702 523 771 ιὶαμύάνομαι,
554 701 636 756 δτι
668 703 769 754 οὐκ
799 700 913 755 ἔστι
941 699 1417 771 προσωπολήπτης
1437 698 1465 750 6
1487 694 1618 758 Θεός
1651 705 1668 724 ⁸

165 814 177 843 1
204 793 292 845 ἀλλ’
319 795 369 846 ἐν
390 792 549 846 παντὶ
582 792 725 847 ἔθνει
761 796 789 847 6
823 792 1156 864 φοϐούμενος
1186 788 1350 845 αὑτὸν
1383 789 1479 845 καὶ
1503 787 1667 858 ἐργα-

165 905 177 936 ι
204 885 384 953 ξάμενος
403 882 769 956 δικαιοσύνην,
799 883 985 947 δεκτὸς
1005 881 1156 953 αὐτῷ
1178 883 1312 937 ἐστι.
1346 899 1368 935 1

213 997 227 1027 1
254 976 583 1045 Δικαιοσύνην
615 996 633 1029 1
682 976 805 1030 ἀντὶ
823 975 916 1028 τοῦ
934 977 1115 1029 πᾶσαν
1142 973 1367 1045 ἀρετήν.

215 1086 227 1117 1
281 1068 369 1118 Τὸν
421 1066 579 1132 λόγον
622 1065 685 1125 ,δν
741 1064 1026 1118 ἀπέστειλε
1084 1066 1196 1125 τοῖς
1242 1065 1378 1127 υίοῖς
1431 1061 1669 1133 Ἰσραὴλ,

167 1175 179 1207 1
204 1154 659 1226 εὐαγγελιζόμενος
674 1156 897 1228 εἰρήνην
920 1154 1008 1207 διὰ
1023 1153 1199 1225 Ἰησοῦ
1231 1151 1492 1225 Χριστοῦ,
1514 1145 1672 1214 οὗτός

167 1268 179 1299 1
207 1252 297 1301 ἐστι
324 1249 529 1301 πάντων
578 1248 809 1317 Κύριος.
863 1247 1051 1315 ’Υμεῖς
1080 1245 1255 1299 οίδατε
1294 1245 1355 1298 16
1383 1243 1673 1314 γενόμενον

166 1358 178 1390 1
209 1340 329 1409 ῥῆμα
354 1340 470 1393 καθ’
498 1341 626 1411 ὅλης
656 1340 753 1409 τῆς
774 1337 1058 1403 Ἰουδαίας,
1102 1338 1409 1409 ἀρξάμενον
1439 1334 1544 1388 ἀπὸ
1572 1334 1674 1405 τῆς

165 1446 179 1479 1
204 1428 473 1493 Γαλιλαίας,
500 1428 638 1499 μετὰ
658 1428 720 1481 16
742 1427 1019 1497 βάπτισμα
1046 1424 1079 1478 δ’
1101 1425 1365 1498 ἐκήρυξεν
1396 1423 1673 1493 Ἰωάννης,

167 1520 370 1589 ιἸησοῦν
388 1520 477 1573 τὸν
511 1519 618 1573 ἀπὸ
644 1517 927 1589 Ναζαρέθ.

210 1610 367 1664 Ταῦτα
390 1610 539 1678 λέγει
581 1608 672 1662 διὰ
700 1608 825 1670 τοὺς
858 1607 1154 1677 παρόντας,
1185 1606 1273 1659 ίνα
1314 1606 1404 1659 καὶ
1433 1603 1674 1667 ἐκείνους

161 1704 476 1773 ἐπισπάσηται
531 1704 615 1766 εἰς
674 1702 878 1756 πίστιν.
926 1700 1119 1770 Ὅμως
1173 1700 1359 1754 δίδωσι
1395 1701 1507 1761 τοῖς
1536 1696 1674 1760 υἱοῖς

162 1794 328 1864 Ἰσραὴλ
380 1794 439 1847 τδ
494 1792 792 1862 ἐξαίρετον,
825 1791 913 1847 ἴνα
971 1790 1048 1861 μὴ
1111 1790 1406 1860 νομίσωσιν
1433 1791 1490 1842 ἐν
1518 1787 1670 1854 τάξει

160 1886 531 1955 ἀπερριμμένων
560 1879 721 1938 εἶναι.
746 1875 916 1946 Οὗτός
943 1883 1083 1949 ἐστι,
1122 1882 1277 1953 φησὶ,
1304 1883 1521 1935 πάντων
1564 1876 1675 1933 Κύ-

163 1996 261 2047 ριος.

211 2070 318 2133 ι’ος
343 2069 553 2140 ἔχρισεν
579 2068 740 2123 αὑτὸν
768 2069 797 2122 6
831 2066 963 2132 Θεδς
991 2064 1270 2134 Πνεύματι
1293 2062 1435 2134 ἁγίῳ
1461 2062 1555 2116 καὶ
1582 2061 1676 2114 δυ-

164 2161 421 2229 ινάμει,ὃς
442 2161 660 2230 διῆλθεν
690 2159 998 2231 εὐεργετῶν
1057 2157 1155 2211 καὶ
1206 2158 1434 2227 ἰώμενος
1471 2157 1675 2215 πάντας

164 2272 175 2300 ι
200 2250 946 2320 τοὺςκαταδυναστευομένους
990 2249 1094 2302 ὑπὸ
1119 2245 1216 2301 τοῦ
1239 2245 1509 2309 διαϐόλου,
1535 2240 1617 2298 ὅτὶ
1648 2245 1677 2297 6

166 2361 177 2389 ε
206 2341 312 2405 Θεὸς
341 2339 405 2415 ἦν
442 2342 565 2411 μετ’
594 2341 782 2395 αὐτοῦ.
813 2342 923 2395 Καὶ
972 2342 1134 2411 ἡμεῖς
1183 2340 1351 2410 ἐσμεν
1401 2339 1676 2409 μάρτυρες

164 2454 176 2484 1
205 2436 388 2488 πάντων
408 2428 482 2488 ὧν
505 2435 759 2503 ἐποίησεν
804 2433 860 2485 ἐν
886 2451 944 2486 τε
982 2434 1047 2501 τῇ
1074 2430 1229 2502 χώρᾳ
1264 2429 1373 2484 τῶν
1405 2428 1676 2483 Ἰουδαίων

167 2527 278 2578 ικαὶ
298 2529 350 2580 ἐν
390 2527 766 2595 Ἰερουσαλὴμ,
801 2525 861 2579 ὃν
889 2525 1102 2578 ἀνεῖλον
1147 2524 1522 2595 κρεμάσαντες
1583 2522 1675 2573 ἐπὶ

165 2635 177 2667 ι
204 2616 350 2680 ξύλου.
386 2618 588 2671 Τοῦτον
618 2620 646 2671 6
675 2618 809 2680 Θεὸς
848 2617 1036 2687 ἡγειρε
1067 2618 1134 2687 τῇ
1166 2616 1324 2686 τρίτῃ
1352 2613 1556 2684 ἡμέρᾳ,
1583 2613 1677 2665 καὶ

164 2728 176 2757 1
202 2710 367 2763 ἔδωκεν
396 2710 558 2764 α’ἓτὸν
582 2709 800 2781 ἐμφανῆ
831 2708 1084 2778 γενέσθαι
1136 2707 1199 2761 ού
1235 2706 1395 2760 παντὶ
1423 2706 1503 2776 τῷ
1541 2704 1675 2774 λαῷ,

164 2799 309 2851 σάλλά
336 2802 569 2869 μάρτυσι
596 2801 709 2863 τοῖς
749 2797 1401 2869 προκεχειροτονημένοις
1432 2795 1537 2848 61:6
1580 2792 1677 2847 τοῦ

163 2906 176 2937 ι
204 2887 313 2941 Θεοῦ
338 2892 485 2960 ἡμῖν.
501 2909 520 2942 1

212 2981 271 3032 T6
294 2983 571 3051 κεκρίσθαι
600 2981 813 3051 Ἰησοῦν
850 2978 1127 3051 Πνεύματι
1162 2979 1301 3049 ἁγίῳ
1353 2978 1456 3032 61:6
1510 2976 1668 3042 Θεοῦ,

160 3071 267 3121 γαῖά
288 3071 342 3123 16
376 3072 717 3141 ἀνθρώπινον
739 3072 821 3124 δεῖ
841 3072 1002 3124 νοεῖν.
1037 3069 1257 3137 Ἐπειδὴ
1311 3068 1420 3139 γὰρ
1473 3067 1675 3119 ἐκένω-

1783 616 1804 650 1
1841 610 1904 651 os
1933 595 2072 650 dixit
2100 612 2114 649 :
2171 593 2310 649 Vere
2342 590 2620 662 comperio
2652 588 2798 660 quod
2837 602 2945 642 non
2979 587 3052 641 sit
3085 598 3349 654 persona-

1779 704 1799 740 1
1839 701 1960 740 rum
2000 691 2286 754 respectus
2315 696 2498 737 coram
2538 679 2689 736 Deo:
2723 679 2818 736 sed
2859 678 2915 755 in
2953 676 3145 747 quavis
3190 685 3350 744 gente

1781 795 1801 830 1
1840 777 1934 848 qui
1962 776 2118 832 timet
2140 775 2319 845 ipsum
2332 782 2387 831 et
2409 756 2981 845 operaturjttstitiam,
3012 767 3059 822 is
3088 772 3349 836 acceptus

1780 886 1799 921 1
1839 874 1923 923 est
1947 867 2048 922 illi.
2088 885 2108 921 1
3324 852 3327 855 ’

1849 977 1869 1011 1
1907 956 2206 1021 Justitiam,
2249 974 2269 1009 1
2305 955 2410 1010 hoc
2437 964 2527 1019 ,εει
2553 968 2770 1009 omnem
2793 953 3091 1016 ,virtutem.

1844 1048 1915 1117 Χ,
1942 1048 2129 1104 56-58.
2161 1066 2180 1101 1
2219 1046 2319 1102 Hic
2348 1054 2433 1103 est
2458 1061 2659 1109 sermo,
2678 1060 2837 1107 quem
2867 1042 3018 1100 misit
3046 1040 3189 1097 Deus
3222 1039 3346 1096 ﬁliis

1782 1158 1802 1194 1
1839 1132 2007 1197 Israel
2054 1140 2388 1196 annuntians
2426 1152 2618 1208 pacem
2665 1152 2760 1208 per
2809 1134 2996 1191 Jesum
3046 1133 3347 1195 Christum,
3449 1140 3452 1143 '

1752 1248 1800 1310 7‘1
1843 1230 1929 1285 hic
1957 1238 2042 1285 est
2088 1230 2331 1286 omnium
2360 1229 2646 1286 Dominus.
2683 1226 2789 1297 lpsi
2834 1226 3143 1297 scitis.rem
3168 1266 3184 1290 ,
3228 1237 3365 1294 qua,

1781 1341 1801 1375 1
1841 1322 2043 1377 accidit
2073 1337 2170 1392 per
2203 1330 2367 1375 totam
2393 1319 2659 1383 Iudaeam,
2691 1334 2815 1373 eum
2849 1314 3151 1389 lnceplsSet
3179 1329 3210 1371 α
3243 1314 3351 1371 Ga-

1781 1432 1809 1467 1.
1842 1414 1981 1469 lilaza
2022 1420 2146 1484 post
2187 1413 2454 1484 baptisma
2484 1453 2497 1477 ,
2540 1413 2683 1483 quod
2722 1411 3036 1481 praedicavit
3086 1407 3348 1472 Joannes,

1781 1523 1801 1557 1
1841 1519 2034 1576 nempe
2062 1504 2129 1560 de
2154 1503 2283 1561 Jesu
2304 1503 2607 1558 Nazarene.
2651 1520 2670 1554 1
2895 1566 2907 1575 ~

1846 1596 1972 1651 Haec
2016 1603 2238 1666 propter
2281 1609 2377 1649 eos
2409 1593 2566 1658 dicit,
2599 1592 2691 1663 qui
2732 1601 3029 1662 praesentes
3059 1600 3257 1654 erant,
3291 1597 3352 1644 ut

1776 1688 1940 1743 etiam
1975 1688 2101 1741 illos
2129 1686 2194 1739 ad
2225 1685 2384 1739 ﬁdem
2414 1685 2691 1739 attrahat:
2728 1685 2781 1738 id
2821 1692 3002 1737 tamen
3033 1682 3178 1751 quod
3210 1696 3353 1750 pra:-

1778 1778 2002 1849 cipuum
2032 1784 2117 1831 est
2138 1777 2231 1830 dat
2255 1775 2379 1830 llliis
2407 1774 2596 1839 Israel,
2628 1788 2696 1828 ne
2726 1789 2785 1828 se
2818 1776 2871 1826 in
2896 1772 3091 1826 ordine
3126 1771 3355 1839 rejecte-

1777 1885 1899 1925 rum
1932 1884 2054 1925 esse
2073 1868 2425 1924 arbitrentur.
2472 1864 2573 1921 llic
2598 1874 2703 1928 est,
2738 1863 2935 1935 inquit,
2960 1864 3202 1919 omnium
3246 1862 3354 1916 Do-

1778 1960 1980 2015 minus.

1853 2049 1923 2113 Χ,
1980 2049 2169 2105 58-“.
2233 2068 2252 2102 1
2293 2048 2580 2115 Quomodo
2633 2046 2854 2103 unxerit
2911 2061 3034 2102 eum
3089 2044 3352 2101 Dominus

1785 2160 1804 2195 1
1845 2142 2051 2212 Spiritu
2088 2151 2279 2198 sancto
2315 2151 2369 2197 et
2398 2142 2624 2209 Virtute,
2668 2142 2759 2211 qui
2796 2141 3094 2195 ambulavit
3129 2139 3355 2194 benefa-

1783 2252 1802 2286 1
1843 2233 2039 2289 ciendo
2090 2242 2146 2288 et
2185 2233 2429 2288 sanando
2472 2247 2664 2288 omnes
2707 2245 3004 2301 oppressos
3035 2245 3063 2284 a
3110 2230 3349 2295 diabolo,

1783 2343 1800 2376 1
1844 2326 2102 2393 quoniam
2126 2321 2269 2377 Deus
2284 2331 2400 2377 erat
2432 2337 2558 2377 cum
2579 2323 2692 2377 illo.
2728 2322 2792 2376 Et
2824 2338 2923 2377 nos
2954 2330 3122 2377 testes
3158 2337 3352 2378 sumus

1785 2434 1805 2467 1
1845 2416 2113 2479 omnium,
2142 2430 2263 2484 qua
2288 2412 2417 2470 fecit
2443 2414 2496 2468 in
2528 2415 2749 2486 regione
2777 2412 3086 2468 Judaeorum
3120 2422 3174 2468 et
3199 2411 3357 2468 εἰει-ο-

1785 2526 1803 2557 1
1846 2506 2114 2576 solytuis:
2165 2520 2325 2573 quem
2365 2506 2683 2560 occiderunt
2729 2520 3054 2574 suspensum
3089 2505 3140 2559 in
3185 2505 3356 2574 ligno.

1784 2614 1803 2647 1
1845 2594 1998 2649 llunc
2014 2594 2153 2649 Deus
2173 2597 2455 2651 suscitavit
2470 2597 2631 2651 tertio
2650 2595 2759 2661 die,
2779 2602 2832 2650 et
2851 2595 3103 2649 exhibuit
3123 2610 3270 2659 eum,
3296 2603 3357 2649 ut

1785 2705 1804 2738 1
1849 2693 2137 2755 appareret
2166 2699 2274 2739 non
2301 2685 2449 2740 omni
2474 2685 2696 2755 pepulo,
2727 2684 2823 2741 sed
2854 2685 3086 2741 testibus
3108 2683 3262 2755 prius
3286 2683 3356 2738 ad

1785 2796 1804 2830 1
1850 2780 1951 2833 hoc
1988 2775 2163 2848 alDeo
2193 2775 2443 2844 delectis,
2473 2776 2735 2832 nimirum
2767 2776 2951 2833 nobis.
2987 2794 3009 2829 1

1852 2951 2086 3006 Unctum
2120 2966 2243 3007 esse
2273 2950 2461 3007 Jesum
2492 2967 2523 3007 a
2556 2951 2764 3022 Spiritu
2801 2958 3016 3019 sancto,
3049 2953 3352 3009 secundum

1782 3041 2172 3095 humanitatem
2199 3041 2503 3109 intelligere
2530 3047 2765 3109 oportet.
2783 3038 3178 3110 99Quoniam
3208 3039 3353 3094 enim

161 3175 228 3210 σεν
254 3161 446 3224 ἑαυτὸν,
474 3130 573 3215 καὶ
606 3161 999 3232 παραπλησίως
1030 3162 1159 3229 ἡμῖν
1221 3130 1482 3228 μετέσχεν
1510 3158 1676 3225 αῖμα-
1702 3160 1752 3222 c
1780 3147 1809 3186 θ

1704 3160 1752 3222 c
1780 3131 2077 3186 exinauivit
2105 3132 2477 3201 semetipsum,
2504 3140 2556 3185 et
2587 3130 2836 3200 proxime
2859 3132 2927 3185 ad
2950 3143 3052 3185 nos
3084 3130 3354 3190 accedens

160 3267 226 3310 τος
268 3254 350 3304 καὶ
380 3252 606 3322 σαρκὸς,
641 3250 812 3304 ταῦτα
864 3250 1004 3319 ἅπερ
1037 3249 1149 3319 ἔχει
1196 3248 1337 3300 κατὰ
1392 3246 1575 3315 φύσιν,
1606 3246 1682 3309 ὡς

159 3339 255 3403 Θεὸς
280 3342 570 3412 λαμὸάνειν
598 3343 819 3409 λέγεται
868 3340 957 3395 διὰ
979 3341 1041 3394 16
1078 3338 1435 3410 ἀνθρώπινον.
1455 3340 1681 3408 Δέχεται

158 3432 237 3498 rip
257 3433 339 3502 οὐχ
367 3433 565 3502 ἐαυτῷ,
600 3433 720 3486 καθ’
752 3434 781 3485 6
809 3432 942 3496 Θεὸς
996 3432 1167 3500 Λόγος
1218 3430 1366 3502 ἐστὶν
1420 3429 1551 3497 (ίδια
1574 3428 1681 3499 γάρ

157 3516 205 3588 ἦν
220 3523 403 3594 αὑτοῦ),
429 3524 549 3577 ἀλλ’
578 3526 735 3594 ἡμῖν,
762 3524 837 3589 ὡς
867 3526 925 3577 ἐν
952 3523 1174 3593 ἀπανρχῇ
1201 3521 1268 3574 δι’
1295 3514 1515 3577 ἑαυτοῦ.

210 3721 225 3752 1
255 3705 447 3769 Οἰτινες
501 3702 879 3772 συνεφάγομεν
948 3701 1043 3754 καὶ
1092 3700 1421 3767 συνεπίομεν
1487 3698 1678 3769 αὐτῷ,

162 3810 175 3837 ι
206 3796 315 3859 μετὰ
345 3796 402 3848 τὸ
429 3795 731 3864 ἀναστῆναι
757 3793 922 3846 αὑτὸν
942 3794 1007 3845 ἐκ
1029 3791 1259 3863 νεκρῶν.
1292 3791 1401 3843 Καὶ
1459 3790 1675 3860 παρήγ-

160 3884 353 3950 ιγειλεν
402 3887 539 3957 ἡμῖν
586 3883 819 3955 κηρύξαι
864 3881 942 3952 τῷ
1006 3881 1121 3951 λαῷ
1173 3882 1267 3935 κα)⁵
1306 3880 1681 3951 διαμαρτύρα-

160 3992 173 4021 ι
203 3975 319 4037 σθαι,
347 3977 425 4029 ὅτι
448 3977 615 4039 αὑτός
638 3977 785 4027 ἐστιν
829 3975 857 4026 6
882 3972 1187 4042 ὡρισμένος
1214 3971 1340 4025 ’ὑπὸ
1395 3970 1491 4023 τοῦ
1547 3968 1684 4024 Θεοῦ

160 4082 172 4111 t
199 4066 361 4133 κριτὴς
381 4065 605 4129 ζώντων
628 4065 723 4117 καὶ
753 4062 981 4134 νεκρῶν.
1022 4081 1041 4113 1

206 4154 458 4208 Ἐντεῦθεν
487 4156 593 4227 τὴν
617 4155 910 4209 ἀνάστασιν
939 4152 1033 4205 τοῦ
1066 4150 1307 4222 Χριστοῦ
1348 4148 1686 4227 διαβεϐαιοῦ-

154 4246 315 4308 ται,ἑκ
369 4247 462 4300 τοῦ
494 4246 805 4315 συμφαγεῖν
859 4242 1008 4313 αύτῷ
1064 4241 1202 4313 μετὰ
1238 4242 1337 4311 τὴν
1370 4226 1682 4295 ἀνάστασιν.

157 4332 259 4386 Οὐδὲ
281 4335 377 4404 γὰρ
408 4335 654 4399 ἀναστὰς
678 4333 901 4404 ἐποίησέ
927 4351 980 4386 τι
1014 4334 1239 4403 σημεῖον
1268 4347 1282 4361 ·
1322 4330 1462 4400 αὕτη
1501 4332 1607 4400 γὰρ
1643 4332 1677 4399 ἠ

1784 3222 2134 3293 participavit
2165 3237 2331 3277 carne
2353 3230 2406 3277 et
2427 3222 2694 3296 sanguine
2722 3238 2738 3278 :
2769 3222 2884 3280 hac
2910 3231 3033 3294 qua
3052 3215 3354 3278 secundum

1784 3323 2034 3370 naturam
2056 3315 2239 3379 habet,
2262 3324 2319 3367 ut
2341 3313 2483 3368 Deus
2512 3314 2759 3384 accipere
2783 3314 2985 3368 dicitur
3010 3322 3233 3383 propter
3258 3311 3358 3370 ιω.

1784 3408 2121 3461 manitatem.
2169 3406 2383 3474 Accipit
2429 3420 2686 3474 namque,
2736 3419 2842 3458 non
2885 3405 3013 3469 sibi,
3050 3404 3354 3459 secundum

1784 3498 1928 3568 quod
1964 3497 2107 3553 Deus
2157 3496 2389 3551 Verbum
2422 3504 2507 3551 est
2534 3495 2681 3566 (nam
2722 3496 2941 3566 propria
2974 3496 3120 3550 illius
3151 3494 3354 3564 erant),

1785 3593 1877 3647 sed
1911 3591 2369 3660 nobis,tanqua1n
2403 3592 2456 3642 in
2493 3588 2751 3657 primitiis
2788 3603 2883 3657 per
2911 3588 3177 3657 seipsum.

1854 3681 1925 3747 Χ,
1957 3680 2143 3737 ιι-ιιε.
2176 3699 2194 3732 1
2237 3680 2339 3746 Qui
2373 3680 2717 3734 comedimus
2741 3693 2804 3733 ac
2834 3678 3069 3734 bibimus
3096 3691 3202 3731 una
3228 3691 3354 3731 cum

1791 3792 1809 3826 1
1844 3768 1987 3843 ipso,
2022 3782 2310 3843 postquam
2343 3771 2641 3826 resurrexit
2667 3784 2695 3823 a
2722 3770 2976 3825 mortuis.
3000 3768 3066 3822 Et
3096 3769 3354 3839 praecepit

1795 3882 1816 3916 1
1860 3864 2041 3927 nobis.
2076 3872 2134 3918 ut
2158 3864 2582 3933 praedicaremus
2619 3861 2820 3931 populo
2849 3875 2913 3915 ac
2937 3859 3354 3915 testiﬁcaremur

1792 3976 1811 4010 1
1852 3955 1999 4027 quod
2019 3956 2135 4027 ipse
2160 3956 2229 4011 sit
2259 3955 2369 4020 ille,
2397 3953 2490 4023 qui
2520 3954 2853 4009 constitutus
2882 3961 2967 4008 est
2995 3967 3026 4006 a
3058 3952 3165 4007 Deo
3184 3951 3349 4023 judex

1792 4068 1811 4102 1
1851 4050 2096 4103 vivorum
2129 4061 2193 4101 ac
2225 4053 2587 4101 mortuorum.
2624 4062 2643 4095 1

1860 4139 1999 4193 Hinc
2019 4138 2221 4193 Christi
2257 4136 2710 4193 resurrectionem
2736 4133 3041 4197 conﬁrmat,
3060 4126 3203 4202 (μιοὰ
3227 4145 3349 4183 cum

1785 4245 1851 4285 eo
1882 4240 2005 4300 post
2036 4230 2492 4285 resurrectionem
2525 4228 2878 4282 comederint.
2912 4225 3097 4293 Neque
3136 4223 3278 4277 enim
3321 4236 3349 4275 a

1785 4322 2192 4377 resurrectione
2235 4320 2361 4374 fecit
2392 4318 2611 4388 aliquod
2656 4319 2870 4385 signum
2913 4334 2926 4371 :
2962 4317 3078 4386 ipsa
3120 4328 3353 4382 namque

155 4423 400 4489 ἀνάστασις
427 4427 579 4496 μέγα
606 4427 830 4495 σημεῖον
851 4419 939 4493 ἦν.
972 4422 1187 4493 Ταύτης
1202 4422 1260 4475 δὲ
1289 4422 1440 4475 οὐδὲν
1463 4421 1687 4490 σημεῖον
1711 4481 1761 4496 ﬁ
1788 4429 1805 4467 1

1711 4481 1761 4496 ﬁ
1788 4413 2120 4467 resurrectio
2161 4426 2415 4480 magnum
2487 4418 2604 4464 erat
2644 4410 2882 4478 signum,
2935 4404 3350 4463 resurrectionis

155 4502 205 4577 ἦν
226 4512 289 4577 ὡς
311 4513 368 4568 16
395 4517 596 4584 φαγεῖν
619 4516 715 4570 καὶ
744 4515 907 4569 πιεῖν.

212 4704 227 4739 ι
258 4688 436 4760 Τούτῳ
460 4690 669 4752 πάντες
693 4688 744 4742 οἱ
771 4688 1049 4760 προφῆται
1084 4688 1456 4761 μαρτυροῦσιν
1491 4688 1685 4760 ἄφεσιν
1739 4690 1747 4695 ”

161 4793 173 4825 t
205 4778 462 4848 ἁμαρτιῶν
489 4780 681 4833 λαὸεἰν
706 4780 796 4833 διὰ
813 4780 908 4833 τοῦ
934 4780 1198 4851 ὀνόματος
1252 4779 1419 4834 αὑτοῦ
1488 4780 1669 4835 πάντα

160 4881 173 4914 1
198 4866 270 4919 τὸν
292 4872 615 4925 πιστεύοντα
647 4874 727 4934 είς
755 4871 940 4927 αὐτόν.
972 4891 991 4924 1

206 4960 359 5025 Ὅσοι,
410 4965 573 5034 φησὶ,
615 4966 892 5035 προφῆται
933 4963 1203 5034 ἐλάλησαν
1231 4964 1362 5036 περὶ
1388 4964 1678 5034 ἁμαρτιῶν

154 5046 375 5117 ἀφέσεως,
403 5056 462 5107 ἐν
486 5054 667 5125 τούτῳ
698 5054 776 5125 τῷ
806 5054 982 5125 Ἰησοῦ
1016 5050 1168 5108 εἶπον
1201 5054 1369 5118 αὐτάς
1399 5055 1678 5125 ἀφίεσθαι.

155 5137 279 5193 Οὕτω
304 5145 392 5197 καὶ
433 5145 693 5208 Ἡσαΐας,
725 5145 787 5198 16
822 5145 987 5199 αὑτοῦ
1040 5145 1308 5216 εἰσφέρων
1366 5146 1680 5216 πρόσωπον,

155 5224 297 5295 λέγει·
330 5252 348 5285 ι
384 5233 528 5301 Ἐγώ
554 5235 675 5305 είμι
704 5236 732 5287 6
753 5234 1052 5303 ἐξαλείφων
1099 5236 1199 5300 τὰς
1246 5235 1525 5306 ἁμαρτίας
1565 5254 1679 5301 <30”;

155 5320 225 5371 ni
244 5323 330 5386 τὰς
354 5326 587 5397 ἀνομίας
618 5344 733 5381 σου.
767 5346 787 5380 1

210 5430 226 5463 1
261 5416 370 5469 Ἔτι
401 5418 697 5483 λαλοῦντος
729 5419 823 5474 τοῦ
862 5421 1069 5492 Πέτρου
1109 5423 1178 5476 τά
1224 5424 1445 5495 ῥήματα
1489 5420 1683 5488 ταῦτα,

161 5502 412 5560 ιὲπέπεσε
469 5509 533 5562 16
596 5509 823 5580 Πνεῦμα
871 5513 932 5566 16
965 5513 1120 5580 ἅγιον
1157 5515 1250 5567 ἐπί
1308 5515 1516 5576 πάντας
1556 5512 1682 5574 τοὺς

157 5609 173 5643 1
200 5595 470 5665 ἀκούοντας
491 5602 588 5655 τὸν
617 5602 774 5671 λόγον
796 5620 811 5636 θ
835 5606 929 5661 καὶ
961 5607 1254 5677 ἐξέστησαν
1283 5608 1331 5660 οἱ
1372 5608 1434 5659 ἐκ
1464 5622 1681 5675 περιτο-

209 5774 247 5805 ⁸³
273 5777 363 5833 lsa.
392 5797 545 5846 um,
564 5781 659 5835 25.

1710 4481 1764 4541 Ῑ)
1792 4513 1971 4557 autem
2000 4502 2208 4557 nullum
2237 4503 2342 4557 tale
2374 4502 2587 4572 signum
2615 4509 2752 4567 erat,
2778 4499 2937 4571 quale
2964 4508 3048 4555 est
3072 4498 3253 4553 edisse
3290 4511 3353 4550 ac

1788 4594 2015 4651 bibisse.

1860 4684 1931 4750 Χ,
1960 4685 2049 4740 45.
2093 4701 2112 4735 1
2158 4682 2293 4738 lluie
2332 4697 2525 4739 omnes
2556 4681 2833 4752 propheta:
2871 4680 3241 4737 testimonium
3275 4678 3356 4734 l‘e—

1790 4796 1810 4830 1
1853 4787 2044 4833 cerunt
2068 4776 2212 4845 quod
2247 4775 2623 4829 remissionem
2660 4782 3006 4842 peccatorum
3028 4780 3356 4841 accepturus

1794 4890 1812 4922 1
1854 4870 1925 4925 sit
1955 4885 2048 4939 per
2076 4882 2294 4923 onmem
2327 4867 2447 4934 ejus
2478 4867 2730 4935 quisquis
2760 4865 2934 4919 credit
2964 4866 3016 4918 in
3048 4865 3248 4933 ipsum.
3293 4882 3313 4915 1

1858 4963 2152 5029 Quotquot,
2186 4959 2384 5028 inquit,
2406 4958 2679 5027 prophetae
2706 4957 2871 5011 locuti
2899 4965 3027 5011 sunt
3056 4954 3123 5009 de
3150 4969 3352 5022 pecca-

1788 5060 1972 5107 torum
2005 5050 2350 5109 rentissione.
2379 5064 2472 5119 per
2501 5049 2645 5102 hunc
2676 5047 2862 5103 Jesum
2900 5048 3157 5101 dixerunt
3187 5061 3248 5100 ea
3274 5061 3355 5099 re-

1790 5145 1953 5199 mitti.
2004 5141 2095 5197 Sic
2132 5150 2186 5197 et
2231 5141 2419 5205 Isaias,
2459 5148 2741 5209 assumpta
2785 5140 2906 5210 ejus
2936 5154 3188 5208 persona,
3221 5137 3297 5190 ait
3335 5155 3349 5192 :

1789 5253 1808 5288 1
1847 5236 1957 5303 Ego
2003 5248 2146 5296 sum,
2188 5233 2282 5302 qui
2313 5231 2466 5287 deleo
2508 5230 2829 5302 iniquitates
2872 5238 3015 5295 tuas,
3049 5235 3104 5283 et
3132 5234 3353 5297 peccata

1783 5334 1875 5381 tua
1902 5325 1969 5377 ".
2007 5343 2025 5376 1

1854 5417 1924 5482 Χ,
1973 5416 2165 5470 ιιι-48.
2211 5434 2231 5465 1
2267 5414 2513 5484 Cumque
2556 5412 2734 5467 adhuc
2788 5411 3104 5482 loqueretur
3159 5409 3351 5463 Petrus

1790 5528 1809 5561 1
1851 5507 2013 5563 verba
2044 5508 2178 5570 haec,
2210 5505 2435 5575 illapsus
2455 5512 2538 5559 est
2565 5501 2803 5572 Spiritus
2831 5512 3053 5557 sanctus
3086 5503 3137 5555 in
3159 5515 3350 5554 amnes

1793 5621 1810 5652 1
1850 5600 1940 5671 qui
1972 5596 2262 5655 audiebant
2292 5610 2629 5653 sermonem:
2654 5602 2708 5652 et
2736 5594 3140 5665 obstupuerunt
3171 5594 3223 5646 hi
3255 5592 3347 5662 qui
