4178 6464
174 412 278 477 139

1136 415 1523 475 COMMENT.
1557 414 1631 473 ΙΝ
1673 416 1857 474 ACTA
1903 418 2485 484 APOSTOLORUM.

3330 422 3436 489 190

177 532 590 585 «ιἋπόστειλον
616 533 699 595 είς
728 533 955 603 Ἰόππην
999 532 1226 596 ἄνδρας,
1258 532 1354 584 καὶ
1396 533 1753 602 μετάπεμψαι

1869 549 1883 583 ι
1927 532 2203 587 Simonem
2242 543 2605 601 cognomento
2636 532 2881 600 Petrum,
2910 534 3003 605 qui
3038 533 3137 590 tibi
3166 548 3231 591 ea
3258 535 3441 592 dictu-

177 643 197 674 ‹
239 625 467 691 Σίμωνα
494 625 587 676 τὸν
618 625 1050 694 ἐπικαλούμενον
1078 625 1308 693 Πέτρον,
1341 626 1397 687 ὃς
1420 626 1640 694 λαλήσει
1668 628 1758 695 ῥή-

179 735 197 763 ‹
242 731 393 782 ματα
423 715 558 782 πρὸς
590 715 670 778 σὲ,
699 717 756 766 ἐν
788 711 866 778 οἷς
895 713 1117 785 σωθήσῃ
1154 714 1215 766 σὺ
1275 716 1367 766 καὶ
1401 718 1505 775 πᾶς
1545 718 1571 767 ὁ
1607 711 1757 777 οἶκός

179 822 195 852 ι
244 820 363 856 σου.
418 804 507 855 Ἰιῖν
546 804 601 855 δέ
637 805 715 873 τῷ
764 805 1032 874 ἄρξασθαί
1099 821 1163 873 με
1210 804 1389 856 λαλεῖν
1445 806 1757 857 Exi-57.53sz

178 914 196 942 ι
240 895 471 962 Πνεῦμα
498 894 558 945 τὸ
582 896 735 961 ἅγιον
760 896 844 947 ἐπ’
885 896 1105 957 αὐτοὺς,
1132 895 1319 963 ὥσπερ
1348 896 1439 947 καὶ
1481 894 1563 963 ἐφ’
1611 898 1757 963 ἡμᾶς

178 1006 196 1037 ι
240 988 302 1037 ἐν
330 989 496 1056 ἀρχῇ.
544 988 851 1058 Ἐμνήσθην
894 988 949 1040 δὲ
993 987 1086 1039 τοῦ
1123 991 1366 1057 ῥήματος
1419 988 1642 1055 Κυρίου,
1682 991 1756 1051 ὡς

180 1098 195 1126 ι
236 1078 450 1144 ἔλεγεν·
485 1078 740 1147 Ἰωάννης
786 1078 883 1148 μὲν
933 1080 1232 1132 ἐϐάπτισεν
1290 1078 1463 1141 ῦδατι,
1496 1080 1653 1147 ὑμεῖς
1701 1082 1756 1132 δὲ

184 1188 201 1214 ε
240 1170 688 1239 βαπτισθήσεσθε
716 1175 773 1223 ἐν
798 1172 1076 1240 Πνεύματι
1118 1172 1275 1241 ἁγίῳ.
1301 1174 1361 1225 El
1397 1170 1488 1225 οὖν
1518 1174 1615 1244 τὴν
1635 1175 1757 1241 ἴσην

182 1279 199 1307 ι
241 1260 459 1328 δωρεάν
479 1261 679 1313 ἔδωκεν
698 1262 881 1324 αὐτοῖς
902 1266 929 1315 ὁ
966 1263 1119 1325 Θεὸς,
1148 1264 1343 1325 ὡςκαὶ
1376 1266 1505 1330 ἡμῖν
1536 1264 1757 1315 πιστεύ-

182 1369 199 1399 ι
240 1369 405 1402 σασιν
440 1354 530 1404 ἐπὶ
554 1353 644 1405 τὸν
678 1354 879 1422 Κύριον
912 1354 1121 1422 Ἰησοῦν
1176 1356 1426 1423 Χριστὸν,
1460 1355 1568 1421 ἐγὼ
1590 1355 1647 1407 δὲ
1673 1356 1758 1417 τίς

180 1460 199 1488 ⁸
241 1443 399 1508 ἥμην
427 1443 653 1506 δυνατὸς
686 1443 923 1497 κωλύσαι
964 1444 1054 1495 τὸν
1089 1446 1252 1508 Θεόν;
1297 1444 1653 1507 ’Λκούσαντες
1702 1445 1757 1497 δὲ

181 1550 199 1581 ι
248 1532 452 1591 ταῦτα,
484 1535 790 1603 ἡσύχασαν,
825 1538 917 1586 καὶ
949 1536 1209 1598 ἐδόξασαν
1242 1536 1331 1587 τὸν
1366 1536 1519 1599 Θεὸν,
1575 1536 1761 1603 λέγον-

180 1643 197 1674 ι
239 1642 333 1688 τες
362 1644 376 1655 ·
413 1626 622 1694 ’Ἄραγε
652 1628 743 1679 καὶ
770 1630 881 1687 τοῖς
904 1627 1112 1680 ἔθνεσιν
1135 1630 1161 1679 ό
1192 1627 1321 1688 Θεὸς
1342 1628 1441 1697 τὴν
1474 1628 1759 1695 μετάνοιαν

181 1736 197 1766 ι
243 1718 451 1768 ἔδωκεν
508 1720 588 1781 εἰς
628 1719 792 1786 ζωήν.
835 1720 945 1772 Καὶ
984 1720 1032 1770 οί
1083 1719 1180 1787 μὲν
1236 1714 1328 1770 οῦν
1366 1719 1761 1788 διασπαρέντες

181 1827 199 1859 ι
236 1810 351 1860 ἀπὸ
408 1810 509 1878 τῆς
562 1810 795 1879 θλίψεως
842 1810 940 1880 τῆς
996 1812 1294 1879 γενομένης
1349 1812 1439 1861 ἐπί
1474 1811 1756 1880 Στεφάνῳ,

183 1918 199 1949 ι
238 1899 465 1967 διῆλθον
496 1901 601 1963 ἕως
629 1901 882 1970 Φοινίκης
909 1902 1003 1953 καὶ
1026 1900 1251 1969 Κύπρου
1282 1903 1374 1953 καὶ
1402 1900 1757 1969 Ἀντιοχείας,

184 2010 200 2040 ι
239 1992 439 2058 μηδενὶ
492 1992 781 2056 λαλοῦντες
835 1993 926 2046 τὸν
982 1993 1162 2059 λόγον,
1210 1995 1258 2045 εί
1289 1993 1363 2062 μὴ
1412 1995 1571 2062 μόνον
1631 1994 1760 2047 Ἰου-

181 2098 201 2129 ι
241 2082 443 2142 δαίοις.
468 2077 649 2134 Ἦσαν
682 2082 738 2135 δέ
770 2099 916 2146 τινες
957 2082 1017 2147 ἐξ
1051 2082 1231 2136 αὐτῶν
1290 2084 1480 2155 ἄνδρες
1526 2084 1761 2154 Κύπριοι

184 2190 204 2224 ι
240 2175 341 2225 καὶ
378 2174 704 2243 Κυρηναῖοι.
734 2193 754 2224 ι

247 2264 542 2316 Δείκνυσιν
573 2267 601 2317 ό
658 2266 860 2335 Πέτρος
908 2266 997 2319 διὰ
1055 2266 1156 2336 τῆς
1203 2268 1518 2333 ἀπολογίας,
1572 2268 1763 2320 ἐαυτὸν

182 2354 283 2421 μὲν
312 2355 553 2423 οὖδαμοῦ
584 2358 781 2419 αῐτιον,
820 2358 1097 2428 πανταχοῦ
1151 2359 1207 2412 δὲ
1249 2359 1339 2411 τὸν
1366 2360 1516 2415 Θεόν.
1554 2362 1641 2412 Ἐν
1669 2363 1762 2413 ἐκ-

180 2448 373 2498 στάσει
429 2448 538 2515 γὰρ
582 2448 744 2511 αὐτὸς
785 2450 1027 2518 ἐποίησε,
1061 2451 1215 2519 φησι,
1268 2451 1330 2503 τὸ
1364 2451 1554 2511 σκεῦος
1602 2452 1764 2514 αὐτὸς

177 2538 385 2601 ἐδειξεν
416 2555 431 2568 ·
473 2538 584 2604 ἐγὼ
619 2540 712 2592 καὶ
752 2541 1009 2594 ἀντεῖπον
1040 2558 1054 2571 ο
1111 2543 1204 2594 καὶ
1240 2541 1400 2593 πάλιν
1426 2543 1588 2605 αὐτὸς
1620 2539 1763 2607 εἷπε,

177 2630 275 2678 καὶ
306 2629 435 2680 οὐδὲ
462 2629 635 2691 οὕτως
656 2630 886 2699 ἥκουσα.
920 2631 993 2683 Τὸ
1027 2631 1249 2700 Πνεῦμα
1287 2632 1571 2685 ἐκέλευσεν
1596 2634 1764 2685 ἀπελ-

176 2722 315 2777 θεῖν.
356 2722 453 2772 καὶ
484 2721 733 2772 ἀπελθὼν
762 2722 882 2773 οὐδὲ
928 2720 1099 2784 οὕτως
1159 2722 1413 2790 ἔδραμον.
1462 2718 1629 2775 Εἶπον
1683 2723 1764 2775 ὅτι

175 2816 201 2864 ὁ
229 2814 369 2874 Θεὸς
393 2812 490 2864 ἐπε
502 2812 633 2880 μψε,
658 2812 753 2865 καὶ
784 2812 904 2865 ούδέ
928 2812 1101 2872 οὕτως
1124 2813 1414 2877 ἐϐάπτισα,
1446 2814 1580 2866 ἀλλά
1606 2815 1765 2867 πάλιν

178 2905 207 2955 ὸ
234 2902 373 2963 Θεὸς
407 2903 469 2954 τὸ
498 2905 607 2955 πᾶν
652 2904 963 2973 είργάσατο.
1010 2905 1070 2956 Ὀ
1093 2905 1223 2967 Θεὸς
1266 2906 1426 2968 αὐτὸς
1454 2907 1765 2971 ἐϐάπτισεν,

177 2997 279 3048 οὒκ
306 2996 444 3063 ἐγώ.
485 2996 606 3049 Ἔτι
640 2998 749 3067 γάρ
804 3014 906 3066 μου
936 2997 1225 3061 λαλοῦντος
1249 3000 1454 3063 αὐτοῖς,
1500 3000 1768 3052 ἐπέπεσεν

178 3091 269 3143 ἐπ’
318 3092 525 3153 αὐτοὺς
574 3090 637 3142 τὸ
663 3089 890 3159 Πνεῦμα
915 3091 975 3143 τὸ
1009 3092 1185 3158 ἆγιον,
1220 3092 1316 3145 καὶ
1343 3092 1565 3144 ἐλάλουν
1596 3091 1770 3160 γλώσ-

180 3198 330 3246 σαις,
361 3183 462 3234 καὶ
493 3182 829 3251 ἐμεγάλυνον
854 3183 945 3235 τὸν
968 3182 1103 3235 Θεὸν
1134 3182 1317 3245 καθὼς
1345 3183 1439 3236 καλ⁵
1460 3185 1643 3252 ἡμεῖς.

257 3289 277 3321 ι
312 3271 529 3332 Οῖτινες
605 3270 939 3332 εἰσελθόντες
1021 3273 1102 3334 εἰς
1163 3272 1494 3340 Ἀντιόχειαν
1545 3271 1767 3324 ἐλάλουν

185 3380 204 3412 ι
246 3361 393 3430 πρὸς
433 3361 560 3423 τοὺς
609 3361 958 3427 Ἑλληνιστάς
990 3362 1468 3431 εὐαγγελιζόμενοι
1513 3361 1604 3415 τὸν
1654 3361 1769 3415 Κύ-

187 3471 206 3503 ι
252 3468 374 3520 ριον
422 3450 654 3520 Ἰησοῦν.
691 3451 803 3504 Καὶ
838 3447 906 3522 ἦν
963 3452 1085 3522 χεὶρ
1147 3453 1352 3521 Κυρίου
1404 3454 1517 3520 μετ’
1570 3453 1765 3506 αὐτῶν.

188 3562 209 3594 r
248 3542 427 3604 Πολύς
470 3560 529 3595 τε
570 3544 803 3613 ἀριθμὸς
838 3546 1137 3606 πιστεύσας
1164 3544 1499 3614 ἐπέστρεψεν
1542 3546 1635 3597 ἐπὶ
1678 3546 1769 3598 τὸν

186 3652 205 3687 ι
248 3637 483 3704 Κύριον.
526 3634 798 3703 Ἠκούσθη
830 3636 886 3688 δέ
925 3635 953 3687 ό
982 3637 1136 3703 λόγος
1167 3638 1246 3699 είς
1275 3636 1343 3689 τὰ
1370 3631 1483 3689 ὦτα
1510 3638 1609 3706 τῆς
1646 3638 1768 3690 Ἐκ-

188 3745 205 3776 ι
246 3726 485 3793 κλησίας
540 3726 639 3795 τῆς
677 3728 735 3779 ἐν
805 3726 1201 3795 Ἰεροσολύμοις
1245 3730 1373 3796 περὶ
1420 3728 1601 3781 αὐτῶν
1632 3744 1643 3760 ·
1678 3729 1771 3782 καὶ

189 3835 207 3867 ι
246 3816 645 3879 ἐξαπέστειλαν
682 3815 969 3885 Βαρνάϐαν
1006 3816 1234 3869 διελθεῖν
1264 3816 1367 3879 ἐως
1416 3817 1768 3886 ’Δντιοχείας.

189 3924 208 3957 ι
254 3908 354 3967 Ὃς
392 3906 861 3975 παραγενόμενος,
902 3908 996 3960 καὶ
1029 3906 1151 3960 ἰδὼν
1174 3906 1271 3977 τὴν
1303 3907 1462 3978 χάριν
1493 3908 1587 3961 τοῦ
1611 3908 1766 3975 Θεοῦ,

188 4017 207 4050 ι
246 4000 452 4070 ἐχάρη,
510 3998 606 4050 καὶ
654 3999 955 4069 παρεκάλει
1003 4003 1231 4065 πάντας,
1282 4002 1349 4071 τῇ
1386 4001 1640 4071 προθέσει
1670 4002 1770 4070 τῆς

188 4110 206 4140 ι
245 4091 484 4158 καρδίας
510 4092 843 4160 προσμένειν
864 4091 942 4159 τῷ
970 4092 1179 4162 Κυρίῳ.
1218 4110 1236 4143 ι

259 4197 280 4230 ι
320 4179 469 4248 Πρὸς
488 4179 613 4240 τοὺς
649 4179 1045 4250 Ἑλληνιστάς.»
1077 4182 1237 4243 Ἴσως
1261 4180 1347 4233 διὰ
1380 4181 1439 4233 τὸ
1464 4181 1537 4251 μὴ
1571 4181 1769 4237 εἰδέναι

199 4270 508 4341 Ἐϐραϊστὶ,
554 4270 821 4339 Ἕλληνας
857 4272 1054 4334 αὐτοὺς
1087 4273 1335 4325 ἐκάλουν.
1368 4271 1625 4325 Ἐλάλουν
1653 4275 1768 4325 τοί-

184 4379 277 4413 νυν
331 4362 431 4414 καὶ
480 4361 615 4431 πρὸς
642 4363 861 4428 αὐτοὺς,
914 4364 1393 4432 εὐαγγελιζόμενοι
1431 4364 1522 4416 τὸν
1564 4364 1769 4434 Κύριον

184 4453 367 4523 Ἰησοῦ
382 4472 424 4516 θ,
464 4454 560 4506 καὶ
602 4454 887 4507 ἐπίστευον
931 4455 1191 4519 ἅπαντες,
1224 4454 1434 4525 ἐπειδὴ,
1467 4455 1622 4525 φησι,
1647 4456 1768 4525 χεὶρ

186 4544 393 4612 Κυρίου
434 4539 505 4613 ἦν
554 4546 673 4613 μετ’
708 4544 925 4597 αὐτῶνθ
984 4546 1252 4609 τουτέστι,
1316 4549 1516 4615 σημεῖα
1578 4548 1766 4615 εἰργά-

186 4634 363 4697 ζοντο.
404 4633 508 4685 Διὰ
538 4633 696 4686 τοῦτο
721 4635 828 4705 γὰρ
856 4636 888 4704 ἡ
911 4634 1018 4688 τῶν
1043 4636 1286 4706 σημείων
1308 4638 1522 4708 ἀνάγκη
1546 4638 1767 4707 γέγονεν

191 4744 273 4777 ινα
316 4740 711 4778 πιστεύσωσιν.

258 4840 279 4872 ‹
312 4821 440 4873 Ὀτι
478 4814 545 4889 ἦν
602 4819 742 4889 ἀνὴρ
793 4820 993 4888 ἀγαθὸς
1046 4822 1140 4876 καὶ
1182 4823 1397 4894 πλήρης
1448 4826 1769 4895 Πνεύματος

191 4931 209 4964 ι
244 4913 411 4980 ἁγίου
462 4912 555 4965 καὶ
588 4911 843 4976 πίστεως.
879 4915 987 4967 Καὶ
1025 4916 1326 4986 προσετέθη
1380 4916 1537 4987 δχλος
1586 4919 1768 4983 ἱκανὸς

192 5025 209 5055 ι
244 5006 327 5076 τῷ
377 5005 590 5074 Κυρίῳ.
642 5005 865 5074 Ἐξῆλθε
911 5008 968 5061 δὲ
1007 5009 1088 5071 είς
1149 5008 1361 5080 Ταρσὸν
1408 5012 1435 5063 ὁ
1481 5012 1769 5083 Βαρνάὸας

188 5111 206 5143 ι
245 5093 596 5161 ἀναζητῆσαι
648 5093 852 5148 Σαῦλον
880 5112 897 5128 ο
942 5096 1037 5150 καὶ
1084 5096 1260 5167 εὑρὼν
1315 5099 1497 5163 αὑτὸν,
1556 5101 1764 5170 ἠγαγεν

190 5202 207 5234 ι
244 5182 415 5235 αὐτὸν
465 5184 546 5244 εἰς
599 5181 948 5252 ’Δντιόχειαν.
985 5186 1236 5255 Ἐγένετο
1268 5188 1325 5241 δέ
1356 5189 1553 5252 αὐτοὺς
1586 5191 1765 5242 ἐνιαυ-

188 5294 207 5325 ι
245 5276 341 5328 τὸν
383 5274 506 5326 ὅλον
560 5274 889 5345 συναχθῆναι
922 5280 988 5348 τῇ
1035 5279 1341 5351 ἐκκλησίᾳ,
1400 5282 1495 5335 καὶ
1557 5281 1763 5347 διδάξαι

188 5387 205 5418 ι
240 5367 405 5435 ὄχλον
447 5365 652 5418 ἱκανόν.
691 5384 709 5416 ι

252 5458 357 5510 Διὰ
377 5457 431 5509 τί
466 5457 541 5527 μὴ
572 5458 769 5527 Παύλῳ
797 5461 1123 5530 γράφουσιν,
1152 5460 1287 5514 ἀλλὰ
1318 5462 1599 5531 Βαρνάϐαν
1624 5464 1762 5534 πέμ-

185 5566 424 5614 τουσιν;
465 5550 587 5602 Ὀτι
614 5549 768 5603 οῦπω
804 5551 899 5605 τοῦ
938 5552 1127 5620 ἀνδρὸς
1164 5553 1383 5623 ᾔδεισαν
1415 5553 1511 5624 τὴν
1536 5554 1754 5623 ἀρετήν.

185 5642 299 5691 OL:
358 5639 662 5692 ἀντίκειται
716 5641 771 5693 δὲ
824 5643 995 5713 τούτῳ
1062 5643 1143 5708 τὸ,
1198 5662 1217 5696 ι
1259 5643 1444 5706 Οὐδεὶς
1486 5645 1759 5715 ἁγαθὸςῆ

188 5736 346 5799 μένος
370 5732 398 5782 ό
432 5730 586 5791 Θεός.
627 5752 645 5784 ι
682 5734 757 5785 Ut)
782 5736 891 5807 γὰρ
913 5738 1108 5792 ταύτόν
1136 5738 1250 5790 ἐστι
1275 5737 1407 5790 Θεὸν
1442 5739 1599 5808 μόνον
1627 5738 1760 5805 ἀγα-

349 5846 480 5899 ί.υι;.
520 5862 670 5912 xvm,
710 5850 793 5903 l9.

1863 640 1883 673 ι
1930 638 2023 675 rus
2048 633 2128 676 est
2155 639 2249 691 per
2274 640 2395 693 qua:
2414 624 2666 689 salveris,
2694 633 2748 678 et
2769 631 2849 688 tu,
2875 632 2931 679 et
2958 624 3219 681 universa
3244 625 3442 682 domus

1864 731 1881 763 ι
1925 713 2301 783 tua.Cumque
2333 715 2479 785 loqui
2507 714 2817 783 coepissem,
2845 715 3072 785 illapsus
3092 723 3170 772 est
3204 714 3442 785 Spiritus

1864 822 1880 853 ι
1926 814 2148 858 sanctus
2174 806 2225 857 in
2249 807 2392 868 illos,
2416 805 2880 875 quemadmodum
2895 815 2948 859 et
2976 806 3029 859 in
3054 821 3154 861 nos
3171 807 3438 864 abinitio.

1865 918 1881 949 ι
1927 898 2265 952 Rccorduttls
2296 914 2416 951 sum
2450 910 2630 952 autem
2660 898 2809 951 verbi
2838 896 3073 961 Domini,
3106 898 3252 967 quod
3283 901 3439 953 dixe-

1863 1008 1880 1040 ι
1926 997 2042 1043 rat:
2073 989 2314 1043 Joannes
2346 990 2565 1058 quidem
2601 991 2895 1057 baptizavit
2924 1005 3092 1059 aqua,
3128 1006 3224 1045 vos
3254 1000 3435 1044 autent

1867 1101 1885 1131 ι
1926 1081 2333 1149 baptizabiiniui
2394 1081 2598 1149 Spiritu
2656 1093 2867 1137 sancto.
2930 1084 2987 1137 Si
3046 1098 3173 1152 ergo
3232 1083 3434 1137 dOnum

1863 1191 1880 1222 ι
1923 1175 2128 1241 :equale
2151 1174 2300 1227 dedit
2332 1175 2438 1228 illis
2460 1174 2622 1234 Deus.
2646 1175 2790 1228 sicut
2809 1182 2863 1228 et
2887 1175 3065 1238 nobis,
3097 1190 3221 1228 cum
3254 1174 3437 1229 credi-

1864 1284 1881 1315 (
1926 1266 2203 1318 dissemus
2235 1266 2287 1317 in
2316 1265 2603 1319 Dominum
2635 1264 2820 1321 Jesum
2855 1266 3156 1325 Christum.
3183 1282 3287 1333 ego
3308 1282 3440 1322 sane

1865 1375 1883 1407 ι
1930 1358 2054 1425 quis
2080 1372 2227 1409 eram
2253 1358 2345 1426 qui
2372 1372 2586 1426 possem
2618 1359 2890 1412 obsistere
2916 1357 3026 1409 Deo
3055 1356 3078 1409 ?
3122 1354 3216 1410 His
3256 1365 3436 1410 autent

1866 1469 1882 1500 ι
1926 1450 2130 1503 auditis
2160 1450 2532 1515 obticuerunt,
2558 1458 2610 1503 et
2655 1449 3099 1518 glorillcaverunt
3137 1447 3327 1514 Deum,
3356 1448 3439 1502 di-

1866 1559 1882 1590 ι
1925 1551 2108 1593 centes
2162 1558 2173 1591 :
2225 1539 2389 1610 Igitur
2438 1554 2491 1593 et
2548 1540 2805 1611 gentibus
2864 1539 3005 1593 Deus
3058 1538 3435 1607 pmnitentiam

1865 1653 1882 1684 ι
1924 1634 2197 1687 concessit
2246 1634 2310 1686 ad
2360 1636 2548 1688 vitam.
2607 1634 2670 1686 Et
2706 1634 2779 1685 illi
2813 1632 3031 1701 quidem
3063 1633 3156 1701 qui
3203 1632 3439 1701 dispersi

1866 1744 1883 1776 ι
1927 1724 2141 1779 fuerant
2165 1741 2228 1777 ex
2258 1724 2569 1786 amiclione,
2606 1740 2727 1794 quae
2755 1735 2874 1777 orta
2905 1725 3082 1777 fuerat
3106 1723 3178 1776 ob
3206 1722 3442 1791 Stepha-

1868 1837 1885 1868 ι
1932 1833 2079 1883 num,
2128 1816 2646 1886 peratnbulaverunt
2701 1832 2872 1885 usque
2926 1814 2996 1869 ad
3044 1815 3341 1870 Phoenicen
3388 1823 3443 1869 et

1869 1928 1886 1959 ‹
1925 1911 2163 1979 Cyprum
2196 1922 2260 1963 ac
2288 1907 2660 1969 Antiochiam,
2703 1906 2907 1960 nemini
2954 1907 3238 1975 loquentes
3287 1906 3438 1960 illum

1871 2019 1889 2051 ι
1930 2015 2233 2055 sermonem
2265 2038 2280 2064 ,
2318 2000 2421 2055 nisi
2451 2000 2585 2053 solis
2609 1998 2830 2053 Iudaeis.
2862 2000 3027 2053 Erant
3055 2007 3237 2053 autem
3265 2013 3331 2052 ex
3359 1996 3442 2053 eis

1870 2110 1887 2142 ι
1928 2090 2148 2161 quidam
2173 2090 2273 2144 viri
2313 2089 2496 2161 Cyprii
2528 2098 2583 2143 et
2610 2088 2974 2159 Cyrenenses.
3016 2106 3035 2140 ι

1933 2269 2185 2325 Ostendit
2229 2283 2327 2323 sua
2391 2266 2637 2337 apologia
2709 2266 2901 2322 Petrus
2958 2281 3018 2321 se
3080 2281 3436 2336 nequaquam

1867 2361 2036 2417 fuisse
2074 2377 2319 2424 causam,
2371 2361 2466 2415 sed
2501 2360 2703 2428 ubique
2745 2358 2938 2415 Deum.
2990 2357 3125 2413 Nam
3180 2360 3299 2429 ipse
3332 2374 3441 2424 me,

1868 2454 2068 2524 inquit,
2107 2454 2161 2506 in
2197 2452 2397 2507 mentis
2428 2466 2714 2505 excessum
2748 2450 3058 2514 constituit,
3088 2450 3204 2520 ipse
3220 2465 3315 2504 vas
3348 2448 3446 2503 dc-

1871 2540 2220 2600 monstravit.
2243 2554 2343 2608 ego
2373 2553 2499 2592 vero
2525 2540 2687 2590 etiam
2723 2537 3035 2591 contradixi
3062 2556 3075 2592 :
3103 2551 3440 2607 rursumque

1869 2628 2008 2683 idem
2043 2630 2156 2697 ipse
2183 2630 2340 2693 dixit,
2371 2638 2423 2684 et
2455 2644 2629 2698 neque
2663 2631 2745 2683 sic
2778 2629 2988 2685 audivi.
3046 2628 3284 2698 Spiritus
3316 2631 3439 2701 jus-

1870 2721 1936 2774 sil
1970 2730 2026 2773 ut
2055 2719 2434 2790 congrederer,
2461 2721 2616 2789 102
2640 2734 2968 2789 congressus
3017 2736 3084 2774 ne
3116 2723 3188 2773 ita
3217 2721 3438 2789 quidem

1872 2814 2145 2883 procurri.
2172 2813 2433 2866 Diverunt
2466 2812 2631 2867 Deum
2674 2812 2913 2875 misisse,
2946 2818 2999 2865 et
3024 2826 3123 2864 nec
3149 2811 3231 2865 sic
3264 2811 3440 2879 bapti-

1869 2905 2007 2967 zavi,
2033 2904 2124 2957 sed
2150 2919 2365 2955 rursum
2399 2902 2537 2956 Deus
2583 2917 2694 2955 rem
2719 2916 2935 2955 omnem
2960 2900 3159 2955 eﬂ'eeit.
3187 2900 3330 2955 Deus
3354 2902 3444 2955 ba-

1868 2994 2115 3063 ptizavit,
2144 3009 2250 3047 non
2273 3009 2391 3062 ego.
2416 2990 2546 3044 Nam
2568 2993 2696 3045 dum
2723 2991 3194 3061 adhucloquerer,
3214 2992 3444 3061 illapsus

1871 3094 1959 3139 est
1984 3085 2038 3138 in
2074 3085 2196 3137 illos
2217 3082 2454 3152 Spiritus
2484 3091 2731 3146 sanctus,
2755 3094 2809 3137 et
2837 3084 3200 3153 loquebantur
3219 3082 3443 3155 linguis,

1793 3193 1837 3255 ρ
1869 3182 1923 3231 et
1951 3173 2372 3245 magniﬁcabant
2403 3172 2592 3235 Deum,
2623 3174 2768 3228 sicut
2795 3179 2849 3229 et
2879 3188 3000 3227 nos.

1946 3263 2039 3329 XI,
2068 3265 2256 3320 20-25.
2299 3283 2317 3318 ι
2353 3262 2456 3329 Oul
2501 3265 2735 3332 ingressi
2769 3264 3116 3320 Antioclilam
3145 3267 3445 3336 loquebsn-i

1878 3376 1899 3411 ‹
1937 3366 2024 3413 tur
2067 3358 2133 3412 ad
2170 3354 2390 3413 Gnaeos
2426 3357 2822 3411 annuntiantcs
2869 3357 3161 3413 Dominum
3197 3358 3382 3416 Iesum
3426 3377 3442 3417 :

1879 3471 1897 3504 ι
1937 3459 2165 3519 eratque
2201 3464 2396 3504 manus
2432 3448 2643 3501 Domini
2674 3463 2795 3501 cum
2832 3448 2966 3511 illis,
2995 3458 3049 3503 et
3092 3452 3298 3505 multus
3344 3468 3446 3505 nu-

1878 3566 1897 3599 ‹
1938 3562 2123 3602 merus
2165 3547 2394 3600 credidit
2442 3554 2495 3599 et
2538 3546 2604 3598 ad
2648 3544 2936 3598 Dominum
2983 3560 3284 3603 conversus
3333 3556 3441 3604 est.

1877 3657 1895 3690 ι
1940 3639 2193 3693 Pervenit
2233 3648 2412 3693 autem
2470 3652 2659 3691 rumor
2696 3636 2764 3691 ad
2803 3652 2965 3691 aures
3008 3636 3285 3703 Ecclesize,
3324 3656 3447 3711 qua

1877 3750 1896 3783 ι
1935 3738 2050 3785 erat
2091 3729 2446 3800 Jerosolymis
2485 3745 2651 3796 super
2695 3728 2780 3782 his
2810 3745 2825 3782 :
2855 3736 2904 3781 et
2938 3727 3208 3783 miserunt
3240 3731 3448 3786 Barna-

1879 3841 1895 3873 ι
1940 3823 2095 3886 bam,
2146 3831 2203 3875 ut
2238 3825 2340 3875 iret
2371 3821 2741 3877 Antiochiam.
2786 3819 2889 3884 Qui
2939 3834 3062 3873 cum
3108 3824 3447 3889 pervenisset

1877 3933 1895 3964 ι
1935 3928 1998 3967 ac
2024 3913 2253 3968 vidisset
2282 3912 2509 3982 gratiam
2551 3911 2663 3976 Dei,
2705 3912 2927 3981 gavisus
2954 3918 3058 3971 est,
3100 3920 3153 3964 et
3188 3914 3445 3967 hortaba-

1876 4019 1895 4055 ι
1938 4012 2028 4057 tur
2061 4018 2271 4066 omnes,
2305 4010 2361 4055 ut
2388 4003 2669 4071 proposito
2692 4000 2877 4057 cordis
2909 4015 3321 4067 perseverarent
3344 4005 3448 4059 ad-

1878 4114 1897 4148 ι
1942 4095 2148 4148 haerere
2180 4093 2433 4147 Domino.
2474 4111 2491 4143 ι

1949 4204 1967 4237 ι
1996 4184 2073 4239 Ad
2101 4183 2372 4239 Graecos.»
2394 4181 2674 4239 Fartassis
2702 4201 2768 4239 eo
2798 4190 2939 4257 quod
2961 4187 3227 4243 chraice
3248 4201 3448 4243 sonare

1872 4293 1979 4333 non
2008 4286 2256 4348 possent,
2286 4274 2507 4331 Grecos
2535 4277 2685 4345 ipsos
2714 4280 3012 4347 appellant.
3051 4280 3447 4349 Loquebantur

1870 4383 2005 4439 ergo
2033 4378 2087 4423 et
2119 4369 2186 4421 ad
2217 4382 2333 4433 eos,
2380 4369 2778 4423 annuntiantes
2817 4368 3106 4425 Dominum
3153 4368 3365 4435 Jesum,
3394 4378 3449 4424 et

1871 4460 2163 4517 credebant
2200 4474 2393 4514 omnes
2429 4475 2443 4511 :
2476 4459 2757 4528 quoniam,
2783 4461 2986 4530 inquit,
3010 4476 3203 4515 manus
3232 4460 3446 4514 Domini

1871 4564 1989 4608 erat
2014 4568 2137 4606 omn
2158 4551 2264 4605 illis
2296 4566 2309 4603 :
2345 4550 2451 4604 hoc
2481 4562 2590 4613 est,
2616 4552 2771 4620 signa
2802 4551 3192 4618 operabantur.
3219 4548 3450 4619 Propter

1872 4646 1976 4701 hoc
2007 4644 2153 4699 enim
2190 4641 2292 4697 fuit
2321 4643 2604 4713 signorum
2643 4646 2944 4699 necessitas
2972 4651 3030 4697 ut
3058 4643 3370 4697 crederent.

1942 4818 2033 4885 XI,
2061 4820 2248 4874 24-26.
2280 4839 2297 4870 ι
2342 4820 2470 4873 Erat
2496 4817 2639 4875 enim
2674 4820 2754 4872 vir
2790 4821 2964 4874 bonus
2999 4834 3062 4873 ac
3091 4818 3283 4888 plenus
3316 4817 3445 4888 Spi-

1877 4931 1897 4965 ι
1935 4912 2038 4967 ritu
2067 4920 2255 4965 sancto
2285 4919 2339 4964 ct
2375 4910 2495 4963 ﬁde.
2524 4909 2588 4961 Et
2616 4909 2795 4962 addita
2832 4917 2917 4963 est
2944 4910 3113 4963 multa
3136 4909 3297 4962 turba
3334 4907 3442 4961 Do-

1877 5022 1897 5056 ι
1937 5004 2107 5056 mino.
2139 5002 2428 5057 Profectus
2459 5006 2542 5055 est
2582 5009 2763 5052 autem
2795 4999 3072 5053 Barnabas
3093 4998 3349 5063 Tarsum,
3384 5006 3443 5051 ut

1877 5114 1895 5147 ι
1931 5104 2196 5165 quaereret
2226 5093 2470 5153 Sanlum,
2507 5105 2615 5159 quo
2646 5092 2888 5155 invento,
2922 5090 3077 5143 duxit
3096 5105 3220 5143 eum
3250 5088 3443 5142 Antio—

1877 5206 1897 5240 ι
1931 5187 2135 5242 chiam.
2180 5186 2391 5241 Accidit
2434 5194 2637 5248 autem,
2674 5193 2734 5236 ut
2785 5197 2988 5235 annum
3018 5190 3188 5234 totum
3225 5195 3349 5233 cum
3378 5194 3441 5233 ea

1876 5297 1895 5330 σ
1935 5279 2359 5348 congregatione
2384 5284 2765 5341 versarentur,
2813 5274 3158 5342 multamque
3176 5271 3440 5330 donorum

1878 5392 1897 5425 ι
1936 5374 2171 5427 turbam.
2217 5389 2235 5422 ι

1939 5463 2109 5528 Quam
2142 5460 2211 5513 ob
2231 5472 2453 5511 causam
2480 5454 2646 5508 Paulo
2674 5470 2779 5508 non
2806 5453 3078 5515 scribunt,
3110 5450 3205 5507 sed
3237 5450 3440 5503 Barna-

1871 5553 1992 5608 bam
2051 5550 2317 5603 mittunt?
2357 5547 2494 5613 Quia
2544 5546 2691 5600 illius
2736 5544 2837 5599 viri
2884 5543 3127 5598 nondum
3183 5541 3437 5593 virtutem

1867 5651 2147 5699 noverant.
2174 5641 2306 5693 lluic
2329 5656 2434 5693 non
2467 5651 2732 5707 repugnat
2770 5636 2911 5705 quod
2949 5634 3165 5688 dicitur:
3207 5649 3227 5682 ‹
3265 5628 3437 5684 Nemo

1865 5740 2040 5793 bonus
2080 5736 2183 5789 nisi
2228 5735 2379 5789 solus
2408 5731 2627 5785 Deus“.
2664 5751 2679 5782 ι
2725 5728 2908 5798 Neque
2934 5724 3081 5782 enim
3110 5724 3212 5779 hoc
3245 5724 3429 5794 ipsum
