4178 6464
142 374 226 437 197
1068 376 1453 437 COMMENT.
1513 378 1591 437 IN
1645 378 1832 437 ACTA
1878 378 2455 440 APOSTOLORUM.

3243 382 3350 445 198

144 510 158 539 ι
191 486 515 558 Κρουσαντος
564 484 619 538 δὲ
664 484 756 539 τοῦ
794 484 999 555 Πέτρου
1039 486 1139 557 τὴν
1173 489 1345 560 θύραν
1374 489 1466 541 τοῦ
1499 488 1677 541 πυλῶ-
1706 507 1751 564 Α
1787 512 1794 538 ι

1708 507 1751 564 Λ
1787 511 1804 541 ι
1844 499 2025 543 autent
2060 482 2329 560 pulsasset
2366 492 2567 545 ostium
2621 490 2900 557 vestibuli,
2950 491 3153 562 prodiit
3186 496 3358 560 puelta

139 598 152 631 ι
184 596 278 643 νος,
303 576 574 646 προσῆλθε
604 576 860 646 παιδίσκη
883 577 1207 643 ὑπακοῦσαι,
1235 579 1459 649 ὀνόματι
1491 580 1666 650 Ῥόδη,

138 690 153 723 t
184 672 264 723 καὶ
282 666 575 732 ἐπιγνοῦσα
603 669 701 739 τὴν
729 670 913 738 φωνὴν
934 669 1027 722 τοῦ
1057 670 1289 741 Πέτρου,
1322 672 1432 724 ἀπὸ
1458 672 1554 740 τῆς
1575 689 1671 741 χα-

137 781 153 813 t
186 763 270 831 ρᾶς
296 760 393 812 οὑκ
413 759 591 830 ἤνοιξε
614 758 708 811 τὸν
732 758 971 823 πυλῶνα,
1002 759 1369 829 εἰσδραμοῦσα
1408 760 1463 813 δὲ
1486 762 1667 831 ἀπήγ-

139 872 153 904 ‹
186 852 346 919 γειλεν
367 852 593 903 ἑστάναι
617 849 709 902 τὸν
736 850 943 920 Πέτρον
971 849 1077 921 πρὸ
1104 850 1198 903 τοῦ
1226 851 1487 914 πυλῶνος.
1521 854 1584 904 Oi
1614 852 1670 904 δέ

137 963 151 995 ι
182 944 301 1013 πρὸς
334 943 500 1013 αὐτὴν
535 935 710 1009 εἷπον,
749 942 963 1014 Μαίνῃ;
1011 941 1076 996 Ἢ
1105 942 1161 996 δέ
1186 942 1548 1013 διισχυρίζετο
1577 943 1670 997 οὕ-

136 1054 150 1086 (
179 1052 274 1096 τως
298 1035 460 1103 ἔχειν.
500 1052 521 1085 ι

186 1146 242 1198 Τί
265 1148 396 1210 ἐστι,
433 1164 450 1196 ‹
485 1145 745 1212 συνιδών;
774 1165 791 1196 ι
822 1146 942 1199 Ὅτι
963 1146 1061 1216 οὐχ
1084 1146 1269 1208 ἀπλῶς
1294 1147 1547 1199 ἀπελθεῖν
1567 1146 1667 1212 δεῐ,

131 1238 224 1291 ἀλλ’
251 1238 582 1307 ἀμείψασθαι
625 1240 717 1291 τὸν
755 1239 1068 1309 εὐεργέτην.
1106 1257 1125 1291 ‹
1164 1237 1269 1291 Τοῦ
1316 1239 1674 1307 ἐπικαλουμέο

130 1345 201 1379 νου
246 1330 490 1398 Μάρκου.
544 1348 563 1379 υ
601 1330 720 1383 Ἵνα
746 1330 892 1400 δείξῃ
937 1330 1018 1383 ὅτι
1063 1330 1124 1383 οὐ
1157 1329 1251 1383 τοῦ
1281 1332 1370 1383 ἀεὶ
1419 1331 1668 1392 συνόντος

130 1423 281 1481 αὐτοῖς
320 1420 566 1473 Ἰωάννου
616 1422 714 1490 τὴν
770 1423 982 1490 μητέρα
1024 1422 1179 1491 φησὶ,
1231 1423 1325 1475 καὶ
1377 1421 1439 1473 τὸ
1483 1422 1663 1490 παρά-

134 1526 278 1580 σημον
335 1510 504 1563 αὑτοῦ
559 1511 814 1575 τέθεικε,
868 1513 1000 1582 φησὶ
1052 1512 1199 1582 γὰρ,
1255 1533 1273 1565 ‹
1317 1512 1424 1565 Τοῦ
1475 1517 1666 1566 ἐπικα-

128 1600 355 1668 λουμένου
386 1602 638 1670 Μάρκου.
676 1619 694 1652 ι
749 1597 920 1665 Οὗτος
969 1603 1025 1656 δὲ
1066 1598 1155 1673 ἦν,
1206 1605 1234 1656 6
1284 1604 1379 1655 καὶ
1418 1603 1478 1655 τὸ
1527 1602 1668 1655 κατὰ

128 1690 319 1758 Μᾶρκον
352 1691 685 1759 Εὑαγγέλιον
715 1692 1191 1762 συγγραψάμενος,
1224 1694 1251 1744 ὁ
1286 1691 1501 1761 ἀνεψιὸς
1528 1693 1669 1762 Βαρ-

128 1782 257 1839 νάὅα,
292 1782 420 1848 περὶ
470 1775 531 1832 οῦ
586 1780 795 1845 Παῦλος
826 1783 1030 1851 γράφει
1061 1780 1310 1851 Τιμοθέῳ
1333 1797 1345 1809 '
1386 1799 1405 1834 ι
1442 1782 1668 1853 Μάρκον

1777 600 1794 632 ι
1834 592 1890 633 ut
1920 582 2383 646 subauscultaret,
2418 583 2639 636 nomine
2666 581 2878 647 Rhode,
2913 594 2966 637 et
3003 586 3184 652 agnita
3230 600 3361 636 voce

1777 688 1795 720 ι
1831 669 1994 731 Petri,
2026 686 2136 740 pra:
2165 673 2362 742 gaudio
2391 687 2496 726 non
2527 674 2738 741 aperuit
2759 672 3114 733 vestibulum,
3152 673 3246 724 Sl‘ll
3278 675 3362 724 in-

1778 778 1797 809 ‹
1834 766 2149 815 trocurrens
2180 762 2511 816 renuntiavit
2543 772 2687 817 stare
2711 760 2931 815 Petrum
2969 769 3093 815 ante
3121 762 3363 815 veSiibu-

1778 871 1797 904 ι
1836 852 1968 907 lum.
1998 854 2065 906 At
2093 854 2165 906 illi
2194 855 2528 908 dixeruntad
2559 869 2678 909 eain
2704 872 2719 909 :
2741 852 2980 908 Insanis?
3003 850 3096 905 Illa
3127 868 3253 907 vero
3283 852 3365 905 af-

1777 957 1795 992 t
1839 939 2093 996 ﬁrmabat
2140 940 2222 995 sic
2258 954 2317 995 se
2348 941 2601 997 habere.)

1849 1134 1989 1202 Quid
2007 1142 2108 1199 est,
2130 1153 2149 1185 ‹
2173 1134 2301 1190 dum
2323 1135 2749 1206 cognovisset?»
2769 1134 2971 1205 Nempe
2984 1135 3129 1205 quod
3143 1151 3251 1190 non
3273 1142 3361 1189 ut:

1776 1242 1993 1296 cunque
2010 1226 2304 1281 abscedere
2320 1237 2616 1296 oporteret.
2645 1226 2741 1282 sed
2767 1228 2915 1281 vices
2932 1228 3234 1296 rependere
3265 1227 3361 1283 be-

1773 1320 2060 1374 nefaetori.
2092 1338 2110 1369 ι
2140 1318 2242 1384 Qui
2274 1319 2765 1389 cognominabatur
2798 1319 3032 1374 Marcus.
3070 1337 3086 1369 ι
3118 1316 3187 1372 Ut
3216 1321 3360 1373 scias

1778 1413 1921 1480 quod
1960 1420 2185 1464 matrem
2240 1426 2345 1464 non
2385 1410 2533 1464 dicat
2585 1411 2704 1479 ejus
2731 1409 2978 1475 Joannis,
3022 1412 3116 1479 qui
3144 1426 3360 1480 semper
3408 1463 3412 1466 .

1770 1518 1891 1555 cum
1923 1504 2002 1556 eis
2042 1511 2294 1557 versatus
2347 1511 2483 1564 erat,
2539 1500 2693 1557 illius
2752 1504 2965 1571 signum
3006 1502 3238 1563 addidit,
3284 1490 3362 1553 ai‘

1770 1594 1913 1647 enim
1946 1612 1959 1645 :
1996 1612 2012 1642 ι
2049 1591 2149 1656 Qui
2177 1594 2667 1661 cognominabatur
2697 1592 2931 1646 Marcus.
2985 1610 3002 1642 ι
3049 1590 3143 1644 llic
3176 1599 3356 1644 autem

1770 1692 1887 1738 erat
1939 1684 2030 1753 qui
2088 1684 2435 1752 Evangeliutn
2491 1684 2792 1738 secundum
2832 1684 3077 1735 Marcum
3114 1682 3358 1735 conscri-

1774 1780 1901 1849 psit,
1935 1794 2104 1846 nepos
2142 1777 2422 1845 Barnabw,
2456 1778 2522 1833 de
2566 1794 2674 1848 quo
2722 1779 2922 1833 Paulus
2951 1778 3140 1830 scribit
3170 1776 3359 1829 Timo-

128 1867 377 1921 ἀναλαϐὼν
430 1871 533 1936 ἄγε
590 1870 731 1938 μετά
780 1871 1029 1927 σεαυτοῦ,
1089 1870 1245 1923 Ἐστι
1293 1870 1401 1940 γάρ
1438 1888 1527 1941 μοι
1578 1871 1665 1924 εὕο
1704 1857 1778 1922 BI

1706 1857 1742 1911 Β
1774 1873 1934 1926 thea:
1964 1891 1980 1921 ι
2007 1870 2246 1926 Marcum
2274 1881 2614 1942 assumptum
2637 1872 2892 1925 adducito
2912 1885 3017 1924 una
3049 1877 3356 1935 tecunt,‘est

129 1978 326 2029 χρηστος
356 1964 438 2021 εἰς
467 1962 761 2016 διακονίαν.
802 1981 821 2014 ι

184 2091 200 2122 ί
232 2073 287 2126 Οξ
316 2073 371 2123 δὲ
415 2071 627 2139 ἔλεγον,
680 2074 762 2127 ὅτι
815 2074 1046 2141 ἄγγελος
1092 2072 1255 2127 αὑτοῦ
1289 2076 1457 2128 ἐστιν.
1515 2074 1573 2128 'O
1609 2075 1666 2127 δέ

134 2180 147 2209 ι
176 2163 359 2233 Πέτρος
392 2166 631 2233 ἐπέμενε
662 2165 896 2235 κρούων.
934 2167 1269 2230 Ἀνοίξαντες
1297 2167 1351 2219 δὲ
1384 2163 1522 2219 εἶδον
1564 2167 1666 2219 αὑ-

132 2272 147 2300 ι
178 2260 273 2315 τὸν,
305 2258 396 2307 καὶ
424 2256 746 2325 ἐξέστησαν.
771 2257 1113 2318 Κατασείσας
1139 2256 1195 2308 δὲ
1217 2256 1400 2319 αὐτοῖς
1429 2258 1493 2326 τῇ
1526 2258 1667 2325 χειρὶ

133 2365 145 2393 ι
178 2348 335 2417 σιγᾷν,
359 2347 659 2417 διηγήσατο
686 2349 889 2411 αὐτοῖς,
922 2347 1038 2409 πῶς
1080 2350 1108 2399 6
1152 2346 1352 2418 Κύριος
1382 2348 1544 2400 αὑτὸν
1576 2347 1667 2411 ἐξ·

136 2456 148 2487 ι
180 2439 367 2505 ήγαγεν
423 2441 489 2490 ἐκ
540 2438 639 2507 τῆς
673 2437 940 2506 φυλακῆς,
976 2434 1097 2489 εἶπε
1125 2436 1212 2489 δέ·
1273 2436 1665 2504 Ἀπαγγείλατε

134 2548 147 2578 i
188 2530 408 2600 Ἰακώϐῳ
445 2532 542 2583 καὶ
590 2531 703 2592 τοῖς
745 2530 994 2596 ἀδελφοῖς
1023 2530 1215 2581 ταῦτα.
1272 2529 1381 2581 Καὶ
1435 2527 1668 2593 ἐξελθὼν

134 2637 147 2669 ι
179 2620 429 2691 ἐπορεύθη
474 2622 557 2683 εἰς
596 2621 783 2690 ἕτερον
810 2620 1002 2674 τόπον.
1033 2619 1337 2690 Γενομένης
1364 2619 1419 2672 δέ
1455 2620 1669 2689 ἡμέρας

134 2730 146 2759 ι
176 2706 231 2779 ἦν
254 2712 482 2779 τάραχος
515 2712 614 2763 οὐκ
640 2710 818 2777 ὀλίγος
847 2714 902 2763 ἐν
928 2713 1040 2773 τοῖς
1067 2710 1448 2781 στρατιώταις,
1482 2711 1533 2762 τί
1560 2710 1669 2779 ἄρα

134 2817 147 2848 ι
180 2802 415 2870 ὁΠέτρος
450 2801 689 2868 ἐγένετο.
736 2803 981 2872 Ἡρώδης
1010 2802 1066 2853 δέ
1104 2801 1442 2870 ἐπιζητήσας
1480 2802 1664 2865 αὑτὸν,

134 2911 146 2940 i
178 2894 256 2943 καὶ
286 2893 357 2960 μὴ
405 2892 610 2962 εὑρὼν,
655 2892 951 2961 ἀνακρίνας
994 2891 1121 2954 τοὺς
1153 2892 1417 2959 φύλακας,
1451 2891 1671 2944 ἐκέλευ-

135 3000 147 3032 i
184 3000 261 3033 σεν
286 2984 625 3052 ἀπαχθῆναι,
678 2983 774 3035 καὶ
822 2982 1099 3034 κατελθὼν
1141 2982 1249 3035 ἀπὸ
1275 2983 1372 3051 τῆς
1411 2980 1669 3037 Ἰουδαίας

134 3075 244 3136 σείς
287 3076 382 3144 τὴν
434 3077 799 3143 Καισάρειαν,
843 3074 1129 3144 διέτριϐεν.
1171 3070 1279 3127 Ἦν
1324 3074 1380 3126 δέ
1421 3071 1666 3141 Ἡρώδης

1766 1967 1909 2019 cnim
1936 1965 2063 2017 mihi
2094 1965 2343 2034 perutilis
2375 1966 2439 2019 ad
2461 1966 2826 2020 ministerium
2853 1965 2893 2017 ³.
2919 1981 2937 2015 ι

1846 2076 1958 2137 ΧΠ.
1985 2078 2162 2132 15-20.
2196 2097 2213 2129 ι
2251 2078 2332 2132 llli
2362 2088 2545 2132 autent
2599 2079 2851 2133 dicebant
2895 2096 2909 2133 :
2962 2077 3200 2148 Angelus
3231 2073 3352 2141 ejus

1773 2184 1791 2217 ε
1835 2178 1916 2221 est
1949 2187 1961 2221 :
2004 2169 2195 2223 Petrus
2226 2184 2358 2224 vero
2398 2171 2781 2239 perseverabat
2808 2170 3050 2237 pulsans.
3091 2170 3226 2221 Cum
3258 2181 3355 2219 au-

1774 2275 1789 2305 i
1840 2268 1943 2309 tem
1980 2258 2345 2325 aperuissent,
2384 2259 2642 2311 viderunt
2676 2274 2801 2312 eum
2832 2269 2885 2312 et
2923 2257 3351 2326 obstupuerunt.

1774 2363 1791 2395 σ
1830 2344 1965 2398 Cum
2001 2346 2275 2400 innuisset
2302 2354 2484 2400 autem
2510 2348 2592 2401 eis
2617 2355 2762 2399 mota
2790 2362 2972 2411 manu,
3000 2356 3057 2400 ut
3084 2352 3353 2412 tacerent,

1776 2457 1793 2489 ε
1837 2440 2079 2491 narravit
2120 2439 2256 2507 ipsis
2289 2439 2564 2508 quomodo
2613 2440 2895 2493 eduxisset
2930 2454 3054 2492 eum
3091 2439 3354 2493 Dominus

1775 2546 1793 2578 ι
1831 2544 2115 2593 ecarcere,
2137 2538 2188 2582 et
2211 2531 2311 2582 ait:
2342 2512 2598 2583 Nuntiate
2625 2529 2829 2584 Jacoho
2854 2544 2903 2584 et
2929 2530 3193 2585 fratribus
3214 2530 3349 2584 hmc.

1774 2638 1793 2671 ι
1835 2620 1895 2673 Et
1930 2636 2189 2687 egressus
2216 2622 2350 2675 abiit
2378 2625 2432 2675 in
2457 2624 2623 2675 alium
2663 2625 2861 2675 locum.
2899 2623 2998 2677 Ubi
3046 2638 3173 2675 vero
3209 2623 3353 2675 dilu-

1776 2730 1793 2762 σ
1836 2711 2024 2775 sisset,
2043 2719 2160 2765 erat
2187 2713 2426 2766 turbatio
2447 2729 2553 2766 non
2586 2728 2749 2782 parva
2778 2715 2919 2767 inter
2948 2715 3171 2778 milites,
3196 2713 3356 2782 quid-

1777 2819 1795 2851 t
1834 2816 1958 2854 nam
1986 2802 2279 2858 aecidisset
2296 2804 2361 2857 de
2385 2804 2564 2857 Petro.
2596 2804 2838 2857 Herodes
2875 2815 3057 2858 autem
3101 2820 3225 2858 cum
3261 2820 3346 2859 re-

1781 2910 1797 2942 ι
1837 2892 2098 2961 quisisset
2135 2907 2257 2946 eum
2294 2909 2394 2947 nec
2419 2895 2738 2956 invenisset,
2772 2895 3117 2948 examinatus
3145 2903 3339 2949 custo-

1779 3002 1797 3034 ι
1836 2984 1929 3037 des
1965 2984 2132 3052 jussit
2161 2985 2357 3037 abduci
2389 3002 2402 3047 ;
2432 2986 2878 3055 descendensque
2907 3002 2934 3038 a
2954 2986 3140 3041 Judaea
3169 2986 3351 3043 Cmsa-

1779 3088 1797 3121 ε
1838 3086 2004 3133 ream,
2042 3071 2111 3123 ibi
2166 3081 2541 3126 commoratus
2570 3081 2676 3127 cst.
2717 3072 2844 3127 Erat
2881 3087 3061 3127 autem
3107 3072 3352 3132 Herodes

136 3184 147 3215 ι
180 3166 497 3234 θυμομαχῶν
531 3166 751 3234 Τυρίοις
783 3166 876 3216 καὶ
908 3164 1179 3229 Σιδονίοις.
1221 3166 1591 3235 Ὀμοθυμαδὸν
1611 3166 1667 3219 δὲ
1693 3182 1737 3243 c
1781 3184 1786 3209 ε

1694 3182 1737 3243 c
1781 3179 1799 3213 ι
1837 3159 2085 3215 infensus
2113 3157 2290 3233 Tyriis
2319 3176 2383 3215 ac
2406 3161 2668 3216 Sidoniis.
2694 3163 2762 3215 At
2793 3163 2868 3215 Illi
2902 3178 3009 3216 uno
3030 3164 3213 3219 animo
3249 3182 3344 3219 ve-

136 3273 149 3306 i
180 3256 412 3325 παρῆσαν
460 3256 600 3325 πρὸς
634 3256 817 3319 αὑτὸν,
848 3258 940 3308 καὶ
985 3257 1273 3318 παίσαντες
1310 3255 1548 3310 Βλάστον
1576 3256 1668 3310 τὸν

134 3358 148 3391 t
180 3343 255 3393 ἐπὶ
291 3342 382 3395 τοῦ
414 3342 679 3406 κοιτῶνος
710 3342 803 3396 τοῦ
836 3340 1117 3414 βασιλέως,
1158 3343 1385 3416 ᾐτοῦντο
1422 3346 1666 3417 εἰρήνην,

133 3448 148 3479 ι
178 3431 250 3483 διὰ
276 3433 332 3483 τὸ
356 3433 663 3504 τρέφεσθαι
692 3432 870 3486 αὐτῶν
898 3433 996 3505 τὴν
1030 3432 1214 3506 χώραν
1254 3434 1361 3487 ἀπὸ
1386 3434 1483 3504 τῆς
1511 3434 1667 3506 βασι-

134 3538 149 3571 t
179 3520 337 3591 λικῆς.
372 3544 391 3575 ι

189 3656 205 3688 ι
238 3640 498 3708 Ἀγγελος
531 3637 699 3691 αὐτοῦ
730 3640 896 3691 ἐστιν.
936 3657 954 3690 ι
1012 3639 1105 3691 Ἐκ
1127 3639 1315 3691 τούτου
1365 3638 1542 3707 δῆλον,
1586 3637 1667 3689 ὅτι

130 3728 326 3793 ἕκαστος
372 3730 539 3802 ἡμῶν
570 3729 802 3798 ἄγγελον
830 3730 964 3801 ἔχει.
1011 3731 1235 3783 Ἐκεῖνοι
1266 3731 1322 3783 δὲ
1365 3730 1523 3782 τοῦτο
1562 3727 1670 3782 ἀπὸ

132 3820 205 3872 τοῦ
243 3824 427 3892 καιροῦ
461 3823 895 3893 προσεδόκησαν.
943 3823 1081 3892 Φησὶ
1111 3824 1218 3893 γάρ
1242 3839 1257 3854 ο
1287 3841 1306 3873 ι
1344 3823 1517 3875 Ὅπου
1564 3821 1670 3874 εἰσὶ

134 3916 420 3984 συνηγμένοι
452 3916 537 3977 είς
560 3914 622 3965 τὸ
649 3913 778 3983 ἐμὸν
812 3913 1003 3983 ὄνομα,
1034 3916 1150 3967 ἐκεῖ
1186 3918 1303 3985 είμι
1353 3916 1411 3966 ἐν
1443 3916 1612 3984 μέσῳ·
1644 3933 1662 3965 ι

133 4004 237 4059 ὅπου
263 4007 314 4059 δὲ
345 4011 374 4059 ό
418 4007 683 4077 Χριστὸς,
727 4006 939 4074 ἀνάγκη
971 4001 1109 4056 εἶναι
1142 4006 1239 4058 καὶ⁸
1270 4006 1552 4071 ἀγγέλους,
1578 4007 1671 4057 καὶ

133 4097 207 4156 τὰς
229 4097 342 4158 ὅλας
361 4096 649 4164 δυνάμεις.
686 4111 705 4145 ι
747 4094 1006 4160 Ἐξελθὼν
1033 4094 1089 4147 δέ
1116 4096 1144 4147 6
1170 4095 1371 4164 Πέτρος
1400 4095 1668 4165 ἐπορεύθη

136 4190 192 4247 εἰς
217 4188 388 4257 ἕτερον
417 4186 611 4238 τόπον.
662 4203 680 4234 ι
717 4185 791 4237 Οὐ
828 4186 933 4255 γὰρ
969 4184 1223 4256 ἐπείραζε
1262 4186 1352 4237 τὸν
1389 4186 1539 4239 Θεόν.
1570 4186 1671 4237 Δυ-

135 4277 257 4329 νατδν
304 4279 359 4331 δέ
387 4274 457 4349 ἦν
504 4277 585 4347 τῷ
633 4276 751 4346 Θεῷ
800 4276 1051 4339 καὶτοὺς
1093 4276 1340 4344 φύλακας
1371 4275 1668 4340 ἐξελέσθαι.

144 4366 251 4417 Ἀλλ’
276 4370 321 4420 εί
356 4367 544 4430 τοῦτο,
583 4365 843 4435 ἐνομίσθη
868 4366 932 4417 ἂν
964 4364 1108 4435 φυγὴ
1148 4362 1287 4418 εἶναι
1326 4368 1384 4417 το
1415 4369 1668 4437 πρᾶγμα.

1776 3268 1796 3303 ι
1834 3258 2030 3305 nerunt
2066 3251 2131 3305 ad
2166 3266 2311 3315 eum;
2370 3258 2424 3306 et
2455 3265 2717 3320 persuaso
2735 3250 2941 3315 Blasto,
2992 3253 3084 3321 qui
3116 3264 3352 3322 praeerat

1776 3362 1796 3398 ι
1837 3343 2092 3400 cubiculo
2111 3344 2254 3415 regis
2286 3343 2538 3412 petebant
2569 3358 2779 3413 pacem,
2810 3358 2875 3398 eo
2896 3344 3055 3415 108
3078 3349 3222 3415 quod
3246 3347 3356 3402 ale-

1776 3450 1796 3485 t
1839 3442 1989 3488 retur
2021 3433 2174 3504 regio
2229 3447 2417 3488 eorum
2456 3447 2673 3488 annona
2712 3435 2885 3505 regia.
2928 3452 2949 3486 ι

1852 3655 1871 3687 ‹
1902 3634 2142 3704 Angelus
2161 3636 2279 3705 ejus
2294 3646 2397 3690 est.
2425 3655 2442 3688 ι
2468 3636 2541 3690 Ex
2560 3638 3022 3693 hocmanifestum
3042 3648 3125 3695 cst
3154 3658 3355 3712 qu--m-

1770 3748 1875 3801 qne
1904 3744 2148 3785 nostrum
2178 3734 2374 3788 habere
2420 3735 2691 3802 angelum.
2758 3734 2835 3787 llli
2864 3751 2990 3789 vero
3023 3739 3121 3790 hoc
3153 3756 3180 3792 a
3211 3750 3349 3794 tem-

1770 3823 1919 3891 poris
1954 3824 2242 3876 occasione
2275 3822 2680 3875 existimabant.
2715 3823 2986 3882 Aitenim:
3029 3845 3047 3877 t
3088 3826 3185 3880 Ubi
3220 3840 3351 3884 sunt

1778 3913 1890 3966 duo
1924 3912 2007 3966 vel
2033 3920 2142 3966 tres
2173 3914 2485 3983 congregati
2514 3916 2568 3967 in
2592 3914 2810 3969 nomine
2841 3931 2982 3978 meo,
3030 3918 3101 3971 ibi
3150 3936 3268 3973 sum
3300 3921 3353 3974 in

1774 4003 1956 4058 medio
1982 4017 2170 4058 eorum
2204 4004 2245 4058 ⁸,
2286 4022 2303 4054 i
2336 4002 2437 4058 Ubi
2470 4013 2652 4059 autem
2702 4015 2785 4059 est
2819 4006 3096 4072 Christus,
3127 4026 3356 4066 necesse

1775 4106 1853 4150 est
1888 4097 2049 4150 simul
2083 4111 2206 4151 esse
2231 4104 2285 4151 et
2322 4098 2566 4166 angelos,
2601 4100 2998 4169 universasque
3029 4113 3350 4171 potestates.

1776 4208 1793 4241 ι
1836 4190 1895 4244 Ει
1916 4206 2164 4261 egressus
2188 4190 2379 4247 Petrus
2398 4193 2531 4246 abiit
2550 4194 2602 4247 in
2620 4195 2784 4248 alium
2807 4198 3041 4249 locum.»
3066 4198 3181 4251 Non
3204 4202 3350 4253 enim

1775 4284 2020 4335 tentabat
2048 4282 2239 4339 Deum.
2308 4283 2574 4340 Possibile
2592 4296 2773 4341 autem
2802 4287 2910 4341 Deo
2940 4298 3058 4343 erat
3098 4291 3261 4344 simul
3302 4302 3355 4344 et

1773 4374 2032 4428 custodes
2063 4376 2317 4445 eripere:
2373 4392 2565 4431 verum
2620 4378 2665 4433 si
2700 4378 2754 4431 id
2783 4387 2962 4432 actum
2997 4379 3212 4446 fuisset,
3266 4397 3356 4435 res

135 4458 311 4510 Μᾶλλον
352 4459 464 4528 γάρ
510 4457 677 4510 αὑτὸν
706 4456 890 4509 ἐλύπει
937 4456 997 4509 τὸ
1047 4456 1441 4527 ἐμπαιχθῆναι,
1480 4457 1670 4528 ὥσπερ
1770 4466 1785 4535 j

1770 4466 2013 4535 judicata
2046 4465 2238 4521 fuisset
2265 4482 2387 4522 esse
2414 4468 2559 4538 fuga.
2594 4467 2761 4538 Magis
2782 4478 2962 4523 autem
2990 4473 3356 4525 contristabat

136 4549 216 4601 ὑπὸ
238 4548 338 4603 τῶν
366 4551 589 4619 μάγων,
639 4547 732 4599 τὸν
781 4547 946 4600 αὑτοῦ
981 4548 1205 4600 πάππον
1257 4546 1455 4617 μᾶλλον
1498 4548 1670 4601 ἐποίει
1704 4539 1745 4594 D
1775 4574 1786 4611 ι

1706 4539 1745 4594 θ
1775 4573 1898 4613 eum
1944 4558 2089 4624 quod
2130 4559 2325 4614 illusus
2378 4568 2563 4627 esset,
2621 4561 3074 4631 quemadmodum
3115 4569 3356 4631 tempore

135 4639 446 4710 διαπρίεσθαι
483 4640 584 4692 καὶ
620 4637 1029 4705 καταγέλαστον
1066 4633 1229 4690 εἶναι.
1272 4636 1397 4709 [Διά
1433 4638 1486 4689 τί
1518 4638 1575 4690 δὲ
1598 4637 1673 4707 μὴ
1780 4669 1785 4705 ι

1780 4665 2057 4720 magorum
2099 4666 2259 4704 avum
2289 4653 2457 4720 ipsius
2487 4652 2541 4706 id
2559 4653 3077 4723 ampliusfdissecari
3121 4654 3356 4710 faciebat

138 4729 209 4780 ut
247 4731 292 4781 οἱ
335 4728 576 4790 κόλακες
627 4726 980 4792 κολάζονται;
1032 4727 1332 4797 ἀμφότεροι
1389 4725 1488 4795 μὲν
1534 4722 1675 4796 ἦσαν
1781 4762 1788 4793 ι

1037 4727 1332 4797 ἀμφότεροι
1389 4725 1488 4795 μὲν
1534 4722 1675 4796 ἦσαν
1781 4744 1927 4813 quod
1978 4742 2212 4797 ludibrio
2246 4742 2461 4798 habitus
2483 4743 2687 4812 esset}.

139 4821 247 4884 ἄξιοι
272 4822 567 4892 τιμωρίας.
606 4819 745 4872 Ἀλλ’
768 4821 891 4871 ἐπεὶ
921 4819 1155 4888 κρίσεως
1185 4821 1286 4872 οὐκ
1320 4818 1436 4873 ἐστι
1464 4821 1674 4888 καιρὸς,

138 4919 157 4967 ὀ
180 4917 393 4985 μάλιστα
424 4914 732 4977 ὑπεύθυνος
758 4912 1095 4986 κολάζεται]

198 5047 213 5080 ι
244 5030 421 5101 Τακτῇ
446 5029 508 5082 δὲ
536 5028 725 5099 ἡμέρα
752 5030 780 5080 6
822 5025 1067 5097 Ἡρώδης
1091 5026 1437 5096 ἐνδεδυμένος
1471 5025 1678 5097 ἐσθῆτα

145 5138 158 5170 ι
189 5121 475 5191 βασιλικὴν,
512 5121 611 5173 καὶ
644 5117 872 5180 καθίσας
908 5120 998 5170 ἐπὶ
1034 5118 1127 5170 τοῦ
1157 5118 1419 5187 βήματος,
1465 5118 1669 5187 ἐδημη-

146 5196 317 5286 ἶγόρει
364 5214 505 5284 πρὸς
562 5211 782 5273 αὐτούς.
817 5211 874 5263 '0
906 5210 964 5263 δὲ
998 5210 1164 5280 δῆμος
1200 5210 1469 5276 ἐπεφώνει
1492 5226 1504 5238 '
1536 5208 1673 5261 Θεοῦ

146 5323 159 5355 ι
188 5308 340 5376 curri},
380 5308 481 5362 καὶ
508 5306 615 5358 οὐκ
643 5303 951 5370 ἀνθρώπου.
999 5302 1349 5373 Παραχρῆμα
1388 5304 1442 5356 δὲ
1472 5304 1675 5355 ἐπάτα-

147 5415 161 5446 t
188 5398 263 5461 ξεν
287 5400 447 5452 αὑτὸν
481 5397 721 5466 ἄγγελος
753 5395 982 5465 Κυρίου,
1019 5394 1139 5447 ἀνθ’
1166 5388 1241 5448 ὧν
1269 5395 1368 5447 οὐκ
1397 5393 1563 5447 ἔδωκε
1589 5394 1677 5447 δό-

148 5504 161 5537 t
187 5488 269 5553 ξαν
294 5489 366 5559 τῷ
394 5488 518 5558 Θεῷ
540 5505 557 5520 ·
608 5487 703 5539 καὶ
751 5485 1041 5555 γενόμενος
1072 5482 1531 5553 σκωληκόϐρωτος
1583 5483 1675 5547 ἐξ·

149 5580 379 5649 ιὲψωξεν.
424 5582 485 5635 Ὀ
517 5580 581 5633 δέ
628 5578 783 5647 λόγος
830 5574 925 5633 τοῦ
963 5574 1100 5631 Θεοῦ
1136 5573 1335 5646 ηὔξανε
1372 5574 1465 5629 καὶ
1511 5572 1679 5643 ἐπληα-

201 5765 217 5796 ³
241 5765 279 5820 ll
298 5765 434 5821 Tim.
461 5782 539 5836 tv,
571 5768 660 5824 ll.

1858 5025 1972 5090 XII,
1999 5026 2188 5081 2l-‘25.
2226 5044 2243 5078 ι
2287 5025 2504 5081 Statuto
2534 5037 2713 5083 autem
2738 5028 2827 5082 die
2850 5026 3092 5085 Herodes
3128 5031 3359 5085 vestitus

1783 5134 1802 5167 ι
1834 5127 1982 5171 veste
2007 5119 2149 5185 regia
2172 5118 2310 5171 sedit
2335 5133 2431 5185 pro
2450 5118 2728 5181 tribunali,
2760 5127 2813 5171 et
2839 5120 3261 5173 concionahatur
3292 5122 3359 5175 ad

1788 5227 1806 5260 ι
1841 5223 1956 5263 eos.
1988 5206 2230 5278 Populus
2288 5224 2415 5262 vero
2449 5210 2801 5263 acclamahat:
2854 5209 2965 5263 Vox
3010 5210 3102 5264 Dei
3148 5221 3200 5266 et
3250 5226 3357 5264 non

1788 5316 1807 5348 ι
1845 5298 2101 5351 hominis.
2140 5297 2436 5351 Confestim
2477 5307 2654 5351 autem
2694 5302 2961 5369 percussit
2992 5316 3113 5353 eum
3136 5301 3361 5368 angelus

1792 5407 1810 5441 t
1846 5388 2075 5452 Domini,
2108 5406 2172 5443 eo
2210 5390 2353 5458 quod
2403 5406 2507 5444 non
2536 5390 2779 5445 dedisset
2842 5391 3071 5461 gloriam
3117 5392 3224 5445 Deo
3255 5409 3267 5443 :
3306 5400 3360 5444 et

1784 5499 1804 5532 ι
1837 5496 2028 5536 erosus
2052 5482 2375 5535 avermibus
2408 5482 2722 5550 exspiravit.
2754 5480 3021 5536 Cat-terum
3058 5482 3147 5536 Dei
3177 5496 3361 5536 sermo

1786 5592 1803 5625 ι
1835 5575 2115 5631 crescebat
2143 5589 2206 5629 ac
2237 5573 2721 5645 multiplicabatur.
2762 5574 3039 5630 Barnabas
3092 5587 3269 5630 autem
3306 5580 3362 5629 et

763 5765 1161 5835 ‘Mattthm,
1184 5764 1276 5820 20.
1351 5764 1371 5795 ⁸
1397 5760 1583 5817 Matth.
1619 5774 1677 5825 ti,
1708 5759 1792 5813 l6.
