4178 6464
746 395 863 459 ‘239

1848 388 2243 449 OSCUMENII
2276 387 2564 447 'l‘lllCCxli
2604 386 2937 446 EPISCOPI

3922 385 4037 445 2l0

756 510 953 569 Deum,
1011 504 1103 572 qui
1132 503 1200 556 ab
1244 504 1363 572 ipso
1398 500 1813 571 prmdicaretur,
1849 498 2176 568 corrigendo
2217 499 2333 552 sub-

2446 499 2534 549 τὸν
2583 498 2671 550 ὑπ’
2719 497 2884 550 αὑτοῦ
2939 496 3366 567 κηρυττόμενον,
3417 496 3723 565 διορθοῦται
3775 497 4035 563 ἐπάγων·

751 598 975 668 jungit:
1034 617 1050 647 ι
1104 595 1223 649 Νοη
1276 594 1330 646 in
1374 592 1703 647 nianul‘actis
1768 592 1985 661 templis
2046 590 2276 645 habitat.
2312 610 2329 643 ι

756 688 977 742 Habitat
1022 684 1297 754 siquidem
1354 683 1409 737 in
1468 683 1707 753 templis,
1757 696 1949 735 verum
1987 694 2096 733 non
2133 678 2188 732 in
2224 678 2331 741 bis,

753 780 846 834 sed
881 780 934 830 in
966 778 1147 830 anima
1178 775 1440 829 humana.
1475 774 1663 842 Neque
1690 772 1839 826 enim
1869 772 1921 825 in
1947 769 2153 840 templo
2181 768 2337 823 Jero-

752 872 1090 939 solymorum
1127 868 1377 922 habitare
1422 865 1647 928 dicitur,
1699 863 1795 919 sed
1854 862 2093 934 operari.
2146 861 2334 930 Neque

754 962 1010 1015 manibus
1060 959 1346 1014 hominum
1398 957 1543 1028 apud
1591 957 1810 1012 Judaeos
1874 955 2181 1017 colebatur,
2235 952 2331 1008 scd

751 1063 971 1109 mente:
1008 1054 1270 1123 quoniam
1312 1067 1416 1106 nec
1454 1052 1546 1106 illa
1582 1053 1655 1105 ita
1699 1053 1989 1119 expetebant
2024 1050 2181 1119 quasi
2215 1064 2334 1118 ege-

752 1155 853 1199 ret.
885 1146 1046 1209 Num,
1091 1144 1291 1214 inquit,
1334 1144 1493 1198 edam
1524 1158 1717 1197 carnes
1746 1151 2028 1195 taurorum
2053 1140 2074 1193 ?
2102 1148 2335 1194 autsau-

749 1241 969 1308 guinem
1001 1238 1285 1291 hircorum
1312 1236 1555 1306 potabo?
1584 1244 1692 1289 etc.

820 1330 983 1395 XVII,
1040 1330 1234 1384 26-29.
1312 1346 1329 1378 ι
1372 1328 1691 1383 Prmﬁniens
1752 1328 2022 1381 destinata
2081 1334 2327 1395 tempora

758 1444 774 1473 ι
822 1422 1196 1490 terminosque
1239 1418 1600 1472 habitationis
1639 1433 1854 1481 eorum,
1914 1425 1973 1471 ut
2025 1425 2331 1486 quaererent

754 1534 771 1564 ι
806 1514 1002 1576 Deum,
1035 1513 1080 1567 si
1113 1514 1256 1565 forte
1289 1510 1514 1580 palpent
1548 1525 1673 1563 eum
1705 1517 1759 1562 et
1789 1508 2094 1569 inveniant,
2138 1519 2332 1575 quam-

757 1626 772 1655 ι
820 1605 903 1661 vis
953 1620 1062 1658 non
1094 1604 1253 1673 longe
1282 1602 1425 1656 absit
1466 1601 1535 1654 ab
1567 1615 1902 1670 unoquoque
1940 1609 2217 1654 nostrum.
2269 1598 2329 1651 In

754 1714 770 1745 ι
821 1696 939 1764 ipso
962 1693 1109 1747 enim
1140 1693 1379 1745 vivimus
1401 1700 1466 1745 et
1498 1704 1788 1745 movemur
1815 1707 1879 1745 ac
1924 1706 2137 1754 sumus,
2186 1690 2330 1743 sicut

754 1806 771 1837 ε
814 1798 869 1839 et
900 1785 1123 1855 quidam
1156 1784 1480 1839 vestratium
1531 1794 1817 1853 poetarum
1867 1782 2126 1836 dixerunt
2155 1799 2167 1833 :
2194 1782 2329 1835 Nam

2397 959 2636 1030 ’χειρῶν
2710 958 3013 1028 ἀνθρώπων
3078 959 3229 1030 παρὰ

2448 609 2465 641 ι
2523 592 2637 643 Ούκ
2673 592 2729 642 ἐν
2785 591 3185 659 χειροποιήτοις
3245 592 3392 653 ναοῖς
3449 592 3714 644 κατοικεῖ.
3786 607 3803 640 ι
3866 591 4033 641 Οἰκεῖ

2442 684 2539 752 μὲν
2574 683 2682 753 γὰρ
2716 684 2773 734 ἐν
2800 684 2971 746 ναοῖς,
3007 681 3125 735 ἀλλ’
3175 681 3274 735 οὐκ
3325 683 3384 735 ἐν
3436 682 3663 745 τούτοις,
3694 682 3808 736 ἀλλ’
3834 683 3893 734 ἐν
3926 683 4031 734 ἁν-

2438 775 2688 846 θρωπίνῃ
2730 774 2897 844 ψυχῇ.
2955 773 3089 827 Οὐδὲ
3122 774 3232 844 γάρ
3260 776 3319 827 ὲν
3366 774 3444 845 τῷ
3472 774 3585 844 ναῷ
3623 774 3731 827 τῶν
3790 776 4032 844 Ἰεροσο-

2437 866 2625 938 λύμων
2683 867 2900 934 λέγεται
2955 868 3147 929 οἰκεῖν,
3208 866 3321 920 ἀλλ’
3384 868 3663 937 ἐνεργεῖ-Λ,
3710 868 3843 920 Οὐδὲ
3916 868 4033 919 ὑπὸ

3306 960 3579 1022 Ἰουδαίοις
3634 958 4030 1029 ἐθεραπεύετο,

2434 1054 2551 1107 ἀλλ’
2574 1055 2676 1106 ὑπὸ
2705 1052 2940 1116 διανοίας
2974 1069 2987 1083 ο
3016 1052 3141 1105 ἐπεὶ
3172 1053 3399 1107 κάκεῖνά
3420 1070 3482 1119 γε
3505 1053 3604 1106 οὐκ
3631 1053 3809 1123 ἐζήτει
3845 1052 4032 1112 οὕτως

2438 1146 2625 1216 ὥσπερ
2642 1147 2915 1215 δεόμενος.
2935 1148 3072 1218 Φησὶ
3100 1145 3227 1217 γὰρ,
3252 1146 3343 1217 Μὴ
3370 1146 3633 1215 φάγωμαι
3656 1146 3862 1215 κρέατα
3882 1144 4032 1195 ταύ-

2440 1258 2547 1311 ρων
2574 1258 2587 1305 ;
2616 1240 2648 1310 ἢ
2679 1235 2819 1311 αἷμα
2843 1240 3060 1311 τράγων
3088 1242 3337 1308 πίωμαις
3371 1239 3467 1292 καὶ
3520 1238 3589 1290 τὰ
3612 1239 3758 1308 ἑξῆς.

2513 1353 2530 1385 ι
2576 1334 2791 1404 Ὀρίσας
2862 1333 3373 1404 προστεταγμένους
3437 1333 3663 1402 καιροὺς
3751 1330 3845 1381 καὶ
3919 1332 4028 1390 τὰς

2440 1446 2458 1478 ι
2497 1426 2779 1497 ὁροθεσίας
2839 1428 2936 1495 τῆς
3014 1427 3295 1489 κατοικίας
3350 1426 3563 1487 αὐτῶν,
3651 1422 3834 1491 ζητεῖν

2444 1538 2459 1568 ι
2499 1517 2653 1582 Θεὸν,
2684 1522 2732 1570 εἱ
2766 1518 2874 1587 ἄρα
2910 1534 2971 1585 γε
3007 1517 3382 1587 ψηλαφήσειεν
3438 1516 3601 1570 αὐτὸν
3629 1515 3722 1568 καὶ
3780 1513 4024 1582 εὖροιεν,

2443 1630 2459 1661 ι
2503 1610 2748 1677 καίτοιγε
2786 1611 2847 1663 οὐ
2920 1609 3138 1680 μακρὰν
3187 1609 3295 1661 ἀπὸ
3337 1608 3451 1670 ἑνὸς
3478 1608 3705 1661 ἑκάστου
3731 1604 3887 1673 ἡμῶν
3916 1605 4031 1656 ὑπ-

2442 1720 2459 1751 (
2503 1701 2760 1771 ἀρχοντα.
2804 1703 2891 1753 Ἐν
2922 1700 3068 1771 αὐτῷ
3098 1701 3204 1770 γάρ
3230 1700 3414 1769 ζῶμεν
3443 1700 3535 1751 καὶ
3571 1696 3873 1764 κινούμεθα
3924 1694 4031 1746 καὶ

2442 1813 2457 1844 ι
2502 1793 2687 1862 ἐσμὲν,
2730 1793 2803 1855 ὡς
2837 1794 2929 1845 καί
2965 1809 3107 1854 τινες
3141 1793 3247 1844 τῶν
3275 1792 3395 1844 καθ’
3429 1791 3572 1860 ὑμᾶς
3597 1788 3832 1856 ποιητῶν
3863 1788 4030 1856 εὲρήο

3926 1422 4027 1472 τὶν

752 1898 769 1929 ι
807 1880 972 1949 hujus
1027 1877 1191 1931 etiam
1244 1877 1537 1946 progenies
1594 1889 1807 1928 sumus.
1863 1872 2000 1927 Cum
2047 1887 2178 1940 ergo
2226 1870 2319 1923 Dei

2439 1904 2452 1936 ι
2491 1902 2622 1939 κασι
2648 1901 2661 1915 °
2693 1886 2799 1938 Τοῦ
2826 1887 2931 1956 γὰρ
2983 1886 3075 1938 καὶ
3107 1886 3263 1952 γένος
3294 1886 3481 1953 ἐσμέν.
3522 1883 3681 1945 Γένος
3708 1876 3798 1933 οὖν
3840 1880 4031 1947 ὑπάρο

754 1990 769 2019 ι
808 1984 982 2039 genus
1012 1968 1205 2030 simus,
1264 1982 1371 2019 non
1421 1964 1689 2018 debemus
1726 1962 2043 2017 existimare
2075 1975 2211 2014 auro
2244 1959 2328 2012 vel

751 2085 767 2113 ε
809 2073 1059 2133 argento,
1114 2076 1211 2114 seu
1263 2059 1433 2129 lapidi
1471 2068 1588 2113 arte
1632 2057 1869 2127 seulpto,
1896 2065 1947 2110 et
1976 2055 2202 2109 invento
2231 2054 2328 2106 bo-

752 2177 768 2206 ι
813 2156 980 2210 minis
1020 2155 1237 2209 Numen
1272 2169 1392 2208 esse
1420 2153 1619 2207 simile.
1668 2170 1686 2202 ι

822 2269 839 2299 ι
880 2247 1200 2303 Ρηείὶηὶειιε
1277 2245 1553 2299 destinata
1626 2252 1897 2312 tempora.
1935 2260 1953 2287 ι
2009 2239 2325 2301 Praﬁnivit,

749 2340 946 2410 inquit,
983 2352 1041 2393 ut
1066 2339 1237 2392 Deum
1267 2345 1579 2407 quarerent
1607 2352 1620 2388 :
1644 2344 1698 2388 at
1732 2351 1837 2388 non
1869 2348 2087 2402 semper
2112 2330 2327 2385 lioede-

748 2435 991 2495 stinavit,
1010 2430 1102 2484 sed
1122 2429 1441 2484 constitutis
1461 2427 1833 2497 temporibus:
1860 2423 2330 2497 lasostendens

747 2524 895 2595 quod
931 2540 1077 2577 nunc
1108 2537 1234 2576 eum
1263 2520 1593 2589 repererint,
1634 2536 1700 2573 ne
1736 2520 2030 2587 qua:situm
2079 2516 2323 2585 quidem.

748 2614 1202 2684 Quandoquidem
1283 2612 1430 2665 enim
1481 2627 1591 2665 non
1638 2610 1924 2679 quaasitum
1974 2608 2326 2669 invenerunt,

748 2709 1092 2761 demonstrat
1129 2705 1267 2759 adeo
1309 2704 1661 2757 manifestum
1698 2720 1823 2756 eum
1855 2702 2047 2765 fuisse,
2078 2700 2245 2753 veluti
2283 2701 2328 2752 si

748 2799 878 2869 quid
910 2800 963 2852 in
991 2798 1171 2853 medio
1215 2797 1381 2851 situm
1417 2804 1812 2849 contrectetur.
1872 2794 2062 2861 Neque
2094 2793 2242 2845 enim
2272 2792 2327 2845 in

750 2894 854 2946 hoc
892 2892 1013 2945 loco
1044 2889 1431 2945 inveniebatur
1478 2888 1557 2942 sic
1593 2897 1653 2941 ut
1704 2902 1812 2940 non
1851 2885 2003 2948 alibi,
2058 2897 2237 2951 neque
2272 2881 2327 2935 in

752 2986 855 3038 hoc
892 2994 1137 3052 tempore
1166 2992 1287 3036 erat
1316 2982 1396 3035 sic
1425 2988 1483 3033 ut
1551 2980 1603 3032 in
1666 2978 1773 3032 alio
1812 2991 1921 3031 non
1948 2984 2132 3030 esset:
2167 2972 2328 3027 Omni

754 3078 943 3146 itaque
996 3085 1241 3144 tempore
1282 3073 1544 3141 omnique
1576 3071 1697 3124 loco
1728 3069 2036 3139 potuissent
2072 3081 2198 3120 eum
2247 3064 2327 3117 in-

752 3168 973 3222 venire:
1014 3166 1087 3219 ita
1119 3179 1357 3234 namque
1386 3162 1737 3231 disposuerat
1765 3169 1827 3214 ut
1851 3172 2029 3227 neque
2059 3158 2182 3211 loco
2218 3156 2328 3208 ullo

756 3266 1062 3323 arceretur,
1116 3272 1295 3326 neque
1330 3266 1597 3323 tempore.
1655 3252 1789 3307 Nam
1838 3252 1943 3303 hoc
1990 3250 2166 3318 ipsum
2200 3220 2400 3301 saneC

758 3353 867 3406 illis
918 3350 1153 3404 maxime
1192 3350 1511 3417 adjumento
1570 3354 1707 3414 erat,
1762 3344 1907 3413 quod
1941 3343 2146 3411 ubique
2187 3349 2333 3395 esset

756 3447 902 3501 Deus
952 3446 1212 3513 omnique
1268 3451 1515 3512 tempore
1560 3438 1905 3509 perduraret.
1964 3437 2031 3490 Et
2095 3436 2201 3489 hoc
2252 3442 2334 3487 est

757 3538 903 3609 quod
934 3538 1010 3591 ait
1046 3556 1057 3589 :
1120 3557 1134 3587 ι
1175 3537 1339 3604 Atqui
1368 3551 1477 3589 non
1521 3534 1678 3602 longe
1714 3530 1866 3584 abest
1900 3530 1968 3582 ab
2003 3540 2333 3596 unoquoque

757 3638 1030 3683 nostrum.
1062 3626 1232 3723 IJNam
1266 3641 1434 3694 prope
1462 3638 1653 3678 omnes
1674 3629 1779 3685 est,
1814 3621 2125 3687 ubicunque
2157 3627 2332 3669 terra-

760 3734 882 3773 rum
936 3706 1093 3771 εἰηιῖ
1127 3716 1373 3784 adeoque
1410 3730 1578 3783 prope
1606 3722 1690 3766 est
1727 3723 1785 3765 ut
1831 3712 2036 3779 absque
2083 3724 2149 3761 eo
2198 3706 2333 3760 nulli

760 3814 871 3865 vita
906 3812 1001 3865 sit.
1059 3829 1075 3858 ε
1118 3810 1174 3863 In
1227 3810 1345 3879 ipso
1375 3809 1522 3861 enim
1575 3807 1811 3859 vivimus
1845 3814 1899 3856 et
1951 3817 2236 3856 movemur
2272 3815 2335 3853 ac

759 3919 971 3957 sumus.
1012 3921 1027 3951 ι
1092 3899 1567 3967 Quemadmodum
1630 3898 1681 3950 in
1730 3894 2000 3963 corporali
2059 3891 2331 3959 exemplo,

761 3998 901 4051 sicut
946 3995 1283 4064 impossibile
1333 4005 1415 4047 est
1470 3992 1719 4061 ignorare
1749 4004 1954 4047 aerem.
2007 3987 2101 4055 qui
2129 3985 2333 4051 ubique

759 4085 1107 4148 dilfunditur,
1140 4100 1238 4137 nec
1267 4084 1425 4153 longe
1471 4083 1537 4135 ab
1582 4094 1914 4147 unoquoque
1957 4086 2207 4131 nostrum
2240 4076 2336 4128 ab-

757 4190 863 4244 est,
896 4179 1028 4248 quin
1063 4177 1248 4247 potius
1276 4177 1329 4229 in
1370 4176 1530 4229 nobis
1566 4184 1670 4237 est,
1721 4177 1793 4228 ita
1837 4187 1967 4226 sane
1999 4180 2054 4224 et
2087 4170 2332 4223 omnium

756 4271 1107 4328 Conditorem
1146 4271 1316 4324 Deum
1347 4269 1595 4340 ignorare
1622 4282 1730 4321 non
1756 4279 2068 4336 possumus.
2103 4262 2182 4316 Ab
2220 4262 2336 4331 ipso

755 4365 903 4421 enim
961 4365 1229 4417 habemus
1288 4370 1345 4414 ut
1395 4361 1588 4421 simus,
1650 4369 1711 4413 ut
1766 4373 2081 4426 operemur,
2134 4364 2187 4408 ut
2227 4370 2336 4407 non

756 4466 1067 4521 pereamus.
1130 4449 1338 4502 Deinde
1383 4449 1547 4502 etiam
1589 4446 1909 4501 vaticinium
1963 4444 2071 4497 illis
2127 4444 2337 4497 inducit

2442 1998 2459 2030 ι
2504 1995 2688 2047 χοντες
2713 1976 2807 2031 τοῦ
2837 1978 2995 2039 Θεοῦ,
3054 1977 3152 2029 οὐκ
3181 1975 3467 2043 ὀφείλομεν
3524 1973 3786 2041 νομίζειν,
3831 1974 4031 2039 χρυσξι

2440 2089 2456 2121 ι
2503 2071 2535 2139 ἢ
2569 2070 2796 2140 ἀργύρῳ
2828 2070 2859 2138 ἢ
2898 2070 3028 2137 λίθῳ
3058 2068 3379 2139 χαράγματι
3427 2069 3622 2135 τέχνης
3664 2066 3755 2119 καὶ⁸
3785 2066 4033 2136 ἐνθυμή-

2438 2182 2455 2213 ι
2500 2180 2635 2225 σεως
2667 2162 2957 2232 ἀνθρώπου
2988 2162 3048 2213 τὸ
3068 2162 3221 2214 Θεῖον
3250 2157 3390 2213 εἶναι
3423 2162 3660 2230 ὅμοιον.)

2508 2274 2525 2304 ι
2584 2253 2803 2321 Ὀρίσας
2862 2251 3371 2324 προστεταγμένους
3425 2250 3674 2320 καιρούς.
3720 2269 3738 2301 ι
3804 2251 4027 2316 "Op-.15,

2434 2346 2589 2413 φησὶ,
2633 2345 2869 2415 ζητῆσαι
2904 2344 2993 2396 τὸν
3027 2343 3198 2397 Θεόν·
3237 2343 3351 2397 ἀλλ’
3392 2343 3453 2394 οὐ
3496 2343 3583 2395 διά
3629 2342 3830 2403 παντὸς
3862 2341 4031 2393 τοῦτο

2433 2439 2670 2509 ὥρισεν,
2726 2437 2862 2491 ἀλλὰ
2914 2436 3430 2507 προστεταγμένους
3488 2436 3751 2505 καιροὺς,
3803 2434 4025 2497 δεικνὺς

2436 2534 2516 2585 ὃτι
2567 2532 2660 2583 νῦν
2707 2531 2829 2600 οὐχὶ
2858 2530 3195 2600 ζητήσαντες
3225 2522 3403 2599 εὗρον.
3457 2529 3676 2596 Ἐπειδὴ
3702 2529 3809 2597 γὰρ
3850 2527 4029 2597 ζητή-

2439 2640 2631 2685 σαντες
2684 2623 2779 2691 ούχ
2820 2617 3000 2692 εὗρον,
3026 2621 3298 2675 δείκνυσιν
3328 2622 3409 2675 ὅτι
3440 2621 3613 2683 οὕτως
3650 2616 3716 2691 ἦν
3758 2621 4022 2689 φανερὸς,

2438 2716 2626 2784 ῶσπερ
2683 2715 2749 2768 ἂν
2801 2716 2879 2777 είς
2927 2716 3092 2784 μέσον
3123 2732 3174 2767 τι
3204 2713 3604 2784 ψηλαφώμενον
3630 2730 3644 2744 ’
3681 2714 3741 2765 ού
3772 2712 3879 2779 γὰρ
3942 2714 4029 2762 ὲν-

2438 2807 2610 2860 ταῦθα
2662 2808 2760 2877 μὲν
2818 2803 2885 2876 ἦν
2936 2808 3187 2878 οὐρανὸς,
3246 2805 3480 2876 ἀλλαχοῦ
3525 2806 3580 2858 δὲ
3635 2805 3717 2857 05.
3776 2806 3908 2855 025':
3963 2806 4027 2853 ἐν

2434 2899 2606 2968 τούτῳ
2657 2899 2733 2968 τῷ
2774 2900 2949 2971 χρόνῳ
3008 2895 3098 2970 ἦν,
3154 2901 3215 2951 ὲν
3252 2899 3397 2969 ἄλλῳ
3431 2898 3485 2950 δὲ
3532 2897 3629 2949 οὗ·
3664 2898 3805 2949 ῶστε
3871 2899 4027 2947 κατὰ

2436 2992 2613 3044 πάντα
2650 2992 2843 3061 καιρὸν
2906 2995 2999 3044 καὶ
3052 2991 3430 3046 καταστᾶσαν
3470 2990 3755 3061 ὀροθεσίαν
3788 2989 4027 3040 δυνατὴν

2435 3079 2597 3130 αὑτὸν
2634 3079 2815 3147 εὑρεῖν
2852 3095 2864 3107 ·
2901 3080 3073 3142 οὕτως
3110 3081 3218 3150 γὰρ
3270 3080 3643 3149 ᾠκονόμησεν,
3700 3077 3839 3130 ὥστε
3875 3079 4027 3146 μήτε

2436 3170 2586 3238 τόπῳ
2617 3169 2944 3235 κωλύεσθαι,
2978 3174 3115 3242 μήτε
3165 3173 3363 3242 χρόνῳ.
3396 3173 3537 3225 Λύτὸ
3586 3175 3695 3241 γὰρ
3751 3172 3813 3239 δὴ
3857 3171 4030 3223 τοῦτ)

2440 3264 2676 3330 μάλιστα
2746 3265 2929 3326 αὐτοῖς
2994 3265 3370 3327 συνεϐάλλετο,
3426 3265 3487 3319 τὸ
3541 3265 3816 3335 πανταχοῦ
3874 3260 4029 3316 εἶναι

2436 3356 2525 3408 τὸν
2552 3356 2805 3424 οὐρανὸν,
2845 3357 2905 3408 τὸ
2940 3360 2997 3408 ἐν
3032 3361 3193 3411 παντὶ
3220 3359 3399 3428 χρόνῳ
3426 3359 3665 3411 ἑστάναι.
3701 3359 3809 3409 Καὶ
3858 3357 4031 3408 τοῦτό

2439 3450 2585 3500 ἐστιν
2614 3450 2641 3501 ὅ
2674 3465 2830 3517 φησι,
2877 3466 2895 3498 ι
2928 3448 3033 3501 Καί
3062 3466 3124 3516 γε
3158 3450 3219 3500 ού
3248 3450 3466 3518 μακρὰν
3498 3450 3604 3500 ἀπὸ
3630 3448 3745 3510 ὲνδς
3782 3449 4030 3499 ἑκάστου

2435 3539 2593 3611 ήμῶν
2648 3541 2795 3594 διτα.
2841 3558 2859 3591 ι
2906 3543 3046 3594 Πᾶτι
3078 3542 3185 3611 γάρ
3222 3542 3386 3607 ἐγγύς
3416 3542 3530 3593 ἐστι
3584 3542 3693 3602 τοῖς
3742 3540 4031 3606 πανταχο]

2437 3630 2535 3698 τῆς
2564 3631 2887 3700 οἰκουμένης
2940 3627 3060 3684 οὖσι
3090 3648 3103 3661 ·
3167 3632 3260 3683 καὶ
3316 3632 3489 3694 οὕτως
3545 3633 3708 3699 ἐγγύς
3743 3632 3909 3690 ἐστιν,
3948 3632 4034 3691 ὡς

2438 3721 2604 3788 χωρὶς
2663 3721 2824 3773 αὑτοῦ
2882 3721 2955 3790 μὴ
3012 3721 3130 3790 ζῇν.
3165 3740 3183 3771 ‹
3231 3721 3319 3773 Ἐν
3359 3722 3506 3789 αύτῷ
3560 3721 3667 3791 γὰρ
3703 3721 3883 3789 ζῶμεν
3929 3728 4033 3773 καὶ

2439 3810 2732 3880 κινούμεθα
2766 3811 2857 3863 καὶ
2887 3813 3073 3879 ἐσμέν.
3111 3831 3127 3861 ι
3175 3813 3385 3881 Ὥσπερ
3437 3814 3493 3864 ὲν
3550 3813 3848 3880 σωματικῷ
3882 3813 4029 3863 ύττο-
4082 3844 4085 3847 -

2436 3901 2709 3969 δείγματι,
2754 3904 2826 3963 ὡς
2874 3902 3136 3955 ἀδύνατον
3183 3903 3451 3970 ἀγνοῆσαι
3516 3904 3605 3955 τὸν
3639 3904 3776 3972 ἀέρα
3809 3921 4031 3954 παντα-

2439 3993 2533 4062 χοῦ
2590 3994 2909 4063 κεχυμένον,
2960 3997 3055 4047 καὶ
3105 3996 3165 4047 οὐ
3223 3997 3441 4065 μακράν
3496 3995 3603 4048 ἀπὸ
3638 3996 3755 4057 tui;
3788 3996 4032 4047 ἑκάστω

2438 4086 2597 4155 ήμῶν
2630 4087 2965 4155 ὑπάρχοντα,
3001 4088 3201 4156 μᾶλλον
3233 4088 3287 4139 δὲ
3325 4089 3416 4139 καὶ
3450 4092 3505 4140 ἐν
3535 4090 3664 4156 ἡμῖν
3698 4088 3848 4148 ὄντα,
3878 4088 4035 4138 οἰτκι

2438 4178 2500 4246 δὴ
2530 4180 2622 4230 καὶ
2676 4178 2765 4230 τὸν
2808 4179 2914 4230 τῶν
2948 4179 3084 4231 ὅλων
3116 4179 3448 4249 δημιουργὸν
3497 4179 3652 4231 Θεὸν.
3690 4180 3822 4246 Παρ⁹
3854 4179 4034 4230 αὑτοῦ

2440 4271 2548 4334 γάρ
2572 4273 2715 4321 ἐστιν
2751 4272 2881 4338 ἡμῖν
2911 4272 2971 4321 τὸ
3027 4265 3188 4334 εἶναι,
3235 4270 3295 4322 τὸ
3351 4273 3618 4340 ἐνεργεῖν,
3663 4271 3722 4322 τὸ
3776 4271 3849 4338 μὴ
3910 4270 4034 4321 ἁττ-

2440 4360 2679 4414 οὶέσθαι.
2718 4356 2851 4415 Εἶτα
2909 4364 3002 4415 καὶ
3057 4363 3255 4433 χρῆσιν
3308 4364 3487 4426 αὐτοῖς
3546 4365 3777 4433 Ἀράτου
3825 4364 4034 4428 ἐπάγει

2440 4453 2555 4515 ένὸς
2592 4471 2734 4515 τινος
2765 4455 2873 4505 τῶν
2904 4454 3036 4523 παρ’
3062 4455 3245 4517 αὐτοῖς
3291 4456 3534 4525 ποιητῶν
3564 4458 3641 4519 εἰς
3672 4457 4035 4522 κατασκευὴν

757 4544 908 4599 Arati
974 4551 1146 4612 poeta:
1193 4539 1479 4609 cujusdam
1520 4540 1661 4592 inter
1707 4553 1803 4591 eos
1849 4536 1942 4605 qui
1992 4535 2136 4604 apud
2191 4534 2333 4603 ipsos

2442 4544 2531 4595 τοῦ
2565 4544 2757 4596 ἑαυτοῦ
2782 4545 2965 4613 λόγου.
3001 4565 3018 4597 ι
3054 4545 3160 4597 Τοῦ
3182 4552 3291 4617 γαρ
3312 4550 3404 4599 καὶ
3431 4549 3584 4613 γένος
3609 4549 3829 4614 ἐσμὲν.»
3865 4565 3976 4614 φητ
3996 4550 4033 4599 Ξ.

759 4636 960 4701 fuerat,
1016 4635 1081 4687 ad
1133 4634 1217 4685 sui
1258 4631 1527 4685 sermonis
1576 4629 2095 4684 conﬁrmationem:
2150 4644 2165 4675 ι
2202 4627 2335 4679 Nam

760 4731 923 4799 hujus
967 4729 1130 4782 etiam
1190 4726 1481 4795 progenies
1534 4740 1759 4786 sumus,
1798 4744 1813 4774 ι
1868 4722 2068 4791 inquit.
2128 4722 2195 4775 Et
2248 4721 2337 4773 hic

757 4820 981 4890 quidem
1008 4820 1075 4873 de
1125 4818 1243 4885 ipso
1275 4818 1537 4871 Creatore
1570 4816 1702 4869 illud
1738 4814 1988 4879 assumit,
2022 4826 2336 4882 quanquam

758 4912 992 4970 dolove
1018 4912 1123 4964 hoc
1154 4911 1363 4964 dictum
1398 4924 1519 4963 esse
1548 4908 1763 4962 ferant:
1804 4922 1914 4960 non
1939 4906 2128 4959 dicens
2160 4904 2337 4972 ipsum

761 5007 836 5060 illi
882 5017 1098 5075 aptasse
1126 5046 1139 5063 .
1182 5005 1275 5058 sed
1339 5004 1485 5072 quod
1527 5002 1746 5072 proprie
1814 5002 1880 5054 ad
1925 5000 2101 5069 ipsum
2163 4996 2337 5066 aptari

758 5098 955 5168 possit.
991 5097 1207 5152 Etenim
1234 5097 1482 5165 quazdam
1512 5095 1657 5149 dicta
1684 5094 1848 5147 etiam
1879 5093 1946 5147 ad
1983 5094 2158 5161 ipsum
2193 5098 2338 5143 recte

760 5200 1041 5261 aptantur,
1104 5203 1417 5258 quanquam
1472 5187 1524 5239 id
1569 5187 1819 5240 nesciant
1868 5184 2087 5246 Graeci,
2126 5182 2219 5236 sed
2271 5180 2339 5233 ad

761 5282 927 5343 alium
964 5282 1055 5335 illa
1083 5281 1374 5335 relulerint
1406 5297 1419 5332 :
1454 5278 1920 5349 quemadmodum
1967 5287 2021 5331 et
2061 5276 2192 5329 illud
2234 5285 2336 5337 est,

762 5374 952 5445 Ignoto
983 5373 1115 5436 Deo,
1150 5381 1204 5425 et
1232 5372 1479 5441 quaedam
1511 5372 1639 5424 alia.
1673 5372 1858 5425 Genus
1892 5381 2076 5425 autem
2114 5368 2208 5423 Dei
2242 5384 2341 5421 nos

760 5473 883 5514 esse
908 5457 1047 5512 dicit
1076 5457 1304 5510 Paulus:
1335 5472 1444 5509 non
1481 5464 1540 5509 ut
1569 5456 1643 5508 illi
1677 5457 1851 5519 aiunt,
1878 5455 1972 5509 sed
2003 5456 2113 5507 alio
2138 5470 2338 5509 sensu:

763 5553 869 5604 hoc
901 5559 986 5604 est
1012 5547 1333 5607 familiares,
1359 5548 1638 5616 proximos
1669 5564 1681 5599 :
1736 5554 1797 5599 ut
1838 5547 1880 5599 si
1914 5548 2038 5615 quis
2064 5547 2097 5599 d
2124 5556 2209 5599 cat
2238 5545 2336 5597 do-

764 5643 1025 5697 mesticos
1055 5652 1149 5696 aut
1180 5642 1417 5695 vicinos.

837 5731 1000 5799 XVII,
1034 5733 1223 5789 ὅσοι.
1288 5754 1304 5785 ι
1338 5733 1607 5801 Tempora
1640 5733 1825 5801 itaque
1857 5730 2182 5800 ignorantia:
2217 5746 2340 5783 cum

823 5829 1096 5885 hactenus
1125 5828 1487 5883 dissimularit
1518 5828 1681 5893 Deus,
1719 5842 1866 5901 nunc
1892 5826 2181 5879 annuntiat
2221 5842 2339 5878 om-

2441 4637 2549 4690 Καὶ
2576 4633 2725 4697 οὗτος
2760 4638 2857 4705 μὲν
2892 4638 3019 4706 περὶ
3048 4637 3139 4688 τοῦ
3173 4637 3515 4706 Δημιουργοῦ
3558 4638 3687 4689 αὐτὸ
3730 4637 4034 4703 meme,

2442 4733 2487 4781 εἱ
2526 4730 2618 4783 καὶ
2654 4729 2779 4797 περὶ
2814 4729 2904 4780 τοῦ
2937 4730 3056 4809 Arb;
3107 4728 3263 4781 τοῦτο
3322 4729 3571 4797 εἰρῆσθαί
3620 4746 3804 4795 eam.
3836 4729 3893 4777 οὐ
3936 4731 4037 4778 τῗν

2444 4821 2605 4873 αὑτὸν
2645 4820 2837 4887 ἐκείνῳ
2868 4818 3063 4884 λέγων,
3109 4818 3245 4871 ἀλλὰ
3304 4818 3462 4871 τοῦτο
3512 4820 3714 4885 κυρίως
3753 4820 3837 4868 ἐπ’
3876 4819 4037 4887 αὖτις»

2445 4912 2704 4980 ἁρμόζειν
2733 4912 2927 4974 λέγων.
2982 4911 3209 4979 Εἴρηται
3271 4911 3369 4980 μὲν
3415 4912 3522 4978 γάρ
3570 4928 3689 4961 τινα
3718 4910 3811 4960 καὶ
3845 4912 3995 4977 πράτ
4022 4941 4036 4949 -

2443 5025 2590 5059 τεται
2633 5008 2711 5067 εἰς
2766 5004 2947 5070 αύ,τὸν,
3008 5002 3121 5056 ἀλλ’
3178 5004 3279 5055 οὐκ
3327 5004 3474 5054 ἴσασι
3526 5001 3683 5053 τοῦτο
3737 5002 4033 5067 Ἒῐμληνες,

2443 5099 2555 5152 ἀλλ’
2604 5099 2683 5159 εἰς
2742 5086 2928 5166 ἕτερον
2956 5095 3094 5147 αὐτὰ
3126 5096 3468 5163 νενοήκασιν,
3524 5093 3711 5163 ὥσπερ
3764 5096 3881 5145 ἐστὶ
3934 5098 4037 5146 καὶ

2443 5192 2525 5249 τὸ,
2556 5208 2572 5239 ι
2598 5187 2886 5257 Ἀγνώστῳ
2910 5186 3050 5257 Θεῷ,
3090 5206 3108 5237 ι
3133 5186 3407 5255 καίἓτερά
3439 5202 3579 5238 τινα.
3610 5186 3765 5246 rivo;
3800 5186 3855 5237 δὲ
3889 5186 4038 5239 Θεοῦ

2444 5284 2589 5350 ἡμᾶς
2626 5278 2767 5334 εἷναί
2800 5299 2964 5349 φησιν
3009 5283 3037 5333 ὁ
3079 5282 3307 5346 Παῦλος,
3345 5280 3443 5347 οὐχ
3491 5279 3567 5339 ὡς
3615 5279 3808 5329 ἐκεῖνοί
3840 5296 4038 5346 ιξασεν,

2446 5374 2559 5425 ἀλλ’
2610 5374 2781 5443 ἑτέρῳ
2841 5373 2936 5441 νῷ,
2992 5374 3293 5436 τουτέστιν,
3348 5374 3602 5433 οἰκείους,
3668 5373 4038 5437 ὲγτυτάτους,

2446 5467 2517 5528 ῶς
2544 5467 2607 5518 ἂν
2635 5467 2776 5517 εἴποι
2803 5484 2903 5529 τις,
2942 5467 3241 5535 παροίκους
3268 5467 3299 5536 ἢ
3330 5467 3598 5531 γείτονας.

2524 5754 2541 5781 ι
2583 5736 2720 5796 Τοὺς
2767 5736 2863 5802 μὲν
2922 5734 3013 5788 οὖν
3062 5735 3285 5802 γρόνους
3342 5734 3435 5801 τῆς
3490 5734 3712 5799 ἁγεοοὲας
3761 5732 4044 5799 ὑπεριδὼν

2455 5845 2471 5876 ι
2507 5826 2711 5893 0850;,
2747 5834 2811 5880 τα
2847 5827 2937 5880 νῦν
2990 5827 3359 5897 παραγγέλλει
3414 5829 3524 5889 τοῖς
3555 5827 3865 5896 ἀνθρώποις
3898 5827 4042 5877 ττξσι
