4178 6464
779 366 882 428 213

1864 367 2252 429 (ECUMENII
2290 369 2575 429 'i‘iilCC.'E
2606 372 2945 432 EPISCUPI

3922 365 4025 430 Ξιι

780 476 983 532 eadem
1045 491 1207 543 quam
1245 473 1469 545 sibiipsi
1526 475 1710 529 infert.
1760 476 1871 531 live
1931 481 2114 547 itaque
2172 479 2349 533 dicit:

2460 480 2575 532 τινὰ
2610 481 2835 549 ὲκχὲων,
2883 480 2971 532 διὰ
3024 483 3123 544 τῆς
3179 480 3392 549 σφαγῆς
3448 481 3512 549 ἣν
3544 478 3789 549 ἐπιφέρει
3828 482 4022 550 ἑαυτῷ.

781 564 1047 628 Quoniam
1102 566 1349 633 vosipsos
1405 566 1791 621 incredulitaw
1840 570 2134 638 jugulatis,
2188 570 2352 640 hujus

781 654 911 707 lacti
942 656 1143 724 vosipsi
1168 670 1391 709 causam
1428 657 1631 719 subite,
1666 674 1788 712 cum
1808 674 1909 728 ego
1934 662 2091 730 culpa
2112 676 2348 715 caream.

783 745 922 799 liinc
960 754 1141 799 autem
1174 747 1430 817 colligere
1472 749 1766 818 licetquod
1791 752 1882 818 qui
1914 752 2154 821 seipsum
2188 754 2350 824 jugu-

781 837 876 892 lat.
916 836 1185 903 judicium
1226 838 1514 893 homicidae
1553 841 1702 894 subit
1734 856 1799 895 ac
1844 844 2173 912 supplicium
2206 845 2351 914 apud

781 928 1093 985 Dominum.
1904 978 1916 987 ,

851 1020 1038 1083 XVIII,
1076 1024 1227 1077 9-16.
1275 1042 1292 1074 ‹
1333 1026 1478 1079 Dixit
1522 1035 1704 1079 autem
1747 1027 2012 1080 Dominus
2060 1036 2221 1081 nocte
2254 1042 2353 1097 per

788 1128 804 1160 ι
846 1112 1119 1167 visionem
1170 1116 1380 1170 Paulo:
1430 1118 1509 1171 Ne
1561 1118 1774 1177 timeas.
1810 1120 1902 1173 sed
1937 1121 2165 1189 loquere
2196 1129 2252 1173 et
2283 1137 2351 1176 ne

789 1222 805 1249 ‹
849 1212 1049 1269 taceas,
1087 1221 1155 1259 eo
1186 1207 1332 1274 quod
1359 1223 1459 1276 ego
1490 1209 1592 1261 sim
1625 1218 1825 1275 tecum,
1857 1222 1913 1266 et
1947 1227 2109 1266 nemo
2140 1213 2354 1268 adorie-

789 1313 805 1342 ι
840 1302 927 1347 tur
955 1305 1027 1359 te,
1072 1306 1130 1350 ut
1160 1299 1357 1368 amigat
1396 1308 1466 1365 te,
1513 1302 1719 1356 multus
1741 1304 1886 1357 enim
1932 1303 2065 1357 mibi
2115 1306 2351 1373 populus

789 1403 805 1431 ι
850 1392 933 1436 est
965 1385 1018 1436 in
1053 1386 1152 1439 hac
1201 1388 1443 1442 civitate.
1505 1388 1661 1445 Sedit
1692 1400 1876 1445 autem
1944 1392 2021 1445 ibi
2063 1408 2267 1447 annum
2295 1404 2351 1447 et

790 1492 805 1522 ι
847 1490 941 1527 sex
992 1492 1209 1531 menses
1250 1479 1456 1534 docens
1494 1496 1589 1536 eos
1640 1483 1867 1536 verbum
1912 1484 2027 1537 Dei.
2079 1483 2348 1538 Caeterum

790 1584 807 1611 ι
849 1580 972 1619 cum
1023 1567 1197 1622 Gallio
1253 1580 1437 1640 ageret
1470 1574 1851 1640 proconsulem
1883 1575 2097 1630 Achate
2120 1616 2132 1639 ,
2168 1577 2352 1631 insur-

2455 568 2626 621 Τοῦτο
2678 569 2770 644 οὖν
2830 587 3015 638 φησιν,
3054 571 3198 621 Ἀνθ’
3245 563 3321 622 ὧν
3379 569 3613 636 σφάζετε
3667 572 3892 633 ἑαυτοὺς
3940 572 4025 624 διά

2453 662 2553 731 τῆς
2576 662 2851 723 ἀπιστίας,
2887 660 3055 713 αὑτοῦ
3090 660 3282 713 τούτου
3336 662 3494 730 ὑμεῖς
3538 654 3812 730 ὑτῖόσχητε
3850 663 4021 731 δίκην,

2455 754 2588 823 ἐμοῦ
2616 753 2793 819 ἀθὼου
2826 753 2996 815 ὄντος.
3041 752 3328 806 Ἐντεῦθεν
3370 753 3426 805 δὲ
3479 750 3596 804 ἔστι
3628 753 3879 815 συνιδεῖν,
3943 758 4023 807 ἔτι

2453 846 2482 897 6
2529 844 2749 912 σφάζων
2799 844 3010 909 ἑαυτὸν,
3060 845 3384 915 τιμωρεῖται
3432 843 3507 906 ὡς
3536 846 3733 911 φονεὺς
3765 848 3913 914 παρὰ
3949 847 4025 914 τῷ

2454 937 2591 1006 Θεῷ.

2530 1045 2548 1076 ι
2592 1022 2725 1079 Eine
2760 1026 2816 1079 δὲ
2852 1030 2880 1079 6
2937 1027 3144 1095 Κύριος
3187 1027 3255 1078 δι’
3304 1027 3582 1095 ὁράματος
3634 1027 3692 1080 ἐν
3748 1028 3900 1080 νυκτὶ
3948 1027 4027 1095 τῷ

2461 1136 2479 1168 ‹
2517 1118 2745 1188 Παύλῳ·
2780 1119 2870 1187 Μὴ
2895 1118 3080 1186 φοϐοῦ,
3105 1120 3241 1171 ἀλλὰ
3277 1119 3428 1171 λάλει
3471 1120 3566 1172 καὶ
3609 1120 3683 1189 μὴ
3711 1121 4017 1190 σιωπήσῃς.

2461 1228 2476 1257 ι
2516 1208 2649 1260 διότι
2687 1211 2796 1275 ἐγὼ
2829 1210 2945 1277 εἰμι
2995 1210 3134 1277 μετά
3167 1209 3259 1262 σοῦ
3287 1226 3300 1239 ο
3339 1209 3435 1263 καὶ
3480 1210 3657 1273 ούδεῖς
3706 1211 4029 1277 ἐπιθήσεταί

2461 1318 2476 1347 ι
2518 1316 2597 1350 σοι
2626 1298 2720 1350 τοῦ
2777 1298 3024 1350 κακῶσαί
3084 1316 3165 1358 σε,
3207 1300 3340 1352 διότι
3391 1300 3517 1361 λαός
3569 1298 3685 1352 ἔστι
3735 1317 3825 1368 μοι
3855 1300 4027 1362 πολὺς

2461 1404 2477 1433 ι
2517 1389 2573 1438 ἐν
2629 1389 2693 1454 τῇ
2767 1387 2915 1439 πόλει
2964 1387 3155 1459 ταύτῃ.
3214 1386 3465 1440 Ἐκάθισέ
3515 1405 3573 1440 τε
3628 1388 3873 1441 ἐνιαυτὸν
3931 1390 4030 1441 καὶ

2460 1496 2475 1525 ι
2519 1477 2691 1545 μῆνας
2736 1476 2815 1541 ἓξ,
2871 1478 3138 1533 διδάσκων
3184 1478 3379 1540 αὐτοὺς
3413 1479 3504 1531 τὸν
3554 1479 3711 1545 λόγον
3738 1478 3832 1530 τοῦ
3866 1478 4027 1530 Θεοῦ.

2462 1588 2476 1618 ι
2517 1568 2811 1630 Γαλλίωνος
2838 1568 2893 1621 δὲ
2918 1568 3385 1630 ἀνθυπατεύοντος
3410 1569 3509 1636 τῆς
3542 1568 3791 1637 Ἀχαΐας,
3827 1584 4035 1621 κατεπ-

790 1678 805 1704 σ
852 1669 1109 1713 rexerunt
1137 1678 1246 1714 uno
1277 1665 1461 1717 animo
1480 1665 1650 1719 Judaai
1683 1668 1738 1719 in
1776 1667 2026 1731 Paulum,
2073 1678 2129 1723 et
2176 1669 2351 1723 addu—

2460 1683 2474 1710 ι
2518 1662 2749 1729 ἔστησαν
2792 1659 3130 1729 ὁμοθυμαδὸν
3178 1659 3228 1711 oi
3279 1659 3521 1711 Ἰουδαῖοι
3567 1659 3645 1727 τῷ
3687 1658 3902 1727 Παύλῳ,
3933 1656 4036 1710 καὶ

789 1766 806 1797 ι
855 1758 1050 1802 xerunt
1109 1766 1234 1803 eum
1296 1752 1361 1805 ad
1429 1754 1715 1820 tribunal,
1785 1756 2075 1812 dicentes:
2149 1758 2348 1812 Contra

2460 1766 2477 1797 ι
2518 1750 2720 1817 ᾕγαγον
2766 1748 2927 1800 αὑτὸν
2970 1748 3065 1798 ἐπὶ
3094 1747 3154 1798 τὸ
3190 1746 3365 1814 βῆμα,
3427 1746 3701 1813 λέγοντες,
3744 1748 3826 1799 ὅτι
3872 1745 4036 1815 Παρά

791 1854 806 1881 ι
848 1835 1024 1903 legem
1062 1838 1149 1890 hic
1180 1839 1373 1893 suadet
1404 1841 1720 1895 hominibus
1766 1844 1947 1896 colere
1979 1844 2168 1897 Deum.
2213 1844 2349 1898 Cum

2463 1860 2479 1889 ι
2519 1840 2608 1891 τὸν
2647 1840 2809 1908 νόμον
2844 1832 2998 1899 οὗτος
3034 1839 3313 1891 ἀναπείθει
3352 1839 3475 1900 τοὺς
3524 1836 3840 1905 ἀνθρώπους
3875 1837 4038 1890 σέϐε-

791 1946 808 1975 ι
850 1935 1033 1981 autem
1069 1930 1267 1984 Paulus
1299 1944 1515 1998 pararet
1546 1934 1757 2002 aperire
1787 1949 1870 1997 os,
1921 1935 2057 1989 dixit
2084 1936 2257 1990 Gallio
2284 1937 2352 1992 ad

2464 1948 2480 1980 ι
2522 1932 2644 1984 σθαι
2702 1929 2795 1981 τὸν
2823 1930 2977 1982 Θεὸν.
3008 1930 3311 1991 Μέλλοντος
3335 1928 3391 1981 δὲ
3418 1927 3510 1980 τοῦ
3544 1928 3754 1981 Παύλου
3793 1928 4041 1995 ἀνοίγειν

790 2041 806 2070 ι
845 2023 1102 2078 Judreos:
1145 2025 1199 2079 Si
1232 2043 1337 2095 qua
1370 2029 1567 2098 injuria
1595 2040 1856 2084 essetaut
1882 2030 2094 2086 facinus
2126 2034 2350 2098 malum,

2465 2046 2481 2073 r
2519 2026 2576 2077 τὸ
2605 2026 2799 2093 στόμα,
2853 2019 3003 2075 εἷπεν
3035 2023 3065 2074 6
3093 2022 3328 2075 Γαλλίων
3371 2021 3505 2088 πρὸς
3556 2021 3683 2083 τοὺς
3719 2019 4037 2081 Ἰουδαίους·

791 2131 808 2162 ι
841 2130 873 2166 o
898 2115 1092 2178 Judaei,
1127 2119 1322 2172 merito
1358 2135 1453 2173 vos
1476 2121 1805 2177 sustinerem
1835 2142 1845 2175 :
1882 2124 1925 2176 si
1962 2140 2092 2177 vero
2125 2126 2352 2193 qumstio

2465 2136 2481 2167 ι
2525 2117 2584 2168 El
2623 2116 2720 2184 μὲν
2745 2115 2839 2167 οὖν
2862 2112 2928 2183 ἦν
2950 2114 3189 2181 ἀδίκημά
3206 2132 3258 2166 τι
3290 2113 3322 2182 ἦ
3360 2112 3743 2182 ῥᾳδιούργημα
3770 2110 4038 2180 πονηρὸν,

791 2226 808 2254 ι
849 2219 932 2261 est
956 2209 1023 2262 de
1048 2224 1301 2264 sermone
1332 2221 1387 2265 et
1439 2215 1757 2266 nominibus
1800 2230 1862 2268 ac
1896 2217 2014 2284 lege
2052 2217 2201 2287 141
2235 2232 2352 2285 quae

2465 2228 2483 2256 ι
2518 2202 2560 2259 ὧ
2592 2208 2857 2268 Ἰουδαῖοι,
2906 2207 3047 2258 κατά
3094 2205 3249 2270 λόγον
3302 2206 3367 2257 ἂν
3405 2206 3714 2273 ἠνεσχόμην
3760 2204 3932 2270 ὑμῶν.
3972 2205 4042 2257 El

790 2314 811 2349 ι
848 2299 989 2367 apud
1026 2315 1121 2354 vos
1179 2310 1282 2364 est,
1317 2318 1410 2355 vos
1444 2304 1542 2371 ipsi
1579 2306 1854 2360 videritis:
1882 2307 2049 2376 judex
2087 2310 2231 2362 enim
2256 2324 2352 2378 ego

2463 2320 2479 2349 ι
2522 2300 2577 2352 δὲ
2628 2300 2849 2368 ζήτημά
2892 2302 3009 2352 ἐστι
3059 2298 3185 2365 περὶ
3238 2298 3396 2363 λόγου
3456 2298 3550 2348 καὶ
3599 2296 3880 2365 ὀνομάτων
3937 2296 4044 2347 καὶ

792 2404 809 2436 ι
849 2388 1043 2441 borum
1062 2390 1187 2444 nolo
1216 2407 1356 2446 esse.
1391 2393 1455 2445 Et
1487 2393 1669 2461 abegit
1692 2409 1785 2450 eos
1819 2410 1847 2448 a
1874 2396 2156 2450 tribunali.
2192 2416 2208 2447 ι

2466 2411 2482 2441 ι
2520 2393 2683 2457 νόμου
2735 2391 2829 2441 τοῦ
2864 2391 2987 2442 καθ’
3024 2390 3187 2457 ὑμᾶς,
3217 2388 3412 2456 ὄψεσθε
3437 2387 3589 2439 αύτοί
3621 2402 3635 2415 ⁸
3690 2388 3882 2455 κριτὴς
3921 2387 4047 2454 γὰρ

2465 2502 2479 2529 ι
2520 2480 2627 2547 ἐγὼ
2685 2480 2886 2531 τούτων
2937 2480 2998 2530 ού
3055 2478 3318 2547 βούλομαι
3375 2472 3533 2530 εἶναι.
3590 2475 3699 2526 Καὶ
3747 2475 4047 2543 ἀπήλασεν

2466 2592 2481 2621 ι
2520 2571 2714 2631 αὐτοὺς
2738 2570 2845 2622 ἀπὸ
2871 2569 2963 2621 τοῦ
2996 2570 3260 2639 βήματος.
3306 2585 3324 2620 ι

2536 2682 2551 2711 ι
2595 2661 2670 2712 Δι’
2711 2661 2982 2728 ὁράματος
3023 2662 3080 2711 ἑν
3129 2660 3303 2712 νυκτί.
3340 2678 3359 2711 ι
3393 2659 3733 2727 Σημειωτέον
3789 2660 3870 2711 ὅτι
3925 2654 4049 2710 εἶδε

2458 2757 2548 2807 τὸν
2577 2754 2779 2822 Κύριον
2822 2753 3028 2823 Ἰησοῦν
3067 2755 3094 2805 6
3130 2752 3341 2814 Παῦλος
3373 2752 3438 2804 δι’
3469 2752 3700 2820 ὀνείρου.
3754 2752 3831 2802 Δι’
3875 2752 3903 2801 ὃ
3941 2753 4052 2802 καὶ

2459 2847 2617 2907 αὐτὸς
2647 2845 2853 2911 ἔλεγεν·
2874 2844 3229 2913 Οὑχ“ι“1ησοῦν
3258 2845 3349 2895 τὸν
3374 2844 3579 2912 Κύριον
3596 2841 3753 2910 ἡμῶν
3774 2842 4005 2909 ἑώρακα
4031 2858 4049 2903 ς

2460 2937 2568 2988 εἴτε
2611 2935 2665 2987 δὲ
2718 2935 2785 2986 δι’
2819 2933 3063 3002 ὀνείρου,
3116 2933 3228 2984 εἴτε
3264 2932 3583 3002 ἐγρηγορὼς
3639 2933 3902 2983 ἐθεάσατο
3944 2929 4058 2980 τὸν

2474 3025 2703 3093 Ἰησοῦν,
2730 3023 2954 3093 οὐδεμία
2975 3023 3206 3094 διαφορά
3227 3038 3240 3052 °
3273 3023 3410 3091 πλὴν
3450 3023 3543 3073 καὶ
3572 3024 3631 3074 ὲν
3666 3022 3849 3091 ἡμέρα
3874 3021 4059 3089 ὤφθη

2384 3135 2426 3192 C
2461 3118 2631 3186 αύτῷ.

2541 3229 2557 3259 ι
2583 3208 2992 3277 Ἐπιλαεόμενοι
3036 3208 3091 3260 δὲ
3134 3208 3330 3269 πάντες
3360 3208 3407 3258 οἱ
3443 3205 3706 3270 Ἕλληνες
3750 3203 4065 3272 Σωσθένην

2470 3319 2487 3351 ι
2530 3302 2618 3351 τὶν
2648 3301 3115 3370 ἀρχισυνάγωγον,
3150 3298 3376 3350 ἔτυπτον
3396 3296 3705 3365 ἔμπροσθεν
3732 3294 3827 3347 τοῦ
3859 3295 3926 3361 βή
3941 3312 4063 3362 μα-

2471 3410 2487 3441 ι
2533 3408 2652 3455 τος,
2690 3392 2783 3444 καὶ
2815 3390 2975 3443 οὐδὲν
3000 3392 3203 3442 τούτων
3237 3388 3314 3457 τῷ
3340 3388 3601 3440 Γαλλίωνι
3630 3386 3838 3454 ἔμελεν.
3886 3405 3907 3434 ι

865 2673 882 2704 ι
922 2653 1089 2709 Nocte
1124 2670 1225 2723 per
1252 2655 1541 2708 visionem.
1597 2673 1614 2704 ι
1649 2653 1957 2709 Notandum
1981 2655 2126 2725 quod
2159 2656 2359 2709 viderit

787 2741 989 2799 Paulus
1040 2746 1329 2798 Dominum
1379 2746 1563 2799 Jesum
1618 2760 1714 2813 per
1770 2746 2063 2797 somnium.
2130 2745 2359 2813 Propter

787 2837 932 2903 quod
957 2838 1120 2889 etiam
1154 2838 1268 2904 ipse
1302 2836 1517 2888 dicebat
1551 2855 1563 2887 ε
1629 2837 1818 2889 Nonne
1866 2837 2049 2890 Iesum
2074 2835 2355 2890 Christum

789 2929 1078 2982 Dominum
1116 2940 1364 2982 nostrum
1392 2929 1500 2980 vidi
1523 2929 1545 2980 ?
1565 2927 1689 2981 Sive
1720 2938 1900 2981 autem
1929 2942 2027 2996 per
2058 2928 2353 2991 somnium,

789 3024 904 3075 sive
938 3022 1172 3089 vigilans
1201 3020 1385 3074 Iesum
1410 3019 1630 3080 viderit,
1664 3020 1811 3072 nulla
1837 3027 1922 3073 est
1948 3019 2311 3086 discrepantia
2340 3038 2351 3072 :

788 3123 1025 3166 attamen
1064 3112 1117 3164 in
1148 3112 1236 3165 die
1262 3112 1425 3163 etiam
1461 3110 1563 3177 ipsi
1595 3110 1865 3177 apparuit.

867 3224 883 3254 ι
912 3205 1099 3265 XVIII,
1144 3205 1224 3256 I7.
1268 3203 1679 3270 Apprehensum
1733 3210 1913 3253 autem
1946 3214 2136 3253 oumes
2181 3199 2351 3252 ϐπερὶ

794 3284 1183 3349 ιδοειίιοιιθῐη
1257 3292 1559 3360 principem
1627 3304 1912 3357 synagoga:
1970 3288 2355 3357 percutiebant

796 3408 814 3439 ι
861 3398 987 3441 ante
1024 3386 1280 3447 tribunal,
1343 3399 1516 3452 neque
1557 3382 1852 3453 quidquam
1900 3396 2087 3434 eorum
2121 3380 2352 3434 Gallioni

795 3498 813 3529 ι
854 3493 1000 3531 cura:
1027 3484 1165 3531 erat.
1199 3495 1215 3527 ι

861 3571 971 3625 Aut
1006 3570 1327 3623 Sosthenem
1360 3575 1649 3637 prepterea
1670 3564 2072 3635 percutiebant,
2096 3563 2353 3632 quoniam

792 3665 909 3731 ipse
939 3662 1106 3716 Paulo
1137 3661 1308 3730 magis
1347 3659 1671 3719 adhaereret,
1706 3654 2166 3725 quemadmodum
2190 3655 2352 3707 etiam

792 3754 1018 3822 Cripsus
1047 3754 1297 3821 princeps
1333 3763 1614 3819 synagogze.
1647 3766 1657 3799 :
1685 3756 1777 3800 aut
1804 3747 1855 3798 in
1891 3754 2099 3798 tantum
2130 3745 2357 3797 insania:

793 3844 1241 3914 impellebantur,
1268 3850 1326 3893 ut
1361 3856 1460 3893 suo
1490 3838 1734 3891 frustrati
1775 3837 1988 3889 intento
2034 3850 2157 3888 eum
2213 3834 2355 3887 Pau-

793 3941 905 3993 lum
959 3934 1301 3989 verberaturi
1364 3932 1629 3992 fuissent,
1687 3928 2010 3982 Sosthenem
2072 3940 2356 3995 synagoga:

793 4025 1099 4095 principem
1126 4021 1518 4075 verberarem:
1551 4019 1661 4070 sive
1694 4024 1981 4085 propterea
2019 4013 2195 4081 ipsum
2234 4020 2358 4063 vera

795 4117 1078 4177 iterabant,
1123 4112 1381 4183 quoniam
1442 4109 1669 4163 Paulum
1720 4107 1944 4158 omnino
1996 4103 2356 4157 decreverant

792 4207 1066 4267 cecidere,
1101 4216 1155 4259 et
1183 4203 1481 4257 Sostbenes
1516 4201 1662 4267 ipsus
1694 4197 2066 4265 prohibuerat.

864 4297 1050 4359 XVIII,
1105 4295 1189 4348 18.
1247 4312 1265 4345 ι
1306 4293 1509 4347 Paulus
1556 4304 1686 4342 vero
1738 4297 1925 4356 postea
1985 4294 2352 4339 commoratus

2540 4317 2557 4350 ι
2601 4298 2657 4350 Ὀ
2703 4296 2757 4349 δὲ
2814 4296 3022 4356 Παῦλος
3066 4294 3145 4346 ἔτι
3201 4292 3534 4362 προσμείνας
3567 4293 3782 4361 ἡμέρας
3821 4292 4076 4349 ἱκανὰς,

800 4409 819 4441 ‹
860 4388 978 4442 dies
1008 4386 1230 4446 multos,
1249 4398 1372 4437 cum
1398 4382 1514 4435 vale
1540 4379 1766 4434 dixisset
1796 4376 2073 4435 Iratribus,
2107 4375 2352 4443 enaviga—

2471 4409 2488 4440 ι
2528 4392 2634 4452 τοῖς
2675 4387 2917 4456 ἀδελφοῖς
2966 4384 3397 4451 ἀποταξάμενος,
3441 4382 3666 4446 ἐξέπλει·
3691 4386 3768 4443 είς
3803 4385 3903 4449 τὴν
3941 4385 4081 4435 Συ-

803 4501 819 4529 ς
862 4479 941 4531 vit
989 4478 1044 4531 in
1098 4476 1330 4547 Syriam,
1390 4481 1445 4527 et
1488 4486 1612 4526 cum
1654 4486 1719 4524 eo
1753 4468 1994 4522 Priscilla
2039 4474 2095 4519 et
2135 4466 2350 4534 Aquila,

2464 4500 2479 4530 ι
2532 4481 2672 4548 ρίαν,
2712 4480 2804 4531 καὶ
2851 4478 2946 4530 σὺν
2976 4476 3126 4543 αὐτῷ
3160 4473 3457 4542 Πρίσκιλλα
3497 4474 3590 4524 καὶ
3631 4474 3881 4533 Ἀκύλας.
3934 4492 4084 4526 κΞι-

802 4592 817 4619 ε
861 4580 1215 4640 posteaquam
1249 4577 1459 4622 raserat
1484 4567 1537 4620 in
1566 4565 1865 4621 Cenchreis
1900 4572 2082 4631 caput;
2124 4560 2352 4614 habebal

2466 4591 2483 4622 ι
2530 4573 2760 4640 ράμενος
2809 4569 2905 4639 τὴν
2962 4567 3202 4635 κεφαλὴν
3260 4565 3317 4617 ὲν
3370 4565 3710 4634 Κεγχρεαῖς·
3765 4560 3877 4633 ε’χε
3937 4570 4088 4636 γὰρ

801 4683 817 4712 ι
852 4664 998 4717 enim
1029 4670 1236 4716 votum.
1270 4682 1289 4714 ι

2469 4687 2486 4715 σ
2531 4664 2714 4733 εὐχήν.
2754 4681 2771 4712 ι

868 4753 1077 4806 Rursus
1103 4750 1387 4807 descendit
1415 4748 1616 4804 Paulus
1647 4747 1703 4801 in
1744 4745 1977 4817 Syriam,
2018 4753 2072 4798 et
2116 4759 2238 4798 cum
2292 4759 2352 4797 eo

2533 4753 2698 4805 Πάλιν
2738 4753 2950 4803 κάτεισι
2996 4748 3206 4810 Παῦλος
3240 4750 3319 4810 εἰς
3353 4745 3575 4815 Συρίαν,
3610 4745 3704 4797 καὶ
3747 4745 3842 4796 σὺν
3888 4746 4092 4815 αὑτῷ

796 4844 1038 4899 Priscilla
1089 4852 1145 4897 et
1199 4843 1417 4911 Aquila,
1470 4856 1595 4895 cum
1651 4838 1897 4898 rasisset.
1935 4836 2134 4905 inquit,
2173 4843 2352 4904 caput.

2461 4842 2759 4912 Πρίσκιλλα
2786 4840 2880 4892 καὶ
2924 4839 3175 4902 ’Δκύλας,
3200 4836 3541 4906 κειράμενος,
3578 4835 3729 4901 φησι,
3747 4834 3845 4901 τὴν
3864 4852 4093 4899 κεφα-

798 4936 1010 4989 ltadere
1038 4942 1218 4988 autem
1245 4943 1405 5001 caput
1427 4948 1489 4984 ex
1521 4940 1669 4992 voto,
1694 4929 1979 4984 Iudaicum
2007 4936 2123 4979 erat
2152 4944 2164 4987 ;
2197 4941 2352 4994 opor-

2461 4936 2671 5004 λήν.Τὸ
2703 4935 2759 4986 δὲ
2789 4931 3074 5001 κείρασθαι
3111 4932 3208 4999 τὴν
3243 4928 3488 4997 κεφαλὴν
3522 4929 3643 4979 κατ’
3665 4926 3850 4994 εὐχὴν,
3909 4928 4098 4981 ’1ου-

801 5030 948 5083 tebat
982 5035 1163 5079 autem
1193 5034 1251 5079 ut
1285 5022 1612 5078 sacriﬁcium
1652 5020 1854 5074 factum
1902 5028 2067 5081 esset,
2102 5018 2245 5085 quod
2281 5017 2352 5069 fa-

2462 5029 2645 5083 δαῖκὶν
2669 5022 2756 5095 ἦν.
2792 5024 2937 5076 Ἔδει
2970 5022 3027 5074 δὲ
3077 5021 3170 5075 καὶ
3211 5020 3399 5072 θυσίαν
3453 5017 3725 5085 γενέσθαι,
3764 5016 3891 5084 ἥτις
3946 5021 4096 5074 ei”:

799 5131 946 5173 etum
973 5118 1153 5172 adhuc
1182 5130 1293 5169 non
1326 5123 1445 5168 erat
1469 5120 1591 5183 post
1618 5112 1964 5166 verberatum
1993 5109 2315 5163 Sostbenem
2346 5124 2352 5159 :

2465 5120 2679 5185 ἐγένετο
2713 5116 2793 5168 ἔτι
2845 5112 2982 5185 μετὰ
3014 5112 3074 5165 τὸ
3119 5110 3388 5180 τυφθῆναι
3431 5108 3522 5161 τὸν
3564 5106 3884 5173 Σωσθένην·
3941 5108 4095 5181 ἤδη

795 5214 904 5278 jam
928 5211 1073 5264 enim
1112 5210 1194 5261 lex
1233 5207 1407 5261 soluta
1432 5214 1569 5267 erat,
1602 5200 2044 5272 quandoquidem
2079 5200 2352 5255 conscien-

2464 5212 2571 5278 γὰρ
2597 5212 2624 5263 6
2651 5209 2812 5277 νόμος
2850 5204 3166 5269 κατελύετο,
3210 5202 3397 5271 ἐπειδὴ
3429 5200 3509 5271 τῷ
3537 5199 3797 5252 συνειδότι
3839 5204 4095 5255 κατεί-

803 5304 875 5355 tia
909 5302 1261 5355 arcebantur.
2464 5316 2641 5369 χοντο.

875 5394 1060 5455 XVIII,
1101 5392 1285 5445 i9-2I.
1332 5410 1350 5444 ι
1384 5390 1721 5459 Devenitque
1767 5388 2045 5457 Ephesum
2073 5427 2086 5451 ,
2138 5396 2193 5440 et
2241 5385 2352 5439 illos

2541 5407 2559 5440 ι
2595 5388 2911 5456 Κατήντησε
2941 5385 2996 5437 δὲ
3034 5385 3112 5447 εἰς
3142 5383 3393 5451 Ἔφεσον.
3422 5379 3514 5434 καὶ
3538 5379 3780 5439 ἐκείνους
3823 5380 4105 5439 κατέλι-

810 5506 826 5534 ι
872 5486 943 5537 ibi
981 5484 1222 5552 reliquit.
1261 5483 1375 5551 Ipse
1410 5498 1540 5536 vero
1584 5482 1861 5551 ingressus
1890 5492 2215 5549 synagogam
2253 5476 2352 5529 iis-

2471 5498 2492 5532 ι
2538 5497 2637 5533 πεν
2691 5477 2875 5531 αὑτοῦ.
2920 5474 3105 5537 ’Ᾱυτδς
3153 5472 3209 5526 δὲ
3256 5468 3511 5524 εἰσελθὼν
3536 5470 3615 5530 εἰς
3652 5467 3752 5538 τὴν
3787 5485 4103 5538 συνατιυ.

812 5594 833 5625 ο
875 5575 1101 5643 putabat
1171 5590 1295 5628 cum
1338 5573 1559 5628 ludatis.
1598 5570 1938 5639 Itogautibus
1968 5577 2147 5620 autem
2176 5567 2277 5627 eis,
2308 5577 2352 5618 ul

2473 5589 2493 5622 ι
2539 5571 2639 5639 γὴν
2677 5568 2920 5637 διελέχθη
2964 5570 3075 5629 τοῖς
3128 5563 3421 5624 Ἰουδαίοις.
3455 5559 3816 5631 Ἐρωτὼντων
3850 5558 3913 5612 δὲ
3956 5567 4110 5619 αὖα

809 5685 833 5715 ι
870 5665 1119 5734 ampliori
1176 5675 1421 5733 tempore
1473 5674 1723 5717 maneret
1751 5658 1895 5730 apud
1935 5674 2050 5720 eos,
2106 5674 2213 5712 non
2264 5672 2352 5711 an.

2473 5681 2491 5714 ι
2534 5662 2662 5724 τῶν,
2684 5661 2775 5713 ἐπὶ
2802 5658 3018 5712 πλείονα
3073 5660 3265 5727 χρόνον
3321 5656 3500 5725 μεῖναι
3558 5650 3686 5722 παρ’
3710 5650 3919 5717 αὐτοῖς,
3955 5658 4111 5714 οὐκ

813 5774 837 5808 ι
868 5756 1005 5819 nuit,
1041 5766 1132 5811 sed
1170 5756 1422 5809 valedixit
1453 5754 1553 5818 eis,
1584 5752 1808 5807 dicens:
1866 5750 2091 5820 Oportet
2143 5752 2352 5803 omnin:

2475 5774 2491 5805 ι
2533 5754 2853 5813 ἐπένευσεν,
2900 5749 3034 5803 ἀλλὰ
3093 5746 3398 5812 ἀπετάξατο
3439 5745 3648 5807 αἰτοῗς.
3697 5742 3905 5794 εἰπών·
3974 5752 4121 5809 Δεῖ

2537 3566 2689 3617 Ἤτοι
2723 3564 2811 3617 διὰ
2839 3564 2995 3617 τοῦτο
3030 3564 3256 3616 ἔτυπτον
3284 3564 3374 3614 τὸν
3406 3560 3706 3624 Σωσθένην,
3727 3559 3918 3627 ἐπειδὴ
3949 3560 4067 3611 καὶ

2462 3656 2623 3718 αὐτὸς
2650 3651 2718 3725 ἦν
2751 3656 2948 3725 μᾶλλον
2980 3655 3407 3724 προστιθέμενος
3440 3650 3515 3720 τῷ
3557 3650 3772 3716 Παύλῳ.
3803 3648 3879 3708 ὡς
3946 3654 4067 3701 καὶ

2464 3747 2707 3815 Κρίσπος
2761 3749 2790 3799 6
2842 3747 3321 3816 ἀρχισυνάγωγος·
3375 3742 3408 3811 ἢ
3462 3742 3543 3803 εἰς
3602 3738 3851 3791 τοσοῦτον
3897 3734 4073 3806 ἦσαν

2461 3838 2781 3909 ἐληλακότες
2829 3839 3059 3908 μανίας,
3121 3836 3194 3898 ὼς
3252 3834 3615 3901 ἀποτυχόντες
3678 3830 3771 3882 τοῦ
3827 3831 4070 3882 σκοποῦ

2461 3929 2655 3982 ἑαυτοῦ
2689 3929 2809 3981 ἀντὶ
2834 3928 2929 3982 τοῦ
2978 3931 3201 3980 τύπτειν
3232 3926 3325 3976 τον
3355 3923 3590 3985 Παῦλον,
3626 3923 3917 3989 Σωσθένην
3954 3924 4075 3973 τῖιν

2462 4020 2903 4088 ἀρχισυνάγωγον
2919 4019 3165 4071 ἔτυπτον.
3190 4017 3257 4068 Ἢ
3285 4015 3371 4068 διὰ
3400 4013 3558 4067 τοῦτο
3585 4013 3812 4064 ἔτυπτον
3844 4013 4068 4077 αὑτὸν,

2462 4111 2649 4181 ἐπειδὴ
2702 4112 2899 4180 μᾶλλον
2950 4108 3325 4178 ἠϐουλήθησαν
3371 4105 3623 4172 φονεῦσαι
3674 4106 3761 4156 τὸν
3801 4105 4074 4170 Παῦλον,

2463 4206 2555 4257 καὶ
2587 4205 2865 4271 Σωσθένης
2893 4202 3216 4255 διεκώλυσεν
3247 4200 3461 4259 αὐτούς.
