4178 6464
814 417 917 489 247

1343 529 1565 585 CAPUT
1615 530 1850 583 XXVlii.

815 621 889 675 De
925 623 1239 688 baptismate
1270 632 1317 675 et
1350 622 1553 690 Spiritu
1582 630 1750 673 sancti
1780 622 1916 674 dono
1946 639 2038 690 per
2066 621 2220 675 Pauli
2252 622 2383 673 ada-

884 695 1142 744 rationem
1185 692 1311 744 dato
1370 693 1446 745 his
1484 692 1573 761 qui
1621 690 1809 757 Ephesi
1855 692 2207 751 crediderant,
2247 701 2295 743 et
2323 694 2385 743 de

878 764 1051 815 salute
1100 761 1324 829 populi:
1365 763 1418 813 in
1468 760 1569 829 quo
1615 771 1873 813 narratur
1931 763 2093 814 etiam
2135 762 2198 814 de
2257 760 2384 826 ﬁliis

883 832 1091 884 Secum:
1156 841 1204 883 et
1250 832 1387 899 quod
1436 848 1537 882 non
1580 838 1821 897 oporteat
1870 831 1939 883 ad
1972 832 2267 883 incredulos
2294 847 2384 882 ac-

881 902 1081 959 cedere,
1116 917 1302 968 eosque
1333 903 1421 968 qui
1456 917 1510 954 se
1557 899 1897 953 reddiderunt
1940 901 2044 965 ﬁde
2100 902 2340 968 indignos
2366 915 2383 950 :

880 974 1006 1022 item
1050 971 1114 1022 de
1164 971 1486 1038 confessione
1535 969 1880 1031 credentium,
1913 972 2156 1028 de.mota
2193 969 2382 1037 Ephesi

880 1041 1131 1161 seditiope
1185 1058 1216 1092 a
1280 1040 1537 1092 Demetrio
1593 1038 1741 1106 fabro
1786 1042 2089 1110 argeritario
2133 1041 2382 1093 adversus

884 1119 1065 1161 avosto
1094 1126 1169 1161 os.

884 1119 1169 1176 apostolos.

882 1263 1023 1322 XIX.
1062 1265 1177 1317 1-5.
1232 1284 1249 1315 ι
1288 1266 1499 1319 Accidit
1550 1277 1731 1321 autem
1785 1283 1910 1320 cum
1968 1269 2192 1336 Apollas
2237 1276 2383 1320 esset

816 1374 833 1403 ε
873 1352 1171 1417 Corinthi,
1224 1364 1283 1408 ut
1333 1356 1536 1411 Paulus
1597 1358 1939 1428 peragratis,
1996 1359 2382 1427 superioribus

816 1465 832 1493 ι
873 1445 1120 1513 partibus
1144 1447 1359 1501 veniret
1384 1447 1680 1517 Ephesum,
1709 1458 1765 1502 et
1795 1450 2032 1517 repertis
2051 1449 2380 1519 quibusdam

815 1552 833 1585 ι
871 1536 1154 1604 discipulis
1188 1538 1328 1593 dixit
1368 1538 1435 1592 ad
1483 1555 1580 1594 eos
1616 1557 1627 1592 :
1661 1540 1802 1594 Num
1830 1539 2095 1610 Spiritum
2130 1552 2382 1596 sanctum

818 1627 1161 1696 c‘accepistis
1220 1637 1577 1699 posteaquam
1611 1630 1967 1687 credidistis?
2013 1635 2081 1686 At
2118 1632 2197 1686 illi
2235 1633 2381 1687 dixe-

815 1733 832 1763 ι
872 1724 997 1769 runt.
1030 1716 1098 1770 ad
1124 1733 1251 1771 eum
1278 1736 1293 1771 :
1319 1720 1433 1774 lmo
1476 1736 1655 1790 neque
1697 1722 1839 1776 sitne
1887 1723 2129 1791 Spiritus
2164 1734 2385 1778 sanctus

815 1825 831 1853 ι
871 1806 1201 1862 audivimus.
1260 1810 1329 1864 Et
1366 1812 1549 1879 aitad
1580 1813 1742 1868 illos:
1787 1813 1908 1877 Quo
1951 1828 2083 1882 ergo
2119 1814 2380 1883 baptizati

795 1916 839 1945 ε(
878 1898 1051 1952 estis?
1104 1898 1185 1952 Illi
1220 1914 1350 1954 vero
1378 1900 1673 1957 dixerunt:
1715 1902 1944 1956 Joannis
1966 1902 2311 1971 baptismate.
2361 1926 2379 1955 ι

879 1988 1034 2044 Unde
1058 1989 1138 2055 hi,
1174 2006 1299 2045 cum
1332 1992 1531 2061 Ephesi
1562 1992 1999 2063 habitarent-(l),
2029 1994 2255 2050 Joannis
2284 1996 2382 2051 ha-

807 2080 1010 2137 bebant
1027 2084 1327 2153 baptisma?
1346 2086 1615 2141 Fortassis
1629 2095 1790 2140 antea
1808 2086 2033 2156 profecti
2053 2097 2211 2141 erant
2228 2088 2384 2143 Jero-

808 2175 1015 2245 solyma
1048 2184 1103 2231 et
1128 2178 1395 2247 Joannem
1433 2186 1781 2232 accesserant
1819 2195 1883 2233 ac
1916 2179 2174 2248 baptizati
2204 2191 2382 2246 erant,

810 2282 987 2336 neque
1042 2269 1229 2325 Jesum
1292 2280 1600 2330 noverant,
1658 2271 1893 2342 ideoque
1938 2289 2045 2326 non
2096 2273 2231 2327 dicit
2281 2275 2383 2337 eis,

806 2357 1044 2414 Creditis
1075 2360 1129 2414 in
1157 2359 1343 2416 Jesum
1370 2362 1391 2413 ?
1420 2362 1537 2423 sed,
1569 2362 1710 2415 Num
1752 2362 2019 2431 Spiritum
2051 2364 2384 2433 accepistis?

811 2447 973 2517 idque
1002 2464 1126 2504 cum
1162 2450 1330 2505 sciret
1367 2466 1464 2505 eos
1504 2466 1612 2504 non
1655 2451 1900 2523 habere:
1939 2452 2033 2505 sed
2076 2454 2192 2506 vult
2236 2454 2385 2522 ipsos

811 2544 915 2596 hoc
974 2542 1179 2607 dicere,
1236 2555 1298 2597 ut
1352 2543 1443 2598 ubi
1502 2544 1864 2614 cognoverint
1892 2544 2094 2612 quibus
2135 2556 2381 2613 careant,

808 2636 994 2691 statim
1032 2652 1094 2691 ea
1124 2647 1403 2707 expetant.

882 2727 1041 2799 144
1072 2728 1213 2791 XIX,
1267 2731 1386 2783 4-8.
1448 2749 1467 2781 ι
1514 2732 1859 2787 Dixitautem
1884 2732 2384 2789 PauluszJoannes

812 2840 830 2872 ι
866 2821 1089 2890 quidem
1152 2822 1448 2891 baptizavit
1481 2823 1751 2893 baptismo
1798 2825 2156 2893 poenitentiae,
2183 2828 2383 2896 pepulo

813 2933 830 2961 ι
873 2912 1123 2980 loquens,
1155 2922 1212 2967 ut
1238 2914 1293 2967 in
1323 2929 1471 2978 eum,
1496 2914 1592 2983 qui
1618 2924 1739 2984 post
1767 2915 1943 2984 ipsum
1973 2925 2238 2971 venturus
2264 2930 2385 2973 crat

815 3024 832 3050 ε
864 3003 1176 3068 crederent,
1209 3004 1314 3059 hoc
1342 3012 1428 3059 est
1455 3004 1511 3058 in
1540 3004 1824 3060 Christum
1851 3007 2061 3062 Jesum.
2132 3010 2229 3063 llis
2280 3026 2381 3065 au-

812 3119 827 3145 ς
881 3096 1037 3161 ditis,
1068 3097 1328 3167 baptizati
1390 3108 1520 3151 sunt
1576 3100 1629 3152 in
1682 3100 1906 3153 nomine
1959 3102 2174 3155 Domini
2225 3103 2379 3158 Jesu.

1892 419 2284 479 (ECUMENII
2320 418 2608 481 TRICCE
2637 423 2975 487 EPISCOPI

3960 413 4073 475 €43

3068 534 3294 587 ΚΕΦᾹᾹ
3306 574 3317 585 .
3356 531 3488 585 κη’.

2490 627 2627 699 Περὶ
2645 628 3067 699 βαπτίσματος
3090 626 3185 699 καί
3215 624 3323 699 τῆς
3356 622 3464 675 τοῦ
3515 620 4081 699 ἀξίου-Πγεύματος

2558 696 2784 764 δωρεᾶς
2839 690 3121 763 δοθείσὴς
3157 697 3253 747 did
3276 690 3639 764 προσευχῆς
3667 690 3916 764 Παύλου
3945 690 4077 764 τοῖς

2560 758 2651 817 ἐν(
2689 758 3368 836 Ἐςρἐσῳῌπιοντούσασι,
3405 762 3501 836 καί
3550 759 3681 836 περὶ
3712 760 3930 836 ιρσεως
3966 758 4080 836 τςῦ

2559 829 2900 890 λαοῦ.’⁹Εν’
2930 830 2980 903 ᾧ
3033 835 3165 901 περὶ
3216 833 3335 885 τῶν
3386 831 3529 885 υἱῶν
3563 829 3935 903 Σκευᾶλῂκαὶ
3982 829 4080 903 ὅτι

2556 906 2627 957 οὐ
2656 905 2752 958 δεῖ
2773 898 3148 973 προσὶωρεῗν
3187 904 3469 965 ἀπίστοις
3501 898 3917 973 ιιίιίμάναξίοις
3956 898 4078 965 τῆς

2559 967 3218 1044 πίστεωξγηίοιὶένοις·
3258 973 3355 1044 καί
3404 970 3536 1044 {rapi
3567 967 4074 1044 ἐξομολογήσεως

2559 1043 2676 1118 τῶν
2714 1038 3151 1118 πιστευόιλτων,
3183 1042 3315 1118 περί
3363 1039 3471 1105 τῆς
3512 1040 3581 1118 ἐν
3620 1038 3848 1118 Ἐφέσῳ
3900 1055 4079 1101 mm.-

2559 1116 2769 1178 θείσης
2814 1114 3087 1179 στάσεως
3124 1114 3241 1165 ὑπὸ
3277 1110 3609 1177 Δημητρίου
3658 1109 3763 1161 τοῦ
3815 1109 4075 1177 ἀργυρο-

2558 1184 2750 1237 κόπου
2778 1185 2930 1237 κατὰ
2954 1182 3071 1235 τῶν
3100 1182 3484 1237 ἀποστόλων.

2566 1293 2583 1324 ι
2620 1274 2865 1341 Ἐγένετο
2889 1274 2945 1327 δὲ
2972 1274 3029 1326 ὲν
3046 1273 3124 1344 τῷ
3150 1272 3241 1325 τὸν
3286 1268 3529 1324 Ἀπολλὼ
3552 1265 3694 1322 εἶναι
3714 1267 3773 1320 ἐν
3795 1266 4076 1337 Κορίνθῳ,

2496 1385 2512 1415 ι
2562 1364 2770 1418 Παῦλον
2809 1364 3083 1418 διελθόντα
3116 1363 3183 1415 τά
3222 1360 3527 1431 ἀνωτερικὰ
3582 1360 3744 1431 μέρη,
3788 1358 3962 1411 ἐλθεῖν
3992 1358 4079 1422 είς

2493 1474 2509 1505 ι
2562 1457 2818 1520 Ἔφεσον
2854 1456 2951 1508 καὶ
2978 1454 3153 1525 εὑρών
3184 1471 3333 1515 τινας
3369 1450 3617 1521 μαθητάς
3656 1447 3777 1502 εἷπε
3808 1449 3944 1518 πρὸς
3971 1450 4079 1501 αὑ-

2495 1566 2511 1592 ι
2558 1545 2706 1609 τοῦς·
2743 1547 2802 1599 El
2837 1546 3062 1615 Πνεῦμα
3091 1545 3243 1613 ἅγιον
3276 1542 3497 1597 ἐλάϐετε
3553 1540 3975 1605 πιστεύσαντεςς
4008 1542 4081 1594 Ci

2494 1656 2509 1686 ι
2552 1637 2607 1689 δὲ
2658 1632 2812 1690 εἷπον
2864 1636 3002 1707 πρὸς
3032 1638 3216 1690 αὐτόν·
3256 1636 3396 1688 Ἀλλ’
3422 1634 3543 1687 οῦδέ
3585 1634 3633 1686 εί
3663 1632 3885 1703 Πνεῦμα
3917 1635 4083 1699 ᾶγιον

2493 1748 2508 1777 ι
2559 1729 2707 1781 ἔστιν
2752 1729 3089 1798 ἠκούσαμεν.
3142 1725 3276 1781 Εἷπὲ
3326 1745 3385 1780 τε
3438 1727 3573 1796 πρὸς
3614 1726 3840 1788 αὐτούς’
3879 1726 3973 1787 Εἰς
4022 1723 4085 1776 τί

2492 1836 2510 1866 ‹
2556 1813 2649 1870 οῦν
2697 1818 3099 1889 ἐϐαπτίσθητες
3133 1820 3195 1871 Ol
3253 1818 3311 1871 δὲ
3364 1813 3554 1869 εἶπονο
3588 1817 3682 1879 Ei;
3728 1814 3789 1867 τὸ
3825 1813 4082 1868 Ἰωάννου

2493 1929 2509 1960 ι
2560 1909 2858 1979 βάπτισμα.
2886 1929 2904 1961 ι

2571 2004 2968 2073 Ἐπιστάμενος
2997 2002 3158 2073 μόνον
3184 2001 3246 2055 τὸ
3276 2000 3561 2071 βάπτισμα
3590 1998 3859 2052 Ἰωάννου.
3887 1996 4085 2061 Ἄξιον

2489 2094 2722 2163 ζητῆσαι
2760 2094 2876 2157 πῶς
2898 2133 2912 2158 ,
2944 2094 2993 2145 εἰ
3023 2092 3084 2145 τὸ
3117 2093 3401 2163 βάπτισμα
3443 2085 3602 2161 μόνον
3644 2090 3891 2143 Ἰωάννου
3936 2088 4085 2156 ἡπίο

2488 2201 2674 2250 στατο,
2701 2182 2874 2245 οὕτως
2906 2182 2986 2254 τῷ
3009 2182 3283 2251 πνεύματι
3310 2178 3422 2244 ἔξει
3442 2194 3457 2209 ⁸
3482 2180 3542 2232 τὸ
3571 2179 3680 2247 γὰρ
3706 2177 3922 2247 πνεῦμα
3971 2179 4084 2245 οὐχ

2499 2274 2678 2338 οὕτως
2720 2274 2943 2328 ἐδίδοτο.
2970 2274 3081 2326 Καὶ
3104 2275 3153 2326 εί
3179 2274 3227 2326 oi
3259 2272 3398 2342 μετὰ
3429 2270 3620 2324 τοῦτον
3648 2270 3949 2339 ἐδεήθησαν
3981 2266 4087 2320 τοῦ

2488 2366 2863 2436 βαπτίσματος
2913 2365 3007 2418 τοῦ
3055 2364 3315 2435 Χριστοῦ,
3348 2362 3529 2431 πολλῷ
3558 2361 3759 2431 μᾶλλον
3798 2362 3892 2414 καὶ
3917 2355 4087 2423 οὗτος

2483 2459 2679 2529 ἐδεήθη
2706 2460 2791 2513 ἄν.
2820 2458 2885 2511 Τί
2913 2453 3005 2510 οῦν
3030 2457 3177 2510 ἐστιν
3213 2457 3424 2521 εἰπεῖνς
3455 2454 3574 2507 οὐδὲ
3606 2454 3713 2523 γὰρ
3754 2454 3942 2516 ἁπλῶς
3978 2455 4088 2521 ἐφ-

2485 2551 2581 2619 ξῆς
2620 2551 2816 2619 ἔθηκεν
2850 2550 3158 2619 ἀμφότερα.
3188 2549 3345 2600 Δοκεῖ
3382 2547 3562 2600 τοίνυν
3601 2542 3755 2609 οὗτος
3794 2542 3939 2599 εἶναι
3966 2546 4090 2599 τῶν

2486 2641 2681 2694 ἑκατὸν
2694 2641 2890 2705 εἴκοσι,
2906 2642 3014 2693 τῶν
3033 2640 3171 2709 μετὰ
3188 2639 3297 2692 τῶν
3315 2638 3629 2692 ἀποστόλων
3643 2638 4084 2707 βαπτισθέντων.

2565 2754 2581 2785 ι
2618 2730 2753 2787 Εἷπε
2786 2734 2841 2785 δὲ
2866 2733 3078 2795 Παῦλος
3104 2748 3117 2762 ·
3165 2733 3418 2801 Ἰωάννης
3448 2730 3549 2800 μὲν
3575 2731 3833 2784 ἐϐάπτισε
3880 2731 4089 2800 βάπτι-

2491 2845 2507 2876 ι
2560 2843 2672 2895 σμα
2707 2825 3016 2892 μετανοίας,
3051 2826 3129 2892 τῷ
3161 2823 3276 2893 λαῷ
3304 2823 3511 2891 λέγων,
3549 2825 3629 2886 είς
3658 2822 3750 2875 τὸν
3775 2822 4087 2891 ἐρχόμενον

2490 2941 2506 2969 ι
2562 2918 2677 2987 μετ’
2711 2918 2874 2969 αὐτὸν
2897 2917 2985 2968 ἵνα
3016 2916 3371 2981 πιστεύσωσι,
3402 2917 3681 2967 τουτέστιν
3702 2917 3781 2977 είς
3815 2914 3906 2966 τὸν
3939 2916 4085 2985 Χρι-

2491 3030 2508 3059 ι
2553 3012 2673 3062 στιν
2716 3010 2942 3079 Ἰησοῦν.
2976 3007 3331 3071 Ἀκούσαντες
3358 3008 3414 3060 δέ
3442 3007 3849 3074 ἐδαπτίσθησαν
3874 3008 3958 3069 είς
3999 3008 4072 3060 τὸ

2492 3123 2509 3154 ι
2553 3104 2723 3173 ὄνομα
2765 3103 2860 3156 τοῦ
2908 3104 3111 3171 Κυρίου
3157 3100 3355 3170 Ἰησοῦ.
3403 3101 3514 3155 Kal.
3551 3101 3834 3163 ἐπιθέντος
3880 3102 4084 3165 αὐτοῖς

812 3208 832 3237 ι
871 3188 1118 3257 Cumque
1168 3190 1519 3259 imposuisset
1556 3191 1668 3245 illis
1722 3208 1917 3247 manus
1968 3194 2189 3259 Paulus,
2229 3196 2380 3249 venit

2492 3215 2509 3244 ι
2551 3194 2642 3248 τοῦ
2698 3194 2910 3247 Παύλου
2960 3194 3057 3255 τὰς
3110 3196 3329 3263 χεῖρας,
3389 3189 3523 3264 ἦλθε
3593 3192 3653 3245 τὸ
3720 3193 3948 3262 Πνεῦμα
4012 3194 4087 3246 τὸ

814 3302 831 3331 ι
865 3280 1106 3350 Spiritus
1153 3292 1377 3336 sanctus
1427 3298 1592 3351 super
1625 3298 1742 3349 eos,
1789 3295 1845 3339 et
1874 3286 2243 3355 loquebantur
2272 3287 2379 3341 lin-

814 3395 829 3424 ι
872 3375 994 3442 guis
1052 3389 1116 3429 ac
1174 3374 1593 3445 pr0phetabant.
1637 3377 1809 3431 Erant
1840 3386 2021 3431 autem
2052 3394 2243 3434 omnes
2276 3381 2378 3434 viri

812 3484 829 3512 ι
874 3465 991 3518 fere
1048 3463 1361 3518 duodecim.
1442 3465 1726 3535 Ingressus
1797 3477 1981 3521 autem
2052 3484 2377 3539 synagogam

812 3575 830 3606 ι
868 3557 1039 3611 libere
1089 3556 1438 3626 loquebatur,
1480 3557 1546 3611 ad
1589 3566 1697 3613 tres
1745 3574 1962 3614 menses
2010 3559 2297 3629 disputans
2326 3572 2379 3615 ct

812 3668 827 3697 ι
865 3648 1104 3701 suadens
1135 3648 1202 3701 de
1235 3663 1403 3718 regno
1435 3649 1551 3703 Dei.
1580 3666 1601 3703 ι

876 3742 921 3792 Α
954 3740 1181 3794 Joannis
1200 3740 1527 3810 baptismate
1554 3740 1901 3806 vaticinatur,
1934 3758 2137 3811 eosque
2171 3744 2381 3798 inducit

808 3831 999 3885 dicens
1041 3832 1186 3901 quod
1221 3831 1326 3884 hoc
1356 3832 1521 3885 vellet
1563 3831 1788 3885 Joannis
1834 3832 2125 3900 baptisma.
2170 3835 2409 3889 Deinde-

806 3922 1119 3977 ostenditur
1147 3923 1297 3991 parvi
1330 3922 1592 3975 momenti
1624 3922 1793 3976 fuisse
1823 3922 2091 3990 baptisma
2130 3924 2376 3978 Joannis.

806 4014 993 4084 Neque
1029 4014 1173 4068 enim
1214 4014 1350 4068 dixit
1375 4014 1711 4069 remissionis
1752 4015 1940 4078 fuisse,
1981 4015 2074 4069 sed
2110 4016 2380 4085 poeniten-

809 4106 913 4160 ιὶίιι.
954 4104 1308 4160 Postmodum
1345 4105 1646 4173 baptizatos
1675 4120 1769 4159 eos
1793 4106 1847 4159 in
1883 4106 2103 4160 nomine
2139 4106 2377 4168 Domini,

804 4196 939 4250 dicit
971 4196 1073 4250 sub
1104 4195 1358 4249 manibus
1389 4195 1541 4249 Pauli
1574 4194 1838 4264 Spiritum
1887 4197 2070 4249 statim
2107 4197 2377 4266 accipere.

806 4288 965 4343 llunc
1015 4296 1201 4341 autem
1236 4303 1346 4341 non
1406 4286 1704 4349 videbant,
1758 4303 1885 4340 nam
1933 4286 2226 4341 invisibilis
2271 4296 2376 4353 est,

805 4378 1066 4433 sensibile
1100 4386 1281 4430 tamen
1321 4375 1468 4429 illius
1499 4374 1751 4430 ellieacim
1793 4383 2178 4444 argumentum
2215 4375 2380 4429 dabat

804 4471 997 4541 gratia.
1031 4470 1100 4524 Et
1128 4485 1268 4525 unus
1296 4468 1517 4538 quidem
1564 4468 1854 4522 Persarum
1897 4467 2083 4537 lingua
2126 4467 2378 4535 protinus

2491 3307 2506 3338 ι
2554 3288 2707 3355 ἆγιον
2738 3286 2823 3339 ἐπ’
2854 3286 3071 3349 αὐτοὺς,
3109 3285 3335 3338 ἐλάλουν
3364 3302 3424 3337 τε
3450 3284 3744 3353 γλώσσαις,
3796 3286 3892 3336 καὶ
3933 3302 4110 3354 προ--

2490 3393 2505 3423 ι
2558 3376 2838 3442 εφήτευον.
2868 3370 3126 3427 Ἦσανδέ
3167 3374 3217 3424 οἱ
3255 3373 3455 3435 πάντες
3508 3373 3698 3443 ἄνδρες
3752 3373 3888 3425 ὡσεὶ
3937 3375 4082 3428 δέκα

2492 3489 2507 3515 ι
2556 3466 2668 3521 δύο.
2709 3464 2978 3518 Εἰσελθὼν
3000 3465 3056 3517 δὲ
3088 3466 3167 3527 είς
3200 3465 3299 3533 τὴν
3335 3464 3682 3534 συναγωγὴν,
3726 3466 4081 3535 ἐπαρρησιά-

2492 3577 2508 3605 ι
2557 3557 2698 3622 ζετο.
2731 3558 2823 3608 ἐπὶ
2877 3556 3051 3625 μῆνας
3104 3558 3251 3625 τρεῖς
3299 3555 3680 3623 διαλεγόμενος
3724 3556 3817 3609 καὶ
3860 3557 4083 3610 πείθων

2492 3666 2507 3697 ι
2556 3647 2622 3700 τα
2650 3646 2777 3716 περὶ
2806 3649 2904 3717 τῆς
2939 3645 3220 3716 βασιλείας
3252 3644 3347 3697 τοῦ
3374 3644 3531 3698 Θεοῦ.
3575 3665 3593 3696 ι

2568 3739 2701 3791 Ἀπὸ
2738 3738 2831 3790 τοῦ
2864 3738 3237 3807 βαπτίσματος
3292 3737 3539 3789 Ἰωάννου
3582 3754 3938 3807 προφητευει,
3972 3742 4081 3792 καὶ

2485 3831 2667 3897 ἐνάγει
2694 3830 2886 3892 αὐτοὺς
2902 3830 2983 3881 ὅτι
3006 3828 3163 3881 τοῦτο
3188 3828 3433 3896 βούλεται
3464 3828 3523 3880 τὸ
3556 3829 3842 3897 βάπτισμα
3876 3831 4078 3882 Ἱωάν-

2485 3942 2597 3976 νου.
2647 3921 2926 3975 Ἐντεῦθεν
2955 3921 3010 3973 δὲ
3041 3921 3313 3973 δείκνυται
3342 3922 3424 3973 ὅτι
3459 3920 3649 3983 ἀτελὲς
3678 3916 3744 3989 ἦν
3772 3922 3834 3972 τὸ
3859 3922 4075 3991 βάπτι-

2488 4032 2597 4083 σμα
2638 4014 2902 4067 Ἰωάννου.
2940 4014 3015 4066 Οὐ
3051 4013 3161 4082 γὰρ
3190 4009 3341 4065 εἶπεν
3390 4012 3659 4079 ἀφέσεως,
3702 4012 3837 4064 ἀλλὰ
3888 4031 4077 4081 μετα-

2485 4108 2633 4167 νοίας
2656 4101 2815 4158 εἶναι.
2854 4101 2987 4158 Εἶτα
3016 4104 3410 4173 βαπτισθέντας
3458 4105 3657 4166 αὐτοὺς
3679 4105 3758 4165 εἰς
3791 4104 3851 4155 τὺ
3887 4105 4079 4174 ὄνομα

2481 4197 2577 4250 τοῦ
2610 4198 2832 4264 Κυρίου,
2867 4198 3032 4265 φησὶν
3071 4196 3175 4248 ὑπὸ
3223 4196 3332 4247 τῶν
3377 4194 3579 4266 χειρῶν
3610 4194 3823 4248 Παύλου
3855 4195 4077 4259 εὐθέως

2488 4289 2550 4341 τὸ
2586 4288 2811 4357 Πνεῦμα
2848 4284 3356 4356 λαμὸάνειν.Τοῦτο
3386 4287 3442 4337 δέ
3473 4288 3571 4355 οὐχ
3593 4286 3809 4353 ἐώρων’·
3831 4288 4079 4356 ἀόρατον

2483 4381 2592 4450 γάρ
2625 4382 2791 4432 ἐστιν.
2809 4380 3071 4448 Λὶσθητὺν
3101 4379 3156 4431 δὲ
3190 4380 3337 4447 ὅμως
3363 4378 3487 4432 τινὰ
3513 4378 3732 4446 ἔλεγχον
3760 4378 3936 4429 ἐδίδου
3966 4380 4079 4445 τῆς

2481 4469 2760 4539 ἐνεργείας
2794 4470 3005 4537 ἐκείνης
3100 4470 3279 4536 χάρις.
3327 4469 3437 4520 Καὶ
3464 4470 3492 4520 6
3523 4467 3620 4535 μὲν
3645 4470 3709 4536 τῇ
3749 4468 4006 4536 Περσῶν,
4048 4472 4080 4521 ὁ

804 4563 1154 4632 loquebatur,
1196 4562 1332 4615 alter
1356 4569 1538 4615 autem
1580 4560 1972 4621 Romanorum,
2010 4559 2205 4611 tertius
2242 4574 2373 4610 vero

2487 4561 2534 4615 δὲ
2558 4564 2623 4630 τῇ
2664 4560 2972 4629 Ῥωμαίων,
3000 4560 3028 4609 6
3057 4559 3113 4611 δὲ
3137 4561 3203 4628 τῇ
3243 4558 3439 4623 Ἰνδῶν,
3469 4561 3495 4610 6
3520 4559 3576 4610 δὲ
3614 4559 3777 4627 ἑτέρα
3802 4560 3907 4610 τινὶ
3941 4579 4029 4613 τοι
4058 4593 4073 4601 -

803 4658 1084 4717 Indorum,
1135 4666 1188 4710 et
1237 4655 1379 4709 alius
1428 4653 1682 4707 similiter
1728 4651 1832 4705 alia
1874 4650 2149 4720 quadam:
2206 4650 2372 4719 idque

802 4748 1042 4801 externis
1071 4745 1388 4816 propalabat
1410 4744 1674 4811 Spiritum
1706 4742 1760 4795 in
1801 4757 1865 4795 co
1889 4756 2031 4804 esse,
2064 4741 2155 4809 qui
2180 4740 2373 4809 loquc~

805 4844 996 4893 batur:
1054 4838 1376 4892 ostendente
1418 4836 1531 4890 Deo
1572 4833 1719 4904 quod
1751 4833 1987 4903 Spiritus
2016 4832 2248 4886 haberet
2282 4832 2372 4885 hic

803 4933 1051 4986 intimam
1086 4937 1431 4999 potestatem.

871 5023 1012 5082 XIX.
1038 5023 1091 5079 9.
1118 5022 1199 5075 l0.
1241 5042 1259 5073 ι
1293 5022 1435 5076 Cum
1473 5030 1656 5075 autem
1708 5019 1926 5088 quidam
1977 5018 2368 5072 indurarentur

806 5137 821 5163 ε
856 5130 956 5169 nec
1012 5112 1323 5174 crederent,
1358 5111 1750 5165 maledicentes
1792 5112 1895 5163 via:
1926 5109 2143 5163 Domini
2184 5122 2369 5162 coram

804 5231 820 5257 σ
853 5206 1225 5271 multitudine,
1247 5205 1524 5275 digressus
1553 5205 1621 5257 ab
1653 5203 1760 5257 illis
1791 5202 2098 5272 segregavit
2123 5201 2368 5269 discipu-

805 5321 820 5349 ε
853 5299 955 5364 los,
978 5297 1223 5368 quotidie
1242 5297 1530 5365 disputans
1547 5296 1600 5348 in
1619 5294 1804 5348 schola
1818 5292 2100 5364 cujusdam
2128 5292 2363 5363 tyranni.

804 5412 817 5439 ι
857 5390 1024 5459 ldque
1064 5389 1269 5443 factum
1303 5398 1389 5442 est
1424 5403 1519 5456 per
1569 5386 1896 5439 biennium:
1948 5385 2022 5438 ita
2069 5394 2130 5438 ut
2175 5399 2367 5437 omnes

804 5507 819 5531 ε
858 5482 949 5551 qui
987 5481 1308 5535 habitabant
1345 5481 1396 5532 in
1451 5480 1575 5532 Asia
1627 5477 1882 5531 audirent
1933 5492 2243 5531 sermonem
2298 5476 2366 5529 de

802 5595 819 5622 ι
862 5574 1088 5627 Domino
1110 5572 1452 5634 Jesu,Jud;ei
1475 5573 1633 5625 simul
1658 5571 1930 5625 ctGrzeci.
1968 5592 1982 5619 ο

872 5682 888 5712 ι
926 5662 1311 5717 Maledieentes
1354 5662 1518 5715 vim.»
1573 5662 1724 5714 Viam
1769 5661 1903 5714 dicit
1936 5660 2216 5715 Christum
2268 5669 2364 5712 aut

2481 4653 2621 4725 αύτῃ
2650 4652 2849 4713 εὐθέως
2872 4653 3169 4719 ἐφθέγγετο
3200 4651 3444 4721 γλώσσῃ.
3477 4653 3585 4703 Καὶ
3607 4651 3769 4703 τοῦτο
3792 4657 4077 4722 ἐφανέρου

2479 4749 2591 4808 τοῖς
2625 4745 2845 4812 ἔξωθεν,
2883 4747 2964 4797 ὅτι
2993 4746 3053 4796 τὸ
3088 4742 3314 4811 Πνεῦμα
3345 4745 3492 4796 ἐστιν
3521 4744 3579 4794 ἐν
3608 4743 3757 4810 αὐτῷ
3784 4744 3859 4810 τῷ
3894 4746 4076 4812 9053/-

2480 4839 2715 4906 γομὲνῳ,
2746 4836 2956 4897 δεικνὺς
2987 4841 3014 4889 6
3063 4836 3193 4897 Θεὸς
3222 4834 3304 4886 ὅτι
3337 4833 3492 4886 τοῦτό
3536 4834 3650 4885 ἐστι
3680 4835 3776 4903 τῆς
3807 4836 4076 4901 ἐξουσίας

2480 4930 2578 4997 τῆς
2614 4928 2895 4983 ἀνωτάτω.

2557 5038 2576 5069 ι
2629 5018 2715 5079 Ὠς
2752 5018 2809 5070 δέ
2838 5034 2978 5079 τινες
3010 5017 3401 5087 ἐσκληρύνοντο
3436 5015 3529 5067 καὶ
3562 5016 3854 5083 ἠπείθουν,
3888 5036 4073 5072 xam-

2487 5134 2504 5164 ι
2548 5111 2831 5179 λογοῦντες
2862 5112 2960 5181 τὴν
2992 5110 3108 5163 ὁδον
3139 5110 3368 5162 ἐνώπιον
3393 5108 3486 5160 τοῦ
3524 5108 3784 5177 πλήθους.
3811 5112 4076 5175 ἀποστὰς

2484 5222 2501 5253 ι
2550 5203 2642 5256 ἀπ’
2684 5201 2882 5265 αὐτῶν,
2915 5200 3161 5269 ἀφώρισε
3200 5200 3326 5261 τοὺς
3371 5196 3640 5267 μαθητάς,
3682 5200 3806 5251 καθ’
3842 5202 4076 5271 ἡμέραν

2484 5318 2502 5348 ι
2549 5294 2924 5363 διαλεγόμενος
2968 5294 3025 5345 ἐν
3052 5294 3115 5362 τῇ
3159 5292 3321 5360 σχολῇ
3369 5292 3637 5359 τυράννου
3680 5293 3844 5355 τινος.
3883 5295 4076 5349 Τοῦτο

2484 5410 2501 5441 ι
2543 5391 2598 5443 δὲ
2641 5389 2856 5454 ἐγένετο
2881 5385 2974 5437 ἐπὶ
3004 5384 3098 5455 ἔτη
3140 5384 3262 5438 δύο·
3285 5384 3429 5437 ὥστε
3461 5386 3667 5448 πάντας
3698 5386 3827 5447 τοὺς
3872 5402 4075 5440 κατοιο

2482 5502 2499 5531 ι
2543 5482 2772 5543 κοῦντας
2797 5479 2893 5548 τὴν
2934 5478 3137 5541 Ἀσίαν,
3170 5478 3403 5531 ἀκοῦσαι
3431 5481 3522 5532 τὸν
3542 5480 3699 5547 λόγον
3720 5477 3814 5531 τοῦ
3846 5480 4072 5549 Κυρίου

2482 5595 2499 5625 ι
2543 5572 2740 5640 Ἰησοῦ.
2785 5570 3066 5631 Ἰουδαίους
3090 5586 3149 5621 τε
3186 5573 3278 5623 καὶ
3312 5572 3599 5639 Ἕλληνας.
3646 5590 3662 5620 ι

2552 5680 2568 5710 ι
2610 5656 3048 5725 Κακοὶογοῦντες
3091 5658 3190 5728 τὴν
3236 5660 3371 5712 ὀδόν.
3417 5680 3435 5711 ι
3480 5662 3547 5712 Ἦ
3586 5660 3704 5713 ὁδον
3763 5659 3916 5727 λέγει
3967 5662 4073 5715 τὶν

859 5801 928 5859 (ι)
959 5801 1097 5849 Unde
1121 5804 1223 5847 hzec
1248 5800 1468 5847 halmnrii
1501 5798 1796 5849 lle-inlcnim
1823 5800 2074 5860 interpres
2116 5812 2211 5847 non
2240 5797 2475 5844 vidimus.
2506 5794 2668 5841 ﬁrmes
2700 5807 2723 5835 ρ
2760 5790 2964 5852 regione
2995 5786 3151 5851 pr'rila
3199 5802 3296 5839 non
3324 5792 3622 5852 respondent
3656 5796 3709 5840 et
3732 5791 3831 5853 jam
3875 5793 4077 5857 pagina

802 5862 1043 5927 superiori
1070 5866 1319 5914 leniatur.
1356 5862 1487 5910 lion.
