4178 6464
127 411 217 476 ξίὶ]
1073 410 1456 473 COMMENT.
1507 413 1589 473 IN
1645 414 1832 474 ACTA
1873 415 2449 478 APOSTOLORUM.

125 519 354 590 Χριστὸν,
385 518 420 587 ἢ
451 517 548 587 τὴν
576 516 760 571 πίστιν
793 517 890 589 τὴν
925 519 1118 591 ἀληθῆ.
1143 521 1289 592 Αὕτη
1324 523 1431 594 γάρ
1463 526 1609 576 ἐστιν
1640 525 1672 591 ἠ
1709 543 1746 592 Α
1778 525 1942 578 ﬁdem
1973 542 2154 582 veram

125 612 278 679 ὁδὸςή
320 610 613 676 ἀπάγουσα
663 611 744 675 εἰς
791 611 887 682 τὴν
939 611 1218 682 βασιλείαν
1257 615 1366 668 τῶν
1411 619 1674 686 οὐρανῶν.

135 699 396 753 Ἐντεῦθεν
427 700 485 753 δὲ
521 699 768 754 διδάσκει
803 703 972 772 ἡμᾶς,
1015 703 1123 757 ἀπὸ
1150 705 1258 758 τῶν
1295 707 1678 777 βλασφημούν-

123 808 216 843 των
245 791 333 844 τὸν
363 792 495 844 Υἰὺν
537 791 630 844 τοῦ
670 792 807 846 Θεοῦ
855 794 1185 864 χωρίζεσθαι
1243 798 1368 861 τοὺς
1410 801 1489 863 εἰς
1519 800 1680 853 αὑτὸν

126 898 484 944 πιστεύοντας.

185 994 202 1024 ι
227 974 500 1043 Δυνάμεις
527 992 586 1027 τε
614 977 675 1027 ού
709 976 807 1040 τὰς
845 978 1110 1045 τυχούσας
1141 981 1314 1034 ἐποίει
1338 984 1366 1034 6
1411 982 1542 1046 Θεὸς
1593 983 1683 1037 διὰ

130 1084 144 1115 ι
182 1065 281 1116 τῶν
303 1066 508 1134 χειρῶν
526 1068 760 1120 Παύλου·
779 1068 885 1122 ὥστ
896 1071 1032 1124 ε’καὶ
1052 1072 1141 1124 ἐπὶ
1172 1073 1298 1136 τοὺς
1322 1073 1682 1138 ἀσθενοῦντας

131 1178 144 1206 ι
184 1159 542 1228 ἐπιφέρεσθαι
567 1161 674 1211 ἀπὸ
702 1161 797 1214 τοῦ
818 1165 1025 1231 χρωτὸς
1043 1165 1208 1217 αὑτοῦ
1234 1166 1512 1236 σουδάρια,
1537 1168 1569 1236 ἢ
1596 1183 1681 1218 σι-

130 1270 142 1298 ι
184 1250 446 1316 μικί-ιοια,
470 1251 564 1304 καὶ
583 1253 1026 1308 ἀπαλλάσσεσθαι
1047 1259 1140 1309 ἀπ’
1161 1259 1339 1311 αὐτῶν
1360 1260 1454 1320 τὰς
1472 1261 1682 1323 νόσους.

128 1358 144 1387 ι
189 1339 322 1392 τάτε
347 1327 730 1411 πεύματαῖὰ
748 1348 959 1416 πονηρὰ
976 1349 1293 1420 ὲξέρχεσθαι
1313 1351 1406 1404 ἀπ’
1431 1351 1630 1406 αὐτῶν.
1659 1371 1676 1404 ι

185 1450 203 1481 ι
231 1431 498 1502 Σουδάρια
529 1435 622 1486 καὶ
668 1436 990 1504 σιμικίνθια.
1047 1458 1067 1491 ι
1102 1440 1414 1512 Ἀμφότεροι
1472 1443 1683 1512 νομίζω

124 1522 330 1594 λινοειδῆ
371 1519 518 1578 εἶναι
538 1540 554 1557 '
582 1526 722 1597 πλὴν
739 1530 804 1582 τά
842 1532 939 1599 μὲν
974 1533 1232 1602 σουδάρια
1258 1534 1352 1587 ἐπὶ
1385 1537 1482 1605 τῆς
1513 1553 1686 1604 κεφα-

122 1612 206 1680 λῆς
237 1615 614 1681 ἐπιϐάλλεται,
641 1619 710 1672 τὰ
735 1621 792 1672 δὲ
823 1622 1123 1690 σιμικίνθια
1153 1625 1210 1677 ἐν
1228 1627 1341 1689 ταῖς
1369 1627 1524 1696 χερσὶ
1552 1643 1684 1678 κατ-

126 1708 322 1773 έχουσιν
359 1708 410 1759 οἱ
446 1707 523 1778 μὴ
571 1709 860 1780 δυνάμενοι
899 1713 1111 1783 ὠράρια
1146 1715 1395 1784 φορέσαι,
1419 1711 1521 1768 οἷοί
1547 1719 1684 1770 εἰσιν

122 1797 161 1845 οἱ
183 1795 474 1862 φοροῦντες
503 1798 775 1863 ὑπατικὰς
808 1803 995 1866 στολὰς
1021 1805 1054 1874 ἢ
1087 1805 1279 1872 γουὸία
1302 1808 1438 1874 πρῦς
1461 1808 1520 1860 τὸ
1552 1809 1685 1860 ἀπο-

3245 418 3352 483 250

2192 535 2382 579 :‘nam
2417 528 2532 581 haec
2561 526 2646 581 via
2691 533 2797 588 est.
2849 542 2972 597 quae
3023 525 3247 583 deducit
3287 531 3356 585 ad

1786 633 2013 685 regnum
2043 619 2328 672 cmlorum.
2369 618 2505 671 llinc
2527 626 2707 672 autem
2734 617 2896 672 docet
2920 633 3037 677 nos.
3077 625 3134 671 ut
3171 618 3240 672 ab
3267 619 3355 684 iis,

1781 708 1872 777 qui
1909 708 2156 762 convicia
2184 711 2392 775 jactaut
2425 711 2480 764 in
2503 709 2698 764 Filium
2722 710 2855 779 ιυοί,
2911 721 3235 780 separemur
3260 711 3356 781 qui

1782 800 1836 854 in
1865 815 1990 854 cum
2029 801 2282 855 credunt.

1851 976 1994 1042 XIX,
2028 979 2110 1041 ll,
2161 980 2245 1032 l2.
2289 995 2307 1029 ι
2343 981 2698 1049 Virtutcsque
2739 995 2846 1033 non
2881 980 3134 1049 vulgares
3159 979 3357 1034 edebat

1789 1089 1807 1121 ι
1844 1070 1989 1124 Deus
2022 1085 2118 1139 per
2145 1087 2339 1126 manus
2365 1071 2555 1125 Pauli:
2605 1073 2677 1124 ita
2722 1083 2780 1126 ut
2819 1072 2987 1126 etiam
3016 1086 3181 1141 super
3208 1071 3360 1124 inﬁr-

1789 1181 1806 1212 ι
1838 1177 1955 1216 mos
1985 1163 2335 1218 deferrentur
2358 1180 2387 1218 a
2420 1179 2654 1232 corpore
2688 1165 2808 1234 ejus
2833 1165 3054 1218 sudaria
3097 1171 3153 1218 et
3197 1163 3360 1217 semi-

1790 1273 1807 1305 ι
1846 1255 2068 1319 cinctia,
2087 1267 2141 1310 et
2163 1258 2423 1311 cederent
2447 1257 2602 1328 15,5
2626 1258 2694 1311 ab
2709 1257 2789 1313 eis
2804 1257 3004 1321 morbi,
3022 1257 3360 1327 spiritusque

1789 1366 1806 1395 ε
1847 1348 1995 1415 pravi
2023 1348 2427 1416 egrederentur
2462 1351 2529 1402 ab
2558 1351 2658 1404 eis.
2697 1370 2714 1402 ι

1864 1459 1881 1490 ι
1920 1440 2152 1494 Sudaria
2208 1449 2263 1493 et
2326 1440 2690 1494 scmicinctia.
2727 1460 2743 1490 ι
2807 1442 3048 1510 Utraque
3105 1441 3360 1496 existimo

1783 1530 1912 1584 linei
1939 1531 2154 1600 generis
2182 1530 2385 1585 fuisse:
2416 1539 2654 1585 attamen
2691 1531 2911 1586 sudaria
2947 1531 3168 1600 quidem
3196 1549 3360 1600 super

1785 1630 1948 1690 caput
2003 1622 2344 1686 tenduntur,
2397 1623 2742 1677 semicinctia
2785 1629 2929 1676 'vero
2990 1623 3044 1676 in
3107 1623 3363 1677 manibus

1788 1720 1975 1766 tenent
2011 1714 2104 1782 qui
2131 1713 2346 1766 horaria
2375 1724 2589 1782 gestare
2614 1729 2720 1767 non
2745 1723 2996 1782 possunt,
3023 1714 3193 1767 veluti
3232 1724 3362 1767 sunt

1787 1805 1880 1874 qui
1908 1806 2226 1860 consulares
2261 1814 2476 1872 gestant
2521 1807 2686 1860 stolas
2715 1815 2809 1859 aut
2841 1807 3000 1874 gubia
3040 1806 3108 1859 ad
3148 1806 3362 1860 abster-

127 1888 407 1955 μάττεσθαι
437 1890 539 1955 τὰς
566 1893 869 1963 ὑγρότητας
894 1895 988 1947 τοῦ
1015 1897 1327 1966 προσώπου,
1351 1894 1483 1964 οἷον,
1525 1899 1685 1968 ἱδρῶ·
1718 1891 1759 1946 Β

1718 1891 1759 1946 Β
1788 1897 1996 1966 gendos
2021 1913 2050 1951 a
2081 1897 2218 1952 facie
2251 1898 2532 1962 humores,
2583 1912 2777 1967 nempe
2816 1898 3068 1958 sudores,
3106 1897 3358 1959 salivam,

124 1996 224 2046 τας,
253 1983 510 2050 πτύελον,
550 1985 803 2056 δάκρυον,
837 1989 930 2040 καὶ
962 1990 1031 2042 τὰ
1062 1992 1241 2059 ὃμοια.

187 2091 205 2124 ι
249 2074 654 2147 Ἐπεχείρησαν
684 2077 741 2130 δέ.
767 2095 912 2140 τινες
962 2079 1070 2133 ἀπὸ
1103 2080 1211 2134 τῶν
1244 2081 1682 2151 περιερχομένων

130 2183 143 2212 ι
174 2163 440 2217 Ἰουδαίων
474 2167 829 2237 ἐξορκιστῶν,
860 2168 1146 2239 ὀνομάζειν
1184 2172 1276 2223 ἐπὶ
1308 2174 1435 2235 τοὺς
1461 2173 1682 2242 ἔχοντας

131 2271 144 2302 ι
176 2253 236 2304 τά
258 2254 552 2324 πνεύματα
576 2256 644 2308 τὰ
671 2259 902 2327 πονηρὰ,
931 2259 991 2312 τὸ
1009 2259 1179 2328 ὄνομα
1208 2261 1301 2313 τοῦ
1338 2263 1542 2332 Κυρίου
1577 2264 1682 2333 Ἰη-

129 2359 145 2392 ι
179 2342 286 2406 σοῦ,
319 2344 606 2412 λέγοντες·
644 2347 965 2419 Ὀρκίζομεν
988 2350 1130 2420 ὑμᾶς
1187 2352 1278 2405 τὸν
1309 2351 1535 2422 Ἰησοῦν,
1566 2354 1624 2406 ὃν
1653 2353 1682 2404 6

129 2454 142 2479 ι
173 2432 375 2497 Παῦλος
407 2437 696 2506 κηρύσσει.
719 2435 902 2494 Ἦσαν
925 2441 982 2494 δέ
1014 2459 1157 2506 τινες
1204 2445 1311 2497 υἱοὶ
1337 2447 1516 2500 Σκευᾶ
1546 2447 1677 2500 Ἰου-

135 2544 145 2570 π
179 2527 320 2580 δαίου
343 2530 654 2600 ἀρχιερέως
684 2535 844 2599 ὲπτά,
881 2536 930 2587 οἱ
978 2536 1137 2588 τοῦτο
1176 2539 1474 2597 ποιοῦντες.
1526 2541 1683 2592 Ἀπο-

129 2637 143 2665 .-
174 2619 350 2686 κριθὲν
379 2621 436 2674 δὲ
472 2623 537 2674 τὸ
562 2625 782 2694 πνεῦμα
824 2627 885 2679 τὺ
944 2629 1196 2698 πονηρὸν,
1229 2625 1384 2682 εἷπε·
1421 2631 1524 2684 Τὸν
1572 2634 1682 2700 Ἰη-

127 2724 141 2757 ι
175 2708 290 2760 σοῦν
322 2709 603 2777 γινώσκω,
632 2715 724 2766 καὶ
747 2715 838 2766 τὸν
891 2716 1100 2768 Παῦλον
1143 2719 1461 2788 ἐπίσταμαι,
1523 2720 1681 2786 ὑμεῖς

127 2816 142 2842 ο
174 2799 386 2864 estne;
411 2802 576 2868 ἐστέ,
610 2805 716 2856 Καὶ
763 2805 1120 2875 ἐφαλλόμενος
1154 2808 1243 2860 ἐπ’
1303 2811 1499 2874 αὐτοὺς
1535 2813 1562 2864 6
1589 2813 1681 2866 ἄν-

128 2907 142 2936 ι
171 2888 377 2956 θρωπος
403 2893 464 2944 ὲν
490 2885 537 2958 ᾧ
561 2889 628 2961 ἦν
650 2895 710 2946 τὸ
730 2895 949 2965 πνεῦμα
980 2899 1039 2949 τὺ
1091 2899 1351 2968 πονηρὸν,
1385 2904 1476 2954 καὶ
1507 2919 1678 2955 κατα-

129 2997 144 3027 ι
174 2981 462 3048 κυριεύσας
504 2982 716 3049 αὐτῶν,
764 2984 980 3054 ἴσχυσεν
1025 2987 1112 3040 ἐπ’
1160 2989 1357 3054 αὐτῶν,
1399 2989 1538 3042 ὥστε
1589 3008 1684 3059 γυ-

129 3086 143 3116 ι
183 3071 341 3134 μνοῦς
387 3072 489 3124 καὶ
519 3077 1092 3145 τετραυματισμένους
1122 3078 1379 3146 ἐκφυγεῖν
1405 3080 1467 3132 ὲκ
1488 3078 1581 3132 τοῦ
1607 3081 1682 3132 οῐ-

129 3175 261 3210 «κου
316 3163 560 3217 ἐκείνου.
629 3164 798 3217 Τοῦτο
847 3166 902 3218 δὲ
946 3168 1160 3234 ἐγένετο
1210 3171 1448 3236 γνωστὸν
1515 3173 1680 3225 πᾶσιν

130 3269 145 3298 ι
175 3250 444 3315 Ἰουδαίοις
493 3271 558 3306 τε
619 3258 712 3308 καὶ
775 3257 999 3328 Ἕλλησι
1060 3262 1171 3324 τοῖς
1229 3261 1539 3315 κατοικοῦσι
1590 3263 1687 3331 τὴν

130 3361 145 3389 ι
178 3343 422 3410 Ἔφεσον.
456 3347 571 3398 Καὶ
593 3348 829 3402 ἐπέπεσε
863 3351 1026 3418 φόϐος
1057 3354 1149 3404 ἐπὶ
1209 3356 1417 3418 πάντας
1466 3355 1686 3418 αὐτοὺς,

132 3453 146 3484 ι
178 3437 258 3487 καὶ
280 3437 658 3505 ἐμεγαλύνετο
688 3438 749 3491 τὸ
777 3439 945 3508 ὄνομα
969 3443 1060 3494 τοῦ
1087 3445 1288 3512 Κυρίου
1321 3446 1518 3514 Ἰησοῦ.
1555 3466 1573 3498 ι

185 3545 201 3577 ι
239 3529 522 3581 Ἰουδαίων
554 3529 904 3598 ἐξορκιστῶν.
954 3550 971 3582 ι
1003 3534 1148 3602 Αὐτὴ
1179 3537 1208 3602 ἠ
1246 3536 1387 3599 λέξις
1409 3536 1682 3592 δείκνυσιν

129 3616 195 3667 ὅτι
240 3619 334 3686 οὐχ
392 3619 474 3680 ὡς
528 3621 873 3684 πιστεύοντες
904 3623 980 3692 τῷ
1044 3625 1219 3694 Ἰησοῦ
1284 3630 1331 3680 οἱ
1382 3631 1688 3697 ἐξορκισταὶ

128 3708 402 3778 ἐξώρκιζον
429 3711 499 3763 τὰ
531 3711 817 3780 ἀκάθαρτα
869 3717 1150 3784 πνεύματα
1198 3719 1274 3788 τῷ
1323 3722 1545 3790 ὀνόματι
1592 3724 1686 3776 τοῦ

128 3803 330 3868 Κυρίου,
386 3803 534 3855 ἀλλά
591 3803 960 3872 πειράζοντες.
985 3809 1063 3860 Δι’
1100 3808 1127 3860 ὅ
1157 3811 1248 3862 καὶ
1287 3811 1359 3874 ὡς
1407 3814 1479 3881 μὴ
1533 3815 1684 3877 ὄντες

127 3895 302 3958 marci,
331 3894 411 3957 ὡς
442 3895 507 3946 τὸ
539 3895 845 3964 ἀκάθαρτον
879 3899 1092 3964 πνεῦμά
1122 3919 1191 3968 φη
1205 3918 1273 3963 σι,
1333 3906 1430 3969 τῆς
1475 3921 1683 3970 προπε-

127 3987 252 4047 τείας
281 3985 563 4038 δεδώκασι
593 3985 726 4055 πρδς
755 3986 933 4054 ὀλίγον
955 3989 1128 4058 δίκην.
1160 3991 1415 4060 Διήλεγξε
1447 3995 1554 4064 γὰρ
1585 3995 1681 4046 αὑ-

123 4080 249 4140 τοὺς,
277 4081 372 4130 καὶ
398 4079 503 4147 τὴν
536 4078 741 4148 σκηνὴν
770 4080 949 4133 αὐτῶν
980 4081 1219 4151 φανερὰν
1273 4083 1498 4149 ἐποίησε
1556 4086 1684 4152 σφό-

124 4169 209 4238 ipa
230 4170 512 4238 θυμωθεὶς
537 4173 566 4224 ὁ
596 4171 824 4240 δαίμων,
860 4173 934 4235 ὡς
959 4173 1023 4226 ἀν
1050 4174 1102 4226 εἴ
1125 4191 1208 4234 τις
1239 4177 1365 4244 περὶ
1397 4176 1503 4227 τῶν
1529 4177 1684 4246 ἐσχά-

125 4277 212 4314 των
241 4263 586 4316 κινδυνεύων
620 4263 728 4315 ὑπό
758 4280 904 4326 τινος
939 4265 1135 4334 ἐχθροῦ
1189 4264 1535 4335 διελέγχοιτο,
1583 4269 1678 4320 καὶ

126 4354 274 4406 ταντα
302 4356 383 4417 είς
414 4356 634 4406 ἐκεῖνον
658 4355 874 4421 ἀφεῖναι
896 4355 1135 4422 βούλοιτο
1164 4357 1249 4408 τὸν
1282 4357 1470 4425 Guy/5v.

183 4462 199 4492 ι
229 4445 417 4497 Πολλοί
454 4461 516 4496 τε
550 4445 656 4496 τῶν
692 4446 1132 4499 πεπιστευκότων
1170 4448 1401 4516 ἤρχοντο
1427 4449 1676 4517 ἐξομολο-

129 4550 143 4579 ι
172 4535 416 4602 γοῦμενοι
451 4535 557 4587 καὶ
585 4536 1006 4603 ἀναγγέλλοντες
1055 4541 1154 4600 τὰς
1198 4540 1425 4606 πράξεις
1478 4542 1674 4594 αὑτῶν.

129 4641 142 4668 ι
177 4623 362 4677 Ὶκανοὶ
394 4625 454 4677 δὲ
484 4624 597 4676 τῶν
624 4627 689 4678 τά
719 4627 986 4697 περίεργα
1016 4628 1362 4696 πραξάντων,
1424 4633 1676 4698 συνενέγ-

129 4732 142 4761 ι
173 4731 349 4777 καντες
409 4717 516 4776 τὰς
549 4714 763 4783 βίϐλους
784 4719 1071 4771 κατέκαιον
1125 4720 1353 4772 ἐνώπιον
1417 4722 1631 4774 πάντων
1663 4741 1674 4753 ·

126 4820 140 4849 ι
174 4806 256 4855 καὶ
285 4805 672 4872 συνεψήφισαν
695 4805 792 4866 τὰς
815 4807 977 4874 τιμὰς
1019 4807 1217 4870 αὐτῶν,
1247 4809 1337 4860 καί
1397 4803 1554 4879 εὗρον
1583 4811 1680 4876 ἀρ-

128 4913 140 4942 ι
175 4897 348 4964 γυρίου
379 4896 662 4965 μυριάδας
691 4896 870 4949 πέντε.
904 4897 1090 4961 Οῦτως
1137 4901 1276 4952 κατᾶ
1303 4901 1500 4970 κράτος
1530 4902 1556 4953 6
1587 4902 1674 4954 λό-

127 5005 140 5033 ι
171 5004 252 5050 τος
283 4989 378 5040 τοῦ
420 4988 640 5057 Κυρίου
664 4988 856 5057 ηὔξανε
920 4990 1013 5042 καὶ
1056 4991 1252 5060 ἴσχυεν.
1303 4993 1388 5054 Ὠς
1426 4992 1482 5044 δὲ
1515 4993 1679 5062 ἐπλη-

127 5095 141 5124 ι
176 5079 306 5146 ρὼθη
332 5081 540 5142 ταῦτα,
569 5079 718 5131 ἔθετο
749 5082 776 5132 6
811 5081 1016 5143 Παῦλος
1049 5085 1106 5133 ἐν
1141 5082 1217 5150 τῷ
1238 5084 1506 5153 πνεύματι
1537 5084 1676 5135 διελ-

125 5187 138 5215 ι
167 5168 259 5223 θὼν
287 5173 384 5242 τὴν
407 5170 760 5224 Μακεδονίαν
792 5175 883 5224 καὶ
926 5173 1165 5242 Ἀχαΐαν,
1221 5174 1544 5243 πορεύεσθαι
1599 5179 1677 5238 είς

125 5261 558 5334 ιἸερουσαλὴμ,
609 5263 814 5326 εἰπὼν,
853 5265 934 5316 ὅτι
985 5266 1140 5318 Μετὰ
1193 5265 1252 5317 τὸ
1304 5267 1558 5333 γενέσθαι
1611 5283 1677 5337 με

125 5367 139 5396 ι
170 5351 290 5413 ἐκεῖ,
324 5355 406 5406 δεῖ
441 5371 513 5423 με
547 5355 643 5406 καὶ
677 5353 895 5424 Ῥώμην
942 5357 1088 5408 ἰδεῖν.
1127 5356 1477 5420 Ἀποστείλας
1503 5359 1557 5412 δὲ
1597 5362 1676 5422 εἰς

126 5462 140 5490 ι
169 5443 622 5512 τὴνΜακεδονίαν
652 5446 744 5500 δύο
773 5446 877 5498 τῶν
931 5447 1319 5502 διακονούντων
1361 5449 1530 5520 αύτῷ,
1585 5452 1677 5503 Τι-

127 5551 141 5582 ι
172 5536 348 5603 μόθεον
375 5539 473 5590 καὶ
503 5538 802 5607 Ἔραστον,
833 5540 993 5602 αὐτὸς
1023 5541 1219 5608 ἐπέσχε
1255 5542 1442 5610 χρόνον
1473 5545 1551 5605 εἰς
1580 5545 1676 5614 τὴν

126 5642 138 5673 ι
173 5626 361 5686 Ἀσίαν.
397 5631 661 5696 Ἐγένετο
689 5631 744 5683 δὲ
777 5633 915 5683 κατὰ
946 5634 1035 5684 τὴν
1073 5635 1262 5702 καιρδν
1289 5637 1491 5687 ἐκεῖνον
1511 5638 1675 5705 τάρα-

128 5734 141 5764 I
173 5723 367 5786 zogo-Lx
399 5723 590 5789 ὀλίγος
626 5722 756 5790 περὶ
794 5725 891 5792 τῆς
920 5723 1062 5776 ὀδοῦ.
1104 5725 1409 5793 Δημήτριος
1449 5728 1554 5794 γάρ
1595 5745 1675 5788 τις

131 5826 144 5858 ε
173 5812 398 5880 ὀνόματι,
428 5812 843 5884 ἀργυροκόπος,
877 5813 1044 5868 ποιῶν
1077 5816 1231 5880 ναοὺς
1256 5817 1526 5888 ἀργυροῦς
1551 5820 1671 5888 ’.ιρ-

1715 3250 1759 3308 C
1799 3292 1815 3322 ι
1857 3269 2181 3324 habitabant
2244 3264 2446 3335 Ephesi

1707 4578 1757 4636 D

1788 1988 2075 2058 lacrymas,
2111 2005 2174 2043 ac
2195 1989 2416 2044 similia.

1864 2103 1882 2136 ι
1928 2081 2072 2145 XIX,
2117 2082 2302 2135 15-17.
2361 2081 2734 2135 Tentavernnt
2785 2086 2968 2132 autem
3016 2077 3240 2146 quidam
3296 2091 3362 2130 ex

1794 2194 1812 2224 α
1855 2173 2333 2231 circumeuntibus
2370 2172 2574 2226 Iudaeis
2615 2170 2925 2235 cxorcistis,
2965 2171 3223 2223 invocare
3268 2185 3358 2222 su-

1793 2287 1811 2320 σ
1857 2285 1954 2338 per
2001 2283 2096 2322 eos
2159 2266 2250 2336 qui
2311 2280 2511 2336 pravos
2561 2264 2838 2318 habebant
2887 2263 3136 2332 spiritus,
3164 2274 3363 2314 nomen

1795 2381 1811 2410 ι
1855 2358 2072 2413 Domini
2135 2357 2299 2420 Jesu,
2353 2357 2603 2410 dicentes
2654 2373 2667 2408 :
2724 2353 3060 2423 Adjuramus
3111 2365 3212 2403 vos
3271 2363 3366 2417 per

1794 2471 1811 2501 ι
1857 2449 2082 2514 Jesum,
2151 2463 2314 2517 quem
2371 2447 2573 2502 Paulus
2633 2445 2908 2515 praedicat.
2963 2444 3131 2498 Erant
3181 2449 3363 2496 autem

1794 2561 1811 2592 ι
1852 2542 2074 2611 quidam
2116 2539 2210 2594 ﬁlii
2260 2537 2442 2592 Sceva:
2488 2536 2658 2591 Judzei
2708 2534 2976 2605 principis
3019 2530 3362 2585 sacerdotum

1795 2647 1814 2680 ι
1855 2637 2090 2698 septem,
2125 2628 2220 2696 qui
2272 2628 2374 2680 hoc
2419 2626 2712 2680 faciebant.
2772 2622 3131 2692 Respondens
3181 2629 3364 2673 autem

1794 2743 1812 2774 ι
1857 2722 2086 2791 spiritus
2132 2721 2331 2782 malus,
2385 2718 2524 2772 dixit
2561 2737 2574 2770 :
2606 2717 2793 2772 Jesum
2840 2715 2989 2778 novi,
3035 2722 3089 2766 et
3141 2713 3365 2765 Paulum

1795 2834 1812 2866 ι
1853 2813 1988 2877 scio,
2036 2828 2133 2866 vos
2182 2820 2365 2865 autem
2413 2810 2636 2879 quinam
2682 2807 2854 2861 estis?
2893 2807 2961 2860 Et
3013 2804 3261 2858 insiliens
3313 2802 3365 2854 in

1794 2925 1812 2958 ι
1853 2920 1948 2960 eos
1988 2905 2151 2958 homo
2185 2904 2239 2957 in
2273 2918 2384 2972 quo
2413 2909 2533 2957 erat.
2564 2900 2790 2970 spiritus
2817 2899 3012 2960 malus,
3043 2896 3234 2964 eisque
3265 2893 3366 2945 do-

1797 3019 1815 3050 ‹
1861 2999 2122 3059 minatus,
2153 2995 2384 3050 invaluit
2414 3001 2606 3048 contra
2631 3007 2747 3054 eos,
2783 2992 2853 3044 ita
2887 2999 2947 3044 ut
2985 2987 3118 3042 nudi
3151 2996 3207 3040 et
3246 2983 3364 3038 vul-

1796 3111 1811 3141 ι
1861 3091 2042 3144 nerati
2070 3087 2379 3156 eﬁ‘ugcrcnt
2421 3083 2488 3138 de
2517 3083 2682 3137 domo
2706 3083 2816 3136 illa.
2847 3080 2962 3134 Hoc
2992 3087 3176 3131 autem
3205 3074 3370 3128 iuno-

1795 3200 1812 3231 ι
1861 3179 1964 3234 tuit
2034 3176 2292 3232 omnibus
2367 3173 2572 3227 Judteis
2643 3169 2805 3224 simul
2873 3176 2931 3221 et
3003 3163 3204 3219 Graecis
3273 3159 3367 3228 qui

2527 3281 2540 3316 :
2609 3259 2920 3328 ceciditque
2969 3257 3133 3310 timor
3203 3269 3369 3321 super

1797 3380 1814 3410 ι
1857 3373 2050 3414 omnes
2100 3358 2245 3418 illos,
2291 3369 2356 3408 ac
2405 3349 2858 3421 magniﬁcabatur
2902 3360 3105 3400 nomen
3151 3340 3366 3396 Domini

1799 3474 1814 3499 ι
1857 3449 2006 3503 Jesu.
2052 3466 2070 3498 ι

1866 3559 1883 3591 ι
1926 3540 2129 3595 Judaeis
2169 3535 2479 3592 cxorcistis.
2526 3552 2542 3586 ι
2587 3530 2713 3586 llzec
2746 3527 2914 3583 dictio
2947 3523 3191 3581 ostendit
3220 3521 3368 3592 quod

1794 3648 1906 3686 non
1940 3642 2200 3699 tanquam
2227 3627 2516 3681 exorcistze
2547 3624 2600 3677 in
2631 3623 2818 3677 Iesum
2846 3618 3157 3680 credentes,
3189 3616 3370 3683 impu-

1789 3739 1880 3778 ros
1925 3723 2153 3791 spiritus
2203 3719 2532 3789 adjurabant
2581 3715 2632 3768 in
2682 3713 2901 3767 nomine
2949 3709 3207 3770 Domini,
3263 3705 3360 3760 sed

1791 3823 2062 3870 tentantes
2106 3830 2118 3865 :
2157 3822 2381 3880 propter
2421 3807 2568 3878 quod
2607 3805 2795 3865 etiam,
2830 3818 2954 3856 cum
3011 3800 3201 3854 ﬁdeles
3255 3814 3366 3851 non

1787 3915 1995 3964 essent.
2028 3905 2172 3958 sicut
2221 3903 2471 3970 impurus
2501 3898 2731 3967 spiritus
2760 3894 2914 3956 dicit,
2945 3908 3055 3946 suae
3093 3891 3371 3944 temerita-

1789 3999 1860 4052 tis
1891 3996 2041 4050 brevi
2070 4009 2259 4064 ptenas
2289 3992 2581 4046 dederunt.
2611 3985 2931 4042 Confutavit
2957 3983 3104 4037 enim
3135 3983 3279 4044 illos,
3307 3995 3369 4032 ac

1787 4089 2035 4144 fraudem
2081 4100 2271 4140 eorum
2322 4093 2564 4152 apertam
2609 4077 2835 4133 omnino
2879 4075 3010 4129 fecit
3063 4081 3370 4127 commotus

1785 4181 1866 4233 ira
1895 4177 2125 4248 spiritus
2158 4195 2170 4229 :
2203 4174 2371 4228 veluti
2409 4173 2452 4225 si
2487 4171 2613 4240 quis
2649 4169 2860 4239 positus
2901 4167 2954 4220 in
2987 4164 3252 4219 extremis
3279 4177 3372 4230 pe-

1785 4271 1976 4326 riculis
2015 4269 2084 4323 ab
2131 4269 2317 4336 aliquo
2362 4264 2586 4318 inimico
2623 4269 2910 4333 arguatur,
2943 4269 3273 4324 omnemque
3313 4253 3368 4306 in

1783 4365 1936 4419 illum
1966 4361 2250 4416 eﬁ‘undcre
2283 4358 2410 4412 velit
2435 4357 2697 4408 furorem.

1861 4473 1879 4505 ‹
1918 4453 2068 4513 XIX,
2123 4451 2310 4504 18-36.
2363 4448 2627 4516 Multique
2677 4445 3021 4499 credentium
3072 4440 3370 4495 veniebant

1791 4562 1806 4594 ι
1855 4542 2244 4598 conﬁrmantcs
2305 4549 2361 4594 et
2419 4537 2812 4592 annuntiantes
2863 4534 3002 4588 facta
3051 4548 3169 4586 sua.
3215 4529 3368 4583 Multi

1790 4656 1808 4687 ι
1851 4649 2070 4704 quoque
2117 4649 2183 4688 ex
2231 4632 2299 4686 iis
2334 4622 2437 4700 ‘qui
2477 4632 2725 4685 curiosas
2783 4638 2932 4682 artes
2983 4633 3366 4688 exercuerant,

1787 4745 1805 4776 ι
1848 4731 2219 4792 comportatos
2242 4721 2414 4774 libros
2439 4720 2598 4790 146
2626 4724 2954 4772 cxusscrunt
2983 4729 3165 4768 coram
3190 4711 3370 4765 omni-

1786 4835 1803 4865 ι
1849 4817 1950 4870 bus
1984 4822 2072 4868 :ct
2095 4813 2408 4882 supputatis
2435 4812 2653 4865 illorum
2685 4809 2896 4879 pretiis,
2925 4809 3255 4861 invenerunt
3285 4822 3370 4858 ar-

1788 4927 1805 4957 (
1846 4906 1991 4976 genti
2037 4903 2432 4974 quinquaginta
2475 4902 2668 4954 millia.
2715 4900 2792 4953 Ita
2832 4899 3051 4952 fortiter
3085 4897 3370 4952 crescebat

1787 5020 1802 5049 ι
1850 4998 2076 5051 verbum
2139 4995 2352 5050 Domini
2411 5008 2474 5046 ac
2531 4992 2979 5046 conﬁrmabatur.
3037 4988 3133 5042 llis
3183 4995 3366 5042 autem

1788 5111 1803 5138 ι
1841 5090 2074 5157 expletis
2097 5087 2379 5156 proposuit
2405 5086 2606 5140 Paulus
2635 5086 2687 5137 in
2717 5084 2912 5152 spiritu
2941 5080 3165 5135 transita
3193 5079 3371 5133 Macc-

1785 5200 1802 5229 α
1847 5180 2005 5233 donia
2053 5189 2109 5233 et
2156 5177 2357 5231 Achaia
2413 5176 2683 5246 proficisci
2732 5173 3088 5242 Jerosolyma,
3117 5171 3307 5223 dicens
3350 5186 3365 5224 :

1786 5291 1802 5322 ι
1853 5273 2142 5339 Postquam
2169 5271 2241 5324 ibi
2262 5270 2437 5331 fuero,
2468 5276 2683 5336 oportet
2712 5283 2798 5320 me
2823 5277 2879 5318 et
2905 5267 3128 5318 Romam
3157 5262 3364 5315 videre.

1787 5383 1802 5413 ι
1854 5363 2026 5416 Missis
2049 5371 2228 5414 autem
2265 5361 2478 5414 duobus
2507 5375 2571 5411 ev
2601 5359 2668 5411 iis
2697 5356 2790 5426 qui
2823 5357 2928 5410 sibi
2961 5353 3364 5415 ministrabant,

1785 5473 1803 5504 ι
1845 5453 2096 5508 videlicet
2115 5453 2401 5507 Timotheo
2421 5451 2700 5511 ctErasto,
2721 5449 2834 5518 ipse
2856 5449 3052 5502 mansit
3068 5447 3133 5501 ad
3155 5457 3373 5516 tempus

1786 5566 1804 5596 ι
1847 5545 1900 5599 in
1951 5546 2097 5599 Asia.
2130 5545 2294 5598 Ortus
2332 5551 2415 5597 est
2444 5551 2626 5596 autem
2674 5541 2766 5593 illo
2809 5550 3053 5609 tempore
3095 5539 3364 5594 tumultus

1787 5657 1802 5688 ι
1842 5653 1950 5690 non
1992 5635 2224 5704 exiguus
2261 5633 2328 5688 de
2372 5649 2488 5703 Ipsa
2530 5633 2635 5686 via.
2677 5632 2906 5698 Quidam
2949 5630 3094 5683 enim
3140 5631 3366 5683 neruine

1785 5750 1802 5780 ι
1848 5728 2159 5782 Demetrius
2186 5726 2337 5780 faber
2367 5724 2730 5794 argentarius,
2751 5721 2843 5791 qui
2877 5721 3113 5775 faciebat
3137 5719 3372 5773 delubra:

1788 5842 1804 5873 ι
1845 5831 2105 5888 argentea
2157 5820 2358 5884 Dianae,
2399 5815 2686 5888 pra-stabat
2730 5815 3033 5870 artiﬁcibus
3071 5829 3180 5868 non
3233 5829 3355 5883 par-
