4178 6464
777 409 877 472 251

1866 412 2260 474 CECUMENII
2289 411 2583 471 TRICCAE
2620 413 2961 477 EPISCOPI

3935 414 4045 475 252

781 541 797 569 σ
849 535 974 573 vum
1008 529 1272 588 questum
1302 522 1536 590 :quibus
1557 525 1872 577 convocatis
1900 534 1953 577 et
1981 525 2066 577 his
2089 537 2181 591 qut
2202 522 2356 576 suni-

2480 548 2484 577 ι
2527 531 2759 599 τέμιδος,
2815 531 3105 602 παρείχετο
3158 532 3266 589 τοῖ;
3312 529 3581 599 τεχνίταις
3626 531 3892 599 ἐργασίαν
3936 536 4043 587 οὔκ

781 631 796 659 ι
842 612 975 663 lium
1010 626 1192 664 rerum
1224 621 1377 664 erant
1401 611 1646 681 opiﬁces.
1674 614 1809 667 dixit
1833 634 1843 667 :
1868 615 2002 675 Viri,
2026 615 2181 669 scitis
2212 616 2359 684 quod

786 724 801 753 ι
844 720 907 757 ex
958 703 1061 755 hoc
1108 703 1329 770 opiﬁcio
1360 717 1603 771 qu:estus
1634 707 1792 759 nobis
1820 716 1902 760 est
1931 727 1942 761 :
1972 719 2023 761 et
2073 708 2271 763 videtis
2299 725 2363 764 ac

789 817 803 841 ι
846 796 1069 859 auditis,
1115 795 1261 863 quod
1296 814 1401 850 non
1446 800 1620 851 solum
1659 800 1882 866 Ephesi,
1921 800 2017 853 sed
2058 816 2157 871 per
2192 811 2361 855 totam

788 908 801 931 ι
854 903 992 952 pene
1047 887 1229 939 Asiam
1290 890 1490 941 Pauius
1548 890 1636 941 hic
1692 893 2001 959 persuasit,
2053 896 2363 963 avertitque

786 998 797 1021 ι
847 977 1074 1028 multum
1109 978 1348 1038 turbam,
1382 980 1575 1031 diectzs
1608 998 1618 1030 :
1658 980 1775 1033 Non
1808 992 1935 1034 sunt
1968 983 2041 1035 dii
2068 984 2160 1051 qui
2190 987 2365 1038 mani-

791 1089 803 1113 .
852 1067 951 1117 bus
990 1066 1145 1119 ﬁunt.
1182 1070 1297 1121 Non
1337 1070 1511 1122 solum
1557 1082 1737 1125 autem
1786 1071 1900 1126 haec
1943 1090 2069 1142 pars
2107 1077 2264 1131 nobis
2308 1078 2362 1131 in

787 1177 801 1202 ‹
851 1160 1156 1223 periculum
1208 1160 1357 1213 venit
1400 1178 1468 1214 ne
1509 1165 1849 1230 reprobetur,
1876 1182 2064 1220 verum
2097 1170 2260 1222 etiam
2298 1187 2364 1224 ne

788 1263 802 1287 ι
852 1260 1056 1311 magna!
1109 1246 1293 1300 Diana:
1352 1251 1612 1317 templum
1665 1251 1717 1304 in
1768 1254 1999 1307 niiiilum
2054 1269 2363 1327 reputctur,

790 1355 801 1379 ι
850 1336 1207 1405 futurumque
1236 1340 1305 1391 sit
1331 1348 1387 1391 ut
1414 1342 1577 1393 etiam
1610 1343 1929 1399 destruatur
1952 1349 2202 1416 majestas
2224 1351 2361 1417 ejus,

789 1449 802 1469 ο
848 1442 1011 1492 quam
1056 1440 1171 1482 tota
1203 1431 1323 1484 Asia
1353 1442 1406 1484 et
1436 1434 1586 1486 orbis
1620 1437 1769 1489 colit.
1805 1437 1900 1492 His
1932 1439 2136 1493 auditis
2170 1443 2364 1509 repleti

824 1527 977 1569 .sunt
1032 1520 1148 1581 ira,
1193 1529 1247 1573 et
1292 1524 1777 1589 exclamaverunt,
1823 1527 2072 1582 dicentes
2117 1547 2129 1581 :
2176 1530 2364 1600 Magna

856 1608 1022 1662 Diana
1060 1613 1422 1678 Ephesiorum
1458 1619 1468 1668 !
1520 1616 1855 1687 lmplctaque
1893 1630 1976 1675 est
2020 1631 2129 1677 tota
2174 1626 2368 1680 civitas

850 1700 1195 1766 confusione,
1236 1714 1289 1755 et
1337 1705 1604 1773 impetum
1650 1707 1900 1763 fecerunt
1934 1727 2045 1764 uno
2085 1715 2268 1767 animo
2310 1716 2366 1769 in

854 1790 1149 1855 theatrum,
1190 1805 1446 1864 correpto
1476 1798 1610 1851 Caio
1651 1807 1707 1853 et
1752 1802 2074 1855 Aristarcho
2113 1806 2363 1859 Maccdo-

852 1880 1013 1933 nihus
1069 1884 1365 1938 comitibus
1412 1888 1587 1941 Pauli.
1640 1889 1890 1960 Cumque
1946 1895 2111 1947 vellet
2166 1897 2367 1951 Paulus

860 1973 1061 2027 intrare
1104 1976 1170 2029 ad
1222 1980 1508 2047 populum,
1561 1997 1668 2035 non
1718 1985 1862 2052 passi
1914 1996 2042 2040 sunt
2084 1988 2362 2059 discipuli.

856 2064 1091 2130 Quidam
1143 2078 1326 2122 autem
1374 2088 1440 2125 ex
1490 2075 1632 2127 Asiae
1681 2077 2019 2144 primoribus
2067 2083 2158 2149 qui
2211 2092 2370 2137 erant

854 2157 1015 2209 amici
1068 2159 1206 2225 ejus,
1246 2162 1416 2214 misso
1468 2163 1534 2216 ad
1586 2182 1711 2219 eum
1754 2169 1968 2231 nuntio,
2003 2172 2266 2241 rogabant
2298 2190 2367 2229 ne

851 2263 906 2299 se
934 2247 1090 2301 daret
1118 2250 1169 2303 in
1200 2252 1496 2307 theatrum.
1522 2256 1625 2309 Alii
1654 2257 1837 2327 itaque
1862 2260 2009 2312 aliud
2037 2262 2364 2318 clamabant.

856 2340 986 2392 Erat
1029 2343 1178 2394 enim
1227 2345 1420 2397 concio
1462 2347 1712 2413 confusa,
1745 2358 1801 2403 et
1856 2351 2105 2421 plerique
2150 2355 2367 2409 nescie-

850 2432 978 2485 bant
1006 2450 1112 2502 qua
1148 2451 1212 2488 ex
1246 2452 1408 2491 causa
1438 2441 1851 2496 convenissent.
1883 2444 1959 2497 De
1994 2446 2155 2499 turba
2184 2456 2365 2502 autem

852 2531 1243 2591 protraxerunt
1298 2528 1671 2583 Alexandrum
1698 2574 1711 2595 ,
1762 2535 2199 2603 propellentibus
2239 2554 2365 2591 eum

854 2617 1077 2672 Jittlzeis.
1106 2619 1420 2674 Alexander
1456 2638 1589 2676 vero
1622 2626 1899 2692 postulato
1932 2642 2095 2681 manu
2124 2629 2366 2695 silentio,

792 2725 808 2755 ι
853 2706 1069 2760 volebat
1105 2709 1373 2763 rationem
1414 2710 1646 2766 reddere
1691 2714 1914 2781 populo.
1939 2716 2095 2787 147
2117 2717 2368 2789 Cumque

793 2816 807 2845 ‹
854 2800 1239 2866 cognovissent
1292 2818 1418 2855 eum
1472 2817 1594 2856 esse
1640 2802 1912 2868 Juda-um,
1960 2823 2064 2861 vox
2115 2818 2233 2864 orta
2283 2819 2370 2865 est

792 2909 809 2939 ι
856 2906 960 2943 una
1006 2892 1075 2944 ab
1108 2893 1366 2947 onmibus
1405 2893 1576 2948 ferme
1607 2895 1673 2948 ad
1704 2896 1867 2950 horas
1909 2898 2047 2953 duas
2076 2900 2366 2958 clamanti-

794 3004 810 3032 ι
852 2982 980 3046 bus,
1017 2984 1201 3054 Magna
1235 2985 1402 3039 Diana
1443 2986 1806 3056 Ephesiorum
1839 2990 1851 3041 !
1893 3007 1911 3040 ι

787 1533 803 1559 1

788 1627 803 1649 1

789 1718 803 1743 1

792 1808 806 1836 1

790 1899 805 1925 1

788 1991 804 2017 1

784 2085 804 2112 1

790 2176 805 2199 1

789 2266 807 2293 1

789 2361 803 2386 1

789 2453 803 2477 1

789 2544 805 2569 1

791 2637 806 2662 1

864 3265 882 3297 ι
916 3244 1255 3304 Conﬁtentes
1304 3260 1362 3304 et
1423 3258 1814 3314 annuntiantes
1876 3261 2038 3317 facta.
2075 3284 2092 3316 ι
2142 3268 2374 3338 Oportet

789 3352 1070 3407 quemque
1121 3340 1339 3396 ﬁdelem
1372 3344 1555 3400 dicere
1605 3360 1827 3417 peccata
1858 3368 1954 3407 sua
1985 3371 2049 3411 ae
2080 3357 2375 3420 demittere

791 3429 1037 3498 seipsntn
1065 3434 1445 3502 coarguendo,
1471 3438 1547 3491 sic
1580 3451 1638 3493 ut
1669 3458 1775 3495 non
1806 3448 2042 3515 amplius
2072 3451 2161 3504 illa
2190 3453 2373 3522 faciat,

794 3529 854 3572 ut
880 3521 1217 3601 justiﬁcetur
1256 3526 1410 3594 juxta
1456 3530 1508 3581 id
1555 3530 1701 3599 quod
1732 3534 1937 3589 dictum
1976 3550 2099 3595 est:
2134 3564 2151 3594 ι
2190 3547 2285 3601 Dic
2319 3556 2375 3601 tn

796 3598 1032 3674 primum
1066 3614 1388 3683 iniquitates
1421 3598 1650 3683 tuas,iut
1673 3625 2078 3692 justiﬁceris".
2121 3652 2139 3684 ι
2169 3635 2375 3691 Notan-

793 3701 922 3754 dum
974 3719 1106 3757 vero
1145 3709 1307 3761 etiam
1358 3712 1411 3764 in
1457 3717 1820 3781 sequentibus
1865 3722 2011 3788 quod
2061 3724 2138 3787 hi,
2183 3727 2275 3795 qui
2322 3728 2376 3782 in

793 3793 1070 3849 Christum
1130 3800 1513 3868 crediderunt,
1570 3806 1809 3876 magicos
1878 3812 2051 3867 libros
2110 3793 2216 3869 non
2270 3819 2381 3874 dis-

797 3896 1083 3941 traxerunt
1120 3907 1432 3962 quanquam
1480 3899 1707 3964 pretiosi
1755 3912 1978 3967 esscnt,
2027 3917 2084 3958 ut
2119 3910 2211 3976 qui
2258 3913 2382 3979 pul-

795 3986 1067 4042 cherrima
1112 4005 1343 4060 quaeque
1388 4009 1581 4048 eorum
1622 4013 1743 4065 qum
1796 3999 1847 4050 in
1894 4000 2003 4053 vita
2047 4005 2379 4071 gerebantur

795 4081 1172 4147 (fontinebant,
1206 4084 1301 4137 scd
1347 4097 1678 4140 exusserant
1713 4106 1726 4142 :
1758 4090 1885 4144 livet
1918 4093 2007 4145 alii
2060 4095 2375 4164 hujusmodi

798 4174 870 4227 ibi
918 4175 1196 4236 adessent,
1248 4177 1343 4245 qui
1394 4194 1489 4231 eos
1534 4179 1706 4233 libros
1752 4181 1855 4234 sibi
1908 4199 2102 4252 parare
2154 4187 2377 4242 vellent.

797 4270 1041 4322 l‘rimum
1074 4271 1295 4338 quidem
1340 4272 1555 4340 nequis
1584 4272 1808 4326 letifcrm
1843 4279 2233 4345 corruptionis,
2261 4298 2382 4351 quae

798 4361 866 4412 ab
904 4361 1012 4413 illis
1058 4362 1393 4430 procedebat
1438 4365 1714 4433 particeps
1765 4367 1943 4421 ﬁeret.
1997 4369 2203 4424 Deinde
2250 4388 2382 4425 vero

799 4473 866 4509 ne
905 4458 1185 4525 quidpiam
1238 4474 1302 4511 ex
1352 4458 1665 4524 lmjusmodi
1696 4462 1950 4516 criminis
1982 4465 2160 4532 pretio
2192 4469 2382 4537 acqui—

2472 645 2488 675 ι
2525 626 2712 693 ὀλίγην
2735 642 2748 655 ο
2772 626 2864 687 οὓς
2890 624 3268 693 συναἽροίσας,
3299 626 3389 675 καὶ
3411 625 3537 686 τοὺς
3567 625 3694 694 περὶ
3718 626 3785 677 τὰ
3810 626 4042 678 τοιαῦτα

2474 737 2489 765 ι
2534 717 2786 786 ἐργάτας,
2826 713 2977 768 εἶπεν
3004 733 3016 746 ·
3063 718 3309 786 Ἄνδρες,
3349 716 3663 779 ἐπίστασθε,
3693 718 3774 768 ὅτι
3808 718 3871 769 ἐκ
3898 719 4039 770 ταύ-

2473 827 2489 858 ι
2530 826 2625 875 της
2649 809 2745 876 τῆς
2767 808 3024 877 ἐργασίας
3059 810 3090 878 ἡ
3120 808 3351 875 εὐπορία
3376 806 3533 876 ἡμῶν
3560 808 3708 859 ἔστι·
3756 808 3850 861 καὶ
3900 809 4041 860 θεω-

2473 917 2491 947 ι
2533 901 2674 967 ρεῖτε
2727 898 2818 951 καὶ
2872 898 3119 961 ἀκούετε,
3172 899 3252 951 ὅτι
3296 899 3354 949 οὗ
3411 898 3607 965 μόνον’
3637 898 3869 962 Ε’ςέσου,
3902 898 4041 951 ἀλλὰ

2473 1008 2490 1038 ι
2533 990 2716 1056 σχεδον
2744 990 2922 1058 πάσης
2952 990 3045 1057 τῆς
3106 990 3341 1050 Ἀσίαςὸ
3383 990 3589 1052 Παῦλος
3646 984 3799 1052 οὗτος
3844 992 4046 1054 πεζαῖς

2474 1103 2492 1133 ι
2531 1083 2859 1151 μετέστησεν
2890 1082 3073 1135 ἱκανὸν
3120 1082 3295 1151 ὄχλον,
3371 1081 3545 1148 λέγων
3572 1122 3586 1146 ,
3646 1085 3727 1137 ὅτι
3772 1085 3883 1136 Οὐκ
3933 1088 4047 1137 είσὶ

2474 1195 2489 1224 ι
2530 1176 2638 1225 θεοὶ
2690 1176 2739 1226 οἱ
2781 1173 2866 1226 διὰ
2922 1173 3123 1243 χειρῶν
3167 1175 3465 1243 γινόμενοι.
3492 1175 3566 1226 Οὐ
3619 1175 3778 1243 μόνον
3797 1175 3852 1226 δὲ
3880 1175 4051 1228 τοῦτο

2473 1287 2491 1316 ι
2532 1265 2829 1319 κινδυνεύει
2861 1270 2991 1335 ἡμῖν
3035 1268 3095 1319 τὸ
3149 1266 3311 1336 μέρος
3360 1268 3439 1329 είς
3484 1267 3795 1336 ἀπελεγμὸν
3845 1268 4047 1331 ἐλθεῖν,

2474 1377 2491 1407 ι
2525 1358 2656 1409 ἀλλὰ
2694 1358 2790 1410 καὶ
2824 1359 2883 1409 τὸ
2915 1359 3011 1427 τῆς
3046 1357 3289 1427 μεγάλης
3340 1357 3469 1419 θεᾶς
3525 1357 3845 1427 Ἀρτέμιδος
3898 1359 4053 1426 ἱερὸν

2475 1471 2491 1501 ι
2532 1454 2608 1513 εἱς
2634 1450 2785 1503 οὐδὲν
2805 1450 3145 1519 λογισθῆναι,
3184 1449 3401 1519 μέλλειν
3435 1466 3494 1502 τε
3524 1452 3615 1503 καὶ
3665 1451 4054 1518 καθαιρεῖσθαι

2472 1563 2488 1592 ι
2532 1542 2628 1611 τὴν
2659 1542 3059 1611 μεγαλειότητα
3081 1542 3273 1609 αὐτῆς,
3295 1540 3362 1612 ἢν
3390 1541 3487 1609 ὅλη
3512 1542 3544 1609 ἠ
3573 1540 3728 1593 Ἀσία
3750 1544 3843 1594 καὶ
3961 1544 4055 1596 οξ-

2475 1650 2491 1681 ι
2532 1631 2769 1701 κουμένη
2802 1631 3039 1684 σέϐεται.
3090 1630 3451 1693 Ἀκούσαντες
3501 1631 3558 1683 δὲ
3609 1630 3704 1682 καὶ
3761 1632 4054 1700 γενόμενοι

2477 1744 2491 1773 ι
2532 1725 2755 1792 πλήρεις
2781 1722 2952 1791 θυμοῦ
2986 1722 3215 1788 ἔκραζον
3250 1720 3535 1787 λέγοντες’
3583 1722 3810 1789 Μεγάλη
3850 1723 3882 1790 ἡ
3914 1724 4059 1791 Ἀρ-

2476 1834 2494 1863 ι
2532 1832 2687 1884 τεμις
2720 1814 3029 1881 Ἐφεσίωνι
3066 1813 3177 1865 Καὶ
3239 1812 3483 1881 ἐπλήσθη
3533 1814 3568 1883 ἡ
3603 1813 3758 1876 πόλις
3794 1814 3892 1884 ὅλη
3949 1816 4059 1881 τῆς

2479 1928 2495 1956 ι
2550 1906 2887 1977 συγχύσεως,
2919 1905 3191 1976 ὥρμησάν
3211 1922 3269 1957 τε
3300 1905 3639 1974 ὁμοθυμαδὸν
3669 1907 3748 1969 εἰς
3801 1906 3862 1958 τδ
3920 1906 4060 1961 θέα-

2479 2022 2495 2050 ι
2532 2017 2657 2069 τρον
2730 2000 3177 2068 συναρπάσαντες
3263 1998 3422 2050 Γάῖον
3508 1999 3601 2049 καὶ
3690 2000 4064 2067 Ἀρίσταρχον

2478 2112 2494 2144 ι
2535 2092 2849 2153 Μακεδόνας
2878 2090 3247 2158 συνεκδήμους
3274 2088 3366 2141 τοῦ
3389 2088 3619 2143 Παύλου.
3641 2088 3747 2141 Τοῦ
3761 2089 3813 2141 δὲ
3835 2091 4064 2142 Παύλου

2478 2207 2495 2237 ι
2535 2185 2860 2254 βουλομένου
2895 2182 3156 2236 εἰσελθεῖν
3174 2182 3253 2244 είς
3270 2182 3362 2234 τὸν
3386 2182 3579 2249 δῆμον,
3610 2182 3710 2233 οὐκ
3742 2184 3868 2235 εἴων
3889 2184 4065 2235 αὐτὴν

2477 2298 2493 2327 ι
2533 2280 2580 2329 οἱ
2614 2275 2869 2346 μαθηταί.
2934 2274 3090 2337 Τινὲς
3127 2273 3182 2325 δὲ
3220 2274 3311 2325 καὶ
3362 2273 3470 2324 τῶν
3510 2272 3841 2343 Ἀσιαρχῶν,
3898 2274 4067 2337 ὄντες

2477 2390 2493 2419 ι
2531 2368 2678 2436 αὐτῷ
2707 2369 2868 2434 ιξίλοι,
2905 2366 3226 2435 πέμψαντες
3266 2364 3401 2434 πρὸς
3434 2365 3621 2430 αὐτὸν,
3680 2366 4069 2433 παρεκάλουν,

2478 2481 2495 2513 ι
2547 2461 2621 2531 μὴ
2655 2460 2835 2514 δοῦναι
2869 2458 3061 2511 ἑαυτὸν
3093 2459 3171 2520 εἰς
3197 2459 3256 2509 τδ
3290 2457 3537 2526 θέατρον.
3598 2457 3778 2510 Ἀλλοι
3830 2458 3933 2525 μὲν
3964 2456 4071 2511 οὖν

2478 2577 2495 2604 ι
2538 2554 2664 2607 ἄλλο
2691 2571 2743 2605 τι
2770 2551 3021 2623 ἔκραζον.
3048 2545 3157 2602 Ἦν
3206 2548 3313 2618 γὰρ
3360 2550 3392 2617 ἡ
3446 2549 3715 2617 ἐκκλησία
3782 2566 4069 2619 συγκεχυ-

2477 2665 2493 2693 ι
2535 2646 2690 2715 μένη.
2729 2644 2838 2697 Καὶ
2874 2644 2924 2695 οἱ
2977 2642 3197 2703 πλείους
3241 2641 3338 2693 οὐκ
3377 2640 3621 2710 ᾔδεισαν,
3670 2640 3815 2693 τίνος
3866 2640 4071 2693 ἕνεκεν

2478 2757 2494 2786 ι
2538 2735 2982 2806 συνεληλύθεσαν.
3043 2734 3139 2785 Ἐκ
3195 2732 3250 2784 δὲ
3310 2732 3403 2784 τοῦ
3455 2732 3616 2800 ὄχλοι)
3684 2732 4072 2801 προεϐίϐασαν

2477 2848 2493 2878 ι
2533 2826 2902 2896 Ἀλέξανδρον,
2927 2824 3306 2895 προϐαλόντων
3333 2822 3495 2875 αὑτὸν
3527 2823 3635 2874 τῶν
3661 2822 3962 2875 Ἰουδαίων,
4006 2823 4074 2876 Ὀ

2478 2944 2494 2973 ι
2538 2923 2592 2974 δὲ
2611 2920 2959 2988 Ἀλέξανδρος
2982 2916 3312 2977 κατασείσας
3359 2914 3456 2983 τὴν
3484 2918 3663 2985 χεῖρα,
3700 2914 3890 2984 ἢθελεν
3923 2917 4075 2967 ἀετο-

2479 3030 2496 3061 ι
2540 3007 2816 3077 λογεῖσθαι
2848 3006 2924 3076 τῷ
2948 3007 3129 3075 δήμῳ.
3177 3004 3542 3069 Ἑπιγνὸντων
3610 3003 3665 3056 δὲ
3690 3005 3770 3055 ὅτι
3799 3004 4071 3060 Ἰουδαῖός

2479 3121 2495 3152 ι
2535 3105 2667 3164 ἐστι,
2702 3101 2852 3168 φωνὴ
2890 3097 3102 3164 ἐγένετο
3135 3095 3231 3162 μία
3284 3096 3346 3145 ἐκ
3396 3096 3633 3155 πάντων,
3666 3094 3737 3156 ὡς
3793 3094 3883 3146 ἐπὶ
3909 3095 4075 3160 ὧρας

2469 3216 2487 3247 ι
2526 3194 2618 3247 δύο
2645 3190 2976 3259 κραζόντων·
3008 3186 3234 3253 Μεγάλη
3260 3186 3292 3253 ἡ
3320 3186 3581 3251 Ἄρτεμις
3620 3185 3883 3250 Ἐφεσίων
3915 3187 3926 3236 !
3962 3207 3982 3236 ι

2558 3304 2577 3337 ι
2616 3278 3133 3349 Ἐξομολογούμενοι
3170 3276 3261 3326 καὶ
3294 3274 3719 3340 ἀναγγέλλοντες
3756 3275 3855 3337 τᾶς
3916 3277 4077 3344 τερα-

2479 3378 2609 3443 ξεις.
2656 3393 2672 3425 ι
2710 3374 2800 3424 Δεῖ
2824 3371 3003 3421 πάντα
3044 3366 3232 3418 πιστὸν
3282 3365 3462 3431 λέγειν
3494 3366 3587 3428 τὰς
3623 3364 3817 3417 ἑαυτοῦ
3874 3367 4075 3437 ἁμαρ-

2478 3470 2618 3530 τίας,
2653 3466 2745 3519 καὶ
2774 3460 3171 3517 ἁποτάττεσθαι
3206 3458 3295 3510 διὰ
3325 3458 3415 3510 τοῦ
3449 3457 3637 3509 ἑαυτὸν
3668 3457 3938 3525 ἐλέγχειν,
3970 3462 4075 3512 τοῦ

2483 3557 2683 3627 μηκέτι
2717 3554 2888 3604 ποιεῖν
2920 3549 2986 3601 τὰ
3016 3547 3175 3610 αὐτὰ,
3204 3547 3287 3597 ἵνα
3330 3545 3591 3613 δικαιωοῇ
3622 3545 3761 3596 κατὰ
3794 3546 3854 3596 τὸ
3901 3548 4073 3613 εἶργε-

2485 3649 2674 3719 μένον·
2723 3664 2740 3695 ι
2788 3643 2928 3708 Λέγε
2965 3641 3028 3692 σὺ
3092 3638 3304 3706 πρῶτος
3337 3635 3434 3697 τὰς
3484 3636 3779 3705 ἁμαρτίας,
3834 3636 3920 3687 ἵνα
3970 3639 4075 3689 δι-

2481 3740 2773 3806 καιωθῇς.)
2809 3730 3152 3805 Σημειωτέον
3181 3730 3234 3781 δὲ
3268 3731 3361 3780 καὶ
3394 3730 3449 3779 ὲν
3472 3731 3585 3789 τοῖς
3618 3728 3813 3796 ἐφεξῆς
3834 3729 3915 3780 δτι
3937 3734 4077 3782 καί-

2480 3851 2561 3885 τοι
2598 3830 2929 3897 πολυτίμους
2963 3823 3127 3885 οὔσας
3162 3823 3258 3883 τὰς
3297 3820 3558 3889 γοητικὰς
3591 3821 3771 3872 αὐτῶν
3813 3820 4073 3888 βίϐλους,

2480 3923 2553 3984 ὡς
2582 3920 2689 3972 τῶν
2722 3920 2779 3969 ὲν
2816 3917 2916 3985 βίῳ
2941 3912 3177 3983 ἐχουσῶν
3206 3910 3273 3962 τὰ
3318 3910 3601 3973 κάλλιστα,
3636 3910 3685 3960 οἱ
3712 3910 3789 3969 εἰς
3818 3910 4077 3979 Χριστὲν

2483 4009 2888 4068 πιστεύσαντες,
2958 4004 3058 4056 ούκ
3105 4001 3412 4069 ὲπὼλησαν,
3466 3999 3581 4050 ἀλλ’
3648 3998 3913 4059 ἔκαυσαν,
3944 4003 4079 4052 καί-

2482 4119 2628 4168 τοιγε
2690 4099 2867 4151 ἄλλων
2918 4097 3095 4149 ἐκεῖσε
3138 4092 3395 4143 τοιούτων
3454 4089 3626 4142 ὄντων
3658 4088 3765 4140 τῶν
3797 4089 4080 4144 θελόντων

2483 4193 2578 4255 τὰς
2604 4191 2815 4259 βίϐλους
2843 4184 3170 4256 κτήσασθαι,
3208 4182 3424 4250 πρῶτον
3488 4182 3586 4249 μὲν
3637 4181 3722 4232 ἵνα
3747 4181 3820 4247 μή
3840 4198 3926 4242 τις
3970 4199 4081 4249 με-

2482 4284 2656 4354 τάςγῃ
2678 4283 2772 4349 τῆς
2796 4280 2888 4331 ἀπ’
2915 4277 3093 4330 αὐτῶν
3140 4272 3481 4343 ψυχοερθόρου
3515 4271 3714 4341 λύμης,
3760 4272 3954 4324 ἔπειτα
4012 4272 4079 4326 δὲ

2486 4377 2570 4428 ἵνα
2610 4374 2683 4443 μὴ
2715 4371 2821 4423 ἀπὺ
2855 4366 3107 4435 τοιαύτης
3136 4366 3315 4424 αἰτίας
3374 4361 3686 4431 κτήσωνταί
3714 4378 3785 4415 τι.
3847 4363 4079 4432 Ὠσπερ

2486 4471 2592 4537 γὰρ
2630 4469 2688 4520 τὸ
2715 4467 2820 4519 ἀπὸ
2850 4464 3100 4533 πορνείας
3144 4462 3331 4531 κέρδος
3351 4460 3732 4529 ἀπηγόρευται
3756 4461 4081 4527 προσάγειν

800 4559 1002 4604 rercnt.
1029 4551 1501 4616 Quemadmodum
1538 4552 1684 4604 enim
1728 4553 2083 4608 interdictum
2132 4569 2272 4621 erat,
2307 4575 2373 4613 ne

2480 4563 2619 4630 Θεῷ,
2642 4560 2814 4622 οὕτως
2858 4558 2976 4610 οὐδὲ
3008 4556 3066 4609 τὸ
3090 4555 3188 4623 τῆς
3224 4553 3404 4612 αἰτίας
3443 4552 3646 4620 ταύτης
3672 4551 3941 4620 ἀργύριον
3978 4571 4080 4605 τε-

800 4641 1012 4697 lucrum
1051 4657 1081 4695 a
1123 4643 1488 4696 fornicatione
1524 4653 1739 4711 partum
1786 4645 1895 4697 Deo
1925 4645 2221 4701 offerretur
2254 4669 2265 4702 :
2305 4652 2378 4706 ita

802 4748 979 4802 neque
1011 4733 1326 4802 bujusmodi
1373 4734 1595 4787 sceleris
1633 4745 1918 4803 argentum
1950 4737 2077 4805 poni
2112 4738 2177 4791 ad
2211 4740 2380 4808 pedes

803 4826 1173 4895 apostolorum
1209 4827 1418 4896 justum
1461 4825 1802 4895 judicabant,
1854 4836 1949 4881 aut
1994 4828 2153 4884 facile
2205 4833 2382 4887 susci-

802 4916 1083 4990 piendum.

873 5008 1015 5071 XIX,
1044 5010 1233 5063 55-40.
1281 5032 1296 5059 ι
1341 5011 1405 5064 Et
1455 5026 1579 5064 cum
1627 5012 1872 5066 sedasset
1916 5016 2095 5069 scriba
2136 5018 2377 5084 turbam,

811 5122 827 5145 ιτ
877 5102 1013 5154 dixit
1056 5118 1071 5154 :
1113 5102 1225 5154 Viri
1272 5103 1518 5170 Ephesii,
1566 5105 1689 5172 quis
1736 5107 1881 5158 enim
1932 5118 2016 5161 cst
2063 5109 2377 5176 hominum,

810 5213 829 5238 σ
879 5194 968 5259 qui
1008 5194 1213 5245 nes¢iat
1248 5193 1607 5262 Ephesiorum
1645 5196 1922 5251 civitatem
1964 5199 2219 5254 :edituam
2261 5218 2381 5256 esse

813 5304 831 5330 ‹
879 5297 1081 5351 magme
1107 5283 1289 5338 Dianre
1316 5285 1430 5337 dea:
1473 5296 1525 5338 et
1558 5304 1585 5338 a
1617 5287 1750 5340 Jove
1785 5288 2054 5357 delapsae?
2091 5290 2226 5344 Cum
2276 5294 2379 5359 igi-

816 5396 828 5421 ι
882 5384 968 5427 tur
1012 5375 1095 5427 his
1142 5392 1305 5429 nemo
1347 5377 1707 5441 contradicat,
1761 5388 1977 5449 Oportet
2026 5396 2122 5434 vos
2165 5382 2383 5436 sedatos

815 5490 830 5514 ι
880 5484 1033 5523 (sse.
1077 5468 1321 5536 nihilque
1374 5470 1779 5539 praecipitanter
1832 5487 2013 5542 agere.
2064 5472 2385 5528 Adduxistis

814 5586 832 5607 ο
883 5565 1028 5615 enim
1062 5563 1312 5617 homines
1346 5564 1480 5617 istos
1511 5580 1689 5633 neque
1721 5565 2016 5635 sacrilegos
2045 5582 2223 5634 neque
2252 5583 2383 5621 eon-

818 5676 836 5703 4'
890 5656 1211 5711 tmneliosos
1240 5656 1292 5709 in
1323 5657 1481 5710 deam
1514 5665 1773 5711 vestram.
1833 5657 2040 5723 Quodsi
2074 5657 2383 5711 Demetrius

894 5837 933 5858 ”
964 5837 1063 5889 isa.
1100 5850 1252 5896 xt.m,
1281 5836 1335 5886 9.

2483 4653 2639 4721 θῆναι
2672 4651 2819 4719 παρὰ
2852 4650 2976 4710 τοὺς
3006 4646 3112 4699 τῶν
3143 4642 3457 4698 ἀποστόλων
3487 4642 3653 4705 πόδας
3681 4642 3886 4695 δίκαιον
3911 4642 4080 4713 ἔκρι-

2483 4761 2579 4796 ναν
2622 4743 2653 4813 ἦ
2706 4740 2929 4794 εὖαπόδε
2939 4756 3082 4791 κτον.

2560 5028 2577 5059 ι
2617 5004 2992 5064 Καταστείλας
3015 5000 3071 5053 δὲ
3103 5003 3129 5053 ὁ
3165 4996 3530 5068 γραμματεὺς
3589 4996 3681 5047 τὸν
3709 4996 3891 5065 δχΑον,
3959 5016 4079 5065 φη-

2490 5121 2507 5153 ι
2547 5101 2664 5152 σίνν
2702 5070 2924 5162 Ἀνορες
2958 5092 3220 5159 Ἐφέσιοι,
3263 5088 3345 5150 τίς
3405 5088 3513 5155 γάρ
3567 5088 3712 5139 ἔστιν
3776 5087 4080 5156 avem-.75;

2491 5213 2509 5245 ι
2547 5193 2605 5255 ὃς
2637 5190 2697 5244 οὗ
2720 5187 2977 5256 γινώσκει
3017 5184 3113 5252 τὴν
3146 5182 3413 5250 Ἐφεσίων
3448 5180 3603 5233 πόλιν
3644 5178 3921 5249 νεωκόρον
3973 5177 4079 5234 οὗ-

2494 5307 2510 5337 ι
2558 5301 2655 5338 σαν
2677 5283 2775 5350 τῆς
2814 5279 3055 5349 μεγάλης
3086 5278 3214 5338 θεᾶς
3232 5273 3549 5345 Ἀρτέμιδος
3592 5273 3809 5325 καὶτοῦ
3870 5276 4080 5325 Διοττε-

2495 5400 2511 5430 ι
2545 5378 2702 5443 τοῦς;
2735 5372 3167 5441 Ἀναντιρῥήτων
3198 5363 3291 5421 οὖν
3325 5367 3493 5418 ὅντων
3520 5364 3745 5425 τούτων,
3781 5364 4078 5417 δέονὲστὶν

2500 5492 2517 5520 ι
2555 5471 2695 5538 ὑμᾶς
2731 5461 3200 5531 κατεσταλμένους
3224 5459 3509 5530 ὑπάρχειν,
3537 5458 3631 5509 καὶ
3655 5456 3821 5527 μηδὲν
3845 5473 4036 5525 προπε
4055 5490 4071 5499 -

2499 5585 2517 5616 ι
2556 5563 2642 5625 τες
2670 5558 2951 5629 πράσσειν.
2990 5552 3253 5621 ’Πγάγετε
3292 5552 3400 5618 γὰρ
3438 5548 3562 5610 τοὺς
3587 5546 3785 5617 ἄνδρας
3816 5546 4077 5613 τούτους,

2500 5679 2515 5708 ι
2551 5654 2667 5709 οὔτε
2734 5649 3063 5721 ἱεροσύλους,
3113 5643 3233 5697 οὔτε
3287 5640 3743 5713 βλασφημοῦντας
3804 5638 3908 5708 τὴν
3937 5639 4078 5693 θεὰν
