4178 6464
151 397 238 465 2ἷᾶ
1115 398 1499 461 COMMENT.
1531 397 1613 459 IN
1649 395 1830 458 ACTA
1879 389 2444 454 APOSTOLORUM.

3246 377 3352 448 9.51

157 502 358 570 ιῠμῶν.
414 504 478 557 Ei
526 504 625 573 μὲν
669 503 760 557 οὖν
812 504 1117 574 Δημήτριος
1168 509 1262 562 καὶ
1293 509 1345 561 oi
1393 508 1489 562 σὺν
1539 505 1686 571 αὒτῷ
1717 506 1807 560 At

1717 506 1759 560 Α
1793 524 1810 554 ι
1853 503 2053 568 quique
2097 515 2219 554 cum
2269 512 2339 550 eo
2387 503 2515 551 sunt
2563 494 2802 550 artifices
2843 493 3047 549 habent
3089 493 3353 549 adversus

153 617 166 646 ι
194 600 419 666 τεχνῖται
443 596 580 664 πρός
606 610 726 648 τινα
745 595 901 658 λόγον
920 595 1179 665 ’ἑχουσιν,
1227 600 1474 666 ἀγοραῖοι
1527 598 1684 660 ἀγον-

151 711 171 740 ο
195 706 295 750 ται,
318 689 417 740 καὶ
450 686 752 740 ἀνθύπατοί
776 688 943 740 εἰσινο
975 688 1381 754 ἐγκαλείτωσαν
1415 689 1685 756 ἀλλήλοις.

150 803 165 830 ι
197 781 250 832 Εἰ
279 779 333 829 δέ
359 796 414 830 τι
438 779 567 846 περὶ
595 779 798 847 ἑτέρων
830 779 1188 843 ἑπιζητείται,
1243 781 1300 830 ὲν
1355 782 1420 849 τῇ
1475 781 1686 849 ἐννόμῳ

151 872 438 939 «ἐκκλησίᾳ
491 872 893 938 ἐπιλυθήσεται.
955 873 1059 923 Καὶ
1127 873 1233 939 γὰρ
1297 870 1684 938 κινδυνεύομεν

150 984 162 1009 ι
195 963 529 1024 ἐγκαλεῖσθαι
560 962 798 1023 στάσεως
829 963 956 1030 περὶ
992 963 1086 1028 τῆς
1150 965 1405 1030 σήμερον,
1461 961 1685 1030 μηδενὸς

150 1073 164 1101 ι
194 1052 353 1103 αίτὶου
416 1051 773 1118 ὑπάρχοντος,
831 1051 957 1119 περὶ
1012 1045 1072 1102 οὗ
1118 1049 1458 1117 δυνησόμεθα
1500 1047 1684 1101 δοῦναι

149 1143 334 1206 ελόγον
393 1145 492 1211 τῆς
555 1142 863 1209 συστροφῆς
899 1141 1121 1211 ταύτης.
1156 1142 1262 1194 Καὶ
1304 1139 1477 1192 ταῦτα
1516 1139 1685 1192 εἰπὼν

145 1254 160 1282 ι
189 1234 414 1288 ἀπέλυσε
443 1235 544 1302 τὴν
572 1234 888 1300 ἐκκλησίαν.
923 1251 941 1283 ι

201 1325 442 1375 Δείκνυσι
495 1324 694 1389 πολλὴν
743 1319 881 1378 εἶναι
950 1325 1046 1395 τὴν
1100 1327 1518 1390 δεισιδαιμονίαν
1576 1324 1683 1379 τῶν

139 1417 378 1481 Ἐσεσῖων
405 1417 433 1466 ὀ
461 1417 842 1482 γραμματεὺς,
869 1417 928 1468 ἐκ
955 1434 1014 1468 τε
1045 1417 1136 1468 τοῦ
1163 1422 1386 1484 κοσμεῖν
1415 1419 1503 1471 τὸν
1558 1421 1683 1472 ναὸν

139 1505 584 1576 τῆςἋρτέμιδος,
611 1509 704 1560 καὶ
740 1509 798 1559 τὸ
826 1508 1043 1560 εἴδωλον
1096 1511 1266 1574 αὐτῆς
1315 1511 1500 1580 τιμᾷν,
1547 1512 1680 1581 ὅπερ

138 1598 218 1649 καὶ
236 1598 492 1659 Διοπετὲς
522 1597 729 1666 ἔλεγον,
745 1599 819 1662 ὡς
846 1601 908 1651 ὲκ
929 1598 1023 1652 τοῦ
1051 1600 1172 1662 Διὸς
1195 1603 1504 1661 πεπτωκός.
1527 1603 1680 1654 Ἤτοι

138 1687 228 1753 γὰρ
256 1684 313 1737 τὸ
333 1685 607 1755 ὄστρακον
637 1689 821 1753 ἔλεγον
859 1689 1039 1740 έκεῖνο
1082 1689 1283 1752 πάντες
1310 1691 1563 1753 Διοπετὲς
1616 1690 1678 1743 τὸ

138 1778 186 1841 ἑξ
208 1777 433 1847 οὖρανοῦ
462 1779 613 1848 παρά
647 1778 742 1831 τοῦ
772 1779 894 1841 Διὸς
925 1779 1196 1847 πεμφθὲν,
1232 1781 1351 1850 ἦτοι
1394 1781 1680 1834 καταπτάν

1799 615 1815 644 ι
1859 599 2090 662 aliquem
2138 605 2379 650 causam,
2420 587 2663 641 forenses
2700 587 2917 657 judices
2966 585 3348 648 admittuntur,

1798 703 1816 735 ι
1859 695 1914 738 et
1948 682 2299 752 proconsules
2338 687 2467 734 sunt
2497 694 2512 732 :
2543 686 2802 731 accusent
2842 677 3094 730 invicem.
3131 676 3186 729 Si
3223 677 3351 742 quid

1797 795 1814 826 ι
1858 785 2038 827 autem
2079 773 2148 826 de
2196 771 2360 824 rebus
2392 769 2513 822 aliis
2554 767 2818 838 qumritis,
2851 767 3090 836 legitima
3124 777 3353 820 conten-

1796 884 1814 915 ι
1855 866 2002 918 tione
2035 862 2344 914 dirimctur.
2375 860 2506 913 Nam
2538 856 2841 926 periculum
2867 866 2950 909 est
2978 871 3050 909 ne-
3070 855 3355 909 seditionis

1795 972 1812 1003 ι
1854 954 2128 1006 hodierna:
2178 951 2252 1004 rei
2305 949 2516 1011 fiamus,
2573 964 2695 1003 eum
2747 947 2896 1001 nulla
2941 934 3121 999 subsit
3167 961 3351 1009 causa,

1794 1062 1812 1095 ι
1854 1045 1994 1098 unde
2043 1043 2347 1112 poterimus
2399 1041 2629 1094 reddere
2697 1040 2965 1092 rationem
3017 1037 3180 1106 hujus
3220 1052 3353 1091 cou-

1794 1155 1812 1186 ι
1851 1151 2068 1190 cursus.
2101 1135 2164 1189 Et
2195 1134 2284 1188 his
2307 1133 2469 1187 dictis
2496 1131 2817 1187 concionem
2844 1129 3072 1183 dimisit.
3121 1147 3138 1180 ι

1855 1315 2109 1373 Ostendit
2159 1314 2633 1383 bistoriographus
2681 1326 2929 1382 magnam
2991 1309 3354 1378 Ephesiorum

1785 1408 1957 1463 fuisse
1985 1405 2456 1476 superstitionem,
2489 1417 2602 1459 tum
2645 1405 2701 1458 in
2730 1403 2976 1458 ornando
3008 1404 3190 1456 Dianae
3219 1413 3357 1454 tem-

1781 1499 1895 1568 plo,
1949 1507 2061 1552 tum
2113 1497 2166 1550 in
2213 1495 2536 1550 honorando
2591 1497 2711 1566 ejus
2761 1494 3076 1554 simulacro,
3124 1493 3266 1561 quod
3325 1508 3355 1544 e

1782 1588 1922 1642 cmlo
1969 1602 2190 1655 quoque
2232 1586 2515 1656 delapsum
2560 1587 2819 1640 dicebant
2860 1603 2873 1638 :
2912 1585 3152 1646 διοπετὲς
3201 1583 3360 1653 148

1780 1677 1924 1731 enim
1952 1677 2154 1731 dicitur
2202 1678 2368 1730 veluti
2420 1680 2556 1746 quod
2597 1696 2626 1730 η
2652 1677 2776 1730 Jove
2809 1677 3039 1729 decidit:
3065 1675 3178 1728 sive
3211 1675 3356 1726 enim

1780 1768 2044 1838 ὄστρακον
2069 1768 2224 1832 illud,
2253 1768 2303 1822 id
2338 1777 2422 1822 est
2446 1779 2659 1830 testam,
2685 1777 2942 1822 vocarent
2963 1783 3151 1820 omnes
3179 1766 3360 1818 διοπε-

138 1868 214 1920 καὶ
237 1841 524 1934 γενόμενον
544 1841 643 1919 ἀπ’
677 1868 907 1935 οὐρανοῦ
948 1841 1193 1938 ἄγαλμα,
1231 1841 1348 1939 ἦτοι
1389 1870 1450 1923 τὸ
1478 1870 1682 1924 Παλλά·
1717 1841 1788 1894 B‘

1719 1841 1756 1894 Β
1783 1858 1873 1917 τὲς
1895 1856 2040 1925 quod
2068 1872 2098 1912 e
2130 1858 2270 1912 caelo
2299 1858 2523 1911 missum
2558 1867 2705 1911 esset
2729 1873 2757 1910 a
2783 1857 2937 1918 Jove,
2960 1856 3073 1910 sive
3101 1862 3369 1914 statuam,

135 1957 249 2018 διον,
277 1956 755 2026 καθὼςοὲμύθευον
786 1960 833 2012 oi
863 1957 1124 2028 Ἕλληνες
1160 1959 1296 2031 πρὸς
1339 1961 1680 2029 κατάπληξιν

135 2047 223 2100 τῶν
249 2048 674 2118 ἀκεραιοτέρων,
703 2053 838 2119 ὅπερ
881 2049 1086 2104 ἄνωθεν
1138 2051 1203 2102 ὲκ
1257 2049 1352 2103 τοῦ
1397 2052 1518 2112 Διὸς
1565 2053 1680 2103 δια-

135 2137 426 2207 πλασθῆναι
446 2137 634 2209 ᾤοντο,
670 2141 764 2192 καὶ
812 2139 914 2194 οὐκ
947 2138 1008 2204 ἐξ
1034 2140 1352 2210 ἀνθρώπων.
1395 2142 1464 2194 Ἢ
1488 2143 1680 2195 Διοπε-

134 2227 261 2292 τοῦς,
297 2229 392 2284 τοῦ
426 2229 552 2284 ναοῦ
580 2229 674 2282 τοῦ
695 2230 835 2292 Διὸς,
868 2231 988 2300 ἤτοι
1029 2230 1120 2284 τοῦ
1178 2232 1673 2302 στρογγυλοειδοῦς.

135 2321 191 2372 'H
217 2321 305 2372 καὶ
338 2321 486 2390 ἱερὸν
507 2322 694 2390 ἕτερον
753 2320 925 2383 οὕτως
993 2321 1239 2373 ἐκαλεῖτο
1292 2320 1422 2388 παρ’
1473 2321 1674 2384 αὐτοῖς.

133 2411 392 2480 Νεωκόρον
427 2412 503 2470 δὲ.
534 2413 654 2465 ἀντὶ
683 2411 777 2464 τοῦ
807 2411 1103 2482 ἰερόδουλὸν
1138 2428 1288 2481 φησι.
1323 2412 1558 2482 Κόρημα
1571 2412 1678 2480 γάρ

134 2502 303 2554 ἑστιτὸ
332 2503 591 2571 σάρωμα,
632 2503 727 2569 ἀφ’
747 2497 808 2554 οὗ
861 2504 953 2556 καὶ
980 2505 1269 2571 νεωκόρος,
1331 2504 1360 2556 ὁ
1416 2503 1501 2556 τὸν
1553 2503 1677 2556 ναὸν

134 2593 411 2657 κορῶνκαὶ
465 2595 672 2661 σαρῶν.
729 2611 749 2642 ι
799 2592 1072 2660 Ἀγοραῐοι
1119 2595 1363 2660 ἄγονται,
1412 2611 1430 2644 ι
1471 2592 1563 2646 καὶ
1612 2593 1678 2644 τὰ

135 2682 258 2750 ἑξῆς.
293 2679 448 2745 Εἶδος
501 2677 572 2753 ἦν
614 2683 886 2736 δικαστῶν
919 2685 977 2736 ἐν
1033 2686 1098 2753 τῇ
1141 2684 1299 2754 ’Δσίᾳ
1327 2682 1558 2735 εὐτελῶν
1627 2685 1676 2735 οἱ

132 2771 397 2840 ’Δγοραῖοι,
450 2774 648 2834 οἵτινες
705 2773 950 2834 ἐδίκαζον
996 2777 1105 2836 τοῖς
1150 2775 1346 2840 πένησι
1396 2773 1490 2827 καὶ
1548 2775 1677 2841 ἀγοο

136 2862 282 2926 ραὲοις
335 2863 690 2930 ἀνθρὼποις’
736 2864 804 2917 δι’
856 2864 886 2915 ὃ
935 2865 1026 2916 καὶ
1065 2865 1313 2932 ἀγοραῖοι
1362 2863 1672 2916 ἐκαλοῦντο.

135 2948 319 3020 Ὥσπερ
375 2954 520 3003 είσὶν
577 2953 784 3004 ἔκδικοι
831 2956 971 3005 κατὰ
1033 2955 1215 3015 πόλεις
1283 2955 1433 3016 τινας
1466 2971 1479 2983 ο
1517 2956 1566 3006 οἱ
1619 2954 1676 3004 δὲ

132 3042 399 3094 ἀνθύπατοι
475 3044 578 3109 τῆς
619 3043 726 3096 τῶν
782 3044 1046 3097 πλουσίων
1091 3045 1264 3114 ἣτῶν
1317 3045 1676 3115 ἐγκλημάτων

1781 1961 1903 2015 qua:
1931 1947 2263 2011 devolasset,
2293 1957 2346 2001 et
2380 1965 2407 2000 a
2438 1949 2576 2001 cmlo
2612 1947 2839 2001 formata
2871 1957 3017 2001 esset
3047 1966 3058 2000 :
3089 1947 3205 2000 sive
3238 1943 3375 1998 Pal-

1780 2040 1985 2094 ladium
2041 2039 2201 2102 illud,
2243 2041 2711 2109 quemadmodum
2741 2039 2910 2095 Graeci
2954 2037 3362 2102 fabulabantur,

1779 2131 1846 2186 ad
1875 2140 2157 2200 stuporem
2208 2132 2294 2184 his
2333 2135 2428 2200 qui
2477 2132 2848 2200 simpliciores
2880 2140 3034 2184 erant
3069 2130 3361 2184 immitten-

1779 2222 1909 2276 dum
1948 2238 1962 2274 :
2005 2222 2150 2291 quod
2200 2236 2434 2290 superne
2469 2238 2496 2276 a
2533 2222 2665 2276 Jove
2717 2222 3005 2276 formatum
3042 2237 3163 2275 esse
3209 2231 3364 2289 puta-

1779 2314 1930 2378 bant,
1971 2325 2028 2369 et
2074 2330 2181 2368 non
2237 2314 2304 2367 ab
2345 2314 2665 2368 hominibus
2718 2315 2818 2368 :in
2865 2316 3009 2368 idem
3059 2313 3219 2367 redit.
3255 2314 3364 2366 Aut

1777 2403 2074 2467 διοπετοῦς,
2111 2405 2145 2458 i.
2179 2419 2207 2458 a
2252 2404 2385 2458 Jove
2435 2405 2668 2473 delapsi,
2699 2421 2896 2472 nempe
2932 2404 3116 2472 templi
3156 2388 3308 2458 Jovts
3345 2418 3360 2456 :

1778 2495 1892 2549 sive
1941 2495 2152 2564 templi,
2186 2495 2332 2564 quod
2380 2495 2671 2548 rotundam
2707 2494 2941 2548 habebat
2974 2494 3227 2553 formam,
3261 2500 3358 2546 aut

1776 2585 1940 2639 etiam
1976 2584 2125 2638 aliud
2159 2585 2437 2653 quoddam
2475 2586 2738 2654 templum
2775 2585 2920 2654 apud
2957 2601 3054 2639 eos
3089 2585 3161 2637 ita
3199 2597 3364 2636 voca-

1778 2675 1957 2730 batur.
1993 2676 2130 2730 Dieit
2156 2686 2338 2729 autem
2385 2677 2676 2745 νεωκόρον.
2711 2675 2749 2729 i.
2778 2677 3042 2731 aedituum
3073 2677 3188 2730 sive
3223 2685 3363 2728 tem-

1777 2769 1926 2836 plum
1956 2777 2281 2836 purgantem
2319 2775 2375 2821 et
2410 2777 2721 2822 ornantem.
2751 2768 2883 2822 Nam
2918 2767 3136 2836 κόρημα
3167 2780 3366 2836 purga-

1779 2859 1856 2911 tio
1889 2857 2110 2920 dicitur,
2156 2858 2300 2912 unde
2340 2859 2629 2928 νεωκόρος,
2667 2860 2761 2928 qui
2803 2860 3066 2928 templum
3109 2865 3270 2911 ornat
3299 2870 3365 2909 ac

1778 2949 1974 3011 verrit,
2003 2964 2202 3018 nempe
2252 2948 2510 3002 mdituus.
2551 2969 2569 2999 ι
2616 2950 2886 3003 Forcnses
2920 2952 3133 3019 judiees
3167 2948 3366 3002 admit-

1780 3049 1992 3103 tuntur,
2036 3059 2054 3091 ι
2104 3049 2210 3095 etc.
2272 3041 2540 3109 ’Λγοραῖοι
2596 3045 2914 3110 ᾳοηυεςρῐιιι
2957 3042 3244 3094 humilium
3306 3039 3363 3093 in

132 3131 263 3201 δίκης
287 3133 594 3202 ὑπήκουον.
628 3135 895 3200 Λέγονται
928 3137 983 3186 δὲ
1019 3138 1268 3204 ἀγοραῖοι
1298 3137 1392 3188 καὶ
1444 3137 1491 3188 οἱ
1543 3135 1679 3186 δικο⁸
1710 3159 1751 3216 C

1713 3159 1751 3216 ο
1785 3130 1912 3184 Asia
1939 3129 2213 3200 judicum,
2243 3131 2336 3200 qui
2377 3133 2708 3199 pauperibus
2737 3149 2798 3186 ac
2837 3132 3146 3186 forensibus
3183 3130 3363 3185 homi-

133 3221 271 3288 λέγοι,
295 3226 447 3295 παρά
476 3225 540 3278 τὺ
602 3226 915 3294 ἀγορεύειν
949 3227 1254 3296 λεχθέντες,
1281 3228 1310 3280 ὅ
1339 3228 1454 3279 ἐστι
1503 3227 1565 3296 δη
1579 3244 1679 3296 μη-

133 3317 306 3380 γορεῖν.

1788 3221 1952 3274 nibus
1980 3221 2300 3290 judicabant
2358 3239 2370 3273 :
2417 3231 2643 3290 propter
2682 3223 2828 3291 quod
2887 3223 3052 3277 etiam
3115 3223 3362 3291 ἀγοραῖοι

1784 3309 2126 3362 vocabantur
2161 3328 2172 3362 :
2204 3310 2664 3377 quemadmodum
2721 3321 2851 3364 sunt
2897 3311 3120 3374 ἔκδικοι,
3167 3311 3204 3365 i.
3260 3310 3362 3364 de-

134 3403 352 3459 fensores
392 3414 495 3459 aut
543 3405 755 3460 ultores
797 3404 1016 3474 quidam
1063 3407 1118 3460 in
1151 3408 1430 3462 nonnullis
1454 3403 1771 3460 civitatibus
1805 3415 1818 3452 :
1852 3400 2146 3453 ἀνθύπατοι
2182 3417 2336 3465 vero,
2367 3401 2419 3454 id
2467 3412 2549 3456 est
2591 3403 2945 3471 proconsules
3001 3412 3160 3457 erant
3221 3404 3360 3458 divi-

135 3503 230 3550 tum
263 3498 502 3567 judices,
537 3509 631 3553 aut
655 3500 750 3568 qui
782 3499 1074 3553 criminum
1105 3518 1324 3556 causam
1367 3501 1680 3556 audiebant.
1725 3494 1993 3548 Dicuntur
2017 3505 2200 3550 autem
2237 3506 2291 3550 ct
2318 3497 2563 3566 ἀγοραῖοι
2593 3506 2836 3552 oratores
2868 3498 2968 3567 ipsi
3035 3507 3129 3552 aut
3201 3499 3370 3552 advo-

133 3591 218 3646 cati
239 3589 384 3659 παρά
414 3590 479 3643 τὸ
503 3592 841 3659 ἀγορεύειν,
875 3593 982 3648 hoc
1011 3601 1094 3647 est
1128 3609 1158 3647 a
1188 3592 1569 3648 concionando
1607 3591 1687 3643 sic
1723 3586 1879 3641 dicti.

688 3708 938 3762 ΚΕΦΑΛ.
976 3709 1108 3763 KB'.

133 3797 412 3869 Περίσὲἲος⁸
437 3797 707 3856 Παύλου.
870 3794 910 3869 ᾗ
969 3801 1039 3851 τὰ
1104 3801 1232 3864 περὶ
1294 3800 1550 3854 θανάτοιν
1581 3801 1676 3853 καὶ

190 3866 581 3937 ᾀνακλήσεως
606 3866 885 3934 Εὐτύχου
897 3866 1006 3919 διὰ
1031 3869 1375 3937 προσευχῆς
1399 3872 1467 3922 ἐν
1489 3873 1674 3932 Ίςοωά-

185 3935 254 3987 δι.
286 3937 653 4000 Rapuit-sale
682 3952 745 3986 τε
765 3937 947 3989 αὐτοῦ
978 3935 1332 4005 πονμτιντᾴὴ
1367 3939 1512 4005 πρὸς
1533 3941 1676 4003 τοὺς

186 4005 250 4057 ἐν
280 4006 520 4071 Ἐρέσῳ
576 4007 1048 4074 πρεοξῖυτέρους·
1078 4001 1087 4004 ⁷
1112 4008 1180 4057 ἐν
1233 4001 1281 4072 ᾧ
1320 4001 1675 4074 παράπλοιὴ

187 4077 418 4126 Παύλου
447 4074 568 4125 ὑπὸ
591 4073 844 4140 Ἐφέσου
867 4077 1004 4141 ἄχρι
1034 4073 1531 4145 Καισαρείιιςτῆς
1559 4082 1676 4131 Πα-

187 4146 520 4206 λαιστὶνης.

194 4252 209 4283 ι
236 4235 382 4285 Μετά
415 4234 474 4285 δὲ
499 4232 564 4283 τὸ
594 4233 904 4286 παύσασθαι
929 4233 1018 4287 τὸν
1051 4235 1276 4306 θόρυϐον
1304 4238 1678 4306 προσκαλεσά-

138 4340 153 4372 ι
181 4341 320 4391 μενος
343 4326 372 4376 ὁ
401 4323 618 4384 Παῦλος
647 4325 775 4386 τοὺς
824 4326 1090 4395 μαθητὰς.
1144 4329 1235 4380 καὶ
1268 4329 1675 4395 ἀσπασάμενος,

137 4434 150 4462 ι
183 4415 353 4480 ἐξῆλθε
386 4412 724 4484 πορευθῆναι
775 4418 855 4479 είς
882 4418 982 4486 τὴν
1038 4419 1393 4473 Μακεδονίαν.
1440 4420 1673 4472 Διελθὼν

137 4524 150 4554 ι
179 4507 226 4558 δὲ
249 4507 310 4558 τα
332 4509 479 4576 μέρη
517 4509 723 4569 ἐκεῖνα,
752 4507 844 4559 καὶ
871 4509 1254 4576 παρακαλέσας
1306 4511 1496 4573 αὐτοὺς
1530 4511 1673 4579 λόγῳ

135 4617 149 4644 ι
180 4599 359 4667 πολλῷ,
385 4595 560 4669 ἦλθεν
590 4599 668 4660 εἰς
693 4598 791 4666 τὴν
831 4599 1077 4654 Ἐλλάδα.
1114 4601 1352 4670 Ποιήσας
1397 4617 1456 4653 τε
1503 4602 1675 4670 μῆνας

136 4705 151 4734 ι
178 4693 326 4756 τρεῖς.
391 4690 701 4756 γενομένης
752 4689 899 4758 αὗτῷ
939 4691 1230 4760 ἐπιϐουλῆς
1282 4691 1384 4743 ὑπὸ
1408 4693 1515 4743 τῶν
1546 4693 1676 4746 Ἰου-

134 4795 148 4823 σ
181 4779 328 4832 δαίων
359 4780 618 4847 μέλλοντι
648 4779 944 4845 ἀνάγεσθαι
966 4782 1043 4844 είς
1078 4783 1178 4850 τὴν
1213 4781 1432 4852 Συρίαν,
1463 4783 1675 4848 ἐγένετο

135 4883 151 4913 ι
184 4867 360 4936 γνώμη
393 4870 491 4922 τοῦ
523 4870 887 4938 ὑποστρέφειν
930 4872 1018 4924 διὰ
1075 4873 1430 4936 Μακεδονίας.
1493 4873 1675 4926 Συνεξ-

134 4972 148 5000 ι
179 4973 292 5009 πετο
325 4959 385 5011 δὲ
416 4959 575 5021 αὖτῷ
612 4961 737 5026 ἄχρι
768 4961 862 5026 τῆς
906 4961 1090 5024 Ἀσίας
1143 4963 1492 5034 Σωσίπατρος
1544 4963 1676 5035 Βερο

134 5059 149 5090 ι
184 5045 387 5110 ροιαῖος,
451 5047 898 5101 Θεσσαλονικέων
924 5051 978 5102 δὲ
1020 5050 1377 5119 Ἀρίσταρχος
1433 5053 1524 5104 καὶ
1578 5053 1673 5103 Σε-

134 5149 148 5182 ι
180 5133 404 5196 κοῦνξος,
439 5139 544 5188 καὶ
574 5137 730 5190 Γάῖο;
762 5141 1016 5207 Δερϐαῖος
1040 5141 1133 5192 καὶ
1167 5140 1450 5207 Τιμόθεος.
1491 5141 1674 5194 Ἀσια-

135 5240 146 5269 ι
179 5226 319 5276 me:
359 5227 604 5294 Τυχικδς
655 5226 1068 5296 καὶτρόςιμος.
1125 5223 1281 5280 Οὗτοι
1321 5228 1671 5295 προελθόντες

133 5329 146 5359 ι
176 5313 346 5378 ἔμενον
384 5318 545 5384 ἡμᾶς
571 5318 628 5367 ἐν
662 5317 871 5385 Τρωάδι
900 5330 918 5348 θ
966 5321 1122 5386 ἡμεῖς
1162 5319 1216 5371 δὲ
1268 5318 1671 5388 ἐξεπλεύσαμεν

136 5419 147 5446 ι
180 5409 298 5468 μετὰ
324 5408 419 5465 τὰς
453 5406 674 5474 ἡμέρας
701 5408 806 5458 τῶν
837 5407 1088 5474 Ἀζύμων
1112 5409 1220 5461 ἀπὸ
1252 5409 1555 5467 Φιλίππων.
1579 5411 1675 5462 καὶ

135 5508 148 5534 ι
178 5492 390 5562 ἡλθομεν
423 5496 564 5564 πρὶς
602 5495 800 5557 αὐτοὺς
851 5498 927 5559 εἰς
968 5498 1065 5565 τὴν
1101 5498 1328 5566 Τρωάδα
1359 5497 1671 5568 ἄχριςὴμε-

135 5600 148 5628 ι
178 5585 268 5650 ρῶν
288 5587 443 5638 πέντε
463 5602 484 5621 ο
515 5578 577 5637 οὗ
609 5586 962 5656 διετρίψαμεν
991 5589 1203 5658 ἡμέρας
1222 5590 1379 5642 ἑπτα.
1405 5589 1495 5642 Ἔν
1525 5591 1580 5642 δὲ
1605 5593 1668 5659 τῇ

138 5690 149 5720 ι
180 5675 263 5744 μιᾷ
283 5676 388 5728 τῶν
428 5676 758 5738 Σαϐὁάτων,
787 5679 1138 5747 συνηγμένων
1166 5679 1274 5731 τῶν
1299 5679 1556 5748 μαθητῶν
1577 5681 1668 5734 τοῦ

142 5780 154 5810 ι
190 5763 365 5819 κλᾶται
387 5767 578 5835 ἄρτον,
615 5767 644 5818 ὁ
667 5765 884 5831 Παῦλος
914 5768 1180 5838 διελέγετο
1231 5772 1438 5835 αὐτοῖς,
1472 5771 1679 5840 μέλλων

2329 3695 2557 3751 CAPUT
2604 3697 2802 3751 XXIX.

1786 3785 2051 3840 Circuitus
2083 3787 2259 3847 Pauli,
2290 3788 2344 3839 iu
2368 3804 2477 3860 quo
2495 3794 2653 3841 etiam
2680 3797 2939 3841 narratur
2971 3805 3109 3860 mors
3143 3788 3364 3860 Eutychi

1856 3865 1902 3907 et
1954 3873 1984 3908 α
2039 3867 2203 3907 morte
2251 3858 2510 3910 revocatio
2555 3873 2646 3925 per
2687 3860 2976 3910 orationem
3022 3858 3198 3912 Pauli.
3250 3858 3361 3913 Ad-

1853 3927 2081 3977 Iiortatio
2113 3927 2274 3992 ipsius
2317 3926 2521 3992 quidem
2551 3927 2727 3977 deceat
2767 3929 2952 3979 habere
2984 3939 3268 3993 pastorem,
3293 3928 3364 3981 ad

1853 3995 2179 4062 presbyteros
2239 3995 2327 4063 qui
2379 4005 2529 4065 erant
2577 3995 2763 4064 Ephesi
2799 4013 2815 4048 :
2849 3998 2902 4048 in
2945 4013 3046 4065 quo
3093 4005 3166 4050 est
3206 3997 3364 4050 Pauli

1853 4065 2314 4134 prmtt’rtmt't'gtttt'o
2373 4064 2437 4117 ab
2487 4064 2691 4132 Epheso
2735 4081 2899 4134 usque
2958 4064 3260 4119 Ca'saream
3314 4074 3364 4119 et

1847 4133 2223 4186 Palwstiuam.

1851 4223 1970 4287 XX,
2013 4224 2162 4278 ι-ισ.
2210 4241 2228 4275 ι
2273 4223 2566 4293 Postquam
2597 4233 2778 4280 autem
2807 4226 3042 4280 cessavit
3069 4227 3360 4288 tumultus,

1789 4335 1806 4366 ι
1850 4314 2059 4369 vocatis
2093 4313 2160 4367 ad
2197 4330 2255 4368 se
2286 4315 2486 4368 Paulus
2521 4316 2825 4384 discipulis,
2855 4328 2910 4370 et
2947 4317 3262 4386 Complexus
3295 4318 3362 4370 il-

1787 4427 1806 4460 ι
1844 4409 1926 4462 los
1973 4407 2251 4476 profectus
2306 4414 2413 4468 est,
2453 4415 2510 4458 ut
2545 4408 2648 4458 iret
2685 4406 2737 4458 in
2771 4406 3164 4459 Macedoniam.
3195 4404 3362 4460 Cum-

1781 4518 1799 4550 ι
1841 4513 1946 4567 que
1980 4497 2417 4566 perambulasset
2459 4506 2640 4565 partes
2673 4498 2788 4551 illas
2827 4505 2882 4548 et
2914 4497 3084 4549 multo
3111 4511 3362 4551 sermone

1780 4607 1799 4640 ι
1843 4589 2167 4642 exhortatus
2190 4603 2285 4640 eos
2321 4587 2535 4648 fuisset,
2577 4587 2725 4639 venit
2763 4587 2816 4639 in
2853 4587 3145 4646 Gneciam,
3177 4589 3360 4655 ibique

1778 4699 1798 4732 ι
1838 4679 2072 4748 peractis
2103 4678 2384 4730 mensibus
2414 4677 2588 4730 tribus
2611 4693 2735 4730 cum
2763 4686 2947 4730 essent
2973 4679 3255 4730 instructa:
3281 4663 3358 4729 illi

1779 4790 1796 4822 ι
1841 4770 2049 4823 insidiae
2077 4785 2105 4822 a
2124 4768 2324 4823 Judzeis
2342 4769 2589 4822 soluturo
2611 4770 2661 4820 in
2688 4767 2920 4837 Syriam,
2943 4767 3101 4837 14.9
3124 4767 3361 4821 habebat.

1780 4882 1798 4913 ι
1843 4862 1897 4915 in
1946 4860 2150 4924 animo,
2183 4867 2244 4914 ut
2284 4869 2656 4914 reverteretur
2691 4875 2784 4928 per
2827 4858 3219 4911 Macedoniam.
3257 4861 3361 4912 (Zo-

1791 4971 1808 5002 ι
1853 4953 2079 5004 mitatus
2102 4959 2186 5004 est
2210 4959 2391 5004 autem
2421 4966 2544 5003 eum
2576 4966 2745 5019 usque
2771 4951 2835 5004 ad
2865 4953 3045 5004 Asiam
3075 4950 3361 5018 Sosipater

1790 5061 1810 5094 ι
1855 5042 2236 5097 Berrhmcnsis
2271 5059 2283 5094 ι
2316 5041 2895 5095 Thessalonicensium
2941 5057 3072 5095 vero
3122 5041 3378 5093 Aristar»

1790 5153 1809 5185 ι
1848 5135 1985 5188 chus
2017 5142 2074 5188 et
2109 5134 2418 5196 Secundus,
2476 5144 2529 5187 et
2567 5133 2733 5187 Caius
2781 5134 3039 5188 Dcrhzeus
3077 5148 3139 5186 ac
3177 5132 3364 5186 Timo-

1791 5245 1808 5276 ι
1849 5227 2008 5279 theus
2053 5243 2065 5278 :
2111 5225 2294 5278 Asiani
2337 5234 2519 5278 autem
2567 5226 2846 5296 Tychicus
2891 5241 2952 5279 ac
3003 5225 3356 5293 Trophimus.

1790 5335 1808 5368 ι
1855 5315 1917 5370 Hi
1950 5331 2074 5369 cum
2101 5316 2510 5384 przecessissent
2552 5325 2941 5386 cxspcctarunt
2972 5332 3071 5370 nos
3100 5314 3312 5368 Troade
3341 5330 3355 5366 :

1790 5427 1806 5459 ι
1847 5422 1946 5460 nos
1977 5416 2158 5460 autem
2190 5407 2636 5477 abuavigavimus
2661 5416 2782 5476 post
2813 5407 2931 5461 dics
2964 5407 3290 5476 Azymorum
3325 5420 3370 5464 ιι,

1785 5519 1802 5552 ι
1840 5499 2125 5569 Philippis,
2151 5501 2514 5569 venimusque
2540 5500 2605 5555 ad
2641 5517 2738 5554 eos
2766 5500 3034 5554 Troadem
3071 5498 3211 5551 intra
3241 5497 3370 5550 dies

1783 5609 1803 5642 ι
1847 5591 2108 5661 quinque,
2169 5592 2260 5646 ubi
2304 5592 2572 5646 demorati
2631 5608 2823 5646 sumus
2872 5591 3067 5644 diebus
3113 5600 3354 5658 septem;

1789 5700 1807 5730 σ
1858 5683 1977 5738 Uno
2046 5692 2227 5739 autem
2301 5683 2388 5738 die
2449 5684 2846 5740 sabbatorum.
2903 5695 3028 5733 cum
3079 5677 3361 5731 venissent

1800 5791 1817 5821 ι
1863 5771 2122 5842 discipuli
2172 5771 2236 5825 ad
2277 5771 2633 5841 frangendum
2684 5785 2896 5838 panem.
2939 5767 3136 5822 Paulus
3188 5761 3359 5817 disse-
