4178 6464
117 422 196 481 ρδῖ
1071 421 1440 481 COMMEN'I‘
1500 422 1573 480 IN
1625 422 1805 479 ACTA
1838 424 2413 486 AI’OSTOIDBUM.
3227 434 3336 498 253

119 532 326 601 κλησίας,
352 532 444 582 καῖ
478 533 576 585 οὐκ
611 532 793 601 εἴρηκε
825 531 945 593 τοὺς
977 532 1329 594 ἐπισκόπους.
1368 529 1501 585 Εἶτα
1532 533 1648 584 ἐπι·
1683 537 1716 586 Α
1752 530 1769 583 l

1687 537 1716 586 ,ξ
1752 530 1959 585 Deinde
2023 538 2301 606 subiungit
2337 557 2347 590 :
2393 557 2410 588 ι
2454 538 2510 592 In
2547 553 2655 607 quo
2705 554 2799 593 vos
2846 540 3089 609 Spiritus
3118 557 3337 601 sanctus

119 626 241 691 φέρει
259 639 270 650 ³
292 640 308 672 ι
344 622 434 674 Ἐν
456 616 499 688 ᾧ
516 624 658 692 ὑμᾶς
687 623 746 674 τδ
770 621 991 692 Πνεῦμα
1013 623 1072 674 τὸ
1096 624 1251 689 ἆγιον
1270 622 1420 675 ἔθετο
1440 624 1659 676 ἐπισκό-
1766 640 1769 693 ι

1766 625 1951 693 posuit
1984 629 2277 698 episcopos
2303 628 2367 681 ad
2396 630 2691 698 regendum
2722 630 3031 691 Ecclesiam
3070 634 3187 688 Dei.
3218 655 3234 685 3
3261 636 3338 690 Ex

119 731 241 776 τους,
274 714 585 780 ποιμαίνειν
616 713 728 783 τὴν,
742 713 1093 782 Ἐκκλησίαν.
1124 732 1141 762 3
1165 714 1296 767 Ἀπὸ
1322 714 1378 767 δὲ
1405 716 1501 780 τῆς
1524 716 1661 785 πρὸς
1766 718 1769 770 ξ

1766 717 2010 786 Epistola
2040 735 2172 773 vero
2207 721 2274 773 ad
2306 720 2491 773 Titum
2529 735 2542 771 :
2588 741 2603 771 ι
2642 722 2708 775 Et
2742 723 3049 778 constitues
3094 741 3193 794 per
3220 727 3339 780 sin-

118 804 246 855 Τίτον
287 804 633 869 Ἐπιστολῆς,
668 824 686 856 ι
722 806 1101 873 Καταστήσεις
1141 806 1283 859 κατὰ
1341 806 1499 858 πόλιν
1534 824 1665 877 πρε·
1764 828 1768 871 ε

1662 836 1665 845 ι
1764 806 1920 875 gulas
1955 808 2207 862 civitates
2248 810 2599 881 presbyteros
2650 812 2790 864 sicut
2841 828 2942 882 ego
2973 815 3068 868 tibi
3119 817 3312 871 ordina

121 894 403 964 σόυτέρους,
435 897 510 959 ὡς
541 896 652 963 ἐγώ
688 913 770 949 σοι
801 896 1154 967 διεταξάμην.
1198 918 1215 949 3
1282 898 1415 950 Ἀπὸ
1472 899 1527 951 δὲ
1566 900 1664 969 τῆς
1768 913 1771 948 l

1768 913 1881 950 ram
1926 899 1989 954 ¹⁹.
2034 919 2051 950 3
2092 899 2166 952 Ex
2193 900 2436 968 Epistola
2473 902 2539 955 ad
2570 903 2983 973 Philippenses:
3029 926 3045 955 ι
3080 907 3184 972 Qui
3214 918 3340 964 sunt

119 986 225 1052 πρὸς
243 986 675 1055 Φιλιππησίους·
713 1008 729 1039 ι
774 989 901 1051 Τοῖς
948 988 1098 1063 οὖσιν
1130 992 1187 1042 ὲν
1239 991 1529 1056 Φιλίπποις
1568 992 1663 1045 σὺν
1768 992 1769 1040 ἶ

1768 988 2037 1058 Philippis
2094 1007 2199 1043 una
2232 1007 2355 1045 cum
2389 994 2662 1063 episcopis
2688 1012 2749 1049 ac
2779 996 3023 1050 diaconis
3051 999 3113 1052 ¹⁰.
3157 1018 3175 1050 3
3211 980 3338 1070 Opi;

118 1078 400 1139 ἐπισκόποις
432 1081 525 1130 καὶ
552 1079 840 1142 διακόνοις.
883 1099 900 1131 3
961 1076 1128 1149 Οἶμαι
1156 1082 1210 1133 δὲ
1241 1082 1323 1135 ὅτι
1354 1083 1447 1137 καὶ
1473 1084 1537 1137 ὲκ
1568 1085 1665 1153 τῆς

1768 1096 1869 1134 ιιοι·
1891 1089 2074 1135 autem
2109 1082 2254 1151 quod
2291 1099 2356 1135 ex
2396 1084 2576 1154 priore
2609 1103 2828 1155 quoque
2877 1089 2943 1142 ad
2989 1090 3334 1147 Timotheum

120 1169 354 1239 προτέρας
383 1171 521 1239 ⁴ινρὸς
546 1172 811 1241 Τιμόθεον
832 1174 1289 1242 ἀναλογισάμενον
1320 1174 1475 1227 τοῦτο
1500 1177 1661 1227 ὲκλα-
1767 1193 1770 1223 ς

1767 1187 1795 1225 a
1822 1174 2136 1242 conjectura
2170 1176 2406 1244 idipsum
2446 1176 2673 1244 intelligi
2700 1188 2896 1246 potest.
2936 1200 2953 1230 ι
2990 1181 3043 1235 Si
3070 1184 3215 1251 quis,
3252 1184 3340 1237 in-

118 1259 207 1309 δεῖν
234 1261 361 1313 ἐστι.
406 1280 425 1312 ι
462 1263 529 1314 Εἴ
559 1281 642 1325 τις
672 1264 795 1334 γὰρ,
836 1264 1022 1331 φησὶν,
1058 1266 1363 1333 ἐπισκοπῆς
1388 1267 1681 1337 ὀρέγεται,-
1766 1291 1768 1306 ι

1766 1264 1917 1329 quit,
1942 1264 2318 1333 episcopatum
2346 1268 2575 1335 appetit,
2609 1256 2899 1322 honestum
2948 1285 3088 1340 opus
3117 1273 3339 1327 deside-

121 1352 255 1403 καλοῦ
278 1354 439 1422 ἔργου
474 1354 749 1425 ἐπιθυμεῖ.
783 1357 871 1407 Δεῖ
899 1350 991 1407 οὗν
1022 1356 1111 1407 τὸν
1134 1357 1430 1409 ἐπίσκοπον
1470 1359 1662 1411 ἀνεπί-
1768 1370 1771 1377 “

1768 1365 1869 1407 rat.
1918 1354 2149 1424 Oportet
2198 1357 2364 1425 igitur
2415 1359 2735 1427 episcopum
2793 1361 3338 1430 irreprehensibilem

120 1444 288 1511 iqztav
310 1441 471 1497 εἶναι.
499 1464 516 1496 3
540 1446 650 1497 Καὶ
683 1446 800 1515 μετ’
820 1448 975 1513 όλίγα
1001 1464 1014 1476 ο
1045 1467 1063 1499 ι
1097 1448 1252 1518 Χήρα
1282 1450 1665 1516 καταλεγέσθω
1767 1471 1770 1490 ε

1767 1448 1973 1500 esse“.
2009 1466 2025 1496 3
2063 1446 2215 1516 151
2238 1448 2304 1500 Et
2338 1456 2460 1516 post
2488 1464 2692 1516 pauca:
2739 1471 2755 1502 ι
2778 1452 2953 1506 Vidua
2979 1454 3212 1523 eligatur
3230 1472 3340 1508 non

123 1535 419 1604 μὴέλὰττων
451 1538 587 1589 ὲτῶν
610 1539 895 1607 ἑξήκοντα.
943 1558 960 1590 3
992 1539 1187 1592 Κανὼν
1217 1542 1323 1611 γάρ
1355 1542 1500 1594 ἐστιν
1539 1543 1665 1595 Ἐκ-·
1769 1555 1773 1590 1

1769 1538 1947 1591 minor
1970 1540 2252 1608 sexaginta
2289 1540 2467 1594 annis.
2506 1560 2522 1592 3
2552 1541 2646 1595 Est
2677 1543 2822 1595 enim
2850 1544 3109 1598 Ecclesia:
3131 1548 3338 1615 regula.

120 1630 332 1694 λὶησίας,
387 1631 706 1700 διαγράφων
745 1633 927 1684 ὁποῖον
983 1627 1235 1685 εἶναιδεῖ
1286 1632 1377 1685 τὸν
1400 1634 1663 1694 τοιοῦτον,
1769 1661 1770 1671 ι

1769 1631 2089 1684 describens
2111 1633 2327 1700 qualem
2349 1648 2468 1686 esse
2491 1644 2713 1702 uportea
2730 1644 2899 1699 leum,
2919 1637 3010 1705 qui
3030 1637 3340 1706 huiusmodi

124 1722 295 1771 (Μετὰ
360 1722 543 1789 πάσης
602 1722 1106 1793 ταπεινοφροσύνης
1150 1725 1243 1777 καὶ
1309 1725 1519 1777 πολλῶν
1570 1726 1666 1779 δα-
1769 1744 1774 1770 ι

1769 1731 1871 1775 est.
1911 1741 1928 1771 ι
1971 1722 2107 1775 Cum
2155 1725 2303 1776 omni
2331 1723 2499 1776 animi
2535 1726 2805 1779 modestia
2831 1728 3128 1796 multisque
3162 1729 3340 1799 lacry-

120 1812 286 1877 χρύων.
321 1830 338 1861 3
376 1812 647 1866 Ἐνταῦθα
679 1815 1003 1885 χαρακτῆρα
1030 1815 1377 1877 διδασκαλίας
1402 1816 1661 1881 δείκνυσι,
1696 1868 1739 1921 Β

1696 1868 1739 1921 Β
1771 1815 1895 1866 mis.
1930 1832 1945 1864 3
1977 1813 2091 1867 Hoc
2111 1815 2231 1867 loco
2250 1814 2465 1883 signum
2484 1815 2744 1871 doctrina:
2762 1817 3123 1881 demonstrat,
3147 1834 3343 1887 nempe

119 1902 163 1950 τὰ
193 1902 430 1969 ἄφθονον,
486 1904 549 1954 τὸ
584 1904 796 1970 ἄοκνον,
852 1906 1033 1958 καὶτὸ
1084 1906 1386 1976 συμπαθές.
1416 1908 1663 1977 Ἔπασχε
1700 1902 1739 1921 ”

1700 1902 1739 1921 ¹¹
1770 1906 1975 1960 invidia
2000 1907 2253 1976 fastuque
2276 1924 2461 1962 carere
2493 1925 2554 1962 ac
2581 1909 2992 1964 condolescere.
3031 1910 3344 1965 I‘atiebatnr

121 1994 203 2061 τὰρ
230 1994 364 2065 ὑπὲρ
398 1995 511 2048 τῶν
551 1996 964 2066 ἀπολλυμένων,
997 1999 1136 2069 ὑπὲρ
1162 2000 1269 2051 τῶν
1295 2001 1661 2054 ἀπολλύντων.

1771 2014 2005 2067 namque
2028 2044 2040 2063 ,
2075 2009 2131 2052 et
2165 2014 2264 2068 pro
2295 2000 2659 2068 pereuntibus
2691 2012 2747 2055 et
2776 2017 2876 2071 pro
2908 2002 2994 2055 his
3015 2001 3106 2073 qui
3150 2003 3345 2071 perde—

122 2087 276 2138 Καὶτὺ
307 2089 586 2152 ταπεινὸν,
621 2090 829 2159 καὶούχ
864 2091 1072 2152 ἁπλῶς,
1104 2091 1241 2143 ἀλλὰ
1278 2092 1415 2160 μετὰ
1458 2092 1663 2159 πάσης,
1771 2135 1772 2138 η

1771 2088 1921 2142 bant.
1950 2089 2015 2141 Et
2049 2088 2177 2142 item
2217 2089 2500 2143 humilitas
2528 2106 2626 2144 nec
2647 2092 3063 2162 qualiscunque,
3100 2096 3194 2148 scd
3221 2111 3341 2149 cum

122 2180 247 2246 φησι,
266 2181 803 2252 ταπεινοφροσύνης·
838 2182 1005 2235 πολλὰ
1053 2184 1153 2253 γὰρ
1192 2184 1305 2253 εἴδη
1337 2186 1432 2252 τῆς
1480 2201 1669 2238 ταπει-

1772 2179 1944 2242 omni,
1970 2180 2170 2248 inquit,
2201 2181 2367 2232 animi
2398 2181 2664 2234 modestia
2684 2183 3124 2241 sivchumilitate
3160 2203 3172 2237 :
3208 2186 3347 2239 mul—

122 2272 444 2341 νοφροσιίνης,
480 2273 539 2325 ἑν
574 2274 741 2343 λόγῳ,
778 2275 833 2326 ἐν
857 2274 1025 2345 ἔργῳ,
1059 2275 1195 2345 πρὸς
1224 2276 1666 2346 ἄρχοντας,πρὸς

1772 2279 1837 2324 tte
1882 2271 2027 2325 enim
2093 2280 2221 2325 sunt
2266 2272 2595 2326 humilitatis
2627 2274 2861 2342 species,
2888 2289 3083 2343 nempe
3126 2275 3181 2328 in
3232 2292 3347 2330 scr-

123 2363 441 2429 ἀρχομένους.
492 2383 512 2414 ι
541 2367 648 2418 Καὶ
675 2367 734 2419 τὸ
786 2368 851 2419 τὰ
884 2368 1231 2437 συμφέροντα
1261 2368 1459 2437 λέγειν.
1506 2390 1524 2419 3
1560 2365 1667 2421 Ἦν
1770 2380 1773 2387 ‘

1770 2378 1953 2425 mone,
1982 2363 2036 2415 in
2064 2379 2251 2432 Opere,
2282 2363 2347 2416 ad
2392 2365 2690 2433 principes,
2722 2364 2788 2418 ad
2813 2381 2908 2419 eos
2931 2369 3022 2435 qui
3047 2367 3347 2435 gubernan-

124 2457 203 2522 γὰρ
234 2456 383 2508 ᾶούκ
406 2457 515 2510 ἔδει
549 2458 762 2528 μαθεῖν.
806 2460 1016 2529 Ὥσπερ
1047 2461 1153 2531 γὰρ
1184 2462 1245 2513 τό
1288 2478 1407 2513 τινα
1432 2464 1670 2533 κρύπτε-
1773 2471 1774 2477 ‘

1773 2464 1880 2508 tur.
1922 2474 1938 2505 ι
1978 2455 2181 2508 Eorum
2214 2472 2335 2523 quae
2358 2457 2515 2509 vobis
2540 2457 2695 2510 utilia
2731 2466 2935 2511 essent.
2973 2477 2991 2507 3
3021 2457 3154 2511 Nam
3188 2470 3348 2512 erant

126 2545 221 2597 σθαι
252 2547 465 2614 οθόνον,
492 2549 639 2602 οὕτω
667 2551 726 2603 τὸ
779 2552 839 2603 τὸ
871 2552 977 2604 πᾶν
1000 2550 1180 2618 λέγειν
1224 2554 1425 2614 αὐτοῖς,
1463 2554 1666 2615 ἀνοίας.
1771 2569 1776 2594 ε

1771 2563 1891 2615 quae
1929 2563 2036 2599 non
2066 2548 2392 2616 expediebat
2422 2548 2660 2602 discere.
2702 2549 2857 2603 Sicut
2887 2550 3134 2617 quzedam
3167 2553 3349 2605 occul-

125 2637 211 2687 Καὶ
238 2640 318 2691 διὰ
364 2640 529 2709 τοῦτο
562 2643 868 2711 προσέθηκε
892 2660 905 2671 ⁵
967 2643 1088 2695 Τῶν
1122 2644 1532 2712 συμφερόντων,
1569 2646 1671 2698 οὐκ

1775 2652 1888 2693 tare
1912 2638 2073 2692 datur
2105 2640 2346 2701 invidiae,
2380 2641 2453 2694 ita
2487 2656 2706 2694 rursum
2740 2657 2853 2695 rem
2880 2657 3097 2695 omnem
3121 2643 3203 2696 eis
3222 2659 3349 2712 ape-

123 2732 265 2783 εἰπεῖν
293 2733 477 2800 μόνον,
510 2733 645 2786 ἀλλὰ
675 2734 771 2786 καὶ
810 2732 1037 2799 διδάξαι.

1776 2732 1906 2795 rire,
1936 2732 2283 2800 insipientim.
2316 2733 2383 2785 Et
2411 2742 2702 2802 propterea
2737 2732 2982 2787 addidit:
3006 2735 3208 2789 Eorum
3231 2752 3350 2805 qua:

1774 2822 1931 2875 vobis
1966 2821 2121 2875 utilia
2146 2828 2353 2884 essent,
2385 2835 2449 2874 ea
2480 2820 2703 2890 inqttam
2738 2836 2847 2874 non
2878 2820 3065 2876 dicere
3114 2829 3348 2884 tantum,

1778 2926 1963 2965 verum
1998 2913 2162 2964 etiam
2200 2912 2433 2966 docere.

185 3011 201 3042 ι
225 2996 323 3047 Καὶ
347 2996 443 3049 νῦν
470 2999 579 3052 ἰδοὺ
607 3000 717 3067 ἐγὼ
742 3000 1020 3070 δεδεμένος
1048 3003 1125 3073 τῷ
1154 3004 1422 3073 πνεύματι
1450 3003 1675 3070 πορεύου

1845 3001 1964 3059 XX.
1998 3003 2191 3055 22-27.
2226 3022 2241 3051 ι
2289 3002 2358 3056 Et
2399 3018 2548 3056 nunc
2579 3018 2710 3057 ecce
2730 3018 2831 3071 ego
2860 3004 3116 3073 alligatus
3143 3003 3347 3073 Spiritu

131 3104 260 3153 ιμαι
309 3086 391 3151 εἰς
430 3091 813 3163 Ἰερουσαλὴμ,
871 3092 939 3146 τὰ
999 3094 1057 3145 ἐν
1088 3095 1223 3165 αὐτῇ
1276 3097 1676 3165 συναντήσοντα

1785 3113 1802 3146 ι
1845 3093 2171 3163 proficiscor
2198 3094 2523 3157 Jerusalem,
2551 3111 2671 3164 qua).
2704 3095 2757 3148 in
2797 3111 2859 3148 ea
2881 3096 3012 3148 mihi
3045 3095 3351 3149 obventura

132 3201 145 3231 ι
175 3200 248 3250 μοι
270 3188 340 3253 μὴ
371 3186 554 3250 εἰδὼς,
598 3186 736 3257 πλὴν
775 3189 856 3241 ὅτι
882 3188 940 3240 τὸ
974 3188 1197 3258 Πνεῦμα
1252 3191 1312 3241 τὸ
1344 3190 1499 3257 ἅγιον
1534 3189 1672 3243 κατὰ
1701 3194 1743 3250 C

1704 3194 1743 3250 α
1784 3206 1802 3237 ι
1845 3194 1975 3241 sunt
2029 3187 2311 3256 ignorans,
2373 3186 2478 3240 nisi
2530 3187 2676 3255 quod
2726 3186 2961 3255 Spiritus
3002 3197 3225 3241 sanctus
3254 3203 3354 3257 per

134 3292 145 3322 ι
176 3276 305 3327 πόλιν
326 3278 759 3348 διαμαρτύρεται
802 3280 976 3347 λέγον,
1035 3282 1115 3333 ὅτι
1141 3281 1313 3349 δεσμά
1352 3299 1418 3350 με
1445 3286 1533 3334 καῖ
1562 3282 1673 3334 θλί-
1783 3309 1784 3318 ι

1783 3299 1801 3330 ι
1843 3279 2149 3349 singulares
2173 3279 2428 3333 civitates
2456 3280 2801 3342 testificatur,
2841 3280 3032 3333 dicens
3059 3278 3203 3348 quod
3235 3279 3355 3332 vin-

134 3366 276 3432 (ψεις
306 3370 582 3437 μένουσιν.
631 3371 772 3422 Ἀλλ’
793 3373 1004 3434 οὐδενὸς
1036 3372 1192 3439 λόγον
1226 3372 1511 3441 ποιοῦμαι.
1537 3375 1672 3427 Οὐδὲ
1783 3401 1784 3408 ι

1783 3390 1801 3420 ι
1838 3372 1960 3425 cula
1989 3381 2046 3425 et
2083 3370 2409 3424 atllictiones
2442 3386 2527 3424 me
2562 3379 2839 3425 maneant.
2872 3370 3075 3424 Verum
3104 3370 3243 3423 nihil
3267 3384 3352 3424 me

134 3479 145 3505 ι
177 3460 268 3529 ἔχω
295 3464 392 3532 τὴν
414 3465 599 3532 ςυχήν
630 3482 731 3532 μου
768 3465 957 3533 τιμίαν
988 3466 1232 3535 ἐμαυτῷ,
1274 3464 1348 3529 ὡς
1386 3466 1669 3518 τελειῶσαι

1784 3482 1801 3511 ι
1848 3471 2051 3515 movet.
2106 3462 2319 3531 Neque
2348 3463 2515 3516 vitam
2571 3478 2745 3515 meam
2777 3462 2953 3515 habeo
2984 3462 3120 3515 mihi
3152 3462 3205 3515 in
3240 3463 3352 3516 ullo

136 3552 250 3603 «τὸν
277 3553 480 3621 δρόμον
514 3573 614 3623 μου
651 3556 788 3621 μετὰ
817 3558 987 3625 χαρᾶς
1020 3559 1114 3608 καὶ
1141 3557 1238 3626 τὴν
1272 3558 1571 3621 διακονίαν,
1607 3559 1672 3628 ἣν
1783 3581 1786 3597 ‹

1783 3574 1800 3603 ι
1843 3555 2022 3623 pretio
2052 3574 2064 3608 :
2102 3562 2160 3608 ut
2187 3570 2564 3609 consummem
2599 3570 2818 3608 cursum
2852 3570 3032 3607 meum
3070 3570 3193 3608 cum
3222 3570 3354 3623 gau-

138 3662 146 3689 ι
178 3644 346 3696 ἔλαϐον
394 3645 553 3715 παρὰ
591 3647 685 3697 τοῦ
725 3647 927 3714 Κυρίου
965 3647 1163 3714 Ἰησοῦ,
1198 3648 1673 3717 διαμαρτύρασθαι
1783 3668 1788 3692 ‹

1783 3665 1799 3694 ι
1844 3646 1954 3707 dio,
1984 3658 2041 3698 et
2068 3646 2436 3698 ministerium
2469 3646 2613 3714 quod
2647 3645 2833 3713 accepi
2867 3661 2894 3698 a
2931 3645 3164 3697 Domino
3194 3646 3350 3707 Jesu,

135 3750 147 3779 ι
176 3733 222 3784 τι
242 3735 573 3803 Εὑαγγέλιον
606 3737 701 3804 τῆς
742 3740 959 3807 χάριτος
995 3738 1088 3790 τοῦ
1109 3738 1267 3791 θεοῦ.
1306 3739 1416 3791 Kal.
1442 3738 1533 3789 νῦν
1564 3739 1671 3789 ἰδοὺ
1782 3762 1785 3778 ε

1782 3755 1799 3786 ι
1842 3737 1909 3789 ad
1938 3737 2341 3789 testificandum
2365 3737 2720 3805 Evangelinm
2752 3736 2938 3804 gratiae
2966 3735 3083 3789 Dei.
3118 3736 3184 3789 Et
3208 3751 3353 3788 nunc

136 3825 274 3890 «ἐγὼ
320 3823 463 3891 οἶδα,
519 3828 600 3880 ὅτι
630 3830 729 3881 οὐκ
786 3829 863 3881 ἔτι
920 3828 1115 3897 ὄψεσθε
1153 3830 1212 3881 τὸ
1240 3829 1531 3898 πρόσωπόν
1571 3847 1673 3897 μου
1784 3853 1786 3870 ι

1784 3845 1801 3877 ι
1843 3841 1972 3880 ecce
1997 3842 2097 3895 ego
2134 3826 2247 3881 scio
2272 3826 2419 3895 quod
2453 3826 2680 3895 posthac
2712 3842 2819 3878 non
2854 3825 3111 3879 videbitis
3157 3824 3351 3879 faciem

135 3937 145 3961 ι
178 3918 308 3985 ὑμεῖς
352 3920 561 3982 πάντες
617 3921 671 3971 ἐν
696 3914 778 3983 οἷς
814 3920 1047 3989 διῆλθον,
1082 3920 1370 3989 κηρύσσων
1401 3919 1496 3990 τὴν
1530 3920 1673 3988 βασι-
1784 3946 1785 3957 ι

1784 3934 1801 3966 ι
1845 3931 2021 3968 meam
2074 3931 2172 3969 vos
2224 3931 2417 3969 omnes
2471 3932 2568 3984 per
2598 3929 2737 3983 quos
2772 3914 2997 3967 transivi
3050 3912 3355 3981 pradicans

1783 4028 1800 4057 ‹
1845 4022 2071 4077 regnum
2101 4007 2221 4061 Dei.
2252 4006 2601 4076 Quapropter
2646 4015 2929 4060 contestor
2951 4021 3048 4060 vos
3086 4006 3354 4060 hodierno

1783 4120 1799 4151 ι
1846 4101 1954 4164 die,
2004 4100 2150 4170 quod
2183 4102 2420 4153 mundus
2444 4115 2545 4169 ego
2580 4100 2683 4153 sim
2719 4116 2748 4153 a
2771 4102 3038 4168 sanguine
3084 4099 3351 4153 omnium.

1784 4213 1799 4244 ι
1847 4192 1962 4246 Non
2008 4193 2153 4245 enim
2201 4190 2511 4259 subterfugi
2564 4206 2673 4258 quo
2724 4191 2908 4243 minus
2964 4188 3351 4243 annuutiarem

136 4027 147 4053 ι
176 4010 301 4061 λείαν
325 4012 417 4062 τοῦ
446 4012 611 4062 Θεοῦ.
650 4010 1105 4080 Διαμαρτύρομαι
1140 4011 1267 4079 ὑμῖν
1302 4012 1360 4063 ἐν
1404 4014 1470 4080 τῇ
1507 4013 1675 4079 “fil-‘3'

135 4120 147 4147 ι
180 4119 257 4167 ρον
281 4105 480 4173 ἡμέρα,
516 4105 597 4155 ὅτι
632 4103 868 4171 καθαρὸς
894 4102 1002 4170 ἐγὼ
1026 4102 1131 4155 ἀπὸ
1154 4102 1247 4155 τοῦ
1283 4102 1514 4171 αἵματος
1542 4103 1674 4155 πάν-

136 4208 278 4246 tit-av.
309 4197 383 4247 Οὔ
418 4197 533 4263 γὰρ
567 4194 974 4263 ὑπεστειλάμην
1010 4196 1139 4263 ὑμῖν
1172 4193 1264 4246 τοῦ
1300 4195 1374 4263 μὴ
1418 4194 1673 4262 ἀνα-(γεῖ-

136 4302 149 4330 ι
177 4284 248 4335 λαι
280 4289 462 4339 πᾶσαν
494 4286 592 4355 τὴν
623 4286 818 4355 βουλὴν
847 4286 940 4337 τοῦ
976 4286 1131 4338 Θεοῦ.
1166 4304 1183 4336 3
1784 4313 1786 4328 ι

1052 4286 1131 4338 οὗ.
1166 4304 1183 4336 3
1784 4306 1801 4336 ι
1841 4285 1997 4337 vobis
2026 4299 2186 4337 omne
2214 4283 2503 4337 consilium
2537 4283 2651 4337 Dei.
2686 4304 2702 4334 ι

197 4380 446 4434 Ἐνταίθα
485 4382 569 4442 είς
601 4379 681 4443 τὸ,
720 4380 1031 4448 Δεδεμένος,
1059 4380 1137 4431 δεῖ
1190 4377 1493 4444 ὑποστίξαι,
1520 4378 1605 4430 ἵνα

1849 4372 2253 4429 Snbdistinctio
2285 4374 2389 4426 hoc
2418 4372 2540 4425 loco
2576 4372 2831 4441 ponenda
2883 4378 2969 4425 est
2998 4378 3127 4440 post
3157 4370 3353 4425 dictio-

131 4467 301 4523 ἰιὰνοια
330 4472 562 4540 τοιαύτη
587 4488 601 4501 ·
637 4471 943 4539 ῐιορεύομαι
974 4472 1053 4532 εἰς
1116 4469 1496 4539 Ἰερουσαλὴμ,
1544 4486 1677 4538 προ·
1778 4485 1781 4519 ῖ

1778 4482 1923 4530 nem,
1954 4467 2241 4536 Alligatus,
2260 4475 2318 4517 ut
2344 4464 2413 4517 sit
2438 4464 2553 4518 hzec
2576 4464 2847 4517 sententia
2884 4463 3238 4517 :Proficiscor
3264 4462 3353 4516 Je-

133 4561 259 4623 γνιίις
277 4562 362 4614 διὰ
396 4562 495 4615 τοῦ
532 4562 842 4630 πνεύματος
877 4562 943 4614 τὰ
972 4561 1225 4630 ἐσόμενα,
1262 4561 1564 4631 πορεύομαι
1616 4560 1673 4613 δὲ
1699 4541 1752 4600 Ῑ)
1780 4577 1783 4611 1

1702 4541 1752 4600 Ῑ)
1780 4561 2015 4613 rusalem
2066 4560 2327 4627 prtescius
2374 4573 2471 4626 per
2516 4556 2782 4625 Spiritum
2816 4572 2935 4624 qua:
2958 4555 3091 4609 mihi
3122 4563 3352 4607 ventura

131 4651 312 4718 δέσμιος
339 4655 434 4707 ὧν.
472 4650 612 4707 Εἶτα
646 4655 731 4706 ἵνα
766 4653 840 4723 μὴ
872 4654 1070 4723 δεσμὸν
1116 4654 1149 4723 ἢ
1185 4654 1429 4723 ἀνάγκην
1482 4653 1674 4724 νομίσῃ

1781 4654 1913 4711 sint,
1953 4651 2273 4721 proﬁciscor
2315 4661 2496 4704 autem
2530 4650 2804 4717 alligatus.
2862 4647 3069 4700 Deinde
3120 4660 3188 4699 ne
3231 4647 3354 4715 quis

133 4757 211 4803 τις.
252 4749 336 4797 καί
384 4747 474 4799 ἴνα
506 4746 662 4815 δείξῃ
700 4747 781 4798 ὅτι
814 4745 953 4798 ἑκὼν
1002 4745 1324 4816 ἀπέρχεται,
1380 4747 1565 4814 φησὶν,
1594 4747 1674 4797 ὅτι
1780 4770 1783 4789 ε

1780 4755 1975 4797 catena
2021 4752 2120 4795 aut
2170 4743 2495 4795 necessitate
2542 4741 2822 4809 alligatum
2852 4739 3149 4801 existimet,
3187 4747 3353 4803 utque

136 4832 257 4887 Κατὰ
293 4838 445 4888 πόλιν
477 4838 659 4906 δεσμά
688 4854 754 4904 με
786 4837 879 4890 καὶ
904 4837 1111 4907 θλίψεις
1134 4838 1403 4905 μένουσιν.
1441 4854 1459 4885 ι
1495 4836 1675 4888 Καθα-
1782 4859 1786 4883 t

1782 4835 2037 4889 ostendat
2086 4835 2233 4903 quod
2268 4845 2463 4903 sponte
2510 4833 2889 4902 proficiscatur
2918 4848 2929 4883 :
2960 4832 3061 4884 Per
3088 4829 3348 4898 singulas.

137 4925 204 4989 ρός
226 4930 351 4995 εἰμι,
398 4930 596 4997 φησιν,
624 4929 733 4981 ἀπὸ
776 4928 869 4981 τοῦ
906 4929 1134 4998 αἵματος
1172 4928 1410 4990 πάντων,
1449 4946 1466 4976 3
1505 4928 1549 4978 εί
1583 4945 1675 4978 νυο
1782 4928 1787 4979 i

1782 4927 1981 4994 inquit,
2013 4927 2266 4979 civitates
2294 4927 2508 4978 vincula
2541 4935 2594 4977 et
2624 4924 2945 4976 atllictiones
2983 4937 3067 4975 me
3108 4929 3346 4973 manent.

137 5021 388 5084 στάξαιιτες
420 5022 744 5089 ἀποθάνητε
774 5021 880 5074 ἀπὸ
906 5020 999 5073 τοῦ
1031 5018 1289 5089 φονευτοῦ
1332 5020 1439 5073 τῶν
1464 5017 1676 5087 ψυχῶν·

1794 5038 1810 5068 ι
1860 5018 2097 5071 Mundus
2127 5034 2156 5070 a
2194 5018 2455 5086 sanguine
2488 5016 2757 5075 omnium,
2793 5034 2809 5065 3
2851 5015 2894 5069 si
2943 5012 3350 5067 obdormientcs

134 5111 276 5183 τδγαρ
291 5118 379 5168 τοῦ
394 5116 750 5180 διδασκάλου,
771 5115 924 5183 φησι,
946 5114 1239 5184 πεποίηκα,
1256 5113 1333 5182 τῷ
1352 5113 1680 5179 ἀπαγγεῖλαι

1786 5110 2114 5163 occidamini
2166 5110 2233 5163 ab
2286 5108 2557 5161 homicida
2614 5107 2968 5160 animarum:
3014 5104 3156 5173 quod
3204 5103 3347 5155 enim

138 5205 239 5271 ὑμῖν
264 5208 358 5278 τὴν
398 5208 606 5278 βουλὴν
641 5207 735 5258 τοῦ
758 5207 914 5259 Θεοῦ.
947 5206 1090 5275 Ἀρα
1122 5207 1150 5257 ὁ
1188 5205 1264 5273 μὴ
1298 5204 1493 5271 λέγων,
1522 5202 1683 5255 ὑπεύ·
1783 5217 1788 5268 1

1783 5200 2138 5269 prmccptoris
2160 5212 2242 5253 est
2271 5199 2477 5269 peregi,
2509 5214 2703 5265 nempe
2739 5207 2796 5250 ut
2850 5196 3230 5249 annuutiarem
3260 5208 3350 5243 vo-

138 5298 261 5357 ltum;
286 5299 377 5351 τοῦ
403 5298 645 5367 αἵματός
668 5299 805 5360 ἐστι,
833 5296 1077 5348 τουτέστι
1110 5297 1209 5365 τῆς
1233 5294 1447 5363 σφαγῆς
1480 5294 1679 5349 αὐτῶν.
1784 5293 1788 5345 Τ

1784 5293 1870 5345 bis
1903 5294 1999 5346 Dei
2048 5292 2365 5347 consilium.
2395 5292 2582 5359 Itaque
2628 5292 2718 5358 qui
2751 5304 2856 5341 non
2884 5285 3191 5345 annuntiat,
3225 5298 3350 5336 rens

140 5387 345 5442 Διίκνυσι
370 5392 558 5442 τοίνυν
590 5390 673 5440 ὅτι
704 5388 942 5440 κάκεῖνοι
976 5388 1041 5439 ἂν
1076 5385 1149 5455 μὴ
1173 5385 1418 5449 ποιῶσιν,
1447 5385 1677 5437 ὑπεύθυ·
1782 5401 1790 5435 ε

1782 5384 2065 5452 sanguinis
2092 5393 2195 5447 est,
2246 5382 2400 5451 152
2438 5383 2538 5435 hoc
2571 5394 2651 5435 est
2677 5380 2836 5433 caidis
2857 5393 3067 5430 eorum.
3103 5374 3350 5427 Ostendit

139 5481 307 5534 voisiat
332 5483 424 5535 τοῦ
456 5483 601 5535 ἰδίου
640 5480 903 5549 αἵματος·
928 5479 993 5530 δι’
1022 5478 1049 5530 ὃ
1082 5479 1175 5530 καὶ
1204 5476 1359 5547 φοϐεῖ
1388 5478 1607 5539 αὐτούς.
1787 5479 1789 5527 i

1787 5477 1955 5546 igitur
1991 5476 2114 5527 illos
2145 5490 2389 5544 quoque.
2422 5475 2522 5527 nisi
2545 5471 3050 5547 cacompleverint,
3078 5482 3199 5518 reos
3229 5480 3348 5531 pro-

1784 5568 1891 5638 prii
1923 5567 2038 5621 fore
2070 5568 2352 5636 sanguinis
2391 5587 2401 5619 :
2437 5577 2658 5635 propter
2682 5564 2825 5633 quod
2854 5562 3015 5615 etiam
3042 5566 3207 5611 terret
3232 5571 3344 5608 eos.

198 5678 214 5710 ι
244 5662 538 5730 Προσέχετε
570 5656 666 5714 οὖν
692 5661 897 5722 ἑαυτοῖς
928 5661 1017 5713 καὶ
1046 5658 1206 5711 παντὶ
1228 5657 1301 5725 τῷ
1331 5658 1588 5726 ποιμνίῳ,
1619 5659 1675 5710 ἐν

1851 5659 2171 5721 ΧΧ,⁶2.3-5ιὶ,
2201 5678 2216 5707 ι
2244 5658 2517 5712 Attenditc
2538 5657 2702 5725 igitur
2731 5654 2885 5709 vobis
2905 5661 3207 5719 cuuetoquc
3224 5659 3350 5717 gle-

196 5849 230 5882 ”
256 5850 386 5905 'l'im.
427 5867 466 5919 3,
498 5850 554 5905 5.
636 5849 683 5880 ”
710 5847 1007 5917 Philipp.i,
1054 5846 1100 5898 Ι.
1180 5845 1267 5897 "l
1304 5842 1448 5899 Tim.
1490 5856 1572 5897 ιιι.
