4178 6464
746 353 850 421 267

1837 346 2238 410 (ECUMENII
2267 348 2562 410 TRICCA!
2597 350 2938 413 EPISCOPI

3925 353 4036 419 268

748 492 838 535 tra
874 471 1167 533 Dominum
1209 490 1220 526 :
1257 469 1432 535 Tolle,
1474 465 1625 532 tolle,
1652 462 1760 520 hoc
1804 470 1889 519 est
1939 461 2093 517 aufer
2126 476 2255 517 eum
2300 477 2333 519 e

2452 464 2666 538 Κυρίου,
2695 485 2712 518 ι
2743 462 2874 538 Αἶρε
2900 464 3083 529 αὑτδν.
3099 464 3223 522 ἀντὶ
3246 461 3364 531 τοῦ,
3397 464 3643 537 Ἐπαρον
3662 462 3826 523 αὑτὸν
3841 464 3905 521 lat
3923 467 4033 522 τῶν

749 572 913 628 vivis.
939 568 1047 625 Alii
1090 581 1225 623 vero
1249 564 1445 619 dicunt
1475 560 1581 616 hoc
1598 573 1720 616 esse
1749 555 1897 629 quod
1925 556 2174 612 Romana
2204 571 2338 612 con-

751 663 1047 721 suetudine
1073 657 1218 732 apud
1254 672 1360 713 nos
1388 655 1583 712 dicunt
1615 650 1799 708 :Inter
1819 651 1973 722 signa
1997 665 2124 707 eum
2147 650 2334 723 injiee.

819 758 1011 814 Nonne
1043 761 1102 810 tu
1129 767 1192 809 es
1219 752 1310 808 ille
1332 745 1659 821 Βαγριίυεῖ
1690 764 1708 799 ι
1734 744 1837 809 Hic
1862 742 2150 816 Egyptius
2171 743 2338 800 homo

752 849 979 920 quidam
1007 856 1130 904 erat
1159 859 1343 902 rerum
1376 855 1643 897 novarum
1666 837 1951 895 studiosus
1980 845 2035 894 et
2070 838 2340 907 impostor

751 955 817 994 ac
846 937 1235 1010 prastigiator.
1287 934 1492 992 Yolens
1528 947 1662 1003 ergo
1698 930 1957 988 diabolus
1985 930 2216 985 Paulum
2252 930 2338 984 fa-

751 1046 878 1086 cere
918 1029 1242 1100 participem
1292 1023 1589 1080 criminum
1624 1037 1746 1093 qua:
1792 1020 1898 1076 sibi
1936 1019 2337 1091 congruebant,

752 1120 1220 1195 quemadmodum
1248 1118 1415 1174 etiam
1443 1116 1546 1172 sub
1572 1115 1793 1171 Christe
1822 1123 2071 1183 tempore
2102 1113 2218 1177 illo,
2256 1113 2341 1168 in-

754 1218 945 1275 citavit
962 1216 1141 1287 ipsum
1166 1222 1228 1268 ut
1250 1217 1567 1283 portentosa
1584 1214 1910 1277 operaretur
1935 1206 2079 1261 inter
2097 1203 2335 1260 Iudaeos.

756 1309 1028 1377 Quoniam
1064 1302 1415 1361 autem'dicit
1461 1301 1720 1356 tribunus
1761 1300 1993 1354 .Nonnc
2040 1307 2095 1351 tu
2144 1312 2205 1350 es
2246 1295 2337 1349 ille

750 1400 1064 1473 Egyptius,
1099 1399 1242 1453 hanc
1271 1395 1527 1467 protinus
1564 1394 1936 1465 suspicionem
1982 1406 2011 1444 a
2044 1405 2103 1445 se
2147 1389 2340 1459 reiecit

754 1493 1035 1548 declarato
1092 1503 1294 1560 genere
1342 1503 1406 1542 ac
1457 1486 1745 1557 religione.
1782 1483 1998 1537 Etenim
2028 1481 2161 1535 alibi
2204 1479 2340 1534 dicit

753 1601 874 1641 sese
905 1584 1211 1654 legitimum
1229 1580 1437 1636 Christi
1462 1577 2041 1634 cultorem.Vocantur
2063 1581 2246 1627 autem
2265 1572 2341 1626 si-

753 1678 887 1733 carii
915 1676 1178 1739 latrones,
1207 1686 1409 1743 genere
1445 1671 1663 1731 ensium
1703 1678 1925 1724 utentes
1957 1667 2052 1737 qui
2088 1666 2340 1737 proxime

753 1771 821 1827 ad
852 1783 1047 1825 eorum
1080 1766 1351 1821 accedunt
1380 1762 1821 1834 magnitudinem
1847 1776 1988 1830 quos
2014 1761 2194 1814 Persm
2223 1757 2340 1812 aci~

2442 557 2682 623 ζώντων.
2720 559 2902 615 ’Λλλοι
2936 558 2992 614 δὲ
3021 554 3166 614 οὕτω
3194 557 3353 629 φασὶ,
3371 557 3657 613 τουτέστιν
3685 556 3716 612 6
3746 557 3876 630 παρ’
3896 561 4033 629 ἡμῖν

2441 651 2663 713 λέγουσι
2713 652 2854 706 κατὰ
2901 652 3000 723 τὴν
3061 650 3385 724 Ῥωμαϊκὴν
3434 650 3748 721 συνήθειανο
3784 650 3874 706 Ἐν
3920 652 4035 714 τοῖς

2443 746 2647 813 σίγνοις
2679 746 2844 801 αὑτὸν
2872 746 3105 818 ιμϐαλε.
3143 764 3161 798 ι
3195 745 3311 800 Ούκ
3335 744 3444 817 ἄρα
3474 746 3539 800 σὺ
3556 740 3650 800 εῐό
3674 744 4029 815 Αίγύπτιος.ι

2442 832 2613 903 Οὗτος
2676 842 2705 893 6
2755 838 3078 909 Αἰγύπτιος,
3110 836 3397 909 ἄνθρωπός
3437 854 3523 901 τις
3540 831 3610 908 ἦν
3644 835 4038 907 νεωτεροποιὸς

2444 933 2538 985 καί⁵
2566 931 2896 1003 στατιαστὴς
2945 932 3039 985 καὶ
3063 929 3323 984 ἀπατεὼν
3352 931 3446 983 καὶ
3481 930 3636 1000 γόης.
3674 931 3785 984 Καὶ
3808 930 3979 984 θέλων
4008 930 4040 982 6

2441 1023 2688 1087 διάϐολος
2717 1023 2977 1078 κοινωνὸν
3028 1026 3205 1078 ποιεῖν
3242 1022 3454 1077 Παῦλον
3483 1022 3593 1076 τῶν
3630 1024 3827 1093 εκείνῳ
3860 1040 4037 1094 προσ-

2444 1114 2689 1184 ηκόντων
2712 1116 3105 1186 ἐγκλημάτων,
3164 1115 3356 1187 ὥσπερ
3407 1116 3503 1169 καὶ
3534 1116 3629 1169 ἐπὶ
3668 1114 3764 1170 τοῦ
3794 1113 4040 1184 Χριστοῦ

2442 1208 2584 1260 κατὰ
2614 1208 2705 1261 τὸν
2734 1209 2929 1279 καιρὸν
2962 1211 3193 1274 ἐκεῖνον,
3235 1209 3514 1280 διήγειρεν
3544 1208 3707 1261 αὑτὸν
3745 1208 4039 1278 τερατεύεο

2446 1298 2571 1351 σθαι
2607 1300 2663 1349 ἐν
2694 1302 2809 1362 τοῖς
2855 1301 3148 1364 Ἰουδαίοις.
3218 1300 3440 1370 Ἐπειδὴ
3480 1300 3538 1354 δέ
3573 1318 3739 1369 φησιν
3766 1303 3794 1354 6
3825 1300 4043 1371 χιλίαρ-

2444 1407 2559 1460 Χοῖο
2600 1392 2672 1444 Σῦ
2723 1386 2772 1443 εἷ
2802 1391 2830 1444 ὁ
2854 1392 3198 1459 ιΑίγύπτιος,
3252 1395 3458 1458 εὑθέως
3497 1396 3661 1450 αὑτὸν
3694 1396 3897 1467 ταύτης
3923 1398 4035 1450 ἀπο

2445 1481 2620 1550 ήγαγε
2662 1482 2761 1552 τῆς
2814 1482 3072 1553 ὑποψίας,
3124 1486 3219 1539 καὶ
3271 1485 3333 1540 τὸ
3391 1487 3543 1551 ἔθνος
3575 1487 3767 1551 εἰπὼν,
3812 1489 3905 1543 καὶ
3934 1488 4045 1557 τὴν

2446 1572 2762 1643 θρησκείαν.
2821 1576 2931 1628 Καὶ
2974 1576 3085 1646 γὰρ
3134 1576 3374 1647 ἀλλαχοῦ
3426 1578 3652 1648 ἔννομον
3693 1578 3887 1632 ἑαυτὸν
3937 1579 4039 1631 τοῦ

2444 1667 2684 1737 Χριστοῦ
2716 1667 2892 1721 καλεῖ.
2952 1669 3202 1741 Σικάριοι
3230 1670 3285 1724 δὲ
3324 1670 3577 1740 λέγονται
3631 1671 3824 1743 λῃσταὶ
3859 1671 4041 1741 Euge:-

2442 1756 2575 1821 δίοις
2631 1757 2927 1829 χρώμενοι,
2982 1761 3396 1831 παραπλησίοις
3434 1764 3533 1834 μὲν
3553 1763 3632 1817 ’τὸ
3663 1761 3892 1834 μέγεσος
3921 1767 4042 1827 τοῖς

752 1879 922 1919 nacas
946 1862 1138 1917 dicunt
1173 1876 1186 1914 :
1217 1856 1513 1913 inﬂexione
1559 1870 1694 1909 vero
1729 1870 1793 1908 ac
1833 1860 2130 1908 curvatura
2166 1851 2234 1904 iis
2266 1849 2335 1904 si-

2452 1852 2551 1906 τῶν
2585 1853 2810 1923 Περσῶν
2848 1854 3161 1920 ἀκινάκαις,
3219 1857 3565 1927 ἐπικαμπέσι
3594 1858 3650 1911 δι
3701 1859 3793 1911 καὶ
3824 1859 4041 1926 ὁμοίοις

754 1957 914 2011 miles
938 1962 1068 2010 sunt
1090 1967 1230 2023 quos
1266 1950 1499 2006 Romani
1537 1951 1680 2004 sicas
1709 1947 1989 2017 appellant
2021 1963 2034 1999 :
2067 1961 2096 2000 a
2133 1943 2338 2015 quibus

752 2051 919 2104 ctiam
943 2047 1021 2102 illi
1049 2044 1404 2104 latrocinium
1437 2051 1762 2097 exercentes
1793 2040 2221 2110 appellationem
2250 2052 2340 2090 ac-

751 2150 1039 2215 ceperunt.
1068 2140 1171 2194 Alii
1210 2154 1343 2194 vero
1378 2145 1585 2192 sectam
1616 2134 1912 2205 quamdam
1938 2132 2081 2202 apud
2116 2130 2341 2187 Judaeos

750 2252 874 2293 esse
917 2234 1197 2299 dicebant.
1247 2232 1384 2285 Tres
1421 2229 1696 2299 siquidem
1742 2226 1886 2297 apud
1927 2225 2143 2282 Iudaeos
2176 2233 2339 2280 sectae

751 2334 911 2383 erant
940 2325 992 2379 in
1018 2338 1245 2395 genere,
1286 2337 1483 2390 nempe
1514 2319 1796 2381 Pharisaei,
1824 2317 2109 2373 Sadducaai
2161 2325 2217 2372 et
2240 2315 2341 2371 Es-

753 2418 869 2476 seni
904 2438 917 2472 :
956 2401 1126 2487 hique
1157 2416 1326 2469 vitam
1381 2414 1722 2469 severiorem
1756 2410 2055 2475 ducebant,
2102 2410 2339 2465 invicem

752 2512 1075 2582 diligentes.
1108 2523 1171 2561 ac
1202 2514 1508 2575 temperate
1551 2501 1850 2556 admodum
1879 2502 2129 2556 viventes
2167 2516 2180 2553 :
2213 2498 2340 2553 ideo

753 2617 977 2673 quoque
1027 2597 1219 2654 Esseni
1267 2594 1598 2651 dicebantur
1637 2593 1790 2663 quasi
1828 2594 1982 2654 ὅσιοι,
2029 2590 2064 2645 i.
2115 2590 2336 2645 sancti:

760 2693 853 2749 alii
894 2706 1025 2746 vero
1064 2687 1310 2743 Sicarios
1348 2686 1497 2754 ipsos
1537 2683 1910 2753 appellabant,
1944 2681 2059 2735 sive
2110 2681 2335 2735 zelotas.

829 2783 992 2855 159
1037 2779 1183 2844 XXI,
1216 2779 1308 2843 39,
1342 2777 1453 2841 40;
1492 2775 1660 2839 XXll,
1702 2774 1847 2828 1-29.
1888 2794 1903 2822 ι
1952 2773 2099 2827 Dixit
2155 2780 2340 2827 autem

759 2900 778 2929 ε
822 2879 1026 2953 Paulus
1077 2875 1190 2947 Ego
1216 2873 1440 2944 quidem
1462 2872 1629 2926 homo
1650 2886 1769 2923 sum
1788 2868 2010 2922 Judarus
2030 2868 2338 2930 Tarsensis,

761 2992 779 3022 ε
821 2987 930 3027 non
962 2969 1214 3029 obscura:
1248 2966 1479 3022 Cilicum
1505 2963 1753 3018 civitatis
1789 2962 1941 3015 civis.
1972 2961 2123 3031 Rogo
2158 2969 2341 3014 autem

759 3084 779 3115 ε
825 3063 1175 3135 te,permitte
1204 3060 1338 3114 mihi
1376 3059 1528 3131 loqui
1556 3058 1622 3113 ad
1655 3058 1938 3128 pupulum.
1971 3055 2220 3123 Cumque
2253 3053 2342 3107 ille

761 3179 778 3205 ε
820 3157 1206 3229 permisisset,
1258 3154 1459 3209 Paulus
1511 3162 1662 3207 stans
1720 3153 1771 3205 in
1824 3150 2107 3221 gradibus,
2149 3147 2343 3201 annuit

763 3271 782 3303 ι
824 3266 990 3304 manu
1023 3248 1091 3304 ad
1126 3248 1345 3318 plebem
1383 3264 1395 3299 :
1436 3255 1486 3300 et
1529 3260 1724 3315 magno
1764 3244 1983 3297 siientio
2028 3242 2168 3296 facto
2208 3239 2345 3293 allo-

761 3363 775 3392 ι
818 3342 1093 3414 quebatur
1121 3340 1306 3408 lingua
1341 3337 1590 3401 Hebraea,
1628 3337 1819 3390 dicens
1852 3352 1863 3386 :
1916 3333 2027 3387 Viri
2064 3333 2262 3387 fratres
2291 3340 2348 3385 et

759 3456 778 3486 ‹
825 3446 1029 3507 patres,
1064 3432 1251 3489 audite
1311 3445 1488 3485 meam
1537 3446 1700 3499 quam
1738 3445 1883 3481 ιιιιιιο
1926 3429 1990 3480 ιιίί
2023 3442 2119 3480 vos
2153 3429 2347 3494 loquor

763 3551 780 3579 ε
820 3528 1255 3585 excusationem.
1309 3524 1446 3580 Cum
1492 3532 1675 3577 autem
1723 3521 2001 3575 audissent
2035 3518 2181 3588 quod
2240 3516 2345 3570 lle-

762 3640 779 3672 ε
822 3620 964 3675 bram
992 3620 1176 3688 lingua
1221 3616 1324 3671 sibi
1367 3616 1712 3685 loqueretur,
1753 3612 1925 3682 magis
1970 3610 2346 3678 praestiterunt

762 3736 780 3764 ι
822 3713 1126 3774 silentium,
1155 3720 1211 3765 ct
1240 3709 1409 3763 dixit:
1440 3708 1552 3777 Ego
1579 3705 1802 3775 quidem
1833 3719 1954 3758 sum
1987 3703 2071 3755 vir
2104 3700 2342 3763 Iudaeus,

762 3825 780 3855 ‹
825 3817 986 3859 natus
1009 3805 1063 3856 in
1098 3803 1270 3857 Tarso
1299 3800 1525 3863 Ciliciae,
1558 3806 1816 3851 caeterum
1849 3794 2118 3849 educatus
2153 3792 2204 3845 in
2242 3791 2346 3846 hac

762 3921 781 3951 ε
822 3898 1046 3954 civitate
1081 3895 1147 3949 ad
1185 3894 1351 3964 pedes
1379 3890 1713 3953 Gamalielis,
1752 3891 2041 3945 institutus
2087 3894 2345 3941 accurate

761 4013 779 4043 ‹
823 3993 880 4048 in
911 3991 1084 4061 patria
1112 3991 1251 4059 lege,
1280 3987 1373 4041 Dei
1404 3986 1521 4040 zelo
1549 3984 1766 4047 ductus,
1785 3982 1929 4036 sicut
1954 3990 2010 4034 et
2034 3994 2129 4033 vos
2153 3994 2347 4033 omnes

762 4108 780 4139 ε
821 4086 957 4142 estis
987 4084 1149 4139 hodie
1183 4102 1195 4137 :
1229 4082 1325 4153 qui
1357 4081 1506 4135 banc
1564 4078 1709 4133 viam
1750 4084 2076 4147 persecutus
2108 4087 2227 4127 sum
2262 4085 2347 4126 us-

762 4201 778 4230 ‹
822 4195 931 4252 que
956 4178 1022 4233 ad
1052 4184 1305 4237 mortem,
1331 4174 1562 4244 alligans
1624 4172 1955 4239 tradensque
2000 4168 2054 4222 in
2088 4180 2346 4221 carceres

762 4291 781 4322 ε
822 4271 971 4326 vircs
1011 4270 1216 4339 pariter
1241 4282 1306 4322 ac
1338 4266 1641 4321 mulieres:
1688 4262 1831 4318 sicut
1869 4269 1922 4317 ct
1964 4262 2221 4332 princeps
2254 4276 2345 4315 sa-

761 4382 779 4411 ι
821 4362 1106 4417 cerdotum
1153 4358 1287 4414 mihi
1340 4356 1497 4413 testis
1534 4364 1619 4411 est
1667 4364 1722 4409 et
1761 4354 2015 4409 universa
2064 4353 2345 4408 seniorum

765 4474 784 4506 ε
826 4453 1180 4524 congregatio
1211 4473 1223 4506 :
1261 4468 1291 4506 a
1324 4450 1529 4521 quibus
1566 4449 1734 4504 etiam
1766 4445 2015 4517 epistolis
2042 4444 2110 4500 ad
2149 4444 2348 4500 fratres

2444 1948 2564 2011 ταῖς
2594 1946 2699 1999 ὑπὸ
2731 1947 3019 2018 Ῥωμαίων
3067 1949 3429 2020 καλουμέναις
3474 1950 3676 2015 σίκαις,
3721 1951 3814 2019 ἀφ’
3836 1943 3911 2002 ὧν
3942 1953 4044 2003 καὶ

2446 2040 2545 2109 τὴν
2573 2039 2949 2111 προσηγορίαν
3000 2040 3051 2093 oi
3096 2040 3452 2114 λῃστεύοντες
3506 2041 3718 2096 ἔλαϐον.
3750 2042 3930 2097 ’Δλλοι
3980 2041 4044 2093 δὲ

2448 2125 2661 2195 αἵρεσίν
2683 2144 2803 2179 τινα
2828 2128 2980 2199 παρὰ
3022 2128 3295 2190 Ἰουδαίοις
3324 2129 3534 2199 ἔφασαν
3549 2129 3713 2188 εἶναι,
3736 2133 3897 2202 Τρεῖς
3926 2133 4044 2201 γάρ

2448 2220 2583 2273 εἰσιν
2618 2220 2861 2289 αἱρέσεις
2913 2223 3130 2290 γενικαὶ
3183 2223 3333 2293 παρὰ
3401 2223 3698 2289 Ἰουδαίοις,
3728 2227 4041 2293 Φαρισαῖοι,

2451 2312 2817 2376 Σαδδουκαῖοι,
2844 2315 2941 2368 καὶ
2974 2314 3226 2385 Ἐσσηνοί
3246 2333 3259 2349 ’
3292 2309 3438 2371 οὗτοι
3459 2318 3551 2372 τὸν
3576 2318 3690 2389 βίον
3711 2321 4049 2390 σεμνότερον

2450 2405 2703 2467 ἀσκοῦσι,
2732 2406 3047 2477 φιλάλληλοι
3109 2410 3263 2473 ὄντες
3313 2413 3408 2464 καὶ
3453 2412 3744 2481 ἔγκρατεῖς
3777 2434 3789 2439 ί
3836 2413 3915 2465 διὸ
3944 2412 4048 2464 καὶ

2464 2501 2713 2570 Ἐσσηνοὶ
2758 2503 3284 2572 προσαγορεύονται,
3346 2507 3515 2577 ἧγουν
3569 2506 3705 2560 ὅσιοι
3737 2524 3749 2539 ·
3805 2506 3954 2560 ἄλλοι
3986 2507 4050 2560 δὲ

2452 2594 2650 2658 αὐτοὺς
2683 2595 2979 2667 Σικαρίους
3010 2598 3487 2670 ἐκὰλ.εσαν,ῆγουν
3514 2599 3786 2670 ζηλωτάς.

2528 2798 2544 2829 ι
2582 2775 2717 2833 Eine
2764 2780 2821 2833 δὲ
2869 2783 2896 2835 6
2938 2782 3182 2847 Παῦλος*
3236 2783 3379 2853 Ἐγὼ
3422 2784 3713 2856 ἄνθρωπος
3765 2785 3865 2856 μέν
3916 2788 4050 2854 εἰμι

2459 2892 2476 2923 ‹
2515 2873 2768 2938 Ἰουδαῖος
2811 2875 3081 2945 Ταρσεὺς,
3110 2876 3208 2946 τῆς
3248 2877 3502 2942 Κιλικίας
3534 2881 3635 2931 οὑκ
3675 2881 3895 2947 ἀσήμου
3944 2882 4051 2933 πό-

2461 2984 2478 3015 ι
2519 2963 2658 3027 λεως
2690 2965 2932 3037 πολίτης.
2967 2968 3171 3037 Δέομαι
3201 2968 3258 3020 δέ
3289 2986 3403 3033 σου,
3433 2969 3725 3041 ἐπίτρεψόν
3757 2987 3846 3039 μοι
3872 2970 4053 3039 λαλῆ-

2460 3075 2479 3107 ‹
2522 3074 2611 3111 σαι
2643 3058 2777 3129 πρὸς
2798 3057 2889 3111 τὸν
2915 3058 3062 3113 λαόν.
3096 3060 3519 3130 Ἐπιτρέψαντος
3541 3062 3597 3113 δὲ
3626 3062 3812 3126 αὑτοῦ,
3836 3066 3864 3116 ὁ
3894 3064 4054 3116 Παῦ-

2458 3166 2477 3200 ι
2521 3148 2609 3211 λος
2636 3150 2808 3213 ἑστὼς
2838 3150 3062 3203 ἐπὶτῶν
3095 3153 3450 3222 ἀναϐαθμῶν,
3478 3155 3762 3207 κατέσεισε
3796 3158 3861 3226 τῇ
3894 3157 4053 3224 χειρὶ

2457 3259 2476 3292 ι
2515 3240 2593 3310 τῷ
2623 3239 2757 3311 λαῷ.
2802 3240 3010 3311 Πολλῆς
3039 3242 3094 3295 δὲ
3137 3244 3295 3311 σιγῆς
3342 3244 3662 3313 γενομένης,
3701 3245 4054 3314 προσεξώνει

2457 3352 2474 3383 ι
2517 3336 2582 3403 τῇ
2624 3333 2865 3403 Ἐϐραΐδι
2915 3334 3213 3405 διαλέκτῳ’
3252 3336 3479 3405 ’Ἄνδρες
3524 3336 3742 3402 ἀδελςοὶ
3790 3338 3882 3388 καὶ
3934 3354 4054 3390 πα-

2457 3443 2473 3475 ι
2514 3426 2692 3495 τέρες,
2723 3426 2996 3479 ἀκούσατέ
3028 3444 3130 3495 μου
3154 3428 3404 3498 τῆςεπρδς
3425 3428 3568 3498 ὑμᾶς
3599 3428 3691 3482 νῦν
3715 3430 4049 3495 ἀπολογίας.

2458 3537 2475 3568 ‹
2521 3520 2882 3583 Ἀκούσαντες
2913 3520 2968 3573 δὲ
3013 3522 3095 3574 ὃτι
3136 3522 3378 3594 Ἐϐραΐδι
3412 3522 3679 3593 διαλέκτῳ
3726 3528 4057 3593 προσφωνεῖ

2455 3629 2473 3662 ι
2514 3610 2719 3675 αὑτοῖς,
2747 3611 2950 3679 μᾶλλον
2970 3613 3245 3683 παρέσχον
3273 3615 3526 3685 ἡσυχίαν,
3554 3615 3646 3668 καί
3677 3632 3837 3685 φησιν
3855 3634 3866 3645 ·
3895 3615 4054 3683 Ἐγὼ

2458 3721 2476 3754 ι
2516 3705 2616 3774 μέν
2646 3708 2763 3775 εἰμι
2798 3706 2939 3777 ἀνὴρ
2980 3706 3255 3771 Ἰουδαῖος,
3289 3709 3693 3779 γεγεννημένος
3745 3712 3803 3761 ἐν
3836 3712 4051 3780 Ταρσῷ

2458 3812 2475 3843 ι
2515 3797 2615 3863 τῆς
2661 3796 2951 3860 Κιλικίας,
2999 3799 3484 3871 ἀνατεθραμμένος
3546 3802 3602 3855 δὲ
3655 3804 3713 3855 ὲν
3769 3805 3833 3873 τῇ
3885 3806 4053 3857 πόλει

2458 3906 2475 3939 ι
2517 3888 2689 3960 ταύτῃ
2724 3892 2875 3961 παρὰ
2902 3893 3028 3954 τοὺς
3069 3892 3233 3956 πόδας
3270 3894 3573 3964 Γαμαλιήλ.
3606 3896 4050 3965 πεπαιδευμένος

2456 4000 2475 4031 ι
2518 3983 2660 4036 κατὰ
2716 3984 3007 4053 ἀκρίϐειαν
3064 3986 3157 4038 τοῦ
3220 3986 3474 4057 πατρῴου
3525 3988 3726 4056 νόμον,
3788 3987 4050 4058 ζηλωτὴς

2457 4094 2474 4126 ι
2516 4075 2777 4147 ὑπάρχων
2811 4076 2904 4130 τοῦ
2938 4077 3095 4143 Θεοῦ,
3126 4079 3306 4142 καθὼς
3337 4081 3534 4145 πάντες
3577 4083 3733 4150 ὑμεῖς
3778 4085 3901 4133 ἐστε
3943 4085 4053 4152 σή-

2456 4186 2475 4220 ι
2518 4186 2719 4241 μερον·
2760 4170 2819 4234 ὃς
2863 4172 3068 4241 ταύτην
3098 4173 3196 4241 τὴν
3234 4174 3351 4227 ὁδὸν
3378 4174 3576 4240 ἐδίωξα
3612 4175 3739 4244 ἄχρι
3777 4175 4044 4234 θανάτου.

2455 4280 2472 4313 ι
2516 4260 2796 4330 δεσμεύων
2838 4264 2930 4317 καὶ
2966 4263 3292 4333 παραδιδοὺς
3332 4267 3413 4330 εἰς
3445 4266 3689 4333 φύλακα,
3726 4266 3928 4335 ἆ·.δρας
3976 4282 4044 4318 τε

2458 4375 2476 4407 ι
2518 4358 2611 4409 καὶ
2655 4361 2953 4425 γυναῖκας·
2986 4361 3060 4422 ὡς
3105 4361 3198 4413 καὶ
3228 4362 3256 4413 6
3304 4360 3596 4429 ἀρχιερεὺς
3632 4364 3903 4430 μαρτυρεῖ
3945 4378 4047 4429 μοι

2458 4469 2475 4501 ι
2517 4452 2612 4503 καὶ
2641 4452 2751 4504 πᾶν
2782 4452 2842 4504 τὸ
2874 4436 3289 4523 πρεσϐυτέριον.
3323 4453 3462 4521 [lap‘
3501 4447 3576 4505 ὧν
3620 4454 3715 4505 καὶ
3739 4454 4049 4516 ἐπιστολὰς

762 4567 781 4598 ι
819 4546 1062 4616 acceptis
1104 4546 1430 4599 Damascum
1474 4540 1889 4612 proﬁciscebar,
1922 4537 2266 4593 adducturus
2287 4544 2342 4591 et

2457 4558 2474 4591 ι
2510 4540 2805 4611 δεξάμενος
2835 4543 2973 4612 πρὸς
2998 4543 3122 4605 τοὺς
3149 4542 3434 4611 ἀδελφοὺς,
3464 4544 3545 4605 είς
3576 4543 3867 4612 Δαμασκὸν
3895 4545 4044 4596 ὲπο-

761 4660 780 4690 ‹
823 4637 947 4692 illos
977 4636 1069 4707 qui
1100 4635 1175 4689 ibi
1202 4641 1389 4688 essent
1410 4632 1626 4687 vinctos
1654 4629 1957 4686 Jerusalem
1986 4637 2049 4683 ut
2078 4627 2346 4698 puniren-

760 4750 775 4780 ι
825 4738 936 4783 tur.
962 4727 1178 4782 Accidit
1204 4735 1389 4780 autem
1421 4726 1526 4779 iter
1553 4721 1779 4778 facienti
1807 4728 1863 4777 et
1883 4717 2345 4790 appropinquanti

759 4843 778 4875 ε
818 4824 1084 4878 Damasco
1136 4820 1362 4874 circiter
1407 4817 1720 4882 meridiem,
1775 4826 1837 4871 ut
1881 4814 2064 4870 subito
2093 4813 2162 4868 de
2193 4812 2346 4883 :cmlo

760 4935 776 4964 ε
825 4912 1278 4981 circumfulgcret
1322 4925 1409 4964 me
1451 4910 1547 4963 lux
1594 4908 1785 4971 multa,
1820 4906 2108 4975 cecidiquc
2155 4904 2210 4958 in
2256 4917 2348 4958 so-

760 5026 777 5055 ε
820 5006 956 5067 lum,
988 5013 1046 5057 et
1069 5004 1253 5057 audivi
1277 5017 1470 5057 vocem
1500 5000 1775 5055 dicentem
1806 4997 1939 5052 mihi
1975 5014 1990 5052 :
2023 4994 2343 5071 Saul,Saul,

762 5116 782 5149 ι
819 5096 953 5168 quid
982 5110 1068 5149 me
1105 5094 1510 5166 persequeris?
1546 5093 1661 5164 Ego
1700 5106 1832 5146 vero
1863 5090 2122 5161 respondi
2155 5106 2168 5143 :
2209 5088 2347 5154 Quis

761 5209 779 5240 ε
820 5204 900 5254 es,
932 5187 1205 5243 Domine?
1250 5186 1504 5256 Dixitque
1535 5186 1602 5240 ad
1661 5199 1746 5239 me
1782 5201 1797 5237 :
1839 5183 1951 5252 Ego
2008 5196 2128 5236 sum
2184 5181 2345 5237 Jesus

760 5297 777 5329 ε
820 5275 1161 5341 Νοιάηηυε,
1192 5293 1357 5347 quem
1400 5291 1457 5330 tu
1489 5275 1859 5346 persequeris.
1888 5273 1954 5327 Et
1998 5275 2092 5344 qui
2127 5289 2345 5328 mecum

763 5390 779 5421 ε
820 5377 1001 5436 erant,
1037 5370 1221 5424 lumen
1266 5370 1491 5441 quidem
1521 5368 1778 5423 viderunt
1807 5379 1863 5421 et
1899 5366 2148 5421 exterriti
2193 5374 2343 5432 sunt,

764 5481 782 5513 ι
823 5476 1017 5517 vocem
1054 5471 1238 5517 autem
1271 5477 1379 5517 non
1404 5460 1700 5517 audierunt
1733 5461 1853 5531 ejus
1885 5462 1979 5530 qui
2016 5459 2348 5530 loquebatur

762 5574 780 5605 ι
823 5569 1059 5609 mecum.
1091 5553 1211 5609 Dixi
1245 5563 1429 5609 autem
1460 5571 1473 5608 :
1502 5553 1645 5621 Qu‘d
1677 5552 1895 5621 faciam,
1931 5552 2207 5607 Domine?
2238 5553 2346 5607 Do~

760 5668 777 5698 ε
817 5647 1003 5703 minus
1058 5657 1244 5704 autem
1292 5647 1432 5702 dixit
1470 5648 1604 5702 mihi
1635 5665 1647 5700 :
1689 5647 1863 5719 Surge
1896 5656 1953 5703 et
1985 5646 2119 5702 vade
2148 5647 2345 5703 Dama-

742 5758 779 5815 ι
820 5752 999 5803 acum,
1019 5749 1077 5795 et
1102 5740 1184 5797 ibi
1206 5739 1425 5795 dicetur
1444 5737 1541 5795 tibi
1574 5738 1639 5794 de
1662 5739 1919 5794 omnibus
1949 5754 2072 5808 qua:
2096 5738 2347 5796 ordinata

763 5849 787 5887 ε
821 5841 952 5891 sunt
997 5843 1057 5891 ut
1106 5842 1175 5899 tu,
1218 5833 1406 5892 facias.
1463 5832 1714 5897 Cumque
1772 5847 1879 5887 non
1935 5832 2180 5888 viderem
2233 5849 2346 5896 pra:

2459 4651 2476 4684 ι
2522 4634 2781 4704 ρευόμην,
2808 4632 2951 4699 ἄξων
2990 4634 3083 4688 καὶ
3118 4636 3243 4697 τοὺς
3299 4637 3480 4688 ἐκεῖσε
3526 4635 3686 4698 ὄντας
3710 4635 4046 4704 δεδεμένους

2456 4743 2473 4776 ι
2515 4727 2594 4788 είς
2628 4725 2989 4797 Ἰερουσαλὴμ
3016 4727 3102 4779 ίνα
3129 4725 3540 4797 τιμωρηθῶσιν.
3574 4726 3820 4793 Ἐγένετο
3848 4726 3902 4780 δέ
3938 4744 4042 4796 μοι

2456 4837 2473 4869 ι
2514 4819 2866 4889 πορευομένῳ
2898 4820 2992 4873 καὶ
3037 4818 3311 4887 ἐγγίζοντι
3342 4821 3406 4890 τῇ
3463 4820 3744 4890 Δαμασκῷ
3773 4820 3901 4890 περὶ
3932 4838 4046 4889 με-

2454 4930 2471 4961 (
2514 4909 2811 4981 σημϐρίαν,
2843 4910 3103 4981 ἐξαίφνης
3138 4912 3201 4965 ἐκ
3233 4910 3326 4964 τοῦ
3351 4911 3586 4982 ούρανοῦ
3620 4913 4043 4983 περιαστρ-ψαε

2456 5021 2472 5052 ι
2518 5003 2635 5072 φῶς
2689 5003 2876 5057 ἱκανὸν
2926 5005 3054 5073 περὶ
3083 5005 3216 5074 ἐμέ·
3253 5004 3449 5057 ἔπεσόν
3481 5021 3544 5057 τε
3580 5007 3659 5066 είς
3690 5004 3752 5056 τὸ
3809 5004 4039 5072 ἔδαφος,

2455 5116 2471 5147 ι
2513 5097 2605 5148 καὶ
2642 5095 2850 5165 ηκουσα
2885 5095 3070 5166 φωνῆς
3119 5096 3386 5165 λεγούσης
3422 5112 3547 5165 μοι·
3595 5096 3788 5159 Σαοὺλ,
3832 5096 4039 5159 Σαοὺλ,

2453 5208 2469 5238 ι
2514 5188 2564 5240 τί
2600 5205 2666 5258 με
2703 5188 2952 5253 διώκειςς
2984 5188 3129 5256 Ἐγὼ
3161 5190 3217 5242 δὲ
3247 5190 3575 5260 ἀπεκρίθην,
3598 5190 3695 5253 Τίς
3718 5186 3791 5250 εἷ,
3818 5189 3992 5255 Κύετιε
4018 5208 4039 5253 ;

2456 5299 2472 5330 ι
2513 5275 2650 5335 Eia-6
2675 5298 2733 5335 τε
2761 5282 2897 5351 πρός
2931 5299 3030 5353 με’
3063 5282 3206 5349 Ἐγώ
3237 5284 3352 5352 εἰμι
3382 5281 3594 5352 Ἰησοῦς
3620 5284 3649 5334 6
3687 5281 4039 5351 Ναζωριῖος,

2454 5391 2471 5422 ι
2513 5371 2573 5428 ὃν
2608 5373 2672 5426 σὺ
2706 5373 2943 5438 διώκεις.
2979 5376 3041 5429 Ui
3074 5375 3129 5428 δὲ
3179 5376 3276 5430 σὺν
3310 5377 3434 5446 ἐμοὶ
3466 5374 3618 5438 ὅντες
3644 5375 3710 5427 τδ
3772 5374 3872 5442 μὲν
3912 5374 4041 5441 qui»;

2457 5486 2473 5517 ι
2516 5466 2828 5533 ἐθεάσαντο,
2860 5468 2953 5521 καὶ
3007 5468 3236 5539 ἔμφοϐοι
3278 5468 3565 5536 εγὲνοντο,
3616 5466 3715 5534 τὴν
3745 5466 3801 5519 δὶ
3845 5466 4046 5535 φωνὴν

2456 5580 2471 5608 ι
2514 5559 2614 5610 οὑκ
2673 5558 2913 5629 ἥκουσαν
2976 5560 3071 5613 τοῦ
3132 5559 3425 5622 λαλοῦντός
3479 5576 3591 5630 μοι.
3644 5555 3816 5611 Εἶπον
3853 5558 3937 5619 δὲ,
3968 5558 4045 5610 Τί

2456 5669 2474 5703 ι
2518 5652 2749 5721 ποιήσω,
2781 5653 2991 5723 Κύριες
3035 5652 3093 5706 ὐ
3129 5652 3185 5707 δὲ
3214 5652 3416 5723 Κύριος
3450 5653 3587 5723 πρός
3622 5669 3687 5722 με
3712 5666 3729 5682 ο
3766 5652 4045 5713 Ἀναστὰς

2459 5762 2477 5793 ι
2524 5742 2759 5812 πορεύου
2807 5747 2889 5808 εἰς
2934 5746 3228 5818 Δαμασκὸν
3256 5788 3269 5809 ,
3316 5748 3479 5800 κάκεῖ
3535 5762 3617 5798 σοι
3667 5742 4043 5812 λαληθήσεται

2460 5856 2479 5887 ι
2524 5835 2652 5893 περὶ
2699 5837 2940 5891 πάντων.
2987 5832 3081 5901 ὧν,
3108 5839 3367 5895 τέτακταί
3409 5856 3491 5892 σοι
3532 5837 3788 5892 suntiam.
3832 5835 3923 5895 Ὦς
3976 5835 4042 5888 δὲ
