4178 6464
136 386 219 449 2¹ῐ7
1059 386 1445 450 COMMENT.
1493 385 1579 449 IN
1620 383 1813 447 ACTA
1848 381 2430 447 APOSTOLORUM.

3267 379 3376 443 978

144 494 367 563 ιαὺτῶν,
415 495 672 551 ικέλευσε
724 495 789 551 τὸ
863 493 1182 569 στράτευμα
1236 496 1546 568 καταϐῆναι
1591 497 1718 556 καὶ,

1809 515 1814 548 π
1851 502 2077 565 peretur
2104 491 2306 547 Paulus
2329 490 2397 546 ab
2428 488 2579 561 ipsis,
2606 487 2776 561 jussit
2806 488 3012 545 milites
3031 488 3377 546 descendere

143 592 412 666 ιάρπάσαι
467 592 629 647 αὐτὸν
667 593 732 647 ὲκ
765 592 931 664 μέσον
965 592 1169 658 αὐτῶν,
1196 594 1352 662 ἀγειν
1391 611 1448 648 τε
1471 597 1550 658 εἰς
1584 594 1684 664 τὴν

144 702 157 735 ι
186 681 539 754 παρεμϐολήν.
569 681 650 754 Τῇ
675 680 731 735 δὲ
763 681 996 754 ἑπιοῦσῃ
1024 682 1183 736 νυκτὶ
1212 683 1443 745 ἑπιστάς
1486 680 1635 752 αὒτῷ
1658 683 1687 735 ὁ

143 793 155 821 ι
181 773 388 844 Κύριος,
410 767 556 826 εἷπε·
584 770 815 844 Θάρσει,
852 771 1053 827 Παῦλε.
1099 772 1188 834 Ὠς
1206 770 1313 841 γὰρ
1336 771 1688 842 διεμαρτύρω

142 886 154 910 ι
186 865 241 916 τά
270 866 399 936 περὶ
425 863 559 936 ἐμοῦ
590 866 671 929 εἰς
705 862 1084 935 Ἰερουσαλὴμ,
1112 861 1284 928 οὕτως
1308 881 1366 917 σε
1391 864 1471 918 δεῖ
1492 864 1584 918 καὶ⁵
1608 863 1687 925 είς

143 956 392 1027 «Ῥώμην
429 959 807 1028 μαρτυρῆσαι.
849 975 868 1009 ι

198 1069 212 1099 ι
240 1049 294 1100 ΕΞ
323 1048 383 1101 δὲ
405 1047 624 1118 πνεῦμα
642 1047 901 1117 ἐλάλησεν
928 1046 1128 1117 αὐτῷ.»
1160 1045 1333 1117 Διχῶς
1357 1045 1472 1099 ἐστι
1494 1047 1687 1118 νοῆσαι

137 1141 183 1191 τὸ
209 1140 508 1210 εἰρημένον.
550 1140 622 1193 Ἦ
656 1138 765 1211 γάρ
795 1139 971 1192 λείπει
1006 1156 1058 1191 τι
1091 1138 1241 1207 αὐτῷ
1272 1138 1408 1208 πρὸς
1444 1137 1689 1207 ἀναπλή-

132 1247 277 1300 eum
310 1231 405 1285 τοῦ
434 1233 725 1302 νοήματος,
784 1232 870 1285 ῖνα
965 1229 1158 1293 οὕτως’
1203 1230 1266 1283 Ei
1319 1230 1376 1283 δὲ
1405 1229 1622 1300 πνεῦμα
1653 1231 1687 1301 ἢ

137 1324 339 1389 ἄγγελος
389 1324 649 1393 ἐλάλησεν
689 1324 857 1394 αὐτῷ,
906 1323 1123 1394 ἄδηλον,
1158 1322 1342 1393 φησιν·
1403 1322 1437 1394 ἢ
1482 1323 1560 1387 ὼς
1585 1322 1692 1376 ἀπὸ

134 1415 224 1467 τῶν
248 1416 559 1485 Φαρισαίων
584 1416 645 1470 rb
676 1417 827 1487 ῥῆμα
861 1415 1104 1470 λεκτέον·
1140 1418 1200 1469 Εἰ
1226 1417 1282 1470 δὲ
1317 1414 1537 1485 πνεῦμα
1564 1414 1694 1469 ἐλά-

137 1506 273 1573 ἔπεσεν
304 1507 515 1579 αὖτῷἢ
559 1506 812 1575 ἄγγελος,
859 1508 983 1560 ἀντὶ
1007 1507 1123 1571 τοῦ,
1156 1506 1287 1560 Ἰδοὺ
1323 1507 1390 1560 τά
1413 1506 1540 1577 περὶ
1565 1506 1696 1560 ἀνα-

140 1596 355 1659 στάσεως
385 1596 584 1660 λαλῶν,
611 1597 768 1667 δῆλός
817 1600 963 1651 εστιν
995 1598 1027 1669 ἢ
1056 1597 1144 1652 διά
1172 1597 1487 1667 Πνεύματος
1515 1597 1694 1666 ἁγίου,

138 1688 161 1757 ἢ
189 1688 246 1739 δι’
274 1689 513 1757 ἀγγέλου
563 1689 901 1761 κατηχηθεὶς
953 1691 1047 1745 τὸν
1076 1689 1176 1761 τῆς
1210 1690 1562 1755 ἀναστάσεως
1605 1690 1696 1744 λό-

137 1793 235 1843 γον.

694 1956 948 2013 ΚΕΦΑΛ.
997 1958 1119 2013 AA'.

136 2045 252 2107 Περὶ
280 2045 614 2114 ἐπιϐουλῆς
642 2048 1060 2118 μελετωμένης
1088 2051 1209 2105 ὑπὸ
1227 2052 1532 2106 Ἰουδαίων
1548 2051 1701 2107 κατὰ

193 2118 453 2191 (largior),
515 2121 610 2171 καὶ
636 2122 960 2191 μηνύσεως
1013 2122 1205 2189 αὐτῆς
1252 2124 1403 2191 πρὸς
1429 2124 1696 2177 Λυσίαν·

191 2187 253 2263 έν-
278 2181 324 2253 ᾧ
352 2187 445 2263 dt:
471 2181 861 2263 παρεπέμφθη
896 2181 1197 2263 δ’Παῦλᾴξ
1228 2181 1309 2258 td;
1336 2181 1584 2263 ἡγεμόνι
1612 2197 1699 2259 είς

194 2258 554 2378 Ιιὲαισάρειαν
605 2258 758 2328 μετά
820 2261 1203 2316 στρατιωτῶν
1267 2258 1398 2317 καῖ’
1431 2258 1697 2322 remtan

194 2341 220 2377 τ
252 2344 352 2378 ων.

194 2341 250 2378 τε
252 2344 352 2381 ων.

198 2418 554 2492 ιΓένομενης
604 2422 660 2476 δὲ
694 2422 929 2493 ἡμέρας,
996 2424 1326 2497 ποιήσαντές
1382 2443 1527 2491 τινες
1591 2427 1699 2482 τῶν

142 2527 155 2559 ι
196 2510 461 2565 Ἰουδαίων
509 2517 841 2585 συστροφὴν,
873 2516 1278 2587 ἀνεθεμάτισαν
1337 2520 1585 2585 ἑαυτοὺς,
1608 2521 1697 2575 λέ-

142 2619 156 2651 ι
186 2619 362 2668 γοντες
385 2644 402 2671 ,
436 2606 577 2675 μήτε
612 2608 830 2674 φαγεῖν,
865 2609 1002 2679 μήτε
1032 2611 1196 2673 πιεῖν,
1228 2610 1331 2674 ἕως
1355 2604 1415 2664 οὗ
1441 2612 1701 2666 ἀποκτείο

144 2712 158 2744 ι
182 2713 299 2749 νωσι
324 2698 417 2749 τὸν
446 2697 682 2752 Παῦλον.
700 2698 882 2753 Ἦσαν
904 2700 960 2753 δὲ
982 2701 1199 2765 πλείους
1222 2704 1632 2775 τεσσαράκοντα
1652 2708 1699 2761 οἱ

145 2787 374 2858 tta-31¢;
428 2789 531 2859 τὴν
597 2792 942 2859 συνωμοσίαν
1023 2794 1406 2863 πεποιηκότες.
1489 2796 1701 2860 Οἴτινες

145 2894 159 2926 ι
187 2881 565 2944 προσελθόντες
622 2886 735 2944 τοῖς
769 2882 1086 2954 ἀρχιερεῦσι
1123 2886 1218 2938 καὶ
1261 2888 1375 2950 τοῖς
1397 2887 1701 2957 πρεσϐυτέ-

145 2986 159 3016 ι
193 2987 294 3037 ροις
352 2968 542 3025 εἷπον*
590 2971 917 3043 ’Δναθέματι
957 2975 1436 3048 ἀνεθεματίσαμεν
1472 2980 1702 3044 ἑαυτοὺς

142 3079 158 3110 ι
186 3063 401 3130 praeui;
434 3067 735 3133 γεύσασθαι
764 3068 869 3130 ἓως
890 3062 951 3122 οὒ
986 3070 1400 3142 ἀποκτείνωμεν
1428 3072 1520 3126 τδν
1555 3073 1705 3129 Παῦε-

1798 606 1815 640 ι
1848 595 1905 641 et
1943 600 2137 656 rapere
2160 598 2287 640 cum
2314 581 2383 638 de
2405 580 2587 638 medio
2612 597 2830 648 eorum,
2853 595 2919 637 ac
2946 580 3223 638 deducere
3251 597 3399 642 eum.

1797 697 1816 731 ι
1856 678 1913 733 in
1952 686 2151 733 castra.
2188 674 2456 747 Sequenti
2502 688 2636 728 vero
2666 683 2827 729 nocte
2874 674 3142 729 assistens
3176 674 3227 729 ei
3276 674 3380 728 Do-

1798 788 1816 821 ι
1858 771 2043 825 minus
2079 770 2156 825 ait
2198 786 2212 823 :
2246 768 2399 823 Bono
2448 767 2634 822 animo
2659 775 2801 832 esto,
2836 765 3003 821 Paule
3049 784 3065 821 :
3115 774 3181 823 ut
3230 766 3380 822 enim

1799 886 1815 917 ι
1854 864 2183 922 testiﬁcatus
2226 879 2287 918 es
2312 862 2380 918 de
2410 879 2497 918 me
2539 860 2923 933 Jerosolymis,
2960 860 3040 917 sic
3068 868 3120 916 te
3159 869 3382 932 oportet

1799 974 1816 1005 ι
1860 964 1917 1011 ct
1946 956 2132 1011 Romae
2158 953 2463 1010 testiﬁcari.
2498 972 2517 1004 ι

1871 1067 1889 1100 ι
1926 1047 1985 1104 Si
2041 1058 2222 1103 autem
2282 1047 2513 1119 spiritus
2562 1047 2783 1102 locutus
2830 1055 2917 1103 est
2966 1047 3037 1103 ei.
3098 1046 3115 1098 ὀ
3166 1046 3381 1117 Duplici

1793 1139 1957 1195 modo
1992 1140 2225 1212 intelligi
2278 1149 2459 1212 potest
2502 1139 2651 1211 quod
2691 1139 2899 1194 dictum
2937 1149 3042 1196 est.
3082 1139 3191 1195 Aut
3232 1140 3380 1194 enim

1792 1232 1949 1290 deest
1983 1232 2268 1303 quidpiam
2313 1233 2382 1288 ad
2422 1234 2713 1289 sententiae
2756 1232 3147 1303 expletiouem,
3197 1243 3258 1288 ut
3306 1234 3380 1288 ita

1793 1323 2011 1379 dicatur
2041 1341 2057 1379 :
2088 1324 2248 1396 166
2282 1322 2338 1379 Si
2368 1333 2553 1379 autem
2585 1324 2825 1395 Spiritus
2840 1334 2936 1379 aut
2966 1325 3194 1396 angelus
3225 1324 3382 1380 locuo

1797 1425 1886 1472 tus
1937 1425 2022 1472 est
2070 1417 2146 1481 ei,
2179 1416 2455 1472 incertum
2496 1425 2602 1482 est,
2659 1418 2857 1488 inquit.
2889 1416 3001 1473 Aut
3048 1425 3308 1488 tanquam
3351 1433 3382 1472 ιι

1794 1508 2092 1565 Pharisaeis
2136 1509 2432 1566 dicendum
2477 1519 2566 1565 est
2606 1524 2730 1566 esse
2766 1509 3047 1565 verbum:
3088 1509 3147 1564 Si
3196 1518 3381 1565 autem

1798 1600 2029 1671 spiritus
2068 1601 2153 1655 vel
2187 1602 2436 1672 angelus,
2470 1601 2683 1657 locutus
2717 1609 2803 1657 est
2829 1601 2883 1656 ei
2916 1617 2930 1655 :
2965 1600 3071 1655 hoc
3104 1610 3208 1664 est,
3241 1600 3385 1657 Ecce

1798 1707 1921 1762 qua:
1966 1695 2035 1747 de
2090 1693 2498 1748 resurrectione
2560 1693 2810 1764 loquitur
2873 1693 3227 1749 manifestum
3273 1700 3382 1756 est,

1800 1783 1950 1854 quod
1984 1795 2080 1839 aut
2107 1800 2207 1855 per
2243 1784 2511 1854 Spiritum
2548 1795 2824 1851 sanctum,
2856 1793 2954 1840 aut
2995 1800 3095 1856 per
3127 1784 3382 1855 angelum

1799 1872 2053 1929 eruditus
2087 1876 2159 1931 sit
2192 1872 2619 1930 resurrectionis
2655 1888 2991 1929 sermonem.

2327 1964 2555 2023 CAPUT
2596 1964 2837 2023 XXXIV.

1801 2059 1876 2114 De
1899 2060 2101 2113 insidiis
2131 2058 2302 2112 Paulo
2337 2060 2610 2113 intentatis
2640 2076 2672 2112 a
2702 2057 2920 2123 Iudaeis,
2963 2066 3012 2111 et
3043 2059 3181 2130 quod
3217 2058 3385 2129 Lysiae

1871 2131 2119 2184 indicata:
2146 2130 2251 2182 sint
2285 2146 2302 2182 :
2340 2130 2393 2181 in
2434 2144 2536 2198 quo
2573 2137 2831 2181 narratur
2864 2130 3003 2195 quod
3044 2131 3385 2184 transmissus

1869 2201 1936 2322 si‘t
1967 2199 2169 2323 Paratus
2209 2198 2512 2254 Cmaream
2543 2200 2613 2252 ad
2656 2199 2932 2269 pra’sidem
2969 2215 3088 2254 cum
3134 2199 3386 2254 militibus

1872 2286 1899 2323 e
1951 2286 2053 2324 scr:
2090 2286 2153 2324 ιε.

1872 2424 2065 2487 XXIII,
2102 2426 2288 2481 l2-55.
2329 2445 2347 2478 ι
2385 2426 2551 2481 Facto
2581 2435 2765 2482 autem
2807 2426 2919 2493 die,
2956 2426 3298 2500 collegerunt
3326 2443 3386 2484 se

1809 2538 1825 2571 ι
1862 2519 2086 2589 quidam
2138 2535 2206 2573 ex
2249 2518 2473 2586 Judaais,
2519 2526 2575 2575 et
2612 2519 2958 2575 devoverunt
2987 2522 3080 2587 fse,
3113 2520 3384 2589 dicentes,

1810 2629 1825 2660 ι
1871 2625 2049 2680 neque
2085 2626 2279 2666 esuros
2308 2626 2387 2675 se,
2418 2626 2595 2682 neque
2632 2612 2928 2678 bibituros,
2960 2608 3139 2669 denec
3165 2613 3388 2670 occide-

1810 2722 1827 2753 ι
1867 2711 1991 2757 rent
2027 2702 2279 2757 Paulum.
2317 2702 2488 2757 Erant
2517 2713 2703 2759 autem
2738 2704 2926 2776 plures
2954 2722 3119 2777 quam
3144 2707 3384 2777 quadra-

1810 2816 1828 2847 ι
1867 2796 2016 2866 ginta
2046 2796 2152 2849 viri
2192 2795 2287 2865 qui
2324 2794 2468 2850 bane
2506 2796 2943 2867 conjurationem
2969 2798 3214 2854 fecerant
3249 2799 3385 2870 :qui

1811 2904 1828 2935 ι
1875 2894 2227 2940 accesserunt
2252 2884 2317 2939 ad
2344 2884 2628 2954 principes
2651 2885 3000 2941 sacerdotum
3025 2900 3089 2941 ac
3106 2886 3380 2949 seniores,

1812 2994 1829 3026 ι
1865 2985 1921 3031 et
1978 2976 2289 3030 dixerunt:
2339 2976 2642 3031 Devotione
2709 2976 3035 3032 devovimus
3092 2992 3193 3032 nos
3245 2977 3384 3032 nihil

1812 3087 1830 3119 ι
1872 3075 2191 3138 gustaturos
2232 3066 2409 3123 donec
2454 3069 2771 3123 occidamus
2792 3069 3045 3123 Paulum.
3075 3068 3233 3125 Nunc
3253 3084 3386 3140 ergo

145 3171 159 3200 ι
185 3154 281 3207 λον.
313 3156 427 3209 Νῦν
458 3156 555 3211 οὖν
586 3158 742 3227 ὑμεῖς
784 3160 1124 3229 ἐμφανίσατε
1173 3162 1251 3232 τῷ
1291 3164 1556 3237 χιλιάρχῳ
1607 3166 1698 3220 καὶ

1815 3180 1833 3213 ι
1875 3175 1975 3215 vos
2001 3161 2308 3232 signiﬁcate
2351 3161 2575 3215 tribuno
2612 3168 2667 3215 ct
2706 3162 2962 3225 concilio,
3002 3170 3063 3217 ut
3106 3177 3229 3216 cras
3259 3176 3389 3231 pro-

145 3263 161 3295 ι
188 3247 257 3316 τῷ
288 3250 575 3319 συνεδρίῳ,
612 3251 760 3315 ὅπως
789 3250 979 3321 αὗριον
1009 3253 1172 3306 αὐτὸν
1223 3257 1514 3329 καταγάγῃ
1563 3258 1700 3328 πρὸς

145 3358 158 3388 ι
185 3340 339 3409 ἡμᾶς,
360 3342 440 3404 ὡς
472 3343 771 3411 μέλλοντας
800 3344 1180 3412 διαγινώσκειν
1212 3347 1605 3421 ἀκριϐέστερον
1631 3351 1701 3405 τά

147 3434 298 3501 «περὶ
335 3434 531 3488 αὐτοῦ.
598 3434 792 3506 Ἢμεῖς
840 3436 895 3489 δὲ
933 3437 1041 3508 πρὸ
1090 3436 1182 3491 τοῦ
1236 3441 1459 3508 ἐγγίσαι
1514 3443 1697 3508 αὐτὸν,

146 3525 382 3592 ιξτιιειοί
418 3529 588 3594 ἐσμεν
628 3526 721 3580 τοῦ
779 3529 989 3582 ἀνελεῖν
1023 3530 1209 3585 αὐτόν.
1254 3533 1522 3596 Ἀκούσας
1568 3536 1625 3589 δὲ
1675 3538 1703 3589 ὁ

148 3634 161 3664 ι
187 3617 287 3679 υἱὸς
312 3620 411 3688 τῆς
448 3617 687 3691 ἀδελφῆς
716 3620 928 3675 Παύλου
955 3622 1016 3675 τὸ
1051 3622 1282 3693 ἓνεδρον,
1320 3627 1704 3696 παραγενόμε-

144 3724 158 3757 ι
184 3727 261 3772 νος
292 3714 386 3764 καὶ
431 3714 692 3766 εἰσελθὼν
722 3716 801 3777 εἰς
830 3716 929 3785 τὴν
979 3732 1119 3786 παρε
1133 3716 1359 3787 μόολὴν,
1397 3719 1703 3789 ἀπήγγειλε

146 3802 247 3869 ιτῷ
278 3806 499 3874 Παύλῳ.
538 3805 1056 3878 Προσκαλεσάμενος
1094 3808 1149 3861 δὲ
1180 3811 1208 3863 ὁ
1237 3809 1446 3873 Παῦλος
1477 3811 1570 3863 ἕνα
1595 3811 1704 3865 τῶν

143 3911 157 3939 ι
184 3895 616 3966 ἑκατοντάρχων,
650 3899 783 3970 ἔφη·
817 3900 918 3952 Τὸν
958 3897 1177 3955 νεανίαν
1213 3902 1403 3955 τοῦτον
1448 3904 1703 3973 ἀπάγαγε

143 4005 157 4033 ι
187 3989 308 4056 πρὶς
336 3992 431 4043 τὸν
462 3992 760 4062 χιλίαρχονο
790 3994 899 4063 ἔχει
930 3995 1038 4063 γάρ
1063 4011 1117 4047 τι
1158 3995 1489 4064 ἀπαγγεῖλαι
1532 3998 1700 4067 αὐτῷ.

141 4096 156 4127 ι
186 4080 236 4131 ’0
267 4083 366 4148 μὲν
401 4080 500 4136 οὖν
542 4084 874 4153 παραλαϐὼν
906 4086 1066 4138 αὐτὸν
1096 4087 1274 4158 ἤγαγε
1308 4089 1447 4157 πρὶν
1492 4089 1584 4143 τὸν
1622 4107 1706 4161 χι-

144 4170 418 4243 ιὶίαρχον,
462 4174 558 4227 καί
588 4192 783 4245 φησιν’
829 4176 885 4229 Ὀ
936 4177 1156 4245 δέσμιος
1191 4178 1402 4242 Παῦλος
1457 4197 1698 4251 προσκα-

142 4281 155 4308 ι
181 4263 482 4333 λεσαειενὸς
519 4284 609 4336 με,
672 4266 925 4339 1ὴρώτησε
954 4268 1142 4322 τοῦτον
1192 4270 1285 4323 τὸν
1320 4273 1541 4325 νεανίαν
1570 4275 1709 4341 ἀγα-

141 4371 156 4403 ι
183 4358 288 4418 γεῖν
325 4358 468 4428 πρὸς
503 4360 563 4410 σὲ
593 4360 785 4429 ἔχοντά
815 4378 866 4414 τι
895 4361 1126 4432 λαλῆσαί
1164 4379 1266 4417 σοι.
1287 4364 1707 4434 Ἐπιλαδόμενος

142 4465 155 4495 ι
179 4448 226 4500 δὲ
248 4451 346 4519 τῆς
373 4452 563 4520 χειρὸς
601 4452 766 4506 αὐτοῦ
792 4454 820 4506 ὀ
871 4454 1148 4523 χιλίαρχος
1166 4497 1182 4521 ,
1219 4458 1314 4508 καὶ
1344 4458 1709 4529 ἀναχωρήσας

141 4551 155 4582 ι
184 4539 292 4589 κατ’
316 4538 842 4607 ἱδὶαν,ὲπυνθάνετο,
869 4542 934 4595 Τί
966 4545 1112 4596 ἐστιν
1140 4543 1169 4596 ὃ
1198 4543 1344 4615 εχεις
1371 4547 1701 4615 ἀπαγγεῖλαί
1736 4547 1777 4600 D

141 4645 155 4675 ι
183 4645 286 4696 μοι.
335 4630 480 4684 Eine
503 4632 582 4693 δὲ.
603 4632 683 4685 ὅτι
714 4635 762 4686 οἱ
792 4634 1034 4688 Ἰουδαῖοι
1071 4636 1356 4691 συνέθεντο
1378 4639 1472 4692 τοῦ
1499 4643 1705 4712 ἐρωτῆ-

141 4736 155 4767 ι
185 4720 267 4772 σαί
297 4737 381 4784 σε,
432 4723 589 4785 ὅπως
633 4721 823 4791 αὔριον
878 4727 957 4788 είς
988 4725 1046 4778 τὸ
1079 4726 1354 4796 συνέδριον
1384 4730 1705 4802 καταγάγῃς

140 4829 154 4859 ι
184 4812 267 4863 τὸν
294 4813 542 4879 Παῦλον,
593 4812 668 4877 ὡς
702 4815 991 4885 μέλλοντες
1040 4834 1092 4870 τι
1144 4819 1536 4893 ἀκριϐέστερον
1571 4840 1705 4876 πυν-

140 4902 435 4958 ιθάνεσθαι
462 4906 599 4974 περὶ
625 4905 810 4960 αὑτοῦ.
847 4906 918 4959 Σὺ
972 4907 1067 4961 οὖν
1101 4909 1175 4979 μὴ
1226 4911 1457 4982 πεισθῇς
1499 4900 1701 4977 αὐτοῖς.

139 5009 154 5041 ι
191 4996 570 5065 Ἐνεδρεύουσι
604 4997 714 5067 γὰρ
747 4997 908 5051 αὐτὸν
942 4999 999 5065 ἐξ
1031 4999 1210 5053 αὐτῶν
1262 5001 1454 5072 ἄνδρες
1487 5003 1705 5068 πλείους

138 5105 153 5136 ι
180 5093 609 5158 τεσσαράκοντα,
641 5090 835 5153 οἵτινες
866 5090 1262 5162 ἀνεθεμάτισαν
1285 5095 1513 5160 ἑαυτοὺς
1567 5097 1704 5166 μήτε

139 5186 369 5251 «ταγεῖν
432 5186 576 5252 μήτε
614 5185 757 5235 πιεῖν
801 5184 905 5248 ἓως
958 5179 1020 5239 οὗ
1055 5187 1317 5240 ἀνέλωσιν
1364 5190 1559 5243 αὐτόν’
1611 5190 1706 5244 καὶ

138 5291 151 5320 ι
181 5274 266 5325 νῦν
296 5274 519 5343 ἕτοιμοί
544 5276 649 5327 εισι
679 5276 1107 5345 προσδεχόμενοι
1147 5279 1246 5349 τὴν
1268 5280 1376 5333 ἀπὸ
1411 5281 1506 5334 σοῦ
1541 5283 1706 5351 ἐπαγ·

140 5363 376 5429 ιγελίαν.
424 5365 487 5416 ὐ
518 5364 619 5433 μὲν
644 5363 735 5418 οὖν
761 5364 1037 5436 χιλέαρχος
1068 5370 1306 5423 ἀπέλυσε
1339 5371 1431 5424 τὸν
1462 5374 1703 5437 νεανίαν,

138 5471 152 5500 ι
183 5458 560 5526 παραγγείλας
601 5457 792 5527 μηδενὶ
822 5459 1149 5529 ἐκλαλῆσαι,
1186 5461 1272 5516 ὅτι
1303 5462 1479 5519 ταῦτα
1506 5466 1706 5534 ινεφά-

140 5564 155 5595 ι
183 5564 323 5610 νισας
362 5549 511 5619 πρός
555 5565 644 5617 με.
676 5550 788 5602 Καὶ
838 5552 1357 5623 προσκαλεσάμενος
1411 5556 1506 5609 δύο
1552 5558 1706 5624 τινάς

140 5654 154 5685 ι
177 5639 273 5690 τῶν
304 5639 754 5708 ἑκατοντάρχων,
773 5633 955 5695 εἶπεν·
987 5642 1347 5715 Ἑτοιμάσατε
1366 5647 1706 5718 στρατιώτας

142 5729 502 5796 «διακοσίους.
534 5732 681 5795 ὅπως
712 5734 1053 5805 πορευθῶσιν
1081 5737 1184 5801 ἓως
1208 5739 1570 5809 Καισαρείας,
1613 5742 1707 5796 καὶ

148 5824 362 5891 «ἱππεῖς
395 5825 802 5898 ἑδδπμὴκοντα,
836 5828 927 5883 καὶ
974 5828 1317 5897 δεξιολάϐους
1372 5830 1701 5899 διακοσίους,

1810 3273 1826 3303 ι
1865 3251 2029 3306 ducat
2060 3251 2214 3305 illum
2242 3251 2307 3306 ad
2339 3267 2461 3317 nos,
2499 3260 2757 3323 tanquam
2785 3253 2993 3323 aliquid
3045 3252 3251 3309 certius
3291 3268 3387 3308 co-

1810 3364 1827 3395 ι
1868 3346 2120 3415 gnituros
2147 3346 2214 3401 de
2267 3361 2353 3401 eo.
2385 3346 2495 3402 Nos
2539 3364 2673 3402 vero
2724 3348 3041 3418 priusquam
3082 3349 3384 3419 appropin-

1810 3456 1827 3487 ι
1867 3444 2019 3505 quet,
2048 3438 2223 3507 parati
2248 3453 2438 3493 sumus
2477 3439 2786 3493 interﬁcere
2813 3440 2986 3493 illum.
3008 3438 3257 3509 Cumque
3284 3456 3385 3494 au-

1812 3547 1827 3577 ι
1865 3527 2036 3583 disset
2072 3528 2216 3585 ﬁlius
2261 3530 2471 3585 sororis
2521 3531 2675 3586 Pauli
2723 3532 2973 3595 insidias,
3014 3532 3163 3587 venit
3205 3540 3261 3587 et
3300 3532 3389 3587 in.

1813 3636 1831 3668 ι
1871 3617 2034 3672 travit
2116 3626 2318 3684 castra,
2406 3619 2794 3690 nuntiavitque
2856 3620 3047 3675 Paulo.
3103 3619 3388 3676 Accorsito

1813 3731 1830 3763 ι
1870 3720 2052 3766 autem
2089 3712 2291 3767 Paulus
2334 3712 2403 3766 ad
2444 3727 2503 3766 se
2540 3727 2654 3767 uno
2704 3727 2772 3766 ex
2806 3712 3227 3768 centurionibus
3266 3712 3385 3767 ait:

1812 3822 1829 3854 ι
1870 3804 2286 3858 Adolescentem
2329 3803 2478 3858 hunc
2524 3802 2703 3858 abduc
2755 3803 2822 3858 ad
2869 3804 3177 3870 tribunum,
3222 3804 3392 3861 habet

1813 3914 1829 3945 ι
1867 3894 2012 3950 enim
2041 3895 2186 3966 quod
2218 3895 2500 3950 renuntiet
2526 3894 2626 3951 illi.
2653 3894 2722 3950 Et
2744 3894 2835 3951 ille
2858 3896 3083 3966 quidem
3100 3912 3391 3952 assumens

1814 4008 1831 4039 ι
1867 4004 1993 4043 eum
2031 3988 2186 4042 duxit
2234 3987 2298 4042 ad
2333 3986 2638 4048 tribunum,
2666 3995 2721 4041 et
2748 3987 2824 4042 ait
2857 4007 2869 4042 :
2914 3988 3141 4043 Vinctus
3188 3986 3393 4045 Paulus

1814 4099 1830 4132 ι
1875 4080 2200 4135 accersitum
2225 4094 2309 4134 me
2328 4080 2557 4150 rogavit,
2582 4086 2642 4133 ut
2668 4078 2811 4133 hunc
2836 4078 3240 4134 adolescentem
3264 4096 3384 4151 per-

1817 4194 1834 4225 ι
1874 4175 2132 4229 ducerem
2168 4172 2235 4227 ad
2274 4182 2325 4227 te
2357 4172 2649 4226 habentem
2699 4171 2904 4241 aliquid
2939 4171 3087 4242 quod
3126 4173 3388 4242 loquatur

1817 4285 1834 4318 ι
1870 4265 1991 4319 tibi.
2048 4265 2404 4335 Apprebeusa
2469 4274 2653 4318 autem
2698 4264 2956 4318 tribunus
3004 4279 3173 4318 manu
3215 4264 3387 4331 illius,

1818 4378 1834 4411 ι
1876 4358 2107 4413 secessit
2132 4374 2255 4413 cum
2279 4372 2345 4412 eo
2372 4357 2599 4411 seorsim
2626 4367 2681 4411 ct
2704 4364 3059 4426 percontatus
3080 4366 3166 4413 est
3192 4358 3343 4413 illum
3372 4376 3385 4411 :

1820 4471 1838 4503 ι
1878 4449 2021 4517 Quid
2048 4448 2300 4519 estquod
2338 4447 2509 4503 habes
2536 4448 2960 4519 signiﬁcandum
2996 4448 3265 4505 mibi?At
3299 4450 3391 4505 ille

1816 4560 1834 4592 ι
1868 4542 2006 4597 dixit
2038 4561 2050 4595 :
2079 4541 2235 4612 167
2262 4539 2436 4596 Judazi
2467 4540 2874 4595 constituerunt
2915 4542 2993 4595 uti
3023 4550 3279 4612 rogarent
3314 4551 3387 4609 te,

1819 4654 1837 4686 ι
1871 4642 1933 4689 ut
1958 4635 2202 4690 crastino
2267 4633 2358 4689 die
2410 4632 2613 4689 educas
2670 4630 2899 4687 Paulum
2952 4633 3007 4688 in
3066 4634 3386 4701 concilium,

1820 4744 1837 4777 ι
1870 4726 2025 4797 quasi
2057 4725 2266 4796 aliquid
2302 4724 2509 4781 certius
2556 4724 2874 4794 inquisituri
2918 4725 3030 4778 sint
3059 4725 3125 4778 de
3161 4724 3274 4780 illo.
3306 4725 3387 4780 Tu

1821 4834 1839 4866 ι
1881 4831 2011 4869 vero
2048 4830 2117 4869 ne
2167 4813 2556 4885 persuadearis
2600 4813 2670 4867 ab
2708 4813 2810 4868 eis.
2851 4811 3187 4868 lnsidiantur
3237 4814 3387 4869 enim

1820 4927 1839 4959 ι
1880 4908 1957 4963 illi
1990 4923 2056 4963 ex
2096 4908 2177 4962 eis
2220 4907 2322 4960 viri
2370 4906 2558 4977 plures
2604 4904 2988 4975 quadraginta,
3029 4904 3124 4975 qui
3175 4904 3388 4975 seipsos

1825 5021 1842 5053 ι
1883 5001 2229 5056 devovet-unt
2268 5014 2337 5055 ne
2382 4999 2469 5055 vel
2500 4999 2687 5062 edant,
2722 4997 2808 5051 vel
2854 4997 3050 5053 bibant
3092 4996 3270 5053 donec
3301 4997 3387 5053 in-

1820 5113 1837 5145 ι
1880 5094 2152 5148 teriiciant
2196 5092 2349 5147 illum
2397 5108 2409 5143 :
2462 5100 2517 5145 et
2563 5104 2710 5145 nunc
2781 5089 2959 5160 parati
3019 5096 3147 5143 sunt
3193 5102 3390 5160 exspe-

1818 5205 1835 5237 ι
1875 5193 2088 5240 ctantcs
2116 5193 2174 5238 ut
2198 5184 2502 5254 promittas.
2530 5181 2810 5236 Tribunus
2839 5179 3001 5252 igitur
3021 5178 3231 5235 dimisit
3253 5182 3387 5235 ado-

1820 5296 1836 5328 ι
1877 5277 2199 5340 lescentem,
2260 5274 2634 5344 praecepitque
2690 5272 2740 5327 ei
2795 5286 2809 5324 :
2871 5271 2951 5326 Ne
3007 5269 3096 5325 cui
3142 5270 3385 5333 eil‘utias,

1817 5387 1835 5420 ι
1884 5367 2161 5437 inquiens,
2201 5366 2345 5435 quod
2384 5365 2500 5419 haec
2547 5361 3065 5418 indicaveris‘mihi.
3099 5360 3165 5416 Et
3196 5376 3387 5417 accer-

1819 5476 1837 5509 ι
1878 5456 1999 5511 sitis
2046 5454 2262 5510 duobus
2298 5452 2626 5523 quibusdam
2684 5449 3126 5511 centurionibus.
3183 5450 3319 5505 dixit
3372 5467 3388 5504 :

1819 5568 1837 5601 ι
1878 5546 2072 5603 Parate
2111 5546 2315 5601 milites
2374 5543 2640 5599 ducentos
2684 5546 2745 5595 ut
2781 5548 2910 5594 eaut
2958 5539 3283 5604 Caesaream,
3334 5547 3392 5594 et

1820 5660 1838 5694 ι
1876 5641 2094 5713 equites
2143 5637 2508 5710 septuaginta,
2572 5642 2627 5689 et
2674 5632 2982 5689 lancearios
3032 5632 3302 5688 ducentos
3357 5646 3388 5686 α

1820 5756 1838 5791 ι
1877 5735 2037 5791 tertia
2080 5733 2214 5791 liora
2254 5729 2436 5785 noctis
2473 5746 2487 5783 :
2532 5736 2588 5783 et
2612 5728 2861 5799 jumenta
2892 5724 3152 5797 praebete.
3190 5734 3253 5781 ut
3280 5722 3387 5781 im-

1820 5850 1838 5883 ι
1874 5829 2111 5901 positum
2158 5825 2384 5881 Paulum
2428 5822 2637 5880 saivum
2689 5819 2989 5890 perducant
3030 5818 3098 5877 ad
3146 5818 3384 5877 Fblicem
