4178 6464
171 392 275 457 281

1139 405 1535 467 COMMENT.
1569 406 1650 467 IN
1684 406 1871 467 ACTA
1888 450 1893 455 -
1910 410 2485 480 APOSTOLORUM.

3330 430 3437 493 282

177 527 195 556 ι
236 510 449 578 λοιμὸν,
485 509 580 564 καὶ
626 512 881 568 κινοῦντα
900 517 1118 583 στάσεις
1150 521 1285 574 πᾶσι
1322 523 1435 584 τοῖς
1477 522 1749 584 Ἰουδαέοις

1867 545 1883 575 ‹
1920 531 2166 585 stiferura
2216 541 2271 586 et
2324 537 2693 592 concitantem
2776 541 3107 598 seditionem
3171 548 3432 604 omnibus

176 616 195 647 ι
234 603 349 663 τοῖς
379 601 523 655 κατά
572 604 672 673 τήν
720 606 1065 680 οἰκουμένην,
1132 614 1527 683 πρωτοστάτην
1558 632 1616 667 τε
1657 617 1757 684 τῆς

178 710 195 740 ι
238 692 351 744 τῶν
406 692 743 766 Ναζωραίων
791 701 1080 771 αἱρέσεως,
1118 704 1176 766 ὂς
1209 706 1302 759 κα)⁵
1336 705 1396 758 τὸ
1431 706 1578 775 ἱερὸν
1604 708 1753 760 ἐπεί-

175 802 193 831 ι
240 799 379 850 ρασε
444 784 776 855 βεὸηλῶσαι,
840 792 1225 863 ἐκρατήσαμεν
1283 796 1590 861 ueremni.
1618 799 1757 852 κατά

175 894 193 925 ι
234 876 623 948 τδνήμέτερον
650 881 814 950 νόμον
838 883 1191 955 ἠθελήσαμεν
1212 889 1439 958 κρίνειν.
1468 890 1757 961 Παρελθὼν

174 986 192 1015 ι
233 970 292 1020 δὲ
327 970 538 1041 Λυσίας
568 972 597 1024 ό
627 973 905 1045 χιλίαρχος
954 978 1089 1046 μετά
1143 979 1347 1050 πολλῆς
1400 981 1520 1051 βίας
1549 983 1612 1035 ἐκ
1647 982 1757 1035 τῶν

173 1078 191 1107 ι
235 1061 443 1130 χειρῶν
472 1063 629 1131 ἡμῶν
649 1066 958 1134 ἀπήγαγεν,
988 1070 1225 1123 κελεύων
1254 1073 1381 1134 τοὺς
1410 1073 1755 1144 κατηγόρους

176 1168 192 1197 ι
235 1150 409 1203 αὑτοῦ
468 1152 722 1221 ἔρχεσθαι
790 1157 883 1209 ἐπὶ
914 1158 1009 1209 σέο
1043 1160 1177 1228 παρ’
1200 1156 1260 1215 οὗ
1309 1161 1538 1215 δύνασαι
1587 1163 1754 1226 αὐτὸς

174 1261 190 1289 ι
236 1244 544 1312 ἀνακρίνας
592 1248 722 1316 περὶ
771 1249 989 1301 πάντων
1039 1251 1247 1305 τούτων
1296 1254 1618 1318 ἐπιγνῶναι,
1678 1249 1753 1307 ὧν

170 1351 189 1381 ι
237 1335 405 1402 ἡμεῖς
457 1339 874 1408 κατηγοροῦμεν
920 1342 1108 1395 αὐτοῦ.
1159 1343 1453 1398 Συνὲθεντο
1500 1345 1555 1398 δὲ
1587 1346 1679 1398 καὶ
1705 1348 1754 1399 οἱ

170 1443 190 1471 ε
240 1427 501 1480 Ἰουδαῖοι
534 1432 833 1496 φάσκοντες
862 1432 1036 1485 ταῦτα
1060 1432 1231 1495 οὕτως
1249 1435 1413 1504 ἔχειν.
1456 1436 1753 1508 Ἀπεκρίθη

170 1535 187 1565 ι
228 1516 288 1570 δὲ
319 1519 347 1569 ὁ
378 1518 608 1585 Παῦλος,
662 1524 948 1585 νεύσαντος
1016 1524 1178 1577 αὐτοῦ
1221 1526 1314 1579 τοῦ
1349 1528 1618 1597 ἡγεμόνος
1670 1528 1756 1581 λέ-

170 1629 188 1657 c
231 1625 379 1675 γειν⁹
413 1610 512 1663 Ἐκ
535 1611 746 1664 πολλῶν
800 1614 938 1665 ἑτῶν
990 1615 1118 1667 ὅντα
1148 1633 1207 1668 σε
1254 1619 1446 1687 κριτὴν
1502 1619 1579 1689 τῷ
1611 1620 1753 1673 ἔθνει

170 1720 185 1749 ι
228 1702 415 1769 τούτῳ
446 1703 829 1774 ἐπιστάμενος,
876 1708 1240 1779 εὐθυμότερον
1263 1708 1330 1762 τὰ
1355 1711 1480 1779 περὶ
1518 1712 1754 1780 ἐμαυτοῦ

168 1812 186 1841 ι
233 1793 669 1863 ἀπολογοῦμαι,
735 1796 1036 1866 δυναμένου
1095 1815 1189 1850 σου
1263 1798 1464 1866 γνῶναι
1500 1838 1514 1861 .
1563 1802 1644 1853 ὃτι
1691 1802 1752 1853 οὐ

168 1905 187 1933 ‹
230 1884 461 1947 πλείους
513 1887 650 1940 εἰσίν
693 1905 784 1953 μοι
836 1888 1041 1958 ἡμέραι
1072 1889 1375 1959 ἢδεκαδύο,
1410 1891 1502 1958 ἀφ’
1532 1885 1599 1961 ἦς
1664 1893 1753 1943 ἀν·
1789 1873 1828 1927 Β

165 1995 184 2026 ι
227 1978 369 2043 ἐεην
391 1983 787 2049 προσκυνήσων
836 1980 1289 2054 ὲνἹερουσαλὴμ,
1317 1984 1409 2035 καὶ
1435 1982 1557 2035 οὔτε
1597 1985 1655 2036 ἐν
1678 1983 1757 2053 τῷ

166 2088 182 2116 ι
231 2070 370 2139 ξερῷ
428 2066 585 2141 εῦρᾶν
616 2089 685 2140 με
721 2073 854 2143 πρός
894 2090 1015 2126 τινα
1054 2074 1459 2143 διαλεγόμενον,
1490 2075 1522 2145 ἢ
1556 2075 1751 2128 ἐπισύ-

230 2178 431 2213 στασιν
468 2161 726 2215 ποιοῦντα
763 2163 943 2233 ὄχλου,
978 2163 1104 2218 οὔτε
1136 2167 1193 2218 ὲν
1222 2168 1342 2229 ταῖς
1385 2171 1753 2235 συναγωγαῖς,

225 2251 357 2304 οὔτε
433 2256 572 2305 κατᾶ
600 2255 755 2307 πόλιν
787 2271 800 2284 ο
833 2255 961 2309 οὔτε
996 2258 1345 2327 παραστῆναί
1376 2275 1441 2327 με
1472 2259 1748 2323 δύνανται,

230 2349 368 2416 περὶ
394 2339 470 2399 ὧν
500 2348 870 2417 κατηγοροῦσί
909 2366 1032 2419 μου.
1075 2350 1353 2419 Ὁμολογῶ
1377 2351 1432 2403 δὲ
1460 2352 1619 2404 τοῦτό
1644 2370 1749 2415 σοι,

230 2531 490 2601 λατρεύω
518 2532 596 2603 τῷ
618 2532 856 2604 πατρῴῳ
911 2533 1049 2603 Θεῷ,
1115 2538 1388 2587 πιστεύων
1452 2538 1586 2589 πᾶσι
1642 2540 1753 2600 τοῖς

230 2627 379 2678 κατά
410 2626 500 2677 τὸν
530 2628 694 2697 νόμον
721 2630 812 2679 καὶ
838 2631 952 2690 τοῖς
983 2630 1290 2697 προφήταις
1320 2630 1749 2700 γεγραμμένοις.

231 2717 433 2769 ἐλπίδα
481 2717 620 2787 ἔχων
674 2720 754 2781 εἰς
806 2719 896 2773 τὸν
953 2720 1203 2791 Θεὸν,ἣν
1250 2723 1342 2774 καὶ
1398 2724 1552 2776 αὐτοὶ
1607 2718 1752 2777 οὗτοι

170 2828 187 2856 ι
231 2808 644 2879 προσδέχονται,
680 2811 976 2864 ἀνάστασιν
1013 2811 1228 2881 μέλλειν
1267 2812 1484 2865 ἔσεσθαι
1518 2816 1749 2885 νεκρῶν,

170 2921 188 2950 ι
228 2900 463 2954 δικαίων
490 2919 546 2953 τε
578 2903 671 2953 καὶ
697 2902 916 2958 ἀδίκων.
951 2903 1044 2955 Ἐν
1073 2903 1247 2974 τούτῳ
1292 2904 1350 2956 δὲ
1384 2904 1749 2969 αὐτὸςιάσκῶ,

168 3011 188 3041 ι
228 2992 583 3062 ἀπρόσκοπον
638 2993 943 3063 συνείδησιν
990 2995 1134 3065 ἔχειν
1188 2996 1324 3064 πρὸς
1382 2995 1472 3048 τὸν
1500 2996 1630 3048 Θεὸν
1661 2997 1752 3048 καὶ¹

166 2460 182 2489 ι
226 2442 312 2492 Et:
365 2440 509 2493 κατὰ
566 2442 665 2510 τὴν
697 2442 839 2506 ὁδὸν,
896 2443 963 2513 ἣν
1002 2442 1253 2511 λέγουσιν
1305 2445 1540 2513 αἵρεσιν,
1572 2444 1749 2508 οὕτως

170 3104 190 3135 ι
230 3086 362 3147 τοὺς
424 3084 747 3154 ἀνθρώπους
788 3086 1102 3149 διαπαντός.
1140 3089 1217 3138 Δι’
1249 3086 1387 3138 ἐτῶν
1413 3086 1467 3139 δὲ
1490 3085 1753 3139 πλειόνων

166 3196 186 3227 ι
229 3176 640 3246 παρεγενόμην,
707 3177 1073 3248 ἐλεημοσύνας
1110 3181 1350 3246 ποιήσων
1380 3179 1460 3239 εἰς
1489 3179 1550 3230 τὸ
1582 3179 1743 3242 ἔθνος
1776 3201 1817 3258 c

164 3287 184 3317 σ
229 3286 334 3336 μου
370 3270 466 3320 καὶ
522 3268 859 3337 προσφορὰς.
892 3270 950 3321 ἐν
976 3264 1058 3331 οἷς
1108 3264 1268 3339 εὗρόν
1330 3286 1396 3339 με
1422 3270 1751 3339 ἡγνισμένον

163 3375 184 3407 σ
229 3359 288 3408 ἐν
326 3355 405 3426 τῷ
440 3357 591 3426 ἱερῷ,
617 3359 676 3409 οὗ
715 3358 851 3427 μετὰ
903 3359 1082 3428 ὃχλου,
1122 3360 1246 3411 οὐδὲ.
1286 3363 1424 3428 μετᾶ
1476 3361 1734 3431 θορύϐου.

164 3466 184 3495 ς
229 3448 390 3509 Τινὲς
419 3448 475 3500 δὲ
506 3450 614 3500 ἀπὸ
655 3450 753 3516 τῆς
811 3452 993 3513 Ἀσίας
1052 3451 1322 3516 Ἰουδαῖοι,
1371 3451 1464 3511 οὓς
1518 3452 1601 3504 δεῖ
1658 3454 1751 3505 ἐπὶ

164 3558 183 3590 ι
227 3539 325 3592 σοῦ
356 3543 610 3607 παρεῖναι
664 3544 757 3595 καὶ
807 3548 1152 3613 κατηγορεῖν,
1192 3545 1245 3596 εἴ
1272 3562 1323 3596 τι
1383 3545 1562 3613 ἔχοιεν
1615 3547 1750 3614 πρός

165 3648 183 3677 ι
234 3646 327 3698 με,
357 3629 390 3699 ἢ
420 3631 570 3683 αὐτοὶ
613 3624 759 3683 οὗτοι
786 3633 1121 3697 εἰπάτωσαν,
1179 3633 1231 3685 ετ
1259 3650 1310 3685 τι
1347 3627 1507 3703 εὗρον
1536 3635 1592 3684 ὲν
1620 3635 1748 3703 ἐμοὶ

168 3744 185 3773 ι
229 3724 505 3792 ἀδξκημα,
565 3724 789 3786 στάντος
838 3742 939 3793 μου
969 3726 1061 3777 ἐπὶ
1083 3724 1176 3777 τοῦ
1208 3723 1511 3794 συνεδρίου,
1549 3725 1581 3796 ἢ
1614 3724 1746 3792 περὶ

165 3835 183 3863 ε
230 3816 360 3883 μιᾶς
422 3814 624 3884 ταύτης
680 3815 865 3885 φωνῆς
901 3856 918 3879 ,
979 3810 1045 3884 ἧς
1110 3816 1385 3885 ἐκέκραξα
1462 3816 1633 3876 ἑστὼς
1692 3819 1747 3867 ἐν

166 3925 185 3954 ι
226 3907 439 3968 αὐτοῖς,
477 3906 560 3958 ὅτι
591 3908 722 3976 περὶ
763 3908 1115 3971 ἀναστάσεως
1153 3908 1361 3978 νεκρῶν
1401 3905 1513 3974 ἐγὼ
1564 3908 1745 3978 κρίνο-

165 4017 183 4048 σ
230 4016 333 4067 μαι
359 4000 601 4067 σήμερον
631 3999 721 4068 ὑφ’
743 3999 917 4067 ὑμῶν.
952 4019 970 4048 ι

233 4107 253 4138 ι
293 4089 421 4140 Ὀτι
450 4089 590 4141 κατὰ
633 4089 734 4157 τὴν
762 4090 899 4145 ὁδὸν.
935 4090 1001 4159 ῆν
1026 4089 1277 4157 λέγουσιν
1324 4093 1558 4165 αἵρεσιν,
1605 4091 1746 4145 οὕτω

156 4178 413 4249 λατρεύω
442 4178 521 4249 τῷ
546 4179 784 4250 πατρῴῳ
831 4180 969 4248 Θεῷ.
999 4201 1016 4233 ι
1050 4184 1204 4236 Μετά
1258 4184 1358 4253 τὴν
1428 4185 1621 4256 κλῆσιν
1642 4170 1743 4237 τοῦ

156 4266 301 4323 εἶναι
340 4270 642 4334 ἀπόστολος
694 4273 933 4342 Χριστοῦ
985 4273 1157 4341 λέγων
1210 4276 1496 4346 λατρεύειν
1554 4276 1745 4347 Κυρίῳ

156 4363 409 4433 πατρῴῳ
437 4363 554 4432 Θεῷ
578 4363 849 4417 δείκνυσιν
868 4365 964 4418 ἕνα
990 4366 1119 4419 ὅντα
1140 4367 1272 4420 Θεὸν
1301 4369 1541 4430 Παλαιᾶς
1572 4386 1631 4422 τε
1654 4371 1744 4422 καὶ

154 4456 330 4517 Νέας,
367 4455 430 4507 ὃν
461 4456 513 4508 0'.
542 4457 821 4524 προφῆται
885 4459 980 4509 καὶ
1005 4460 1033 4511 ὁ
1060 4460 1224 4528 νόμος
1262 4462 1658 4531 κατήγγειλαν,
1684 4463 1743 4514 ὃν

150 4551 179 4600 ὁ
210 4547 433 4610 Παῦλος
477 4549 782 4617 ἐκήρυσσεν
826 4548 995 4602 εἰπὼν
1027 4588 1042 4612 ,
1097 4551 1371 4604 πιστεύων
1435 4554 1568 4605 πᾶσι
1628 4555 1741 4615 τοῖς

153 4641 299 4695 κατά
380 4639 550 4709 νόμον
604 4641 701 4693 καὶ
751 4643 868 4703 τοῖς
932 4644 1238 4711 προφήταις
1302 4646 1736 4714 γεγραμμένοις.

151 4733 319 4786 Κατά
344 4731 410 4783 τὸ
446 4730 806 4800 σιωπώμενον
847 4732 905 4785 δὲ
939 4734 1220 4787 κάνταῦθα
1242 4735 1331 4787 τὸν
1360 4736 1597 4805 Χριστὸν
1634 4739 1741 4790 εἶσ-

150 4824 385 4891 ἧτατενν
420 4820 558 4872 ἀλλά
607 4820 745 4884 τέως
772 4822 849 4891 τῷ
875 4824 975 4892 τῆς
1020 4824 1372 4886 ἀναστάσεως
1409 4826 1738 4898 ὲνδιατρξὸει

148 4913 405 4983 λόγῳ,δν
462 4904 697 4977 οὗτοιὲξ
726 4916 901 4984 ἀρχῆς
951 4915 1312 4974 διεπονοῦντο.
1368 4918 1585 5001 Τούτου.
1631 4920 1739 4990 γὰρ

148 5005 460 5073 δειχθέντος
494 5004 732 5069 εὐκόλως
764 5008 858 5058 καὶ
887 5005 956 5058 τὰ
986 5005 1080 5059 τοῦ
1114 5008 1352 5078 Χριστοῦ
1385 5011 1736 5080 ἐπεισήγετο,

152 5096 234 5147 ὃτι
268 5096 503 5163 ἀνέστη.

225 5205 245 5237 ι
286 5188 560 5252 Ἀκούσας
611 5188 667 5241 δὲ
699 5188 873 5244 ταῦτα
903 5190 931 5242 ὁ
957 5190 1123 5261 Φήλιξ
1182 5192 1444 5247 ἁνέϐαλεν
1513 5198 1735 5260 αὐτους,

158 5295 174 5327 ι
214 5279 616 5349 ἀκριϐέστερον
647 5281 801 5343 εἰδὼς
819 5283 885 5334 τὰ
911 5284 1040 5353 περὶ
1068 5284 1167 5352 τῆς
1196 5286 1337 5349 ὀδοῦ,
1364 5288 1730 5341 εἰπών-Ὅταν

158 5387 175 5417 ι
219 5370 437 5432 Λυσίας
468 5372 496 5423 ὀ
518 5371 799 5441 χιλίαρχος
832 5375 1065 5444 καταϐῇ,
1116 5376 1487 5446 διαγνώσομαι
1514 5379 1583 5430 τὰ
1615 5380 1735 5431 καθ’

161 5477 178 5507 ι
224 5460 395 5528 ὑμᾶς.
430 5461 831 5531 Διαταξὲιμενός
862 5480 917 5515 τε
944 5463 1019 5533 τῷ
1042 5465 1425 5535 ὲκατοντὰρχῳ
1454 5467 1736 5536 τηρεῖσθαι

162 5571 180 5602 ι
219 5553 316 5604 τὸν
356 5552 595 5615 Παῦλον,
648 5554 793 5623 ἔχειν
822 5572 879 5607 τε
908 5556 1113 5614 ἄνεσιν.
1140 5558 1235 5609 καὶ
1271 5558 1473 5629 μηδένα
1506 5539 1736 5613 κω).ύεῖν

166 5661 183 5694 ι
225 5660 335 5695 των
368 5645 517 5696 ἰδίων
543 5644 709 5697 αὑτοῦ
739 5647 1085 5715 ὑπηρετεῒνῆ
1123 5629 1522 5719 προσέρχεσθαι
1554 5651 1725 5721 αὐτῷ.

162 5753 183 5784 ι
229 5735 385 5788 Μετά
411 5736 467 5788 δὲ
496 5738 713 5806 ἡμέρας
733 5740 883 5802 τινὰς
922 5743 1357 5810 παραγενόμενος
1386 5744 1414 5792 ὁ
1433 5740 1605 5811 Φῆλιξ
1636 5745 1733 5795 σὺν

160 5844 180 5877 ι
225 5828 521 5902 Δρουσίλλῃ
552 5832 614 5901 τῇ
648 5832 862 5899 γυναικὶ
919 5833 1232 5907 αὖτοῦοῦσῃ
1292 5835 1545 5906 Ἰουδιιῐᾳ,
1606 5854 1729 5908 μετ-

1869 643 1885 675 ι
1917 624 2119 678 ludatis
2151 626 2205 679 in
2236 626 2492 681 universo
2523 630 2676 690 orbe.
2743 640 2798 685 et
2862 643 3144 689 auctorem
3204 638 3433 695 haeresis

1868 736 1886 769 ι
1922 717 2351 786 Nazarenorum,
2420 721 2515 791 qui
2567 722 2731 777 etiam
2794 728 3057 796 templum
3136 731 3430 799 profanare

1868 829 1885 861 ι
1926 812 2154 865 tentavit
2196 829 2209 865 :
2246 828 2409 882 quem
2437 822 2491 868 et
2525 815 2933 884 apprehensum
2958 820 3234 877 voluimus
3276 825 3431 895 juxta

1868 918 1886 951 ι
1920 902 2095 971 legem
2128 910 2371 956 nostram
2395 904 2666 974 judicare.
2726 907 2833 962 Sed
2881 912 3280 978 superveniens
3326 915 3432 968 tri-

1868 1012 1885 1044 ι
1934 993 2115 1048 bunus
2139 993 2329 1066 Lysias
2356 1010 2482 1049 cum
2513 1012 2707 1065 magna
2742 998 2795 1051 vi
2826 999 2985 1069 169
3013 1001 3217 1070 eripuit
3242 1019 3365 1057 eum
3399 1022 3428 1059 a

1866 1104 1885 1136 ι
1923 1086 2174 1141 manibus
2202 1086 2423 1150 nostris,
2458 1086 2660 1156 jubens
2716 1101 3061 1145 accusatores
3090 1094 3209 1162 ejus
3258 1093 3324 1147 ad
3379 1103 3430 1151 te

1866 1197 1883 1228 ι
1922 1177 2130 1242 venire,
2167 1194 2233 1231 ex
2264 1192 2374 1247 quo
2408 1179 2616 1247 poteris
2648 1178 2764 1248 ipse
2790 1179 2930 1234 facta
2964 1182 3326 1251 inquisitione
3350 1187 3417 1241 de

1865 1287 1882 1318 ι
1924 1268 2186 1322 omnibus
2221 1267 2339 1321 istis
2371 1283 2724 1337 cognoscere,
2774 1270 2841 1322 de
2884 1271 3086 1339 quibus
3117 1289 3216 1327 nos
3267 1290 3430 1329 accu-

1864 1378 1881 1411 ι
1916 1374 2100 1413 saluus
2129 1374 2276 1413 eum.
2305 1358 2640 1427 Adjecerunt
2668 1370 2850 1414 autem
2873 1371 2925 1417 et
2950 1362 3146 1428 Juda-i,
3180 1364 3430 1421 dicentes

1864 1469 1881 1500 ι
1918 1451 2032 1506 haec
2060 1451 2133 1505 ita
2165 1464 2222 1505 se
2254 1449 2480 1504 habere.
2513 1450 2816 1519 Respondit
2845 1460 3027 1506 autem
3058 1454 3276 1517 Paulus,
3302 1472 3426 1509 cum

1864 1562 1882 1592 ι
1924 1542 2209 1597 annuisset
2232 1542 2346 1612 ipse
2373 1557 2574 1611 praeses
2596 1552 2657 1595 ut
2679 1542 2887 1597 diceret
2926 1562 2937 1596 :
2961 1543 3224 1614 .IEquiore
3244 1548 3429 1601 animo

1864 1653 1882 1685 ι
1929 1649 2026 1702 pro
2055 1633 2267 1703 meipso
2296 1634 2621 1702 respondeo,
2658 1649 2781 1689 cum
2813 1636 2979 1688 sciam
3033 1645 3082 1689 te
3110 1637 3296 1691 multis
3316 1638 3425 1707 jam

1864 1742 1883 1775 ι
1923 1725 2082 1778 annis
2106 1723 2347 1793 judicent
2378 1722 2547 1776 fuisse
2594 1723 2741 1790 genti
2799 1723 2929 1777 huic
2967 1741 2979 1775 :
3022 1725 3113 1792 qui
3146 1734 3302 1794 potes
3336 1742 3429 1780 co-

1864 1836 1881 1869 ι
1921 1830 2210 1885 gnoscere,
2238 1816 2383 1885 quod
2431 1831 2540 1869 non
2565 1816 2752 1884 plures
2780 1826 2907 1870 sunt
2936 1816 3070 1870 mihi
3103 1817 3241 1883 dies,
3266 1834 3428 1887 quam

1866 1926 1883 1957 ι
1920 1906 2233 1971 duodecim,
2270 1922 2336 1961 ex
2371 1922 2481 1976 quo
2512 1907 2734 1961 ascendi
2790 1907 3120 1962 adoraturus
3149 1909 3427 1980 Jcrosoly-

1865 2018 1883 2049 ι
1921 2012 2063 2051 mam
2098 2015 2111 2050 :
2141 2009 2197 2052 et
2219 2013 2398 2067 neque
2423 1998 2475 2051 in
2512 1998 2714 2066 templo
2749 2008 3139 2068 compererunt
3165 2014 3251 2054 me
3302 2015 3426 2054 cum

1865 2110 1883 2142 ι
1920 2091 2106 2159 aliquo
2131 2090 2527 2159 disputantem,
2587 2100 2681 2144 aut
2750 2106 3080 2145 concursum
3138 2092 3427 2147 facientem

1866 2204 1882 2233 ι
1923 2184 2118 2248 ιιιτδαι,
2150 2198 2329 2252 neque
2375 2183 2431 2236 in
2469 2183 2779 2253 synagogis,
2845 2197 3027 2251 neque
3073 2183 3129 2236 in
3184 2183 3426 2246 civitate,

1863 2297 1879 2327 ι
1919 2291 2095 2345 neque
2121 2274 2353 2338 probare
2389 2284 2624 2342 possunt
2655 2289 2718 2328 ea
2773 2272 2840 2326 de
2891 2272 3096 2341 quibus
3118 2287 3205 2326 me
3260 2287 3428 2327 accu-

1863 2386 1879 2417 ι
1917 2374 2057 2421 sant.
2096 2362 2379 2419 Confiteor
2409 2371 2593 2417 autent
2625 2363 2729 2417 hoc
2786 2361 2884 2415 tibi
2920 2361 3065 2431 quod
3091 2362 3245 2431 juxta
3282 2362 3426 2416 viam

1863 2480 1879 2509 ι
1920 2472 2083 2528 quam
2114 2463 2313 2510 vocant
2357 2454 2611 2509 hasresim
2660 2455 2741 2508 sic
2796 2454 2918 2509 colo
2963 2453 3200 2523 patrium
3233 2453 3427 2519 Deum,

1861 2570 1879 2602 ι
1914 2550 2145 2605 credens
2169 2548 2429 2602 omnibus
2459 2563 2580 2617 quze
2616 2548 2670 2599 in
2695 2547 2811 2617 lege
2833 2555 2887 2599 et
2912 2546 3197 2616 prophetis
3225 2546 3426 2615 scripta

1862 2663 1879 2694 ι
1917 2651 2047 2696 sunt
2077 2659 2091 2694 :
2123 2656 2274 2710 spem
2307 2640 2516 2694 habens
2546 2640 2597 2692 in
2624 2639 2797 2693 Deum
2830 2636 2970 2701 fore,
3031 2652 3196 2706 quam
3254 2644 3311 2691 et
3369 2638 3426 2690 hi

1862 2752 1880 2782 ι
1916 2738 2254 2800 exspectant,
2287 2728 2749 2783 resurrectionem
2781 2735 3122 2781 mortuorum
3148 2725 3421 2793 justorum

1862 2840 1880 2871 ι
1915 2820 2079 2875 simul
2105 2829 2161 2873 et
2206 2819 2562 2890 injustorum.
2597 2817 2654 2870 lu
2688 2817 2794 2871 hoc
2828 2825 3012 2869 autem
3067 2816 3181 2883 ipse
3235 2812 3430 2865 studeo

1862 2932 1879 2962 ι
1918 2913 2036 2965 sine
2067 2910 2399 2964 oﬂeridiculo
2422 2907 2815 2962 conscientiam
2846 2906 3050 2960 habere
3093 2922 3222 2974 erga
3251 2905 3425 2958 Deum

1862 3023 1879 3055 ι
1915 3014 1971 3057 et
1995 3004 2247 3057 homines
2277 3016 2515 3070 semper.
2545 3001 2673 3054 Post
2706 3014 2882 3052 annos
2908 3007 3090 3052 autem
3119 2997 3307 3065 plures
3334 3009 3418 3049 ae-

1863 3113 1881 3145 ‹
1916 3094 2056 3148 cessi
2089 3093 2470 3161 eleemosynas
2498 3090 2850 3144 exhibiturus
2886 3090 2941 3142 in
2994 3098 3209 3157 gentem
3249 3102 3425 3139 meam

1861 3204 1878 3235 ι
1914 3195 1970 3239 et
2001 3185 2328 3247 oblationes,
2364 3184 2419 3236 in
2448 3182 2649 3252 quibus
2698 3187 3091 3250 compererunt
3143 3194 3229 3233 me
3269 3179 3424 3246 puri-

1860 3297 1876 3328 (
1914 3276 2132 3330 licatum
2165 3277 2221 3329 in
2275 3274 2498 3341 templo,
2528 3272 2675 3326 haud
2711 3287 2834 3326 cum
2873 3271 3032 3324 turba
3069 3284 3247 3339 neque
3301 3285 3426 3323 eum

1860 3388 1877 3415 ‹
1915 3368 2173 3422 tumultu.
2211 3365 2446 3431 Quidam
2500 3374 2684 3418 autem
2745 3379 2813 3417 ex
2872 3363 2998 3416 Asia
3030 3362 3225 3428 Judzei,
3288 3379 3427 3431 quos

1861 3480 1877 3508 ι
1924 3458 2216 3527 oportebat
2250 3455 2397 3525 apud
2462 3462 2515 3509 te
2554 3463 2753 3523 przesto
2795 3468 2917 3507 esse
2955 3463 3012 3506 et
3044 3468 3326 3517 accusare,
3379 3455 3424 3507 si

1862 3570 1878 3600 ι
1918 3550 2047 3618 quid
2080 3548 2350 3603 haberent
2396 3548 2689 3601 adversum
2750 3560 2838 3599 me
2876 3563 2890 3598 :
2931 3553 3027 3599 aut
3084 3544 3139 3598 hi
3194 3543 3295 3613 ipsi
3340 3543 3424 3597 di-

1860 3662 1876 3691 ‹
1913 3652 2059 3706 cant,
2087 3642 2131 3695 si
2163 3640 2296 3710 quid
2344 3638 2833 3709 deprehenderunt
2870 3638 2926 3694 in
2965 3652 3051 3694 me
3093 3638 3421 3709 iniquitatis,

1861 3755 1877 3785 ι
1911 3750 2034 3788 cum
2071 3742 2211 3788 stem
2247 3734 2299 3786 in
2354 3732 2589 3786 concilio
2625 3750 2638 3786 :
2677 3732 2784 3785 nisi
2840 3729 2909 3785 de
2967 3744 3074 3784 una
3118 3729 3222 3784 hac
3267 3745 3421 3794 voce,

1860 3847 1877 3877 ι
1916 3844 2021 3895 qua
2053 3827 2281 3880 clamavi
2338 3825 2484 3879 inter
2536 3840 2603 3878 co
2663 3832 2832 3877 stans.
2892 3824 2967 3876 lle
3023 3821 3423 3875 resurrectione

1859 3941 1875 3970 ε
1915 3930 2259 3975 mortuorum
2290 3917 2635 3988 egojudicor
2670 3915 2836 3970 hodie
2874 3932 2901 3969 a
2938 3914 3115 3969 vobis.
3152 3933 3170 3964 ι

1928 4125 1943 4151 ε
1981 4102 2140 4156 Juxta
2175 4101 2317 4154 viam
2361 4113 2524 4168 quam
2557 4106 2756 4151 vocant
2789 4096 3041 4151 haeresim
3070 4095 3149 4146 sic.
3173 4094 3295 4147 colo
3324 4108 3417 4162 pa-

1853 4195 2017 4249 trium
2056 4195 2248 4248 Deum.
2287 4211 2304 4242 ι
2351 4191 2552 4245 Dicens
2606 4205 2664 4243 se
2726 4189 2895 4242 Deum
2940 4187 3182 4256 patrium
3241 4185 3423 4239 colere

1850 4293 1971 4352 post
2002 4282 2197 4335 factam
2230 4280 2572 4334 vocationem
2608 4287 2667 4332 ut
2693 4286 2886 4332 essent
2936 4276 3194 4345 apostoli,
3235 4285 3421 4328 osten-

1848 4375 1929 4429 dit
1958 4373 2216 4426 cumdem
2277 4387 2396 4427 esse
2444 4372 2615 4425 Deum
2663 4369 2875 4424 Veteris
2925 4383 2989 4421 ac
3028 4367 3167 4420 Novi
3232 4366 3422 4420 Testa-

1850 4468 2044 4529 menti,
2120 4480 2284 4533 quem
2343 4464 2431 4517 lex
2477 4471 2533 4517 et
2596 4462 2876 4531 prophetae
2901 4458 3417 4513 annuutiaveruut:

1777 4531 2010 4626 unem
2069 4556 2272 4610 Paulus
2346 4553 2708 4623 prtedicabat,
2777 4550 2969 4604 dicens
3038 4565 3096 4603 se
3148 4548 3419 4602 universis

1748 5721 1778 5744 Ψ

1792 4937 1807 4949 κ
1843 4939 2006 4992 quem
2066 4922 2120 4975 hi
2169 4921 2239 4975 ab
2309 4921 2539 4976 exordio
2605 4918 2997 4987 oppugnabant
3044 4934 3056 4968 :

1846 4648 2076 4703 credere
2126 4661 2248 4715 quae
2295 4646 2348 4698 in
2402 4645 2519 4713 lege
2572 4657 2635 4697 ac
2690 4642 2970 4711 prophetis
3017 4640 3221 4708 scripta
3268 4648 3417 4693 sunt.

1844 4739 2107 4793 Latenter
2133 4747 2318 4790 autem
2345 4736 2630 4790 Christum
2653 4735 2820 4789 etiam
2864 4733 2955 4786 hic
2987 4732 3228 4792 induxit,
3260 4731 3420 4799 170

1843 4830 1938 4885 sed
1973 4828 2195 4883 interim
2222 4829 2275 4883 in
2305 4844 2562 4883 sermone
2602 4828 2669 4881 de
2699 4825 3109 4879 resurrectione
3144 4828 3414 4884 versatur,

3118 4915 3223 4968 hoc
3269 4914 3415 4966 enhn

1842 5022 2083 5076 ostenso,
2111 5011 2269 5065 facile
2300 5010 2465 5064 etiam
2487 5024 2609 5077 qua:
2633 5007 2699 5060 de
2719 5006 2937 5060 Christo
2969 5011 3097 5059 sunt
3154 5001 3412 5071 superin-

1842 5105 2089 5167 duceret,
2120 5117 2316 5170 nempe
2342 5100 2491 5170 quod
2528 5097 2917 5154 resurrexerit.

1911 5196 2100 5260 XXIV,
2133 5195 2327 5249 22-27.
2364 5212 2382 5244 ι
2420 5190 2633 5247 Auditis
2656 5200 2839 5245 autem
2874 5190 2988 5252 his,
3024 5189 3174 5243 Felix
3199 5186 3416 5242 distulit

1848 5309 1865 5339 ι
1905 5288 2047 5346 illos.
2077 5302 2202 5340 cum
2225 5293 2378 5340 certo
2402 5284 2567 5338 sciret
2596 5297 2718 5351 qua:
2741 5282 2806 5337 ad
2855 5296 2973 5335 eam
3020 5280 3168 5333 viam
3213 5278 3415 5331 attine-

1846 5400 1864 5433 ‹
1905 5381 2054 5441 baut,
2090 5379 2281 5432 dicens
2316 5395 2329 5431 :
2361 5377 2494 5431 Cum
2550 5375 2802 5428 tribunus
2833 5372 3020 5442 Lysias
3047 5368 3414 5429 descenderit,

1849 5490 1867 5521 ‹
1910 5483 2233 5539 pernoscam
2291 5457 2513 5520 causam
2597 5474 2837 5518 vestram
2899 5480 2911 5516 :
2963 5462 3235 5533 jussitque
3290 5475 3417 5513 cen-

1847 5582 1863 5611 ι
1906 5561 2111 5615 turioui
2145 5570 2203 5613 ut
2258 5554 2869 5618 custodirct'Paulum,
2922 5555 3236 5620 sineretque
3285 5565 3412 5604 eum

1846 5673 1863 5705 ι
1903 5653 2161 5713 relaxari,
2193 5663 2249 5707 et
2297 5667 2365 5704 ue
2421 5665 2585 5719 quem
2615 5664 2682 5703 ex
2723 5650 2872 5703 illius
2925 5644 3288 5700 familiaribus
3318 5658 3413 5694 ve-

1847 5765 1863 5797 ι
1903 5748 2043 5799 taret
2066 5744 2490 5798 subministrare
2536 5743 2609 5805 ci,
2642 5752 2737 5795 aut
2772 5741 2924 5794 adire
2957 5755 3106 5793 eum.
3146 5738 3274 5791 Post
3313 5733 3418 5787 ali-

1845 5855 1861 5889 ι
1895 5846 2023 5907 quot
2057 5846 2237 5891 autem
2271 5836 2387 5891 dies
2411 5851 2535 5890 eum
2562 5834 2871 5889 advenisset
2905 5832 3052 5889 Felix
3099 5845 3223 5885 cum
3270 5827 3413 5881 Dru-
