4178 6464
743 390 846 450 3θό

1819 387 2213 446 (ΙίιέυΜΕΝΗ
2256 386 2547 443 'l‘lllL‘C.E
2588 385 2927 446 EPISCUPI

3876 387 3989 449 30$

751 523 768 553 ι
811 500 1226 556 constituissent
1258 500 1334 555 illi
1357 500 1523 564 diem,
1566 512 1831 555 venerunt
1856 502 1922 555 ad
1947 517 2072 557 eum
2106 502 2157 555 in
2181 501 2309 554 hos-

2435 522 2439 551 ι
2468 500 2688 570 ταύτης,
2711 515 2951 568 γνωστον
2978 502 3125 554 ἐστιν
3150 501 3302 571 ἡμῖν,
3326 501 3408 555 δτι
3439 500 3714 571 πανταχοῦ
3729 504 4005 570 ἀντιλέγε-

748 613 764 643 ι
810 595 1003 664 pitium
1035 592 1383 662 complures:
1428 592 1632 661 quibus
1660 593 1974 663 exponebat
2010 593 2312 648 testilieans

750 707 765 734 ι
811 700 1037 755 regnum
1067 684 1183 747 Dei,
1220 683 1568 753 suadensque
1593 684 1676 740 eis
1692 684 1759 739 de
1785 684 1912 739 Jesu
1943 699 2011 738 ex
2030 684 2148 754 lege
2174 684 2311 739 Mosi

756 806 758 810 ν
808 786 863 830 et
890 775 1171 845 prophetis
1203 789 1232 827 a
1260 790 1419 829 mane
1450 790 1625 845 usque
1651 775 1718 829 ad
1750 789 2055 844 vesperam.
2089 775 2158 829 Et
2185 774 2312 845 qui-

753 891 768 918 ‹
808 869 929 921 dam
957 867 1256 922 credebant
1286 867 1372 921 his
1403 883 1523 936 quze
1552 866 1899 931 dicebantur,
1928 866 2153 935 quidam
2180 882 2313 921 vero

752 979 767 1009 ι
812 976 918 1012 non
947 960 1267 1013 credebant.
1314 979 1331 1009 ι

819 1138 1012 1191 Sciens
1058 1137 1260 1190 Paulus
1306 1137 1536 1191 omnino
1582 1137 1882 1193 absurdum
1933 1151 2054 1192 esse
2105 1135 2315 1208 judicio

748 1226 1106 1292 contendere,
1140 1226 1304 1295 idque
1338 1229 1570 1281 maxime
1601 1227 1743 1296 apud
1771 1226 2040 1292 infideles,
2070 1227 2137 1282 de
2163 1235 2317 1282 utroa

749 1334 853 1384 que
878 1316 1255 1372 defensionem
1297 1327 1472 1385 parat,
1506 1334 1574 1371 ne
1601 1332 1795 1372 eorum
1826 1334 1991 1373 aures
2029 1334 2315 1388 praeoccu-

754 1418 973 1478 pentur.
1002 1410 1231 1478 PrOpter
1268 1408 1429 1471 hanc,
1452 1408 1649 1477 inquit,
1674 1424 1893 1463 causam
1932 1409 2180 1463 volebam
2221 1425 2316 1463 vos

755 1500 963 1563 videre,
993 1516 1060 1553 ne
1090 1500 1177 1553 eui
1204 1500 1397 1553 liceret
1423 1515 1508 1553 me
1534 1514 1815 1554 accusare.
1841 1501 1907 1554 Et
1938 1516 2001 1554 ea
2039 1500 2173 1554 dicit
2195 1516 2318 1569 qua:

753 1593 855 1646 sibi
880 1602 1070 1645 mutuo
1094 1600 1348 1646 constant
1373 1632 1387 1654 ,
1420 1607 1634 1660 nempe:
1668 1592 1859 1646 Manus
1887 1593 2105 1646 illorum
2128 1594 2319 1648 volens

754 1685 1018 1754 i-ﬂngere,
1052 1694 1275 1739 coactus
1308 1700 1428 1738 sum
1487 1683 1759 1739 thsarem
1798 1686 2097 1755 appellare,
2161 1687 2322 1758 186

756 1794 864 1832 non
896 1793 1005 1845 quo
1029 1775 1152 1829 aliis
1182 1777 1321 1830 mala
1347 1776 1624 1839 afferrem,
1676 1776 1770 1831 sed
1808 1787 1867 1831 ut
1898 1778 2011 1847 ipse
2048 1779 2187 1832 mala
2220 1779 2318 1832 de-

2425 611 2442 644 ι
2481 609 2591 648 ται.
2625 591 2931 661 Ταξάμενοι
2972 592 3030 645 δὲ
3056 591 3208 663 αὐτῷ
3241 592 3474 663 ἡμέραν,
3504 588 3638 664 ἧκον
3671 593 3806 664 πρὸς
3836 596 4003 648 αὑτὸν

2421 702 2441 736 ι
2482 686 2561 747 εἰς
2584 685 2680 754 τὴν
2712 686 2889 748 ξενίαν
2914 685 3180 750 πλείονες,
3205 678 3285 750 οἷς
3338 685 3607 751 ἐξετίθετο
3624 687 3999 757 διαμαρτυρό-

2422 792 2440 825 ι
2480 791 2637 843 μενος
2668 774 2766 845 τὴν
2807 774 3093 844 βασιλείαν
3121 774 3217 828 τοῦ
3270 774 3427 839 Θεοῦ,
3465 774 3666 828 πείθων
3713 792 3771 828 τε
3801 776 4004 837 αὐτοὺς

2423 885 2442 918 ι
2480 867 2549 920 τά
2575 866 2820 937 περὶτοῦ
2861 865 3035 936 Ἰησοῦ
3069 867 3179 921 ἀπό
3209 884 3268 921 τε
3302 867 3396 921 τοῦ
3438 869 3602 937 νόμου
3628 868 3870 940 ᾈίωσέως
3906 868 4006 919 καὶ

2423 978 2441 1010 ‹
2472 959 2580 1011 τῶν
2605 959 2919 1030 προφητῶν,
2941 959 3049 1013 ἀπὸ
3079 958 3225 1029 πρωϊ
3254 959 3358 1022 ἓως
3393 960 3652 1030 ἑσπέρας.
3677 960 3787 1014 Καὶ
3812 962 3861 1013 οί
3901 962 4005 1031 μὲν

2423 1069 2440 1101 ι
2484 1052 2760 1104 ἐπείθοντο
2781 1054 2892 1113 τοίς
2920 1051 3263 1120 λεγομένοις,
3302 1051 3352 1103 oi
3381 1052 3435 1103 δὲ
3462 1052 3746 1120 ἠπίστουν.

2491 1143 2658 1205 Εἰδὼς
2697 1143 2725 1194 ὁ
2755 1144 2965 1205 Παῦλος
2998 1146 3079 1197 ὅτι
3128 1143 3327 1196 ἄτοπον
3363 1139 3430 1214 ἦν
3455 1144 3590 1206 ὅλως
3648 1144 3708 1195 τὸ
3763 1144 3995 1195 δικασα-

2434 1234 2579 1297 σθαι,
2611 1236 2704 1287 καὶ
2740 1235 2974 1305 μάλιστα
3022 1235 3171 1305 παρά
3204 1235 3474 1297 ἀπίστοις,
3517 1236 3643 1304 περὶ⁵
3674 1235 4004 1304 ἀμφοτέρων

2418 1325 2785 1394 ἀπολογεῖται,
2811 1327 2951 1379 ὥστε
2978 1326 3053 1397 μὴ
3083 1327 3457 1398 προληφθῆναι
3485 1326 3662 1379 αὐτῶν
3684 1326 3779 1388 τὰς
3800 1328 3992 1388 ἀκοάς.

2418 1418 2516 1470 Διά
2547 1419 2751 1487 ταύτην
2786 1418 2917 1487 γὰρ,
2954 1418 3231 1488 φησ“ι,τὴν
3278 1417 3455 1471 αίτίαν
3506 1416 3807 1486 ἐϐουλόμην
3856 1419 4003 1484 ὑμᾶς

2422 1509 2569 1572 ίδεῖν,
2600 1508 2741 1561 ὥστε
2780 1508 2855 1579 μὴ
2878 1510 3206 1575 ὲξεῖναίτινι
3239 1512 3584 1579 κατηγορεῖν.
3620 1509 3727 1560 Καὶ
3759 1510 3825 1560 τά
3859 1525 4004 1574 παρα

2421 1600 2685 1670 ιστάμενα
2716 1600 2889 1668 λέγει,
2946 1603 3027 1654 ὅτι
3058 1600 3123 1671 δὴ
3153 1601 3266 1664 Τὰς
3295 1603 3483 1670 χεῖρας
3510 1601 3691 1653 αὐτῶν
3718 1599 4004 1666 διαφυγεῖν

2424 1690 2769 1762 βουλόμενος,
2812 1694 3162 1762 ἠναγκάσθην
3218 1692 3649 1745 ἐπικαλέσασθαι
3719 1694 3999 1762 Καίσαρα,

2418 1782 2515 1850 οὐχ
2530 1782 2605 1844 ὡς
2626 1782 2829 1852 ἑτέροις
2844 1783 3017 1845 διδοὺς
3043 1785 3209 1845 κακά,
3238 1783 3375 1837 ἀλλά
3395 1784 3557 1847 αὐτὸς
3585 1784 3797 1853 φεύγων
3827 1787 4000 1838 κακά.

758 1868 1007 1919 vitarem.
1075 1885 1091 1916 ι
1137 1865 1266 1919 Nam
1305 1865 1372 1920 de
1408 1875 1554 1921 secta
1601 1867 1723 1928 ista,
1762 1885 1779 1917 ι
1832 1877 1939 1923 etc.
1994 1868 2318 1938 Priusquam

2435 1891 2445 1922 I
2483 1873 2617 1942 Περὶ
2645 1874 2742 1943 μὲν
2772 1874 2879 1946 γάρ
2906 1874 3005 1944 τῆς
3030 1874 3296 1946 αἱρέσεως
3322 1874 3548 1946 ταύτης,
3575 1894 3592 1926 ι
3633 1877 3726 1928 καὶ
3755 1876 3822 1928 τά
3848 1875 4000 1940 ἑξῆς.

759 1958 961 2011 i'anlus
994 1958 1219 2011 Romam
1271 1958 1579 2023 accederet,
1630 1958 1896 2013 admoniti
1940 1970 2098 2013 erant
2123 1959 2320 2025 Judaei,

763 2069 825 2099 ne
854 2050 1296 2115 praedicationem
1332 2050 1400 2105 de
1424 2049 1644 2104 Christo
1673 2052 2040 2120 susciperent,
2082 2067 2185 2106 nec
2219 2052 2321 2122 ipsi

761 2143 884 2201 soli,
919 2143 1018 2196 sed
1053 2143 1365 2211 ubicunque
1402 2150 1674 2197 terrarum
1708 2142 1941 2212 dispersi
1966 2152 2142 2197 erant.
2172 2144 2323 2198 Unde

760 2245 946 2287 autem
974 2236 1025 2288 id
1052 2235 1400 2289 manifestum
1434 2250 1554 2289 esse
1591 2234 1830 2304 poterit?
1857 2235 2010 2289 Nacti
2030 2251 2219 2289 sumus
2245 2236 2324 2288 iu-

764 2338 844 2380 ter
887 2335 1132 2381 veterum
1180 2327 1597 2389 commentaria,
1634 2343 1875 2396 quonam
1930 2337 2088 2397 pacto
2144 2343 2323 2382 sacer-

768 2422 925 2473 dotes
952 2420 1044 2489 qui
1082 2420 1513 2490 Hierosolymam
1542 2419 1856 2474 inhabitant
1902 2437 2007 2474 una
2039 2436 2163 2473 cum
2188 2420 2327 2475 scri-

764 2513 844 2565 bis
878 2528 941 2564 ac
963 2512 1278 2565 senioribus
1307 2512 1517 2567 litteras
1560 2513 1926 2577 curaverint,
1960 2527 2097 2581 quas
2129 2513 2182 2565 in
2214 2529 2329 2566 om-

764 2619 862 2656 nes
908 2614 1097 2671 gentes
1136 2603 1201 2657 ad
1251 2603 1469 2658 Iudaeos
1526 2603 1958 2667 transmiserint,
2014 2604 2327 2671 ubicunque

764 2696 995 2764 dispersi
1041 2704 1246 2760 essent,
1290 2695 1494 2749 Christi
1539 2695 1851 2751 doctrinam
1906 2696 2327 2757 calumniantes,

766 2797 1023 2854 tanquam
1049 2802 1078 2840 a
1108 2786 1218 2840 Deo
1248 2787 1518 2841 alienam:
1555 2785 1959 2840 admonuerunt
2011 2795 2192 2839 autem
2234 2801 2332 2854 per

765 2880 1046 2947 epistolas,
1076 2893 1143 2932 ne
1167 2893 1285 2931 eam
1312 2878 1675 2947 susciperent.
1708 2879 1884 2947 Atque
1929 2877 2165 2947 idipsmn
2200 2891 2330 2931 sane

769 2968 983 3023 videtur
1028 2969 1177 3024 Isaia:
1221 2969 1508 3038 prophetia
1556 2968 1798 3023 indicare
1841 2985 1965 3023 cum
2014 2970 2092 3023 ait
2134 2986 2146 3021 :
2185 2987 2202 3019 ι
2241 2969 2331 3023 Va:

769 3071 952 3124 teme,
974 3061 1195 3113 navium
1226 3060 1343 3122 ala),
1372 3069 1521 3115 trans
1562 3058 1787 3115 ﬂumina
1829 3058 2142 3129 Ethiopiae,
2173 3061 2331 3130 (ἀπο-

770 3151 1023 3218 στέλλων)
1064 3152 1156 3221 qui
1197 3152 1364 3206 mittit
1402 3167 1501 3220 per
1531 3167 1680 3206 mare
1712 3151 1936 3206 obsides
1975 3162 2031 3207 et
2070 3153 2331 3220 epistolas

770 3259 1096 3314 papyraceas
1144 3260 1308 3314 super
1337 3259 1535 3314 aquam
1561 3246 1629 3297 ’³.
1669 3263 1685 3295 ι
1732 3245 1834 3299 Per
1867 3244 2013 3313 quod
2064 3244 2333 3313 signilieat

771 3336 919 3405 quod
969 3337 1111 3388 ultra
1143 3334 1464 3405 (Ethiopum
1506 3352 1725 3406 quoque
1770 3337 2020 3406 regiones
2054 3352 2116 3389 ac
2151 3337 2337 3389 novis-

771 3426 908 3478 sima
938 3435 1095 3479 teme
1126 3425 1264 3488 loca,
1292 3441 1460 3480 sonus
1487 3426 1706 3480 malitiae
1736 3442 1949 3490 eorum,
1980 3426 2073 3494 qui
2094 3425 2335 3481 Judaam

775 3517 1083 3569 inhabitant
1132 3532 1228 3585 per
1284 3517 1533 3585 quaedam
1594 3518 1744 3570 velut
1782 3518 2074 3569 volitantia
2125 3516 2336 3584 navigia

774 3605 1135 3672 processerit:
1190 3612 1246 3655 et
1293 3618 1483 3656 eorum
1525 3605 1757 3672 apostoli
1804 3605 2066 3674 epistolas
2111 3619 2339 3673 papyra-

776 3711 900 3748 ερας
923 3694 1255 3756 deterentes,
1301 3704 1357 3748 et
1394 3710 1559 3763 super
1582 3711 1752 3764 aquas
1795 3699 2136 3765 navigantes,
2161 3712 2339 3749 mare-

776 3802 882 3856 que
917 3788 1093 3855 ipsqu
1149 3786 1463 3854 implcntes,
1518 3788 1719 3857 ubique
1757 3797 2028 3841 terrarqu
2068 3787 2315 3841 discurrc

779 3882 928 3939 bant,
956 3893 1238 3933 sermones
1263 3878 1329 3931 de
1358 3878 1643 3933 Salvatore
1692 3889 1885 3934 nostro
1920 3881 2337 3934 calumniantes.

778 3967 981 4021 Judmis
1022 3979 1153 4019 vero
1207 3980 1356 4019 nunc
1396 3980 1615 4034 quoque
1658 3968 1828 4021 moris
1896 3976 2000 4027 est.
2049 3982 2146 4022 eos
2180 3968 2272 4037 qui
2311 3983 2341 4020 a

786 4056 1132 4126 principibus
1149 4055 1468 4125 quotidiana
1491 4056 1745 4111 deferunt
1773 4058 2345 4129 cpistolia,apostolos

782 4148 1082 4216 appellare.

858 4236 1094 4300 XXVIII,
1136 4238 1329 4293 25-51.
1391 4258 1409 4291 ι
1445 4240 1692 4311 Cumque
1740 4242 1883 4297 inter
1924 4256 1983 4297 se
2040 4243 2345 4298 concordes

788 4345 803 4374 ι
846 4342 952 4379 non
985 4337 1191 4390 essent,
1227 4328 1602 4384 discedebant.
1640 4347 1807 4385 unum
1860 4333 2086 4387 verbum
2130 4334 2345 4389 dicente

787 4434 806 4468 ι
845 4417 1031 4473 Paulo.
1092 4419 1237 4474 Bene
1293 4421 1531 4490 Spiritus
1586 4431 1809 4478 sanctus
1866 4426 2083 4479 locutus
2119 4436 2202 4479 est
2249 4441 2347 4494 per

2426 1962 2562 2031 Πρὶν
2604 1965 2937 2034 ἐπιδημῆσαι
2983 1965 3196 2019 Παῦλον
3230 1968 3290 2019 ὲν
3329 1969 3396 2036 τῇ
3435 1966 3643 2037 Ῥώμῃ.
3686 1967 4004 2036 παρηγγελ-

2430 2058 2579 2124 μένοι
2612 2052 2753 2126 ἦσαν
2798 2059 2848 2110 οί
2896 2058 3162 2121 Ἰουδαῖοι,
3203 2058 3277 2127 μὴ
3336 2057 3746 2126 παραδέξασθαι
3781 2058 3839 2109 τὸ
3873 2060 4006 2126 περὶ

2425 2147 2660 2216 Χριστοῦ
2688 2152 2967 2219 κήρυγμα,
3006 2150 3105 2203 οὐκ
3141 2148 3296 2202 αὐτοὶ
3321 2148 3377 2201 δὲ
3413 2149 3586 2218 μόνοι.
3622 2149 3755 2201 ἀλλά
3800 2149 3895 2200 καὶ
3953 2153 4005 2200 οί

2427 2238 2701 2308 πανταχοῦ
2766 2241 2888 2308 γῆς.
2935 2241 3103 2294 Πόθεν
3165 2240 3222 2293 δὲ
3270 2240 3461 2309 δῆλον;
3505 2240 3750 2310 Εῦρομεν
3802 2244 3857 2290 ὲν
3890 2244 4008 2303 τοῖς

2427 2330 2533 2381 τῶν
2564 2328 2805 2382 παλαιῶν
2843 2330 3293 2401 συγγράμμασιν,
3328 2329 3403 2393 ὡς
3429 2332 3481 2383 ot
3512 2330 3614 2400 τὴν
3652 2330 4008 2400 Ἰερουσαλὴμ.

2427 2424 2703 2487 οἰκοῦντες
2753 2425 2915 2494 ἱερεῖς
2947 2426 3043 2478 καὶ
3096 2427 3447 2495 γραμματεῖς
3501 2425 3596 2479 καὶ
3635 2425 4006 2494 πρεσθύτεροι

2429 2515 2731 2584 γράμματα
2757 2514 3205 2584 διαχαράξαντες,
3235 2518 3315 2578 είς
3335 2517 3511 2569 πάντα
3541 2516 3910 2584 διεπέμψαντο
3939 2517 4010 2567 τα

2430 2606 2556 2676 ἔθνη
2606 2610 2715 2670 τοῖς
2770 2607 3084 2676 ἁπανταχοῦ
3139 2608 3432 2671 Ἰουδαίοις,
3485 2607 3858 2670 διαϐάλλοντες
3912 2608 4011 2675 τὴν

2431 2699 2524 2752 τοῦ
2549 2700 2782 2769 Χριστοῦ
2825 2700 3195 2765 διδασκαλίαν,
3248 2701 3321 2764 ὼς
3372 2701 3656 2771 ἀλλοτρίαν
3709 2700 3801 2753 τοῦ
3847 2700 4008 2759 Θεοῦ.

2431 2790 2811 2859 παρήγγελλόν
2840 2809 2897 2844 τε
2931 2793 3001 2844 δι’
3020 2790 3319 2843 ἐπιστολῶν
3360 2791 3434 2860 μὴ
3466 2791 3870 2859 παραδέξασθαι
3906 2792 4009 2843 αῦ-

2432 2880 2553 2949 τήν.
2589 2881 2757 2934 Τοῦτο
2786 2882 2849 2949 δὴ
2878 2882 3011 2935 αὐτὸ
3059 2882 3350 2951 σημαίνειν
3379 2882 3528 2935 ἔοικε
3569 2883 3663 2935 καὶ
3692 2884 3725 2951 ἠ
3768 2882 4010 2949 λέγουσα

2431 2973 2735 3044 προφητεία
2771 2975 3028 3026 Ἡσαΐου·
3063 2992 3079 3024 ι
3117 2975 3252 3026 Οὐαὶ
3292 2974 3414 3042 γῆς,
3472 2974 3669 3027 πλοίων
3708 2976 4005 3043 πτέρυγες,

2434 3065 2687 3120 ἐπέκεινα
2706 3067 2964 3132 ποταμῶν
2980 3066 3283 3128 Αἰθιοπίας,
3310 3065 3654 3119 ἀποστέλλων
3680 3068 3737 3117 ἐν
3758 3066 4010 3141 θαλάσσῃ

2435 3157 2639 3224 ὅμηρα,
2670 3156 2762 3208 καὶ
2792 3157 3077 3217 ἐπιστολὰς
3119 3156 3373 3225 βυϐλίνας
3416 3157 3600 3209 ῖπάνω
3626 3158 3717 3209 τοῦ
3738 3156 3948 3219 ῦδατος.
3983 3178 4006 3209 ι

2443 3246 2520 3297 Δι’
2544 3243 2604 3301 οὗ
2641 3248 2894 3316 σημαίνει
2925 3248 2998 3311 ὡς
3044 3249 3138 3299 καὶ
3172 3250 3346 3317 πέραν
3378 3248 3473 3315 τῆς
3509 3248 3779 3301 Αἰθιόπων
3825 3250 4017 3316 χώρας

2439 3339 2531 3389 καὶ
2551 3338 2656 3389 τῶν
2707 3339 2969 3406 ἐσχατιὼν
3012 3339 3109 3407 τῆς
3142 3339 3242 3407 γῆς
3275 3341 3300 3389 ὁ
3320 3339 3416 3406 τῆς
3449 3338 3711 3408 πονηρίας
3737 3334 3867 3408 ἦχος
3896 3340 4013 3391 τῶν

2438 3431 2534 3498 τὴν
2576 3430 2829 3482 Ἰουδαίαν
2846 3429 3136 3482 οἰκούντων
3165 3429 3253 3481 διά
3286 3445 3445 3479 τινων
3474 3428 3659 3498 ὥσπερ
3686 3430 4006 3499 ίπταμένων

2440 3520 2641 3573 πλοίων
2679 3520 2978 3589 προῆλθεν,
3010 3518 3065 3571 οἵ
3103 3536 3162 3571 τε
3189 3518 3475 3571 ἀπόστολοι
3508 3519 3687 3571 αὐτῶν
3718 3520 4015 3582 ἐπιστολὰς

2442 3611 2694 3680 βυθλίνας
2757 3612 3220 3681 ἐπικομιζόμενοι,
3260 3613 3511 3680 ὑπεράνω
3553 3628 3611 3663 τε
3656 3612 3765 3663 τῶν
3806 3612 4020 3666 ὑδάτων

2446 3702 2874 3770 ναυτιλλόμενοι,
2912 3703 3005 3755 καὶ
3039 3702 3137 3770 τὴν
3176 3702 3449 3754 θάλασσαν
3495 3702 3843 3770 ἐμπλέοντες,
3879 3722 4024 3757 παν-

2442 3793 2608 3862 ταχοῦ
2650 3794 2751 3862 γῆς
2790 3794 3086 3862 διέτρεχον,
3138 3793 3229 3846 τδν
3265 3795 3389 3863 περὶ
3429 3794 3521 3845 τοῦ
3574 3795 3821 3865 Σωτῆρος
3854 3797 4020 3865 ἡμῶν

2442 3882 2811 3946 διαόἀλλοντες
2857 3884 3032 3950 λόγον.
3098 3883 3448 3945 Ἀποστόλους
3480 3884 3535 3935 δὲ
3581 3886 3744 3937 εἰσέτι
3781 3888 3874 3937 καὶ
3910 3886 4013 3938 νῦν

2444 3974 2561 4036 ἔθος
2581 3974 2728 4027 ἐστὶν
2760 3974 3041 4037 Ἰουδαίοις
3059 3975 3345 4041 ὀνομάζειν
3373 3977 3497 4039 τοὺς
3527 3975 3789 4042 ἐγκύκλια
3834 3980 4021 4049 γράμ-

2452 4082 2598 4135 ματα
2638 4066 2788 4135 παρά
2824 4066 2928 4118 τῶν
2964 4067 3244 4136 ἀρχόντων
3298 4067 3478 4121 αὐτῶν
3506 4067 4019 4137 ἐπικομιζομένους.

2523 4262 2540 4294 ι
2592 4244 2935 4313 ’Δσύμφωνοι
2962 4246 3017 4298 δὲ
3046 4246 3194 4307 ὄντες
3229 4244 3364 4315 πρὸς
3385 4244 3671 4313 ἀλλήλους,
3705 4244 4023 4306 ἀπελύοντο,

2454 4353 2472 4386 ι
2517 4335 2761 4397 εἰπόντος
2821 4334 2914 4386 τοῦ
2970 4335 3182 4387 Παύλου
3236 4338 3387 4405 ῥῆμα
3438 4336 3515 4387 ἒν.
3575 4336 3696 4387 ὐτι
3745 4335 3927 4397 καλῶς
3961 4338 4027 4389 τὸ

2455 4444 2473 4476 ι
2512 4425 2735 4495 Πνεῦμα
2758 4426 2818 4478 τὸ
2848 4426 3002 4493 ἆγιον
3042 4428 3269 4494 έλάλησε
3298 4427 3385 4479 διὰ
3434 4426 3655 4479 Ἡσαΐου
3684 4424 3775 4477 τοῦ
3814 4427 4033 4494 προσή-

788 4524 807 4557 ι
852 4508 1041 4562 Isaiam
1102 4510 1422 4579 prophetam
1485 4512 1552 4564 ad
1617 4522 1802 4581 patres
1852 4525 2071 4569 nostros
2123 4517 2312 4570 dicens

2459 4536 2475 4567 ι
2510 4532 2603 4567 του
2650 4524 2785 4583 πρὸς
2829 4514 2955 4577 τοὺς
2993 4516 3237 4585 πατέρας
3276 4515 3453 4584 ἡμῶν,
3481 4513 3670 4581 λέγον’
3718 4514 4028 4581 Πορεύθητι

790 4617 807 4649 ι
845 4599 989 4653 Vade
1022 4600 1088 4653 ad
1124 4602 1387 4670 populum
1410 4603 1595 4666 istum,
1618 4612 1672 4657 et
1701 4605 1819 4659 dic:
1848 4608 2088 4660 Auribus
2112 4606 2348 4660 audietis

792 4710 807 4738 ι
842 4701 896 4744 et
941 4707 1048 4744 non
1098 4693 1434 4763 intelligatis,
1485 4705 1541 4748 et
1592 4696 1841 4751 videntes
1867 4698 2126 4752 videbitis
2152 4708 2206 4751 et
2241 4713 2349 4751 non

792 4800 808 4829 ι
854 4783 1190 4851 perpiciatis.
1232 4786 1594 4840 lncrassatum
1653 4797 1736 4842 est
1776 4791 1923 4842 enim
1988 4805 2082 4842 cor
2162 4790 2349 4858 populi

803 4890 818 4919 ι
867 4873 1050 4941 hujus,
1102 4882 1157 4927 et
1201 4873 1429 4928 auribus
1470 4876 1709 4944 graviter
1760 4877 2077 4943 audierunt,
2114 4894 2350 4948 suosque

799 4980 813 5009 ι
852 4964 1041 5015 oculos
1074 4964 1413 5029 clauserunt,
1469 4980 1536 5018 ne
1583 4970 1803 5034 quando
1835 4970 2054 5023 videant
2083 4970 2259 5024 oculis
2295 4978 2353 5025 et

794 5078 809 5101 ι
856 5054 1083 5107 auribus
1131 5057 1377 5120 audiant,
1452 5066 1508 5111 et
1562 5059 1728 5113 corde
1776 5059 2103 5131 intelligant,
2141 5071 2196 5118 et
2226 5078 2355 5117 con-

798 5165 811 5192 c
857 5154 1143 5199 vertantur
1193 5156 1248 5200 et
1279 5162 1462 5201 sanem
1491 5163 1603 5202 eos.
1653 5149 1854 5204 Notum
1895 5167 2025 5222 ergo
2081 5153 2151 5207 sit
2176 5154 2352 5216 vobis,

798 5258 813 5284 ς
852 5238 995 5305 quod
1040 5237 1294 5305 gentibus
1344 5238 1571 5293 missum
1603 5249 1688 5294 est
1725 5242 1828 5296 hoc
1875 5242 2111 5297 salutare
2138 5243 2257 5308 Dei,
2302 5253 2357 5297 et

798 5345 812 5375 ι
854 5326 953 5393 ipsi
982 5327 1222 5379 audient.
1244 5325 1489 5396 Cumque
1512 5328 1888 5394 hacdixisset,
1918 5332 2121 5400 egressi
2137 5342 2262 5386 sunt
2284 5331 2354 5385 ab

801 5431 821 5463 ι
849 5429 914 5467 eo
937 5414 1129 5476 Judaei,
1163 5417 1387 5470 multam
1432 5416 1702 5472 habentes
1738 5418 1883 5472 inter
1913 5435 1970 5474 se
2007 5420 2354 5489 disceptatio-

799 5524 816 5556 ι
856 5520 1000 5559 nem.
1034 5506 1189 5575 187
1225 5507 1615 5565 Mansitautcm
1641 5510 1843 5565 Paulus
1880 5512 2105 5566 biennio
2159 5522 2273 5566 toto
2301 5512 2354 5565 in

798 5613 818 5647 ι
853 5612 953 5649 suo
980 5595 1251 5650 conducto
1273 5600 1701 5668 :etsuscipiebat
1743 5617 1933 5656 omnes
1955 5602 2047 5671 qui
2081 5602 2352 5673 ingredie-

868 5777 909 5807 ³⁵
948 5776 1048 5829 lsa.
1075 5789 1228 5839 “tu,
1273 5776 1377 5838 l,‘2.

2459 4625 2475 4657 ι
2504 4608 2638 4674 πρὸς
2659 4607 2749 4658 τὸν
2767 4606 2892 4659 λαὸν
2924 4607 3134 4673 τοῦτον,
3153 4608 3247 4659 καὶ
3275 4606 3397 4658 εἰπέ
3418 4624 3430 4636 ο
3464 4605 3626 4673 ’Δκοῇ
3646 4606 3901 4656 ἀκούσετε
3930 4606 4029 4655 καὶ

2461 4717 2477 4748 ι
2506 4699 2565 4749 οὐ
2608 4698 2681 4767 μὴ
2715 4696 2934 4766 συνῆτε,
2972 4698 3069 4749 καὶ
3111 4698 3399 4768 βλέποντες
3428 4696 3649 4766 βλέψετε
3694 4698 3787 4748 καὶ
3841 4697 3899 4748 οὐ
3950 4699 4029 4767 μὴ

2461 4809 2477 4840 ι
2515 4788 2680 4858 ῑδητε.
2730 4788 3038 4858 Ἐπαχύνθη
3069 4789 3176 4859 γὰρ
3220 4790 3253 4857 ἡ
3290 4788 3484 4857 καρδία
3514 4788 3604 4840 τοῦ
3640 4786 3768 4839 λαοῦ
3805 4787 4027 4849 τούτου,

2459 4899 2475 4928 ι
2521 4882 2613 4929 καὶ
2640 4880 2749 4939 τοῖς
2764 4877 2868 4929 ὠσὶ
2898 4876 3107 4947 βαρέως
3133 4878 3369 4946 ἥκουσαν
3392 4893 3405 4906 ’
3437 4876 3560 4938 τοὺς
3585 4876 3896 4945 ὀφθαλμοὺς
3930 4878 4032 4929 αὑ-

2461 4987 2476 5019 ι
2521 4966 2628 5019 τῶν
2676 4968 3023 5037 ἐκάμμυσαν,
3062 4968 3135 5035 μή
3186 4984 3313 5019 ποτε
3360 4968 3512 5020 ἴδωσι
3550 4968 3659 5028 τοῖς
3705 4966 4027 5034 όψθαὶμοῖς,

2460 5080 2477 5111 ι
2516 5061 2607 5112 καὶ
2656 5062 2765 5122 τοῖς
2815 5060 2946 5111 ὠσὶν
2994 5058 3290 5121 ἀκούσωσι,
3333 5058 3428 5109 καὶ
3470 5061 3536 5126 τῇ
3570 5057 3764 5124 καρδία
3800 5058 4029 5117 auxilia,

2461 5170 2478 5202 ι
2517 5150 2611 5203 καὶ
2640 5148 3022 5219 ἐπιστρέψωσι,
3045 5151 3137 5201 καὶ
3169 5149 3405 5216 ίάσωμαι
3428 5146 3645 5207 αὐτούς.
3669 5145 3911 5197 Γνωστὸν
3937 5143 4033 5197 οἷν

2467 5261 2483 5292 ι
2523 5241 2663 5294 ἔστω
2691 5242 2836 5309 ὑμῖν,
2868 5242 2948 5292 ὅτι
2982 5241 3090 5300 τοῖς
3118 5238 3325 5290 ἔθνεσιν
3354 5238 3631 5305 ἀπεστάλη
3663 5238 3722 5287 τὸ
3757 5238 4029 5304 σωτήριον

2470 5352 2487 5383 ι
2526 5330 2621 5384 τοῦ
2654 5330 2810 5392 Θεοῦ,
2843 5330 2996 5382 αὐτοὶ
3023 5330 3115 5380 καὶ
3138 5329 3480 5381 ἀκούσονται.
3516 5328 3623 5379 Καὶ
3661 5326 3830 5378 ταῦτα
3862 5327 4028 5377 αὐτο]

2470 5441 2485 5472 ι
2528 5420 2792 5480 εἰπόντος,
2830 5417 3070 5480 ἀπῆλθον
3101 5419 3148 5468 οἱ
3189 5417 3428 5469 Ἰουδαῖοι
3482 5417 3680 5483 πολλὴν
3709 5416 3923 5483 ἔχοντες
3977 5419 4033 5466 ὲν

2472 5530 2486 5560 ι
2533 5512 2740 5572 ἑαυτοῖς
2792 5508 3105 5575 συζήτησιν.
3153 5509 3371 5576 Ἔμεινε
3404 5508 3457 5558 Et
3506 5510 3532 5559 ὁ
3568 5506 3773 5558 Παῦλος
3828 5504 4034 5556 διετίαν

2472 5621 2488 5652 ι
2544 5602 2668 5671 ὅλην
2703 5603 2759 5652 ἐν
2813 5599 2925 5667 ἰδίῳ
2956 5598 3284 5669 μισθώματι.
3337 5600 3439 5649 Καῖ
3488 5597 3775 5666 ἀπεδέχετο
3825 5596 4035 5656 ama;
