4178 6464
144 406 228 467 30⁷]
1155 415 1532 473 CUMMEN'I‘.
1582 412 1653 471 IN
1698 413 1791 470 ΕΡ

1155 415 1532 473 CUMMENT.
1582 412 1653 471 IN
1698 413 1935 476 El'lﬁ'l‘.
1986 421 2076 477 ,λυ
2117 422 2292 479 RUM.

3256 410 3363 475 310

140 518 235 569 vti»!
253 517 336 583 τῆς
371 517 695 586 Ἐκκλησίας
713 520 1044 591 θρεμμάτων
1066 526 1318 590 ἐποιεῖτο,
1342 526 1484 588 ὅπως
1508 526 1569 577 iv
1593 525 1689 576 αὖ·
1720 527 1763 580 Α

1720 527 1763 580 Α
1794 530 2048 587 Ecclesiae
2077 535 2328 588 alumnos
2349 534 2751 595 concitabatur,
2777 546 2885 600 quo
2912 529 2992 584 vel
3026 529 3149 583 illos
3177 544 3207 581 a
3235 543 3359 581 vera

141 610 246 670 τοὺς
282 608 311 675 ἢ
353 610 452 676 τῆς
496 610 730 679 ἀληθοῦς
763 612 1110 677 διδασκαλίας
1142 615 1517 686 ἀποστήσειεν,
1547 621 1578 687 ἢ
1613 616 1661 669 δί

142 716 227 768 κην
258 700 415 764 ὀξίαν
438 702 535 768 τῆς
564 703 643 763 εἰς
668 702 757 755 τὸν
788 704 1019 771 Χριστὸν
1046 705 1277 768 πίστεως
1323 707 1684 776 εἰσπράξειεν.

142 793 499 858 Κομισαμενος
557 793 613 845 δέ
662 796 690 846 ὁ
741 794 951 859 Παῦλος
1001 797 1153 866 παρά
1204 798 1311 850 τῶν
1374 801 1563 869 ἱερέων
1597 802 1688 853 καὶ

139 881 453 934 διδασκάλων
484 884 774 949 ἐπιστολὰς
815 886 934 938 κατ’
960 890 1137 941 ἐκεῖνο
1173 891 1307 960 πρὸς
1353 893 1478 954 τοὺς
1505 893 1561 945 ἐν
1587 894 1690 944 Δα-

140 974 308 1042 μασκῷ
336 975 646 1040 Ἰουδαίους,
679 977 905 1048 ὥρμησε
935 983 1231 1052 μορμύρων
1259 983 1446 1054 ὥσπερ
1471 1003 1553 1045 τις
1573 986 1687 1055 χεί-

140 1068 324 1135 pstea;
351 1068 572 1137 λάϐρος,
609 1071 957 1139 περικλὺσειν
986 1073 1161 1127 δοκῶν
1184 1077 1308 1139 τοὺς
1336 1078 1392 1128 ἐν
1415 1079 1690 1147 Δαμασκῷ

141 1158 383 1226 μαθητὰς,
426 1161 520 1211 καὶ
552 1162 633 1223 είς
664 1163 724 1214 τὸ
756 1163 853 1231 τῆς
884 1165 1160 1228 ἀπωλείας
1196 1168 1393 1230 αὐτοὺς
1417 1168 1690 1239 βάραθρον

138 1248 445 1313 ἐκπέμψειν.
479 1250 644 1314 Γνοὺς
677 1253 731 1304 δὲ
768 1256 794 1306 ό
830 1254 1031 1323 Κύριος
1058 1257 1139 1308 ὃτι
1168 1256 1351 1310 ἄδικον
1386 1260 1603 1326 μανίαν,
1636 1263 1690 1310 ἐν

138 1336 300 1406 δ;καία
320 1339 481 1409 δῆθεν
512 1345 849 1413 προαιρέσει,
881 1346 1164 1412 ἐκέκτητο,
1196 1350 1253 1400 ἐν
1287 1348 1428 1419 μέσῃ
1475 1352 1540 1420 τῇ
1589 1350 1692 1422 ὁδῷ

138 1430 417 1495 ἐπιτανεὶς,
451 1434 790 1505 ἀπεστέρησε
838 1438 936 1506 μὲν
972 1439 1129 1491 αὐτὸν
1154 1443 1251 1511 τῆς
1288 1441 1463 1509 ὅψεως
1488 1442 1565 1511 τῷ
1596 1461 1689 1512 με-

137 1519 263 1586 γέθει
284 1521 379 1573 τοῦ
411 1524 610 1588 φωτός.
644 1527 751 1579 Καὶ
786 1527 1035 1581 τοσοῦτον
1061 1530 1113 1582 δὲ
1150 1531 1409 1599 μέτεισιν,
1434 1532 1572 1585 ὥστε
1600 1534 1693 1587 τὸν

136 1612 282 1665 παλαι
306 1614 459 1667 οὐδὲν
488 1618 516 1669 ὃ
544 1634 597 1669 τι
616 1617 722 1670 τῶν
743 1617 933 1674 δεινῶν
968 1623 1107 1674 κατά
1131 1623 1567 1694 τῆςἙκκλησίας
1594 1627 1695 1678 οὐκ

138 1704 457 1764 ἐπινοοῦντα,
488 1707 584 1761 καὶ
617 1710 824 1773 πάντας
848 1713 974 1773 τοὺς
1020 1714 1269 1783 μαθητὰς
1303 1716 1562 1770 ἀπολέσει
1594 1719 1694 1789 ἄρ⁶

1791 628 2038 681 doctrina
2074 635 2378 690 revocaret,
2407 627 2489 680 vel
2533 625 2600 679 ab
2635 625 2717 678 eis
2744 622 2970 677 meritas
3003 620 3075 674 ob
3110 617 3271 673 ﬁdem
3307 618 3363 671 in

1791 718 2069 771 Christum
2086 734 2272 785 punias
2299 718 2560 787 exigeret.
2583 714 2719 769 Cum
2738 729 2868 782 ergo
2895 710 3199 781 accepisset
3224 709 3367 764 Pau-

1793 808 1878 861 lus
1903 823 1965 861 eo
1990 817 2232 876 tempore
2254 809 2510 878 epistolas
2533 826 2562 860 a
2581 804 2960 861 sacerdotibus
2982 812 3036 856 et
3066 801 3363 872 magistris,

1792 900 1857 953 ad
1889 901 2107 954 Judaeos
2155 902 2247 968 qui
2278 900 2597 954 habitabant
2630 897 2901 961 Damasci,
2929 910 3125 965 magno
3158 895 3364 963 impetu

1794 1008 1857 1046 ac
1885 992 2097 1046 fervore
2127 993 2406 1047 ferebatur
2433 993 2488 1046 in
2512 993 2731 1047 modum
2766 990 2913 1061 pleni
2936 987 3221 1059 cujusdam
3249 996 3365 1040 tor-

1796 1088 1985 1143 rcntis,
2019 1085 2109 1152 qui
2146 1085 2457 1139 habitantes
2481 1084 2727 1138 Damasci
2750 1083 3050 1151 discipulos
3075 1080 3365 1134 demersu-

1796 1190 1888 1227 rus
1914 1175 2217 1233 videbatur,
2250 1186 2411 1244 atquc
2445 1177 2497 1229 in
2531 1174 2859 1245 perditionis
2892 1174 3213 1227 barathrum
3245 1170 3367 1224 illos

1795 1266 2150 1319 dimissurus.
2186 1268 2320 1320 Cum
2362 1276 2541 1321 autem
2573 1266 2785 1320 viderat
2818 1264 3082 1319 Dominus
3104 1262 3250 1333 quod
3285 1262 3365 1315 in-

1790 1358 1992 1428 justam
2023 1357 2312 1421 insaniam,
2352 1358 2403 1409 in
2432 1357 2578 1427 jusla
2609 1357 2863 1411 videlicet
2899 1355 3200 1416 voluntate,
3246 1368 3363 1406 scr—

1795 1455 1968 1508 varet,
1999 1446 2051 1499 in
2089 1445 2269 1499 medio
2305 1445 2402 1500 via:
2438 1461 2728 1514 apparens,
2782 1460 2890 1513 prae
2925 1443 3064 1498 lucis
3092 1442 3364 1512 magnitu-

1795 1536 1945 1601 dine,
1993 1538 2277 1591 oeulurum
2330 1548 2555 1607 aspectu
2604 1537 2860 1607 privavit,
2918 1546 2972 1590 et
3027 1543 3177 1589 tanto
3220 1534 3371 1587 hunc

1796 1628 2110 1697 aggreditur
2138 1628 2364 1698 impetu,
2389 1638 2449 1683 ut
2482 1644 2630 1694 eum,
2671 1628 2764 1698 qui
2798 1627 2950 1697 prius
2984 1626 3247 1681 adversus
3270 1626 3369 1693 Ερ-

1797 1720 2017 1773 clcsiam
2049 1720 2348 1789 grassatqu
2381 1720 2591 1773 nullum
2621 1721 2931 1774 adverteret
2962 1726 3057 1772 aut
3089 1717 3367 1773 detrecta-

134 1792 215 1860 δην
244 1796 664 1863 προσδοκοῦντα,
693 1801 891 1854 αὐτίκα
908 1804 971 1873 δὴ
1000 1804 1184 1857 τοῦτον
1214 1808 1303 1859 καὶ
1328 1809 1690 1880 παραχρῆμα,
1726 1854 1765 1907 Β

142 1886 175 1907 ιο
204 1904 291 1907 s_¥
309 1887 357 1907 _\
473 1890 486 1907 ι
636 1892 662 1903 υ
865 1894 876 1907 ρ
1103 1900 1115 1907 .
1184 1898 1193 1907 ι
1316 1899 1335 1907 Α
1486 1900 1519 1907 --
1576 1902 1587 1907 -

1726 1821 1881 1907 Bret
1938 1814 2266 1882 periculum,
2315 1829 2617 1882 omnesque
2676 1813 2883 1868 Christi
2941 1812 3244 1882 discipulos
3307 1827 3364 1865 se

137 1886 397 1955 ἀγαπητὸν
467 1890 664 1944 ἑαυτοῦ
719 1894 1042 1946 πιστότατον
1094 1898 1425 1967 ἡγήσασθαι.
1486 1900 1691 1970 Ἱκέτης

139 1978 230 2045 γὰρ
254 1979 413 2039 εἰθῦς
439 1980 533 2033 τοῦ
564 1981 723 2047 Θεοῦ,
756 1986 784 2037 ὁ
820 1985 1075 2054 πολέμιος
1112 1988 1343 2055 γίνεται,
1378 1992 1690 2060 παραυτίκα

135 2069 184 2118 τὸ
230 2070 515 2139 σύνταγμα
543 2074 643 2143 τῆς
696 2076 893 2145 μανίας
922 2078 1389 2148 ἀπορῤιςῐάμενος,
1420 2083 1499 2144 εἰς
1558 2101 1691 2149 πρε-

140 2160 305 2214 σϐείαν
337 2163 560 2235 ἐχώρει,
598 2166 689 2219 καὶ
728 2169 827 2236 τὴν
855 2170 934 2232 εἰς
970 2171 1203 2238 Χριστὸν
1250 2174 1531 2227 εὐσέϐειαν
1560 2179 1690 2245 ὀμο-

137 2251 285 2315 λογεῖ,
317 2255 412 2308 καὶ
454 2257 731 2325 πέμπεται
764 2260 898 2329 προς
927 2262 1178 2313 Ἀνανίαν
1202 2264 1322 2315 τινὰ
1358 2265 1606 2336 μαθητὴν
1635 2269 1691 2320 ἐν

136 2344 412 2414 Δαμασκῷ.
452 2347 596 2399 Ἰδὼν
629 2350 684 2401 δέ
719 2352 746 2402 ό
784 2353 880 2421 τῆς
909 2354 1159 2422 ἀληθείας
1212 2356 1503 2426 ἐξεταστὴς
1560 2359 1691 2422 Θεὸς

138 2438 557 2504 σωᾷρονισθέντα
589 2441 678 2492 τὸν
704 2442 893 2512 ἄνδρα,
923 2446 1015 2497 καὶ
1049 2444 1242 2512 βελτίω
1268 2451 1330 2499 ἐκ
1362 2448 1472 2500 τῶν
1504 2453 1689 2504 κακῶν

137 2527 393 2591 γεγονότα,
443 2530 539 2599 οὐχ
584 2531 787 2599 ἑτέρως
837 2535 1051 2605 αὑτὸνῆ
1085 2535 1257 2599 οὕτως
1304 2539 1688 2610 ἀπαλλαγήσε-

138 2615 243 2665 σθαι
270 2617 364 2683 τῆς
407 2620 682 2689 τιμωρίας
712 2623 836 2691 ἔφη.
882 2625 1214 2690 Βαπτίζεται
1249 2627 1377 2693 γοῦν
1410 2629 1684 2696 ἀπελθὼν,

139 2703 215 2754 καὶ
244 2706 345 2757 τῶν
384 2709 719 2779 ἀπορρήτων
773 2715 1089 2784 μυστηρίων
1141 2719 1353 2784 γίνεται
1412 2724 1686 2786 κοινωνὸς,

137 2796 213 2845 καὶ
245 2797 535 2869 σύμμαχος
561 2802 856 2873 ἀξιόχρεως
884 2806 976 2858 τοῦ
1019 2809 1391 2878 κηρύγματος.
1428 2814 1537 2865 Καὶ
1568 2832 1689 2868 και-

139 2885 209 2935 νὸν
233 2889 496 2959 κήρυγμα
530 2894 914 2961 ὲμπιστευθεὶς
944 2899 1095 2966 παρά
1135 2900 1226 2952 τοῦ
1258 2902 1415 2965 Θεοῦ,
1445 2906 1689 2957 καινοτέ-

138 2994 221 3045 ραν
250 2974 357 3048 εἷχε
390 2982 491 3047 τῆς
538 2986 812 3055 σωτηρίας
842 2987 939 3057 τὴν
980 2991 1253 3061 ἀςορμήν.
1288 2993 1570 3064 Τοσαύτην
1598 2992 1691 3049 οὖν

139 3072 417 3141 μεταϐολὴν
445 3075 475 3127 δ
520 3077 790 3146 μακάριος
843 3078 1051 3142 Παῦλος
1095 3082 1361 3149 ἐσχηκὼς,
1400 3083 1564 3137 ἔτιδὲ
1597 3089 1688 3139 καὶ

1794 1905 2039 1959 funditus
2062 1907 2403 1974 perditurum
2427 1914 2693 1976 speraret,
2713 1906 2824 1976 jam
2843 1905 3027 1959 statim
3052 1918 3116 1958 ac
3139 1913 3365 1973 repente

1795 1996 2172 2051 ﬁdelissimum
2221 1998 2305 2051 sui
2360 2007 2661 2051 amatorem
2726 1998 3046 2051 instrueret.
3109 1996 3366 2052 Protinus

1793 2089 1939 2143 cnim
1972 2105 2034 2141 ex
2079 2089 2234 2142 hoste
2266 2089 2442 2143 factus
2468 2098 2553 2142 est
2575 2088 2669 2142 Dei
2701 2088 2974 2151 minister,
3000 2098 3057 2142 et
3092 2086 3238 2140 illico
3261 2085 3363 2140 ab-

1787 2185 1932 2254 jccta
1969 2185 2259 2238 dementia:
2296 2184 2453 2253 copia
2486 2184 2732 2247 militari,
2774 2182 2839 2236 ad
2867 2182 3197 2252 legationem
3234 2198 3361 2250 pro—

1793 2274 1960 2337 cedit,
1991 2274 2303 2344 Christique
2348 2275 2636 2343 proﬁtetur
2676 2274 2911 2339 cultum,
2941 2289 3006 2328 ac
3034 2272 3267 2328 mittitur
3297 2274 3363 2326 ad

1794 2365 2059 2417 Ananiam
2094 2364 2383 2432 quemdam
2431 2364 2823 2418 Damascenum
2871 2363 3221 2433 discipulum.
3274 2362 3361 2416 In-

1796 2456 1967 2509 tuitus
2013 2464 2195 2509 autem
2244 2454 2493 2509 veritatis
2536 2454 2821 2523 indagator
2867 2453 3015 2507 Deus
3054 2452 3365 2505 modestum

1789 2548 1897 2615 jam
1937 2545 2211 2598 redditum
2256 2544 2453 2607 virum,
2508 2543 2825 2612 relictisque
2874 2540 3032 2595 malis
3078 2540 3365 2594 meliorem

1792 2634 2071 2696 effectum,
2106 2652 2211 2689 non
2248 2637 2407 2690 aliter
2439 2635 2591 2689 illum
2623 2650 2785 2703 quam
2822 2635 2927 2689 hoc
2963 2634 3124 2688 modo
3157 2642 3215 2686 ut
3248 2634 3362 2702 ipse

1792 2727 2123 2795 supplicium
2190 2726 2448 2779 evaderet
2515 2726 2783 2779 decrevit.
2847 2726 3115 2795 Egressus
3179 2722 3363 2793 itaque

1793 2819 2100 2889 baptizatur
2123 2836 2184 2873 ac
2208 2818 2568 2873 incll’ahilium
2596 2817 2977 2888 mysteriorum
3004 2816 3064 2870 tit
3088 2816 3369 2885 particeps

1791 2918 1847 2962 et
1892 2910 2123 2963 idoneus
2162 2908 2484 2971 commilito,
2520 2924 2584 2963 ac
2620 2916 2990 2977 propugnator
3023 2906 3367 2975 praedicatio—

1794 2999 1880 3054 nis
1922 3018 1935 3055 ε
1973 3016 2205 3069 tumque
2258 3017 2457 3054 nomm
2505 3016 2676 3071 genus
2726 2999 3139 3069 prazdicationis
3184 3014 3213 3051 a
3248 2998 3359 3051 Deo

1794 3092 1895 3160 ipsi
1923 3093 2271 3146 commissum
2303 3102 2466 3155 esset,
2494 3107 2692 3145 novum
2723 3090 2960 3144 habebat
2989 3088 3180 3143 salutis
3200 3104 3363 3157 argu-

136 3161 215 3210 τοῦ
239 3161 399 3228 νόμου
428 3163 771 3231 μεταδαλὼν,
792 3168 883 3217 καὶ
912 3167 1083 3229 οὕτως
1112 3172 1190 3231 εἰς
1215 3170 1379 3240 ἄκρον
1411 3172 1689 3240 εὐσεϐείας
1715 3178 1760 3239 C

1715 3178 1760 3239 C
1797 3192 2059 3236 mentum.
2092 3184 2435 3251 Quapropter
2471 3188 2619 3234 tanta
2651 3180 2704 3232 in
2740 3179 2909 3233 Paulo
2937 3178 3077 3231 facta
3110 3177 3362 3230 immuta-

136 3250 273 3318 ζῆλον
303 3254 648 3322 μετατεθεὶς,
675 3255 813 3309 ὥστε
842 3259 964 3320 τοὺς
1004 3261 1261 3329 ἀληθείας
1305 3266 1575 3335 μαθητὰς,
1607 3270 1688 3321 εἴη

137 3356 246 3393 ποτε
296 3343 503 3411 συνέϐη
551 3346 713 3399 αὐτὸν
760 3348 1191 3419 ἀπολειφθῆναι,
1223 3353 1311 3407 διά
1343 3359 1686 3428 γραμμάτων

137 3431 383 3499 ιίεὸαίου,
422 3435 515 3488 ἵνα
548 3437 623 3506 μὴ
652 3439 811 3506 μόνον
833 3442 931 3510 τὴν
958 3441 1043 3494 διὰ
1074 3444 1181 3495 τῶν
1208 3444 1401 3513 ἔργων,
1430 3449 1562 3501 ἀλλά
1593 3454 1687 3504 καὶ

136 3522 214 3592 τήν
243 3526 298 3576 ἐκ
337 3527 447 3579 τῶν
478 3528 653 3595 λόγων
678 3530 757 3592 εἰς
785 3532 845 3582 τὸ
877 3532 1172 3601 μετέπειτα
1199 3538 1503 3606 κτήσωνται
1535 3540 1684 3592 διδα-

138 3614 357 3681 σκαλίαν,
394 3620 494 3670 καὶ
550 3620 938 3692 ἀμφοτέρωθεν
992 3624 1380 3694 ὀχυρωθέντες,
1438 3630 1686 3685 ἄσειστον

137 3704 183 3755 τὺ
207 3707 295 3775 τῆς
334 3709 625 3774 εὐσεϐείας
677 3712 859 3782 ἔρυμα
898 3717 954 3767 ἐν
1001 3719 1066 3787 τῇ
1110 3715 1254 3788 ψυχῇ
1318 3724 1681 3791 περιᾳέροιεν.

137 3796 265 3849 Μετὰ
291 3801 345 3852 δέ
369 3818 493 3855 τινα
523 3804 714 3873 χρόνον
738 3808 815 3868 είς
843 3807 1197 3878 Ἰερουσαλὴμ
1230 3812 1390 3863 πάλιν
1420 3814 1446 3863 ὁ
1474 3815 1684 3880 Παῦλος

135 3881 373 3954 ἐκτρέχει,
405 3888 675 3957 ὀψόμενος
710 3893 798 3945 τὸν
829 3894 1053 3966 Πέτρον,
1101 3896 1229 3950 ἔνθα
1289 3899 1353 3969 δὴ
1404 3903 1494 3953 καὶ
1545 3904 1683 3956 διαι-

137 3972 328 4039 ροῦνται
358 3979 498 4048 πρὸς
524 3980 789 4051 ἀλλήλους
820 3984 1036 4039 ἅπασαν
1065 3987 1163 4056 τὴν
1196 3990 1540 4061 οἰκουμένην.
1574 3997 1681 4049 Καὶ

136 4064 213 4131 τήν
241 4067 345 4122 τῶν
386 4070 560 4123 ἐθνῶν
594 4074 789 4143 μερίδα
847 4077 1054 4141 Παῦλος
1108 4080 1310 4145 λαῦὼν,
1353 4084 1426 4146 ὡς
1474 4086 1537 4156 δὴ
1590 4089 1681 4141 τοῦ

138 4154 318 4224 Πέτρου
341 4160 402 4211 τὸ
444 4162 736 4215 Ἰουδαϊκὸν
767 4165 1017 4239 λαχόντοῇ
1040 4168 1331 4233 διδάσκεινν
1366 4154 1560 4237 πολλάνς
1586 4178 1684 4246 μὲν

138 4249 313 4314 πόλεις,
346 4252 552 4317 πολλὰς
584 4255 639 4307 δὲ
683 4258 863 4327 χώρας
920 4263 1329 4333 περιενόστησε.
1370 4268 1581 4337 Μικροῦ
1626 4271 1682 4324 δὲ

134 4338 183 4389 τὸ
206 4341 491 4412 Ἰλλυρικὸν
532 4345 677 4399 ἅπαν
726 4349 836 4401 τῶν
870 4351 963 4418 τῆς
1001 4353 1081 4413 εἰς
1137 4355 1372 4423 Χριστὸν
1402 4361 1679 4423 εὐσεϐείας

134 4429 393 4503 δογμάτων
437 4438 726 4508 ἐνέπλησε.
775 4443 958 4511 Μυρία
1017 4445 1147 4513 γοῦν
1185 4448 1437 4502 πάνδεινα
1492 4454 1679 4507 παθὼν

138 4525 212 4573 καὶ
238 4527 473 4591 ὑποστὰς
509 4529 648 4599 ὑπὲρ
678 4532 775 4600 τῆς
793 4535 870 4595 είς
900 4535 1132 4604 Χριστὸν
1167 4539 1424 4604 πίστεως,
1453 4543 1679 4609 πολλούς

135 4631 181 4665 τε
212 4619 293 4670 καλ
320 4619 621 4691 διαφόρους
656 4624 958 4689 κινδύνους,
988 4628 1144 4691 ὅσους
1174 4630 1334 4694 αὐτὸς
1365 4635 1678 4705 ἀναγραφε-

134 4719 225 4770 τιι,
250 4708 382 4778 ὑπὲρ
409 4711 508 4762 τοῦ
536 4710 892 4780 Εὖαγγελίου,
930 4716 1021 4768 καὶ
1047 4717 1200 4780 ὅλους
1230 4721 1425 4785 αὐτοὺς
1452 4728 1679 4795 νικήσας

134 4799 209 4847 καὶ
240 4800 743 4871 Ξξαγκωνισάμενος
781 4805 961 4857 πίστει
986 4809 1095 4874 (εὶς
1136 4810 1222 4862 ὅτε
1253 4811 1361 4881 γὰρ
1382 4813 1501 4865 τότε
1524 4816 1679 4885 ἤθελε

135 4886 335 4955 Παῦλος,
365 4893 393 4943 ό
422 4893 563 4955 Θεὸς
599 4894 691 4946 καὶ
734 4896 767 4963 ἠ
790 4895 1096 4968 προθεσμία
1133 4900 1296 4953 αὐτοῦ
1328 4902 1513 4958 τοῦτον
1554 4925 1683 4962 κατ-

138 4982 234 5050 εῖχε
262 4984 467 5053 διάγειν
520 4985 665 5054 μετά
717 4987 1039 5059 ἀνθρώπων,
1077 4992 1157 5054 εἰς
1193 4993 1279 5045 ὅτε
1328 5012 1385 5047 τε
1439 4998 1678 5065 Εὐαγγέ-

134 5070 224 5161 λιον
251 5074 418 5129 ἅπασι
474 5080 590 5139 τοῖς
648 5077 825 5132 ἔθνεσι
886 5081 1156 5152 κηρύξει),
1197 5084 1295 5153 ὀψὲ
1345 5086 1541 5154 δήπου
1582 5092 1682 5161 τῆς

132 5159 275 5228 ὧρας,
302 5162 455 5230 αὖθις
506 5167 538 5219 ὁ
594 5168 803 5232 Παῦλος
852 5171 1129 5225 ἐπάνεισιν
1180 5175 1260 5237 εἰς
1315 5159 1678 5249 Ἱεροσόλυμα,

132 5255 237 5315 τοὺς
284 5258 457 5311 ἐκεῖσε
514 5259 705 5326 ἁγίους
752 5261 1201 5333 ἐπισκεψόμενος,
1250 5270 1343 5321 καὶ
1394 5273 1503 5333 Tol;
1556 5274 1679 5343 τῇδε

134 5350 337 5413 πτωχοῖς
367 5350 773 5418 ἐπικουρήσων.
805 5352 893 5403 Ἐν
920 5352 975 5405 δέ
1002 5355 1078 5421 τῷ
1122 5355 1347 5423 μεταξὺ,
1378 5360 1569 5421 στάσις
1596 5380 1680 5424 τις

134 5438 416 5503 κατειλήφει
473 5442 572 5507 τὴν
624 5441 800 5505 πόλιν,
855 5444 949 5495 καὶ
998 5447 1025 5497 ὁ
1058 5445 1224 5515 δῆμος
1258 5444 1325 5516 ἦν
1372 5451 1430 5502 ἐν
1464 5451 1680 5522 θορύϐῳ

135 5526 303 5595 7:03.10},
337 5531 615 5583 Ἰουδαίων
641 5535 1017 5602 ταραττόντων
1043 5537 1102 5589 τὸ
1132 5540 1328 5592 κοινόν.
1364 5542 1545 5596 Δεινὸν
1574 5546 1677 5615 γὰρ

136 5617 212 5667 καὶ
243 5617 371 5687 βαρὺ
405 5623 687 5691 ἡγήσαντο
717 5626 1023 5696 κατήγορον
1054 5628 1197 5698 ἔχειν
1228 5631 1316 5683 τὸν
1348 5632 1515 5687 πάλαι
1550 5654 1679 5707 προ-

136 5714 305 5778 στάτην
330 5714 421 5765 καὶ
453 5717 710 5767 κοινωνὸν
745 5718 920 5770 αὐτῶν
944 5720 1038 5788 τῆς
1074 5722 1287 5789 μανίας,
1327 5727 1417 5777 καὶ
1452 5728 1676 5781 κτείνειν

137 5800 267 5853 αὐτὸν
312 5804 665 5869 ἐσπούδαζον.
702 5807 839 5859 Ἀλλ’
875 5810 1034 5873 εὐθὺς
1082 5815 1108 5865 ὁ
1162 5815 1432 5886 γιλὸαρχο;
1486 5819 1667 5873 τοῦτον

1793 3273 1960 3334 tione,
2009 3272 2152 3326 circa
2197 3273 2369 3341 legem
2406 3286 2624 3340 quoque
2663 3270 2985 3322 immutatus
3027 3276 3109 3322 cst
3142 3304 3157 3330 ,
3195 3277 3374 3335 atque

1790 3364 1927 3417 adeo
1955 3365 2007 3417 in
2035 3376 2337 3417 extremum
2378 3363 2600 3432 pietatis
2629 3361 2804 3415 zelum
2840 3359 3142 3422 traductus,
3174 3368 3234 3411 ut
3258 3375 3356 3413 ve-

1791 3453 1968 3507 ritatis
1984 3452 2302 3520 discipulos,
2329 3450 2374 3504 si
2395 3449 2614 3519 quando
2630 3464 2756 3501 eum
2778 3449 2968 3501 abesse
2989 3444 3356 3514 contingeret,

1790 3542 1990 3598 litteris
2015 3542 2386 3605 conﬁrmaret,
2410 3557 2477 3594 nc
2504 3540 2570 3593 ah
2602 3539 2863 3608 operibus
2886 3537 3085 3599 solum,
3114 3534 3209 3591 sed
3242 3550 3359 3588 ser-

1790 3633 2046 3687 monibus
2076 3646 2293 3702 quoque
2326 3631 2381 3685 in
2413 3640 2694 3700 posterum
2722 3628 3026 3683 doctrinam
3056 3626 3161 3681 sibi
3193 3625 3263 3679 ab
3292 3639 3369 3679 eo

1788 3733 2172 3793 compararent
2223 3740 2236 3777 :
2284 3738 2346 3776 ac
2400 3724 2659 3792 utrinque
2718 3720 2916 3775 muniti
2968 3720 3356 3774 inconcussum

1788 3814 2008 3881 pictatis
2069 3813 2536 3882 propugnaculum
2581 3812 2635 3865 in
2681 3811 2861 3865 anima
2915 3809 3356 3863 circumferrem.

1788 3903 1914 3956 Post
1945 3902 2287 3971 aliquantum
2322 3918 2454 3955 vero
2480 3901 2743 3970 temporis
2779 3914 2997 3954 rursum
3032 3898 3237 3953 Paulus
3264 3897 3358 3953 Je-

1790 3993 2023 4048 rusalem
2052 3995 2369 4058 revertitur,
2389 3996 2610 4047 visurus
2633 3994 2879 4055 Petrum,
2904 3990 2996 4046 ubi
3020 3991 3184 4046 etiam
3211 3990 3357 4044 inter

1787 4102 1845 4141 se
1891 4086 2043 4156 191
2078 4086 2389 4155 partiuntur
2455 4085 2776 4139 universum
2840 4084 3055 4136 orbem.
3104 4080 3359 4149 Cumque

1786 4186 1997 4246 partem
2031 4176 2274 4246 gentium
2317 4175 2514 4230 l’aulus
2544 4174 2865 4244 accepisset,
2899 4172 3065 4226 Petro
3098 4186 3228 4225 sane
3257 4171 3357 4225 Ju-

1785 4269 2000 4324 daicum
2030 4268 2291 4338 populum
2334 4267 2531 4321 sortito
2569 4264 2901 4327 docendum,
2934 4263 3200 4333 plurimas
3240 4273 3356 4316 tum

1784 4360 2033 4413 civitates
2076 4369 2191 4413 tum
2234 4357 2484 4427 regiones
2513 4354 3149 4427 peragravit:brevique
3176 4363 3365 4407 totum

1786 4449 2060 4520 Illyricum
2100 4449 2370 4520 dogmatis
2399 4448 2467 4502 de
2495 4447 2697 4503 Christi
2731 4446 2880 4501 cultu
2917 4445 3165 4514 replevit.
3193 4445 3358 4498 Innu-

1788 4558 1937 4596 mera
1969 4542 2133 4612 igitur
2168 4556 2359 4607 passus
2382 4538 2707 4601 certamina,
2736 4553 2799 4591 ac
2819 4537 3100 4590 sustinens
3122 4551 3222 4604 pro
3251 4535 3358 4588 ﬁde

1782 4636 1985 4689 Christi
2014 4643 2069 4687 ct
2104 4649 2202 4701 pro
2245 4630 2539 4701 Evangelio
2577 4629 2745 4685 multa
2780 4628 3043 4697 variaque
3082 4629 3365 4697 pericula,

1784 4743 1903 4796 qua:
1931 4726 2044 4795 ipse
2085 4723 2351 4778 describit
2386 4740 2397 4776 :
2432 4738 2555 4776 cum
2585 4720 2839 4775 universa
2864 4720 3177 4777 devicisset.
3216 4718 3353 4772 lide-

1785 4834 1891 4886 que
1944 4825 2259 4883 superasset
2307 4814 2571 4884 (quandiu
2634 4814 2781 4867 enim
2846 4811 3067 4865 volebat
3127 4811 3349 4871 Paulus,

1783 4907 1926 4960 Deus
1958 4905 2023 4958 ad
2070 4904 2359 4958 deﬁnitum
2402 4903 2502 4972 ipsi
2545 4912 2781 4971 tempus,
2816 4909 2875 4954 ut
2916 4900 3060 4955 inter
3104 4902 3354 4955 lionnincs

1785 4996 2028 5067 degeret,
2062 4996 2209 5049 hunc
2249 4993 2543 5055 retinebat,
2574 4990 2751 5046 donec
2787 4990 3056 5045 universis
3096 4989 3355 5060 gentibus

1784 5088 2139 5159 Evangelium
2180 5085 2545 5157 prmdicaret),
2574 5082 2884 5138 declinante
2912 5082 3173 5135 nimirum
3215 5092 3353 5135 tem-

1786 5198 1939 5252 pore,
1990 5194 2208 5235 rursum
2266 5177 2468 5231 Paulus
2517 5175 2889 5245 Hierosolyma
2936 5172 3255 5237 revertitur;
3294 5184 3346 5225 ut

1782 5280 2000 5325 sanctos
2054 5270 2147 5337 qui
2190 5268 2392 5322 ibidem
2443 5268 2674 5337 agebant
2726 5265 3007 5329 inviseret,
3053 5265 3350 5335 cgenisquc

1783 5362 2046 5415 auxilium
2086 5361 2278 5415 ferret.
2320 5359 2542 5412 Interim
2580 5373 2712 5411 vero
2748 5356 2946 5411 seditio
2980 5355 3227 5426 quaedam
3257 5371 3351 5409 oe-

1782 5452 2007 5521 cupavit
2052 5450 2353 5512 civitatem,
2385 5458 2440 5503 et
2473 5447 2711 5517 populus
2757 5448 2812 5501 in
2855 5446 3150 5499 tumultum
3186 5446 3348 5499 vehe-

1785 5554 2025 5598 mentem
2054 5556 2247 5598 versus
2272 5547 2411 5599 erat.
2438 5538 2642 5594 Iuda-is
2674 5538 2888 5607 plebem
2922 5537 3349 5592 concitantibus.

1783 5636 2071 5708 Indignum
2097 5634 2242 5690 enim
2277 5643 2332 5687 ct
2355 5648 2518 5704 grave
2543 5630 2813 5685 ducebant
2846 5638 3221 5684 accusatorem
3253 5629 3351 5683 ha-

1784 5731 1913 5785 bere
1945 5745 2092 5789 eum,
2123 5727 2214 5797 qui
2251 5727 2381 5780 olim
2418 5725 2525 5779 dux
2560 5724 2691 5793 ipsis
2723 5730 2842 5775 erat
2872 5739 2932 5776 ae
2967 5722 3240 5790 particeps
3272 5722 3360 5775 in-

1780 5822 1946 5877 smie
2025 5822 2289 5889 ipsorum.
2377 5832 2613 5884 eumque
2675 5814 2927 5869 occidere
2999 5812 3346 5869 festinabant.
