4178 6464
817 388 923 451 315

1902 394 2299 455 (ECUMENII
2330 393 2621 454 TlllCCsE
2651 393 2993 452 EPISCUPI

3951 382 4060 445 316

822 502 988 555 etiam
1040 503 1384 573 martyrium,
1420 502 1719 558 ostendens
1752 515 1809 558 et
1854 505 2079 559 l’aulum
2110 504 2166 557 in
2202 505 2389 573 quiete

2495 518 2641 553 σκων
2690 501 2814 554 οὐδὲ
2848 503 2909 554 τὸ
2942 500 3239 571 μαρτύριον
3291 499 3455 550 αὑτοῦ
3519 498 3845 563 ἐγκατέθετο
3875 500 3943 568 τῇ
3977 498 4062 566 βί-

820 591 1206 661 permansisse,
1239 601 1294 644 et
1330 591 1425 644 Dei
1458 592 1687 645 verbum
1724 594 1875 646 nullo
1907 593 2237 661 prohibente
2270 594 2385 647 dis-

817 680 1136 735 seminasse.
1165 680 1449 749 Siquidem
1483 683 1649 736 habet
1672 683 1925 748 historia,
1953 685 2099 753 quod
2131 685 2224 738 ubi
2256 693 2387 738 tunc

816 770 918 823 sub
942 769 1159 823 Nerone
1187 770 1562 840 respondisset
1590 773 1789 826 Paulus
1812 782 1867 827 et
1886 789 1916 828 a
1950 773 2165 829 Casare
2193 775 2389 828 fuisset

815 858 1122 921 absolutus,
1168 861 1235 912 ad
1296 862 1702 929 praedicationis
1760 864 2129 918 ministerium
2197 881 2389 920 rursus

815 948 1079 1001 emissum
1107 948 1295 1008 fuisse.
1315 950 1547 1019 aliisque
1568 952 1757 1007 decem
1785 955 1943 1007 anuis
1969 956 2243 1024 Evangelii
2268 973 2389 1010 ver-

812 1038 947 1091 bum
982 1038 1387 1095 disseminasse.
1420 1040 1558 1096 Cum
1593 1052 1777 1097 autem
1805 1044 1871 1096 ad
1901 1054 2209 1099 extremum
2242 1047 2387 1101 insa—

818 1129 921 1182 niae
964 1129 1107 1182 Nero
1141 1132 1505 1199 pervenisset,
1558 1134 1797 1201 primum
1838 1138 2065 1203 quidem
2113 1138 2389 1193 interfecit

814 1220 1166 1289 Agrippinam
1209 1225 1489 1293 propriam
1523 1235 1775 1289 matrem,
1822 1239 2083 1297 pra-terea
2129 1240 2184 1283 et
2218 1230 2392 1297 patris

816 1326 1084 1377 sororem,
1120 1313 1397 1367 Octaviam
1424 1330 1645 1385 quoque
1669 1333 1823 1371 suam
1859 1335 2110 1384 uxorem,
2141 1320 2389 1391 aliosque

818 1409 1136 1462 innumeros
1176 1426 1375 1478 genere
1422 1411 1599 1480 ipsum
1641 1414 2022 1482 contingentes
2056 1433 2068 1466 :
2104 1415 2303 1469 deinde
2336 1424 2393 1469 et

816 1498 1181 1551 universalem
1215 1500 1385 1552 movit
1425 1501 1713 1554 adversum
1751 1502 2096 1556 Christianos
2130 1520 2383 1572 persecu-

818 1590 1044 1651 tionem,
1068 1597 1124 1642 ct
1154 1589 1227 1643 ita
1261 1591 1327 1643 ad
1358 1592 1731 1659 apostolorum
1760 1593 1937 1647 credes
1968 1596 2241 1663 pervenit.
2272 1594 2393 1649 Sta—

819 1683 914 1735 tim
945 1683 1092 1736 enim
1117 1684 1447 1737 accersitum
1488 1685 1716 1738 Paulum
1751 1687 1893 1740 stitit
1937 1687 2217 1743 tribunali.
2245 1688 2392 1741 Rur-

817 1788 935 1824 sum
950 1781 1134 1826 autem
1154 1774 1204 1828 ei
1226 1774 1400 1828 Lucas
1415 1776 1745 1845 conjunctus
1763 1788 1874 1831 est:
1892 1780 1982 1831 ubi
2001 1787 2149 1832 certe
2163 1779 2393 1849 contigit

818 1863 1045 1915 l‘aulttm
1089 1880 1233 1917 anno
1278 1864 1554 1917 tricesimo
1594 1877 1749 1919 sexto
1779 1883 1807 1919 a
1844 1867 2127 1921 Salvatore
2176 1883 2337 1936 passo
2366 1909 2380 1933 ,

2495 1864 2886 1934 προσήκοντας.

817 1954 984 2005 tertio
998 1952 1209 2007 decimo
1235 1965 1417 2007 autem
1445 1955 2207 2030 imperiiNeionis,niartyrio
2229 1961 2395 2015 vitam

818 2042 1023 2103 liuisse,
1042 2044 1221 2111 capite
1247 2044 1505 2100 videlicet
1526 2046 1706 2114 gladio
1736 2059 2037 2117 amputato.
2063 2049 2201 2105 Sunt
2232 2052 2398 2121 igitur

816 2132 886 2186 ab
926 2148 1071 2186 anno
1104 2133 1313 2188 Tiberii
1344 2135 1574 2190 Caesaris
1616 2138 1833 2193 decimo
1874 2156 2043 2204 nono,
2071 2157 2182 2210 quo
2216 2142 2395 2195 Evan-

814 2224 1017 2293 gelium
1045 2227 1211 2295 cmpit
1233 2228 1551 2296 przediea-re,
1578 2245 1752 2299 usque
1773 2232 1838 2285 ad
1869 2247 2075 2286 annum
2104 2236 2224 2304 ejus
2249 2234 2395 2289 vice-

816 2314 1017 2369 simum
1058 2316 1383 2380 secundum,
1433 2320 1561 2372 anni
1594 2329 1858 2388 quatuor,
1893 2332 1949 2376 et
1991 2322 2111 2377 Caii
2140 2325 2393 2379 similiter

814 2407 941 2459 anni
967 2417 1206 2475 quatuor
1247 2426 1260 2460 :
1296 2425 1515 2462 rursum
1548 2428 1678 2464 vero
1714 2422 1769 2466 ct
1801 2413 2014 2467 Claudii
2056 2417 2183 2469 anui
2232 2418 2393 2485 paulo

815 2497 998 2551 minus
1044 2501 1491 2567 quatuordecim,
1530 2519 1692 2571 quem
1738 2505 2020 2559 insecutus
2050 2507 2192 2560 Nero
2229 2510 2392 2562 tertio

814 2586 1033 2641 decimo
1055 2590 1139 2642 sui
1168 2589 1323 2659 195
1376 2591 1716 2660 principatus
1773 2610 1917 2647 anno
1968 2597 2273 2663 apostolum
2312 2598 2393 2650 in-

815 2681 1056 2733 teremit.
1120 2680 1247 2735 lla:c
1315 2694 1499 2737 autem
1544 2684 1611 2737 dc
1662 2685 1837 2753 prima
1885 2702 1981 2739 sua
2034 2689 2390 2755 responsione

811 2769 1005 2823 scribit
1027 2770 1141 2839 ipse
1164 2772 1365 2826 Paulus
1399 2774 1681 2841 apostolus
1717 2773 2044 2830 Timotheo:
2076 2796 2093 2827 ι
2128 2776 2183 2829 In
2213 2778 2389 2846 prima

812 2877 933 2915 mea
970 2864 1328 2931 responsione
1347 2866 1532 2918 nullus
1565 2866 1701 2919 mihi
1736 2866 1934 2931 adfuit,
1961 2869 2054 2921 sed
2079 2882 2272 2923 omnes
2304 2884 2391 2923 me

812 2954 1234 3022 dereliquerunt
1270 2974 1283 3010 :
1316 2972 1423 3011 non
1458 2958 1566 3012 illis
1609 2958 1913 3028 imputetur
1954 2977 1967 3013 :
1996 2960 2263 3015 Dominus
2292 2975 2391 3015 au-

814 3056 923 3099 tem
955 3046 1133 3101 adfuit
1161 3049 1296 3102 milii
1327 3058 1383 3103 e:
1405 3050 1754 3104 conﬁrmavit
1787 3066 1895 3113 me,
1930 3061 1991 3105 ut
2015 3066 2112 3120 per
2142 3066 2228 3105 me
2255 3067 2394 3120 pm-

812 3137 1017 3191 Cicatio
1065 3140 1291 3193 certiori
1337 3141 1441 3194 fide
1488 3143 1963 3210 comprobaretur,
2021 3144 2389 3212 audirentque

811 3242 1005 3281 (mnes
1036 3238 1228 3297 gentes
1271 3249 1283 3282 :
1315 3240 1372 3284 et
1403 3232 1668 3285 liberatus
1696 3247 1816 3285 sum
1839 3232 1906 3285 de
1950 3247 2045 3285 ore
2095 3232 2270 3287 leonis
2290 3236 2330 3296 ',
2362 3252 2380 3285 ι

817 3316 923 3368 lioc
948 3318 1171 3371 nomine
1199 3318 1471 3372 Neronem
1502 3321 1837 3389 signiﬁcans.
1869 3321 1944 3374 De
1968 3320 2210 3375 secunda
2235 3337 2385 3386 vero,

816 3406 869 3459 in
903 3421 1010 3474 qua
1042 3416 1097 3461 et
1132 3409 1393 3479 martyrio
1410 3424 1564 3463 suam
1590 3411 1765 3465 liuivit
1796 3412 1985 3477 vitam,
2014 3414 2093 3467 ait
2135 3432 2147 3465 :
2188 3432 2206 3462 ι
2233 3412 2391 3466 Mini-

814 3496 1045 3551 sterium
1095 3506 1250 3552 tuum
1298 3500 1504 3553 bonum
1548 3502 1756 3555 certius
1798 3502 2055 3571 adimple.
2097 3503 2210 3572 Ego
2243 3505 2389 3557 enim

815 3588 923 3657 iam
950 3587 1493 3659 delibor,etteinpus
1515 3607 1647 3645 mea:
1676 3593 2061 3647 dissolutionis
2094 3594 2392 3649 instat.iEt

814 3679 944 3746 quia
974 3678 1148 3733 Lucas
1180 3697 1397 3736 rursum
1426 3692 1548 3738 erat
1577 3700 1702 3737 cum
1726 3700 1815 3747 eo,
1837 3695 1961 3753 post
1982 3701 2153 3754 pauca
2181 3687 2389 3754 episto-

814 3765 881 3822 ιι·
922 3770 1090 3823 verba
1137 3786 1151 3823 :
1191 3772 1441 3827 «Salutat
1470 3782 1542 3839 te,
1574 3775 1772 3843 inquit,
1813 3775 2009 3839 Lucas,
2054 3776 2147 3845 qui
2177 3791 2390 3831 mecum

815 3868 919 3911 est.
954 3878 972 3910 ι
1008 3860 1202 3916 Totius
1246 3862 1412 3931 igitur
1450 3864 1656 3932 prioris
1694 3866 2103 3936 praadicationis
2155 3867 2392 3935 apostoli

820 3960 1036 4019 tempus
1079 3962 1164 4006 est
1202 3955 1366 4008 unius
1398 3964 1455 4009 ct
1497 3956 1686 4025 viginti
1726 3972 1995 4011 annorum
2029 3966 2227 4026 praeter
2256 3958 2395 4012 alios

815 4042 957 4097 duos
991 4060 1166 4099 annos
1207 4062 1346 4115 quos
1368 4048 1510 4115 apud
1534 4048 1836 4103 Caesaream
1866 4051 1919 4103 in
1950 4066 2174 4105 carcere
2213 4061 2392 4105 trans-

815 4131 946 4199 egit.
975 4132 1070 4185 llis
1093 4150 1309 4188 rursum
1332 4136 1604 4190 addantur
1626 4138 1736 4191 duo
1754 4138 1913 4208 primi
1937 4140 2066 4193 anni
2098 4150 2389 4209 postquam

819 4223 1045 4277 Romam
1087 4236 1434 4294 pervenerat,
1472 4228 1773 4298 decemque
1806 4231 1983 4285 ultimi
2022 4249 2035 4285 :
2069 4231 2140 4286 ita
2174 4239 2234 4284 ut
2269 4232 2391 4286 fue-

818 4313 930 4368 rint
959 4330 1153 4371 omnes
1179 4318 1309 4372 anui
1339 4319 1409 4373 ab
1440 4321 1561 4391 ejus
1586 4322 1875 4376 vocatione
1906 4339 2079 4393 usque
2110 4323 2175 4377 ad
2213 4323 2386 4393 ipsius

820 4414 1055 4459 mortem
1083 4408 1305 4477 triginta
1330 4411 1599 4479 quinque.

2490 594 2618 662 ὅλῳ.
2659 593 3060 654 Καταλιπόντες
3088 591 3195 660 γὰρ
3234 590 3396 642 αὐτὸν
3426 590 3602 642 ἐκεῖσε
3634 590 3847 649 Λουκᾶς
3876 606 3934 641 τε
3970 591 4065 642 καὶ

2501 684 2873 753 Ἀρίσταρχος.
2922 678 3106 751 ἦλθον.
3165 679 3422 742 Εὐσέϐιος
3460 681 3517 733 δὲ
3573 686 3698 743 τοὺς
3759 681 4057 750 μετέπειτα

2490 774 2712 841 χρόνους
2753 772 2999 839 ἀκριϐῶς
3054 770 3581 841 περιεργασάμενος,
3619 771 3903 840 ἱστόρησεν
3930 774 4065 840 ἡμῖν

2490 864 2545 914 ὲν
2568 860 2644 930 τῷ
2672 860 2910 932 δευτέρῳ
2959 861 3109 931 τόμῳ
3153 860 3255 929 τῆς
3296 860 3787 930 Ἐκκλησιαστικῆς
3816 862 4062 932 ἱστορίας

2487 952 2678 1006 τούτου
2738 954 2929 1007 καὶτὸ
2976 952 3293 1023 μαρτύριον,
3340 954 3435 1005 καὶ
3480 953 3574 1005 τὸν
3628 953 3841 1006 Παῦλον
3874 954 4069 1006 ἄνετον

2489 1045 2801 1115 διατρίψαι,
2834 1044 2931 1097 καὶ
2961 1046 3055 1097 τὸν
3086 1044 3178 1097 τοῦ
3201 1045 3336 1096 Θεοῦ
3371 1045 3528 1110 λόγον
3566 1045 3862 1106 ἀκωλύτως
3892 1047 4071 1114 κηρύ-

2493 1137 2579 1201 ξαι
2635 1138 3135 1205 ἐπισημηνάμενος.
3192 1137 3327 1189 Τότε
3384 1137 3481 1206 μὲν
3526 1131 3619 1189 οὖν
3672 1138 3763 1188 ἐπὶ
3813 1137 4070 1206 Νέρωνος

2492 1231 2974 1299 ἀπολογησάμενον
2997 1229 3088 1281 τὸν
3122 1229 3353 1291 Παῦλον,
3382 1228 3536 1290 αὖθις
3581 1230 3673 1281 ἐπὶ
3696 1229 3796 1293 τὴν
3829 1229 3921 1281 τοῦ
3965 1246 4072 1296 κη-

2497 1322 2775 1391 ρύγματος
2807 1320 3084 1373 διακονίαν
3114 1320 3270 1386 λόγος
3306 1321 3417 1388 ἔχει
3450 1320 3762 1373 στείλασθαι
3795 1321 3901 1372 ὑπὸ
3932 1322 4073 1371 Καί-

2496 1430 2660 1483 σαρος
2686 1411 3046 1477 ἀπολυθέντα,
3082 1410 3541 1478 εὐαγγελίσασθαι
3578 1412 3663 1475 ἐφ’
3702 1410 3907 1478 ἑτέροις
3934 1411 4075 1462 δέκα

2494 1506 2689 1556 ἔτεσιν.
2746 1503 2840 1564 Εἰς
2879 1501 3048 1571 ἀκρον
3091 1502 3147 1553 δὲ
3198 1502 3394 1571 μανίας
3428 1502 3455 1552 δ
3485 1500 3677 1571 Νέρων
3712 1500 4073 1569 ἀφικόμενος,

2494 1593 2670 1645 ἀνεῖλε
2703 1590 2802 1659 μὲν
2836 1590 3202 1660 Ἀγριππίναν
3246 1590 3438 1660 πρῶτα
3488 1588 3590 1659 τὴν
3640 1589 3776 1641 ἰδίαν
3832 1589 4073 1657 μητέρα,

2496 1683 2581 1735 ἔτι
2609 1683 2666 1735 δὲ
2695 1683 2790 1734 καὶ
2822 1684 2921 1750 τὴν
2946 1681 3183 1749 ἀδελφὴν
3230 1679 3323 1732 τοῦ
3376 1680 3582 1749 πατρὸς
3602 1720 3616 1741 ,
3649 1682 3742 1731 καὶ
3766 1680 4074 1732 Ὀκταυῖαν

2496 1760 2596 1842 τ’ὴν
2626 1772 2822 1825 ἑαυτοῦ
2854 1774 3108 1839 γυναῖκα,
3142 1772 3235 1823 καὶ
3286 1770 3482 1833 ἄλλους
3529 1770 3755 1839 μυρίους
3803 1770 3879 1840 τῷ
3924 1771 4075 1835 γένει

2978 1862 3287 1914 Meri-iraira
3351 1861 3406 1913 δὲ
3492 1860 3780 1913 καθολικδν
3850 1861 4077 1929 ὲκὲνησε

2497 1954 2736 2022 διωγμὸν
2783 1952 2922 2006 κατά
2967 1954 3075 2006 τῶν
3100 1952 3447 2022 Χριστιανῶν
3469 1995 3483 2017 ,
3513 1953 3606 2005 καὶ
3638 1952 3809 2015 οὕτως
3849 1954 3939 2004 ἐπὶ
3977 1954 4078 2013 τὰς

2496 2046 2606 2099 τῶν
2628 2046 2942 2100 ἀποστόλων
2972 2040 3104 2115 ἦλθε
3148 2046 3385 2112 σφαγάς.
3418 2042 3926 2110 Μεταστειλάμενος
3964 2043 4079 2112 γὰρ

2494 2137 2586 2189 τὸν
2616 2136 2825 2192 Παῦλον
2881 2136 3041 2198 αὖθις
3093 2136 3173 2203 τῷ
3205 2136 3409 2204 βήματι
3454 2138 3716 2206 παριστᾷ.
3748 2135 3985 2203 suam;
4016 2137 4075 2186 δὲ

2498 2228 2657 2279 πάλιν
2681 2230 2710 2281 δ
2739 2229 2952 2290 Λουκᾶς
2988 2225 3159 2296 αὐτῷ.
3192 2226 3363 2279 Ἔνθα
3388 2225 3451 2294 δὴ
3481 2226 3676 2295 συνέϐη
3710 2227 3799 2277 τὸν
3840 2225 4075 2288 Παῦλον,

2494 2319 2803 2388 τριακοστῷ
2853 2318 2998 2386 ἕκτῳ
3054 2316 3163 2368 ἔτει
3217 2314 3313 2367 τοῦ
3349 2316 3620 2384 σωτηρίου
3656 2316 3881 2377 πάθους,
3915 2333 4075 2384 τρισ-

2500 2411 2807 2480 καιδεκάτῳ
2839 2410 2895 2463 δὲ
2928 2410 3181 2479 Νέρωνος
3238 2408 3624 2478 μαρτυρῆσαι,
3677 2407 3816 2476 ξίφει
3848 2409 3946 2476 τὴν
3980 2426 4073 2459 κε-

2496 2500 2670 2568 φαλὴν
2719 2500 3130 2570 ἀποτμηθέντα.
3165 2500 3321 2551 Ἐστι
3351 2499 3533 2551 τοίνυν
3581 2498 3691 2549 ἀπὸ
3734 2496 3828 2548 τοῦ
3874 2500 4065 2549 ἐννεα-

2495 2592 2815 2645 καιδεκάτου
2851 2593 3005 2655 ἔτους
3055 2592 3308 2661 Τιϐερίου
3340 2591 3653 2659 Καίσαρος,
3683 2590 3741 2653 ἐξ
3774 2584 3835 2642 οὗ
3867 2592 4077 2658 κηρυσ-

2495 2699 2611 2735 σειν
2634 2682 2693 2734 τδ
2724 2683 3296 2752 Εὐαγγέλιονήρξατο,
3332 2683 3436 2744 ἕως
3461 2680 3555 2733 τοῦ
3598 2681 3847 2733 εἰκοστοῦ
3878 2680 4034 2732 δευτέ
4062 2711 4076 2718 -

2497 2791 2590 2843 ρου
2624 2773 2797 2839 ἔτους,
2836 2775 2932 2845 ἐτη
2958 2776 3232 2844 τέσσαρα·
3278 2775 3373 2827 καὶ
3402 2772 3468 2825 τὰ
3504 2774 3667 2825 Γαΐου
3701 2772 3755 2825 δὲ
3784 2772 4075 2834 ὡσαύτως,

2496 2863 2591 2933 ἔτη
2630 2865 2893 2935 τέσσαρα.
2926 2862 3091 2929 Αὖθις
3121 2866 3177 2918 δὲ
3207 2866 3299 2918 καὶ
3332 2865 3399 2917 τὰ
3429 2865 3697 2918 Κλαυδίου
3730 2864 3847 2932 ἔτη,
3876 2866 4079 2933 μικρὸν

2492 2958 2735 3019 ἐλάττω,
2790 2958 3185 3028 δεκατέσσαρα.
3249 2960 3347 3011 Ὃν
3415 2957 3793 3025 διαδεξάμενος
3856 2957 4075 3024 Νέρων,

2490 3046 2923 3117 τρισκαιδεκάτῳ
2950 3047 3059 3099 ἔτει
3080 3047 3179 3118 τῆς
3210 3047 3403 3099 ἑαυτοῦ
3430 3046 3625 3117 ἀρχῆς,
3643 3046 3732 3097 τὸν
3750 3046 4005 3098 Ἀπ’ἱστοὶ
4018 3064 4078 3097 ον

2492 3138 2721 3191 ἀνεῖλεν.
2752 3138 2953 3207 Γράφει
2981 3138 3112 3206 γοῦν
3156 3140 3183 3190 δ
3214 3139 3375 3201 αὐτὸς
3407 3137 3703 3196 ἀπόστολος
3737 3135 3946 3196 Παῦλος
3980 3136 4078 3186 Τι-

2505 3230 2708 3299 μοθέῳ,
2737 3231 2863 3300 περὶ
2894 3229 2993 3298 μὲν
3019 3231 3116 3299 τῆς
3142 3229 3366 3299 πρώτης
3397 3229 3564 3281 αὐτοῦ
3594 3228 3883 3294 ἀπολογίας
3913 3228 4042 3279 τάδε
4064 3246 4077 3257 ·

2502 3340 2521 3373 ε
2544 3323 2633 3376 Ἐν
2658 3325 2724 3392 τῇ
2754 3322 2942 3392 πρώτῃ
2974 3339 3073 3391 μου
3096 3320 3362 3388 ἀπολογία
3421 3320 3593 3379 οὐδείς
3618 3336 3704 3386 μοι
3724 3320 4083 3386 συμπαρεγέ-

2498 3431 2640 3476 νετο,
2673 3414 2811 3466 ἀλλὰ
2841 3414 3037 3474 πάντες
3094 3430 3160 3479 με
3196 3411 3572 3480 ἐγκατέλιπον.
3626 3410 3716 3478 Μὴ
3768 3411 3953 3470 acti;
3990 3411 4080 3461 λο-

2497 3504 2810 3576 γισθείη.ὐ
2834 3505 2891 3557 δὲ
2926 3504 3249 3575 Κύριὸςημοι
3285 3504 3532 3573 παρέστη
3564 3505 3658 3554 καὶ
3692 3501 4077 3566 ἐνεδυναμωσέ

2500 3610 2588 3663 με,
2649 3594 2735 3646 ἴνα
2786 3593 2855 3646 δι’
2900 3593 3033 3663 ἐμοῦ
3083 3594 3143 3645 τὸ
3205 3594 3468 3663 κήρυγμα
3518 3591 3932 3660 πληροφορηθῇ,
3982 3596 4079 3645 καὶ

2498 3685 2771 3738 ἀκούσωσι
2806 3687 2985 3738 πάντα
3018 3686 3084 3739 τά
3112 3684 3261 3754 ἔθνη.
3293 3685 3403 3737 Καὶ
3439 3682 3715 3752 ὲρῥύσθην
3757 3682 3820 3733 ὲκ
3866 3682 4079 3749 στόμα-

2494 3793 2586 3839 τος
2616 3776 2857 3839 λέοντοςο
2897 3796 2915 3827 ι
2951 3775 3140 3829 τοῦτον
3163 3776 3339 3843 λέγων
3371 3770 3511 3827 εἶναι
3534 3774 3625 3826 τὸν
3659 3773 3909 3843 Νέρωνα.
3943 3774 4081 3843 Περὶ

2495 3866 2553 3919 δὲ
2583 3867 2682 3935 τῆς
2710 3866 2971 3936 δευτέρας
3007 3860 3121 3938 ὲνῇ
3152 3866 3246 3917 καὶ
3287 3862 3588 3916 τελειοῦται
3622 3863 3699 3931 τῷ
3748 3865 3869 3916 κατ’
3910 3866 4079 3916 αὐτὸν

2498 3956 2801 4028 μαρτυρίῳ,
2849 3958 3003 4026 φησί·
3035 3976 3053 4009 ι
3082 3957 3193 4026 Τὴν
3215 3955 3385 4025 καλὴν
3419 3954 3693 4008 διακονίαν
3718 3970 3811 4005 σου
3870 3953 3977 4023 πλη
3989 3973 4080 4024 ρο-

2496 4049 2756 4119 φόρησον.
2785 4048 2929 4115 Ἐγὼ
2959 4048 3067 4119 γὰρ
3096 4048 3192 4116 ἤδη
3225 4047 3548 4113 σπένδομαι,
3580 4046 3673 4098 καὶ
3701 4046 3729 4097 ὁ
3755 4047 3948 4114 καιρθις
3976 4046 4078 4109 τῆς

2494 4136 2804 4200 ἀναλύσεώς
2835 4154 2937 4207 μου
2969 4137 3295 4207 ὲφέστηκε.σ
3327 4137 3435 4188 Καὶ
3465 4137 3545 4188 ὅτι
3566 4136 3776 4197 Λουκᾶς
3809 4132 3877 4205 ἦν
3909 4138 4079 4190 πάλιν

2495 4232 2591 4283 σὺν
2616 4228 2783 4300 αὐτῷ,
2818 4230 2934 4299 μετ’
2956 4229 3112 4297 ὀλίγα
3138 4228 3591 4299 τῆςὲπιστολῆς,›
3627 4229 3963 4293 Ἀσπάζεταί
3991 4246 4074 4288 σε.

2493 4323 2763 4394 γμάφειάδ
2784 4324 2997 4384 Λουκᾶς
3028 4325 3054 4374 ὁ
3080 4323 3175 4374 σὺν
3202 4322 3345 4390 ὲμοί.
3367 4341 3384 4371 ι
3420 4323 3609 4375 Ἔστιν
3630 4321 3721 4374 οὖν
3746 4325 3774 4375 δ
3809 4325 3918 4384 πᾶς
3943 4324 4046 4389 χρό
4063 4352 4074 4360 -

2493 4432 2583 4478 νος
2604 4414 2698 4468 τοῦ
2726 4414 3082 4486 κηρύγματος
3116 4412 3353 4477 Παύλου,
3391 4416 3565 4466 εἴκοσι
3593 4416 3684 4465 καὶ
3708 4413 3769 4465 ἓν
3797 4416 3935 4473 ἔτος.
3961 4416 4076 4467 Καὶ

816 4495 977 4565 ἔτερα
997 4498 1093 4551 δύο
1126 4500 1244 4563 ἐτη,
1267 4499 1303 4553 ἀ
1338 4500 1636 4554 διετέλεσεν
1676 4504 1733 4554 ἐν
1762 4503 1839 4573 τῷ
1871 4503 2012 4557 κατὰ
2047 4505 2385 4572 Καισάρειαν
2417 4504 2796 4576 δεσμωτηρίῳ.
2850 4506 2993 4575 Πρὸς
3034 4504 3091 4557 δὲ
3157 4504 3368 4566 τούτοις
3406 4504 3589 4567 πάλιν,
3642 4505 3709 4557 τὰ
3776 4507 3833 4556 ὲν
3884 4505 4077 4576 Ῥώμη

818 4590 1059 4657 πρότερα
1080 4591 1173 4643 δύο
1201 4592 1317 4662 ἔτη,
1353 4594 1447 4645 καὶ
1471 4594 1538 4647 τὰ
1567 4595 1847 4648 τελευταῖα
1876 4597 1931 4650 δὲ
1973 4597 2070 4667 ἐτη
2139 4596 2270 4650 δέκα
2300 4614 2313 4627 ·
2375 4596 2520 4650 ὥστε
2565 4594 2704 4651 εἶναι
2752 4599 2931 4652 πάντα
2963 4598 3029 4650 τὰ
3058 4597 3150 4665 ἔτη
3183 4596 3288 4647 ἀπὺ
3315 4595 3413 4663 τῆς
3444 4596 3684 4664 κλὴπεων
3714 4596 3876 4649 αὗτυῦ
3912 4600 4075 4666 ζλέιηζιι

815 4681 915 4749 τῆς
945 4682 1275 4746 τελειώσεως
1310 4686 1496 4750 αὑτοῦ,
1529 4690 1822 4758 τριάκοντα
1850 4690 1942 4742 καὶ
1973 4690 2154 4747 πέντε,

1124 4796 1539 4856 ΜΑΒΤΥΒΙΗΜ
1566 4801 1769 4857 PAULI
1798 4800 2153 4857 APOSTOLI.

890 4906 1003 4960 Sub
1032 4908 1247 4963 Nerone
1293 4911 1666 4967 Romanorum
1715 4913 2072 4983 imperatore,
2129 4926 2391 4986 martyrio

819 4996 985 5051 vitam
1022 4997 1224 5052 ibidem
1267 5000 1443 5055 ﬁnivit
1477 5001 1681 5057 Paulus
1738 5003 2040 5072 apostolus,
2073 5004 2253 5073 capite
2280 5006 2392 5075 gla-

819 5088 913 5141 dio
957 5099 1261 5158 amputato,
1302 5107 1447 5147 anno
1474 5109 1505 5147 a
1546 5094 1772 5150 salutari
1808 5096 2065 5165 passione
2115 5096 2394 5151 tricesimo

820 5190 973 5232 sexto
1001 5189 1287 5251 postquam
1322 5182 1508 5239 Romae
1531 5185 1736 5240 bonum
1762 5195 2067 5241 certaverat
2091 5197 2391 5254 certamen,

818 5270 1015 5339 quinto
1042 5274 1131 5328 die
1164 5275 1372 5330 mensis
1397 5276 1641 5340 Paucmi,
1674 5278 1769 5347 qui
1800 5278 1919 5332 dies
1942 5278 2086 5348 apud
2122 5279 2396 5333 Romanos

818 5361 1024 5416 dicitur
1080 5366 1276 5420 tertius
1320 5366 1687 5421 Kalendarum
1731 5369 1889 5432 Julii,
1943 5385 2054 5438 quo
2105 5370 2397 5439 complevit

819 5452 980 5507 divus
1002 5456 1295 5529 Apostolus
1318 5472 1479 5511 suum
1514 5461 1859 5530 martyrium,
1878 5460 2213 5529 sexagesimo
2253 5476 2397 5516 nouo

821 5558 965 5597 anno
990 5545 1264 5601 adventus
1297 5548 1595 5605 Salvatoris
1628 5551 1800 5605 nostri
1832 5551 1961 5607 Jesu
1994 5552 2217 5606 Christi.

899 5764 915 5796 ¹
944 5766 981 5817 ll
1008 5766 1147 5821 Tim.
1186 5785 1255 5828 iv,
1297 5768 1379 5827 lii,
1429 5770 1507 5822 l7.

2627 4798 3028 4852 ΜΑΡΤΥΡΙΟΝ
3062 4797 3342 4849 ιιλγλυι·
3370 4797 3456 4848 ἰῸ
3472 4797 3505 4846 ι’
3534 4797 3964 4853 ΑΠΟΣἸῸᾹΗΥ.

2582 4914 2705 4966 Ἐπὶ
2753 4912 3002 4982 Νέρωνος
3030 4910 3125 4963 τοῦ
3177 4911 3457 4978 Καίσαρος
3493 4910 3798 4980 Ῥωμαίων,
3830 4912 4077 4985 ἰμαρτύ-

2503 5023 2668 5075 ρησεν
2704 5005 2891 5058 αὐτόθι
2926 5005 3135 5066 Παῦλος
3175 5006 3203 5057 ὁ
3233 5004 3533 5065 ἀπόστολος
3554 5046 3567 5066 ,
3604 5003 3749 5071 ξίφει
3774 5006 3872 5075 τὴν
3904 5024 4078 5073 κεφα-

2500 5096 2596 5165 λὴν
2624 5096 2978 5165 ἀποτμηθεὶς,
3010 5097 3068 5147 ἐν
3094 5094 3173 5164 τῷ
3202 5093 3513 5162 τριακοστῷ
3541 5094 3631 5145 καὶ
3667 5095 3812 5163 ἕκτῳ
3846 5097 3959 5147 ἐτει
3980 5098 4076 5149 τοῦ

2501 5188 2769 5255 σωτηρίου
2790 5186 3013 5251 πάθους,
3043 5185 3133 5237 τὸν
3165 5185 3335 5237 καλὸν
3360 5184 3550 5251 ἀγῶνα
3578 5186 3994 5257 ἀγωνισάμενος
4020 5190 4078 5241 ἐν

2512 5279 2721 5348 Ῥώμῃ,
2740 5280 2967 5346 πέμπτῃ
2996 5279 3184 5348 ἡμέρα
3220 5278 3471 5345 Πανέμου
3506 5277 3693 5345 μηνὸς,
3716 5278 3839 5345 ἥτις
3860 5279 4075 5346 λέγεται

2503 5370 2655 5436 παρᾶ
2696 5367 3005 5434 Ῥωμαίοις,
3038 5369 3103 5434 τῇ
3139 5366 3243 5433 πρὸ
3284 5365 3451 5434 τριῶν
3482 5364 3776 5418 Καλανδῶν
3818 5368 4074 5431 Ίουλῖων,

2502 5461 2623 5513 καΟ⁸
2657 5462 2722 5529 ἣν
2747 5458 3035 5525 ἐτελειώθη
3074 5460 3101 5509 ὁ
3136 5458 3288 5523 ἀγιος
3335 5458 3657 5520 ’Δπόστολος
3705 5457 3782 5527 τῷ
3816 5462 3939 5511 κατ’
3976 5463 4072 5512 αὑ-

2502 5552 2590 5604 τὸν
2621 5550 2923 5619 μαρτυρίῳ,
2960 5547 3238 5617 ἑξηκοστῷ
3291 5547 3383 5599 καὶ
3422 5548 3626 5617 ὲννὰτῳ
3674 5548 3783 5600 ἔτει
3834 5550 3930 5621 τῆς
3983 5549 4073 5603 τοῦ

2499 5645 2745 5713 Σωτῆρος
2774 5642 2925 5712 ἡνιῶν
2964 5640 3136 5696 ἰτσοῦ
3171 5639 3404 5707 Χριστοῦ
3442 5641 3765 5710 παρουσίας.
