4178 6464
775 369 884 435 319
1871 362 2267 425 (ECUMENll
2303 364 2597 425 TRICCA‘.I
2640 362 2987 425 El’lSCUI'l
3939 360 4050 421 320

780 482 878 539 sed
904 498 971 537 ex
1003 481 1109 536 llde
1128 478 1461 551 iustificatur
1489 474 1786 546 quispiam,
1820 474 2283 544 quemadmodum
2313 485 2371 529 et

2484 472 2702 536 τούτων,
2728 472 2842 526 ἀλλ’
2878 474 2941 525 ἐκ
3000 470 3236 533 πίστεως
3291 467 3592 523 Stante-3m!
3644 486 3749 533 τις,
3795 470 4053 525 ιαοάπερ

781 574 1082 630 Abraham.
1114 572 1210 626 llis
1234 572 1305 623 ita
1325 568 1685 632 conﬁrmatis,
1710 565 1951 620 ostendit
1972 581 2191 621 rursum
2220 567 2366 637 quod

2484 563 2571 615 καὶ
2596 564 2625 615 ὁ
2654 562 2928 633 Ἀϐραάμ.
2958 560 3144 613 Ταῦτα
3191 559 3365 622 οὕτως
3413 562 3847 620 κατασκευάσας,
3906 560 4051 612 ἁπο-

783 666 945 720 alitcr
987 664 1104 717 lieri
1138 669 1375 731 nequeat
1413 660 1719 729 redemptio
1741 657 2029 727 autgratia
2069 657 2252 712 lsraeli
2285 656 2369 711 vel

784 756 1041 826 gentibus
1062 795 1077 818 ,
1114 755 1222 810 nisi
1251 754 1496 809 solvatur
1530 762 1688 806 vetus
1725 751 1853 807 Adze
1887 761 2191 820 peccatum,
2223 750 2370 819 quod

785 848 853 900 ad
886 864 1082 902 omnes
1113 848 1434 901 dimanavit.
1478 846 1583 899 Pcr
1624 846 1793 898 alium
1841 854 2023 899 autem
2068 860 2176 898 non
2211 858 2372 912 posse

785 939 958 993 deleri
986 940 1123 993 dicit
1144 938 1247 992 nisi
1274 954 1368 1007 per
1390 937 1671 992 Christum
1693 936 1885 998 Deum,
1909 952 2006 1005 per
2024 951 2187 1004 quem
2204 936 2370 989 etiam

788 1046 818 1083 a
847 1029 1119 1098 principio
1146 1028 1287 1083 facta
1318 1038 1403 1083 est
1429 1028 1779 1083 maledictio:
1815 1043 1994 1096 neque
2015 1028 2163 1080 enim
2192 1036 2374 1095 posset

787 1118 929 1171 alius
974 1118 1188 1172 solvere
1244 1128 1551 1188 peccatum.
1605 1117 1812 1170 Deinde
1863 1116 2219 1186 scribitquod
2270 1116 2374 1171 hoc

790 1209 953 1262 aliter
984 1223 1095 1263 non
1131 1211 1224 1264 liat
1255 1210 1360 1264 nisi
1395 1210 1566 1263 Filius
1592 1209 1685 1262 Dei
1719 1224 1921 1278 corpus
1950 1208 2163 1272 induat,
2196 1225 2260 1263 ac
2284 1207 2375 1262 ﬁat

792 1298 959 1351 homo
994 1316 1008 1352 :
1043 1309 1101 1352 ut
1127 1315 1251 1353 cum
1278 1299 1411 1353 illud
1445 1315 1547 1368 pro
1574 1300 1835 1353 omnibus
1864 1299 2149 1363 obtulerit,
2184 1314 2375 1353 omnes

792 1406 822 1442 a
860 1399 1035 1443 morte
1069 1390 1268 1444 liberet
1295 1406 1308 1443 :
1341 1399 1397 1444 et
1426 1391 1569 1444 sicut
1600 1406 1697 1459 per
1719 1406 1844 1444 cum
1874 1390 2150 1444 hominem
2185 1406 2377 1458 pecca-

796 1490 910 1534 tum
944 1482 997 1534 in
1029 1482 1296 1535 mundum
1322 1481 1592 1543 introivit,
1613 1482 1681 1535 ita
1698 1490 1749 1534 el
1778 1497 1878 1550 per
1908 1498 2077 1536 unum
2096 1482 2377 1536 hominem

712 1585 716 1588 '
796 1576 972 1645 gratia
1005 1576 1282 1629 succedat.
1328 1575 1571 1629 Tandem
1604 1591 1755 1629 more
1794 1576 1948 1645 probi
1978 1576 2250 1629 (Bconomi
2283 1575 2379 1630 Ju-

795 1667 944 1720 daaos
974 1667 1195 1735 quidem
1232 1668 1570 1731 consolatur,
1598 1668 1791 1721 dicens
1823 1686 1836 1721 :
1880 1686 1898 1717 ι
1932 1667 2051 1720 Non
2081 1667 2215 1721 estis
2244 1667 2379 1735 legis

800 1768 1236 1827 transgressores
1284 1758 1329 1811 si
1378 1757 1432 1811 in
1460 1758 1740 1812 Christum
1787 1757 2173 1821 credideritis;
2216 1776 2234 1807 ι
2283 1772 2378 1811 eos

797 1864 932 1902 vero
957 1821 1059 1917 qui
1097 1865 1127 1902 a
1164 1850 1422 1919 gentibus
1455 1849 1833 1911 crediderunt,
1888 1848 2146 1902 admonet
2182 1864 2251 1904 ne
2287 1864 2382 1903 ει·
2413 1821 2454 1877 Β

802 1942 1062 1995 tollantur
1090 1942 1355 1997 adversus
1386 1942 1661 2005 lsraelem,
1691 1941 1787 1995 sed
1818 1950 2116 2011 agnoscant
2144 1941 2290 2011 quod
2323 1952 2383 1997 ut

800 2033 939 2086 rami
988 2049 1154 2103 super
1204 2033 1469 2095 radicem,
1510 2034 1584 2087 ita
1622 2043 1677 2088 et
1709 2034 1811 2103 ipsi
1840 2049 2005 2102 super
2034 2034 2157 2088 illos
2190 2035 2380 2088 inserti

799 2126 933 2185 sint,
967 2126 1096 2180 Post
1119 2127 1233 2181 haec
1267 2137 1450 2181 autem
1495 2127 1585 2181 ubi
1619 2127 1929 2181 monitoriis
1976 2126 2159 2181 verbis
2186 2141 2281 2181 eos
2309 2126 2378 2181 de

801 2218 1048 2271 moribus
1084 2219 1328 2281 edocuit,
1368 2219 1654 2287 epistolam
1688 2218 1988 2273 concludit.

865 2700 1027 2770 198
1068 2695 1449 2757 EPISTOLE
1480 2700 1576 2756 AD
1616 2700 1948 2758 ROMANOS
1986 2700 2338 2758 CAPITULA

848 2860 899 2911 1.
956 2856 1277 2927 Evangelica
1308 2858 1549 2913 doctrina
1572 2860 1636 2912 de
1664 2861 1743 2913 his
1766 2860 1855 2929 qui
1878 2867 2029 2914 extra
2062 2860 2255 2916 Christi
2278 2880 2398 2933 gra.

951 2950 1078 3001 tiam
1106 2951 1306 3014 vivunt,
1341 2961 1388 3003 et
1410 2951 1474 3003 de
1504 2951 1585 3004 his
1620 2953 1711 3021 qui
1753 2953 1808 3005 in
1834 2954 2013 3022 gratia
2043 2970 2062 3007 :
2108 2971 2172 3008 ac
2201 2956 2266 3008 de
2307 2973 2399 3026 spe

949 3041 1320 3112 spiritualique
1348 3044 1761 3098 conversatione.

845 3131 900 3183 2.
963 3131 1037 3185 De
1074 3132 1302 3201 judicio,
1345 3135 1483 3201 quod
1530 3135 1700 3203 fertur
1751 3136 2002 3191 adversus
2048 3148 2245 3209 gentes,
2290 3158 2394 3195 non

956 3235 1223 3279 servantes
1255 3243 1315 3280 ea
1345 3244 1463 3296 quae
1486 3247 1517 3281 a
1546 3239 1743 3283 natura
1768 3240 1911 3283 sunt.

2470 653 2708 706 δείκνυσι
2734 652 2895 707 πάλιν
2929 652 3011 705 ὅτι
3060 652 3236 714 ἄλλως
3282 651 3383 704 οὐκ
3412 650 3479 705 ἂν
3510 651 3719 719 γένοιτο
3774 650 4055 721 λύτρωσις

2472 746 2568 798 καὶ
2616 746 2777 815 χάρις
2810 742 2903 797 τοῦ
2934 743 3155 813 Ἰσραὴλ
3186 744 3421 806 καὶτοῖς
3469 743 3697 806 ἔθνεσιν,
3727 744 3773 795 εἰ
3803 743 3879 812 μὴ
3909 742 4052 809 λυθῇ

2473 836 2733 908 ήάρχαία
2763 836 3010 908 ἁμαρτία
3058 835 3155 889 τοῦ
3188 836 3381 905 Ἀδὰμ,
3440 837 3472 905 ἡ
3514 838 3592 898 εἰς
3641 834 3846 897 πάντας
3896 850 4059 900 γενοο

2476 934 2635 1003 μὲν-η.
2671 933 2750 984 Δι’
2781 932 2943 986 ἄλλου
2976 932 3035 985 δὲ
3074 931 3281 1003 ταύτην
3305 932 3380 1002 μὴ
3423 930 3686 985 δύνασθαι
3722 930 4050 997 ἐξαλειφοῆ-

2473 1024 2558 1076 val
2608 1041 2795 1093 φησιν,
2830 1024 2944 1078 ἀλλ’
2971 1024 3004 1093 ἢ
3034 1024 3122 1078 διὰ
3150 1024 3386 1094 Χριστοῦ
3438 1024 3533 1077 τοῦ
3564 1023 3721 1088 Θεοῦ,
3746 1023 3812 1074 δι’
3845 1017 3907 1075 οὗ
3954 1023 4054 1074 καὶ

2475 1114 2535 1180 ἐξ
2566 1115 2743 1185 ἀρχῆς
2765 1115 2982 1185 κατάρα
3015 1115 3261 1184 γέγονεν.
3299 1115 3375 1168 Οὐ
3403 1114 3513 1185 γὰρ
3532 1114 3756 1168 δυνατὸν
3784 1108 3873 1184 ἦν,
3892 1112 4056 1165 ἄλλον

2472 1206 2632 1260 λῦσαι
2659 1207 2720 1261 τὸ
2752 1207 3126 1278 παράπτωμα.
3161 1204 3298 1262 Εἶτα
3322 1207 3525 1278 γράφει
3554 1209 3638 1261 ὅτι
3685 1206 3862 1267 ἄλλως
3884 1204 4058 1257 τοῦτο

2474 1297 2535 1349 οὗ
2567 1299 2642 1367 μὴ
2668 1298 2918 1366 γένηται,
2948 1299 3001 1351 εἰ
3039 1298 3115 1369 μὴ
3148 1299 3307 1368 σῶμα
3343 1299 3549 1371 φορέσῃ
3580 1299 3609 1350 ὁ
3636 1299 3762 1361 Υἱὸς
3780 1297 3873 1350 τοῦ
3887 1296 4057 1358 Θεοῦ,

2476 1386 2569 1438 καὶ
2593 1386 2815 1455 γένηται
2847 1385 3158 1456 ἄνθρωπος,
3196 1388 3282 1441 ἴνα
3310 1387 3469 1441 τοῦτο
3517 1387 3891 1458 προσενέγκας
3913 1386 4063 1455 ὑπὲρ

2478 1480 2718 1540 πάντων,
2752 1480 2881 1543 τοὺς
2903 1480 3116 1542 πάντας
3156 1480 3498 1552 ἐλευθερώσῃ
3525 1480 3634 1533 ἀπὸ
3672 1480 3766 1533 τοῦ
3789 1478 4057 1532 θανάτου.

2481 1568 2592 1622 Καὶ
2620 1569 2809 1640 ὥσπερ
2844 1570 2911 1624 δι’
2947 1571 3064 1634 ἑνὸς
3082 1571 3421 1641 ἀνθρώπουή
3457 1570 3697 1640 ἁμαρτία
3725 1573 3805 1633 εἰς
3838 1570 3928 1621 τὸν
3959 1569 4062 1622 κό-

2486 1676 2622 1735 σμον
2651 1660 2921 1729 εἰσῆλθεν,
2954 1660 3129 1725 οὕτως
3160 1663 3252 1714 καὶ
3280 1662 3348 1715 δι’
3371 1662 3489 1724 ἑνὸς
3517 1662 3805 1731 ἀνθρώπου
3828 1663 3862 1730 ή
3895 1663 4065 1730 χάρις

2479 1750 2725 1820 γένηται.
2764 1752 2875 1805 Καὶ
2901 1750 3088 1805 λοιπὸν
3111 1752 3187 1816 ὡς
3255 1752 3419 1816 καλὸς
3450 1753 3755 1822 οἰκονόμος,
3788 1753 3914 1814 τοὺς
3958 1751 4065 1821 μὲν

2482 1841 2769 1905 Ἰουδαίους
2799 1844 3242 1915 παραμυθεῖται,
3277 1846 3357 1896 ὅτι
3427 1862 3446 1894 ι
3489 1846 3565 1897 Οὐ
3618 1844 3934 1916 παραόάται
3971 1845 4065 1911 γί-

2488 1933 2643 1986 νεσθε
2668 1934 2764 1987 τοῦ
2791 1934 2980 2005 νόμου,
3010 1936 3105 1989 ἐὰν
3130 1936 3209 1999 εἰς
3231 1935 3324 1989 τὸν
3368 1936 3604 2006 Χριστὸν
3642 1936 3998 2004 πιστεύσητε.
4042 1956 4062 1985 ι

2487 2025 2685 2087 Τοῖςδὲ
2717 2025 2827 2079 ἀπὸ
2856 2026 2965 2079 τῶν
3027 2026 3198 2079 ἐθνῶν
3258 2027 3569 2097 παρεγγυᾷ,
3623 2026 3696 2094 μὴ
3738 2026 4067 2094 ἐπαίρεσθαι

2487 2114 2629 2167 κατὰ
2653 2114 2750 2167 τοῦ
2783 2114 3022 2186 Ἰσραὴλ,
3059 2116 3195 2169 ἀλλά
3247 2118 3536 2183 γινώσκειν
3589 2114 3671 2167 ὃτι
3732 2114 3807 2177 ὡς
3865 2114 4068 2178 κλάδος

2487 2205 2580 2257 ἐπὶ
2603 2204 2701 2277 τὴν
2730 2206 2906 2276 ῥίζαν,
2929 2207 3102 2271 οὕτως
3134 2208 3220 2261 ἐπ’
3264 2208 3505 2269 ἐκείνους
3555 2205 4070 2276 ὲνεκεντρίσϐηταν.

2501 2298 2655 2351 Μετὰ
2683 2298 2739 2350 δὲ
2781 2298 2954 2351 ταῦτα
2983 2301 3404 2369 παραινετικοὺς
3425 2299 3617 2367 λόγους
3648 2299 3726 2360 εἰς
3756 2298 3823 2351 τὰ
3847 2297 3953 2366 ἤθη
3985 2297 4077 2349 δι-

2481 2387 2666 2455 δάξας,
2702 2390 2905 2444 τελειοῖ
2934 2390 3030 2462 τὴν
3055 2391 3365 2461 ἐπιστολήν.

2712 2702 3074 2758 ΚΕΦΑΛΑΙΑ
3111 2707 3248 2758 ΤΗΣ
3280 2707 3468 2758 ΠΡΟΣ
3497 2703 3861 2757 ΡΩΜΑΙΟΥΣ

3080 2774 3512 2828 ΕΠΙΣΤΟΛΙΙΣ.

2530 2863 2602 2920 α’.
2639 2865 3010 2934 Εὐαγτελικὴ
3037 2865 3401 2919 διδασκαλία
3430 2866 3564 2933 περί
3597 2883 3663 2935 γε
3685 2862 3801 2918 τῶν
3820 2865 3936 2929 ἔξω
3962 2866 4075 2933 χὰ-

2641 2975 2806 3027 ριτος
2831 2960 3110 3027 Χριστοῦ,
3154 2958 3252 3011 καὶ
3302 2957 3421 3011 τῶν
3453 2958 3523 3009 ἐν
3554 2957 3769 3025 χάριτι,
3806 2958 3903 3010 καὶ
3939 2959 4083 3025 περὶ

2641 3050 2889 3116 ἐλπίδος
2917 3050 3014 3103 καὶ
3050 3052 3356 3115 πολιτείας
3386 3049 3812 3118 πνευματικῆς.

2520 3140 2602 3203 β’.
2639 3140 2775 3208 Περὶ
2809 3144 3061 3209 κρίσεως
3087 3139 3193 3206 τῆς
3234 3139 3383 3193 κατὰ
3432 3139 3644 3203 ἐθνῶν,
3685 3136 3803 3192 τῶν
3840 3138 3913 3192 οὐ
3964 3156 4081 3205 φυ-

2640 3232 3008 3284 λασσόντων
3033 3231 3104 3283 τὰ
3119 3228 3372 3299 φυσικά.

850 3316 901 3368 5.
958 3316 1034 3369 De
1074 3318 1296 3383 judicio,
1328 3321 1466 3386 quod
1500 3321 1668 3388 fertur
1712 3321 1963 3375 adversus
2006 3321 2283 3377 lsraelitas
2317 3324 2381 3377 le-

2530 3321 2594 3391 γ’.
2630 3323 2769 3390 Περὶ
2812 3324 3065 3390 κρίσεως
3089 3323 3197 3389 τῆς
3229 3323 3377 3374 κατὰ
3404 3320 3510 3375 τοῦ
3539 3320 3814 3388 Ἰσραὴλ,
3853 3319 3964 3373 τοῦ
3999 3321 4084 3389 μὴ

961 3407 1109 3477 galia
1146 3423 1248 3460 non
1276 3418 1565 3462 servantes.

852 3501 906 3554 4.
972 3501 1042 3553 De
1067 3500 1441 3554 lsraeliturum
1471 3506 1845 3574 prwrogativa,
1886 3508 1977 3576 qui
1996 3508 2394 3576 promissionem

961 3595 1225 3646 consecuti
1260 3602 1401 3646 sunt.

855 3683 907 3736 5.
965 3683 1038 3734 De
1063 3686 1259 3750 gratia,
1289 3703 1393 3754 qua
1432 3688 1547 3741 sola
1586 3689 1818 3741 homines
1841 3688 2230 3758 justiﬁcantur,
2271 3690 2396 3743 nul-

962 3776 1069 3827 lum
1128 3776 1467 3832 discernenda
1522 3797 1723 3849 genus,
1770 3781 1861 3833 sed
1914 3781 2009 3834 Dei
2049 3783 2185 3835 dono
2233 3784 2396 3853 juxta

961 3866 1187 3921 Abraha:
1221 3877 1400 3940 typum
1430 3870 1707 3941 wqualiter
1728 3871 2079 3924 honorantur.

859 4042 893 4093 6
977 4042 1051 4094 De
1086 4046 1312 4112 reposita
1338 4063 1449 4115 spe.

856 4130 886 4181 7

964 4233 1075 4275 stus
1124 4224 1292 4292 factus
1338 4228 1488 4280 homo
1518 4246 1612 4298 pro
1650 4231 1915 4301 terrigena
1956 4232 2147 4298 Adam,
2197 4234 2288 4303 qui
2334 4235 2399 4288 ab

967 4316 1117 4368 initio
1138 4319 1415 4372 ceciderat.

862 4403 913 4456 8.
974 4405 1050 4458 De
1084 4406 1338 4462 bonorum
1370 4427 1584 4479 operum
1615 4414 1816 4467 actione
1839 4453 1853 4478 ,
1883 4430 2003 4484 quae
2030 4415 2189 4484 ﬁdem
2219 4416 2401 4470 debent

974 4502 1237 4554 comitari.

864 4595 916 4645 ε).
960 4593 1215 4662 Repetitio
1242 4596 1305 4647 de
1331 4596 1457 4657 vita,
1488 4611 1605 4665 qua:
1635 4606 1709 4650 est
1742 4598 1795 4651 in
1826 4599 2105 4653 charitate.

898 4172 909 4183 .
979 4129 1248 4195 Quomodo
1268 4152 1361 4188 nos
1381 4138 1727 4191 introduxerit
1750 4140 1820 4192 ad
1842 4139 2070 4193 salutem
2084 4141 2235 4195 Iesus
2252 4141 2402 4196 Chri-

2640 3411 3071 3480 ςρυλὰσσοντος
3098 3412 3167 3465 τὰ
3195 3414 3434 3481 νόμιμα.

2524 3501 2596 3556 δ’.
2630 3502 2767 3570 Περὶ
2804 3502 3111 3572 ὑπεροχῆς
3158 3504 3449 3572 Ἰσραὴλ,
3512 3503 3615 3557 τοῦ
3670 3502 4087 3572 τυγχάνοντος

2643 3593 2751 3664 τῆς
2782 3598 3142 3666 ἐπαγγελίας

2534 3695 2596 3742 sf.
2637 3689 2774 3754 Περὶ
2838 3690 3098 3757 χάριτος,
3155 3689 3230 3742 δι’
3276 3685 3350 3759 ἧς
3392 3688 3685 3756 ἅνθρωποι
3748 3689 3941 3755 μόνον
3996 3701 4087 3740 Ct-

2645 3777 2978 3843 καιοῦνται,
3027 3781 3098 3831 οὐ
3156 3780 3305 3832 κατὰ
3359 3778 3532 3847 γένος
3578 3779 4086 3847 διακεκριμένως,

2646 3872 2804 3925 ἀλλὰ
2827 3872 2977 3925 κατὰ
3012 3872 3160 3926 Θεοῦ
3212 3872 3389 3926 δόσιν
3428 3873 3708 3940 ἰσοτίμως
3765 3871 3916 3925 κατὰ
3977 3873 4090 3924 τὸν

2649 3963 2699 4015 Ἀ
2709 3965 2902 4031 ϐραὰμ
2934 3965 3145 4017 τύπον.

2533 4060 2609 4117 ς’.
2635 4054 2766 4121 Περὶ
2799 4054 2909 4121 τῆς
2938 4055 3331 4124 ἀποκειμένης
3370 4054 3637 4119 ἐλπίδος.

2530 4145 2591 4206 ζ’.
2629 4147 2768 4213 Περὶ
2827 4147 3163 4217 εἰσαγωγῆς
3204 4149 3312 4201 τοῦ
3370 4147 3521 4213 πρὸς
3576 4149 3880 4215 σωτηρίαν
3914 4148 4091 4218 ἡμῶν

2645 4236 2963 4305 ἀνθρώπου
2997 4239 3205 4305 Ἰησοῦ
3236 4239 3517 4306 Χριστοῦ,
3542 4239 3680 4293 ἀντὶ
3713 4240 3818 4294 τοῦ
3860 4242 4089 4293 πεσόν-

2646 4344 2748 4392 τος
2770 4328 2838 4391 ἐξ
2860 4328 3059 4397 ἀρχῆς
3089 4329 3386 4396 γηγενοῦς
3415 4327 3621 4396 Ἀδάμ.

2535 4416 2608 4485 η’.
2644 4418 2779 4485 Περὶ
2799 4418 2909 4486 τῆς
2933 4421 3328 4488 ὀφειλομένης
3350 4420 3448 4471 ἐπὶ
3476 4418 3546 4487 τῇ
3579 4421 3782 4472 πίστει
3812 4422 4089 4488 πράξεως

2648 4509 2901 4577 ἀγαθῆς.
3432 4498 3435 4499 ν

2532 4596 2599 4651 0'.
2634 4599 3050 4668 Ἐπανάληψις
3080 4602 3213 4667 περὶ
3240 4600 3349 4667 τῆς
3377 4616 3447 4652 εν
3467 4597 3659 4667 χάριτι
3694 4599 3864 4664 ζωῆς.

832 4685 915 4737 10.
960 4685 1033 4736 De
1079 4687 1509 4739 condemnatione
1537 4728 1550 4750 ,
1585 4705 1701 4757 quae
1733 4698 1945 4759 propter
1980 4700 2249 4759 peccatum
2288 4708 2378 4746 era

2537 4694 2595 4742 t'.
2642 4691 2781 4758 Περὶ
2818 4689 2926 4756 τῆς
2954 4692 3072 4745 ὑπὸ
3116 4693 3304 4759 νόμου
3337 4692 3742 4757 κατακρίσεως
3810 4691 3907 4743 διὰ
3974 4694 4093 4759 τὴν

970 4778 1065 4830 sub
1094 4778 1226 4847 lege.

835 4872 919 4922 ll.
960 4869 1035 4922 De
1084 4871 1347 4939 affectibus
1373 4873 1621 4926 humana:
1645 4884 1875 4940 naturae,
1899 4892 2016 4943 qua:
2037 4877 2405 4947 impossibilem

974 4960 1198 5013 reddunt
1221 4962 1638 5030 conformitatem
1671 4964 1741 5017 ad
1766 4961 1953 5035 legem.

841 5132 1001 5201 199
1035 5134 1115 5186 Η..
1173 5132 1251 5185 De
1316 5137 1701 5203 permutatione
1743 5139 2074 5194 naturalium
2129 5143 2406 5213 affectuum

979 5244 1070 5293 per
1091 5228 1559 5295 conformationem
1588 5231 1657 5282 ad
1683 5232 1946 5300 spiritum.

845 5314 928 5368 l3.
973 5314 1221 5381 Repetitio
1245 5318 1307 5368 de
1330 5316 1524 5387 gloria,
1574 5336 1692 5389 quas
1711 5325 1905 5376 sanctis
1938 5326 2165 5393 reposita
2205 5334 2299 5379 est.

847 5496 933 5548 Η.
978 5495 1051 5546 De
1079 5511 1259 5548 amore
1289 5497 1379 5565 qui
1410 5497 1612 5553 Christo
1638 5501 1871 5555 debetur.

849 5585 935 5639 l5.
980 5583 1053 5636 De
1102 5603 1225 5638 casu
1264 5588 1586 5657 adjectorum
1629 5590 2032 5656 Israelitarum,
2077 5612 2140 5648 ac
2174 5614 2409 5652 verorum

990 5679 1327 5744 revocatione,
1358 5681 1446 5749 qui
1469 5698 1582 5735 cum
1610 5684 1841 5752 gentibus
1868 5686 2149 5740 introducti
2175 5698 2312 5743 sunt.

2650 4781 2961 4849 ἀμαρτιάν.

2509 4875 2599 4921 ια’.
2634 4871 2770 4937 Περὶ
2808 4870 2927 4923 τῶν
2961 4872 3032 4924 ἐν
3060 4872 3406 4939 ἀνθρωπίνῃ
3458 4872 3640 4940 φύσει
3678 4871 3906 4936 παθῶν,
3938 4873 4090 4927 ἀεί·-

2648 4977 2834 5015 νατον
2877 4964 3215 5017 ποιούντων
3268 4962 3381 5032 τὴν
3426 4967 3578 5032 πρὸς
3611 4965 3798 5033 νόμον
3836 4980 4091 5033 copy-J-

2651 5053 2812 5107 νίαν.

2509 5145 2605 5208 ιβ’.
2644 5145 2782 5213 Περὶ
2825 5145 3175 5213 ἀποδόσεως
3233 5146 3349 5199 τῶν
3385 5146 3663 5215 φυσικῶν
3701 5148 4089 5214 παθημάτων,

2653 5233 2750 5288 διὰ
2766 5234 2874 5302 τῆς
2907 5236 3056 5304 πρὸς
3091 5238 3158 5290 τὸ
3182 5237 3416 5306 πνεῦμα
3454 5240 3828 5306 συμφωνίας.

2514 5322 2605 5393 ιγ’.
2644 5324 3066 5395 Ἔπανάληψις
3131 5328 3264 5399 περὶ
3330 5328 3440 5396 τῆς
3500 5330 3901 5399 ἀποκειμένης
3965 5335 4093 5397 τοῖς

2657 5418 2845 5485 ἁγίοις
2866 5419 3070 5486 δόξης.

2518 5509 2609 5561 ιδ’.
2647 5509 2783 5576 Περὶ
2822 5508 2931 5576 τῆς
2960 5511 3355 5579 ὀφειλομένης
3385 5511 3621 5578 ἀγάπης
3660 5514 3944 5577 Χμστοῖο.

2521 5608 2600 5654 ιε’.
2650 5603 2789 5666 Περὶ
2811 5601 3159 5667 ἐκπτώσεως
3189 5603 3429 5670 Ἰσραὴλ
3476 5604 3580 5657 τοῦ
3615 5603 4087 5671 ἁπιόληθέιυτιις,

2659 5691 2754 5743 καὶ
2788 5692 3062 5759 κλήσεως
3096 5694 3198 5750 τοῦ
3234 5695 3522 5763 ἀληθοῦς,
3558 5696 3660 5750 τσῦ
3698 5697 4090 5764 εἰσαχθέντος

2661 5785 2803 5849 (ιθ-η’(
2829 5785 2893 5833 ἰαὶ
2925 5785 3034 5841 ὗεν.
