4178 6464
720 377 824 440 335

1812 366 2216 428 (ECUMENII
2252 366 2547 428 TRICCrE
2584 366 2931 428 EPiSCOP‘i

3897 367 4008 434 εδδ

791 482 1022 556 209⁸1,
1064 483 1142 535 ιἸ.
1174 480 1393 535 Iustitia
1438 480 1575 533 enim
1606 477 1698 532 Dei
1724 479 1778 531 in
1806 479 1916 548 ipso
1949 475 2218 531 reuelatur
2253 492 2318 530 ea:

2495 478 2853 544 Δικαιοσύνη
2895 476 3005 547 γὰρ
3035 477 3184 532 Θεοῦ
3217 477 3288 531 ἐν
3313 477 3476 544 αὐτῷ
3514 479 4011 534 ἀποκαλύπτεται

717 578 823 646 [ide
849 577 900 629 in
924 574 1103 640 ﬁdem,
1137 574 1268 625 sicut
1295 571 1545 640 scriptum
1569 577 1641 621 est
1668 584 1684 621 :
1714 567 1896 622 Jusms
1923 579 2097 624 autem
2122 585 2185 623 ex
2212 567 2316 636 ﬁde

718 666 872 719 circi.

791 753 868 806 Ne
902 765 1027 804 cum
1090 749 1326 802 salutem
1360 761 1424 800 ac
1475 745 1750 815 justitiam
1805 744 1985 807 audis,
2045 758 2166 796 eam
2223 741 2313 796 hic

721 847 898 901 Solum
936 842 1257 910 contingere
1284 839 1584 903 existimes,
1619 839 1836 892 subdit:
1881 856 1897 888 ι
1931 837 2249 898 llevelatur,
2286 853 2305 885 ι

721 937 867 1008 quod
901 953 1021 990 eam
1053 933 1326 1004 signiﬁcat
1357 948 1479 1001 qua:
1502 941 1585 985 est
1612 931 1666 983 in
1694 931 1892 984 futuro
1935 929 2156 994 saeculo,
2189 938 2310 982 tan-

719 1045 884 1100 quam
921 1043 1065 1080 nunc
1099 1041 1206 1078 non
1238 1034 1348 1077 tota
1402 1023 1750 1076 manifestata
1780 1024 1868 1075 sit.
1907 1042 1922 1072 ι
1966 1022 2023 1074 In
2051 1021 2169 1090 ipso
2224 1035 2312 1072 re-

719 1126 954 1180 velalur.
1000 1141 1016 1170 ι
1055 1121 1190 1173 Puta
1227 1117 1550 1187 Evangelii).
1584 1114 1716 1168 Nam
1747 1114 1862 1176 Dei,
1899 1112 2097 1182 inquit,
2144 1110 2311 1182 justi-

722 1217 795 1268 tia
835 1214 886 1265 in
917 1211 1214 1278 livangelio
1253 1207 1566 1261 revelatur:
1598 1205 1702 1256 hoc
1755 1212 1860 1265 est,
1899 1200 2080 1254 omnis
2133 1201 2313 1255 virtus

719 1323 819 1377 per
867 1302 1224 1370 Evangelium
1283 1297 1590 1366 perﬁcitur.
1651 1295 1784 1349 Nam
1836 1294 2049 1366 justitia
2112 1293 2312 1362 saepius

719 1415 942 1452 «ιιιιιιυιη
979 1397 1240 1450 virtutem
1272 1389 1583 1461 signiﬁcare
1615 1389 1776 1443 solet.
1814 1385 2104 1452 Quomodo
2124 1393 2310 1438 autem

669 1473 672 1476 ’
716 1498 772 1542 et
807 1501 1096 1556 quousque
1124 1480 1428 1537 revelatur?
1459 1479 1554 1534 llis
1581 1478 1676 1548 qui
1709 1493 1775 1532 ex
1806 1477 1909 1530 ﬁde
1939 1476 2006 1530 ad
2058 1477 2309 1545 Evange-

718 1582 854 1634 lium
889 1578 1181 1634 accedunt.
1211 1573 1571 1644 Evangelium
1628 1571 1776 1625 enim
1811 1570 2074 1623 virtutem
2125 1567 2308 1623 omni-

721 1669 827 1722 bus
863 1666 1146 1737 praedicat,
1175 1676 1478 1731 omnesque
1508 1660 1840 1714 adhortatur
1884 1659 2147 1713 virtutem
2196 1674 2313 1712 am-

721 1761 912 1830 plecti.
951 1759 1064 1812 Illis
1089 1767 1274 1810 autem
1309 1752 1533 1806 virtutis
1562 1751 2038 1821 pulchritudinem
2066 1748 2307 1812 revelat,

2423 570 2488 621 ἐκ
2522 569 2781 632 πίστεως
2814 571 2903 633 εἰς
2951 570 3180 633 πίστιν,
3212 569 3406 634 καθὼς
3445 570 3768 638 γέγραπται
3789 587 3802 600 ⁶
3845 570 3909 625 Ὀ
3938 571 4012 626 δὲ

2421 660 2654 722 δίκαιος
2680 657 2750 710 ἐκ
2779 660 3038 724 πίστεως
3073 657 3335 720 ζήσεται.

2494 751 2614 804 Ἵνα
2648 750 2755 820 γὰρ
2793 752 2866 818 μὴ
2905 749 3181 819 σωτηρίαν
3227 751 3322 801 καὶ
3367 749 3720 819 δικαιοσύνην
3765 749 4007 814 ἁκούων,

2418 843 2654 897 ἐνταῦθα
2709 844 2870 913 μόνον
2921 842 3091 912 αὐτὴν
3135 843 3456 912 συμϐαίνειν
3502 843 3752 914 νομίσῃς,
3807 845 4012 912 ἐπάγει

2416 937 2502 999 τὸ,
2546 957 2564 988 ι
2590 935 3060 998 ἀποκαλύπτεται,
3105 954 3122 986 ι
3168 935 3306 1003 ὅπερ
3332 935 3432 1004 τὴν
3461 937 3578 986 ἐκεῖ
3599 933 3769 1005 δηλοῖ,
3803 935 3878 998 ὡς
3912 935 4011 988 νῦν

2417 1028 2592 1098 αὐτῆς
2645 1029 2721 1098 μὴ
2754 1029 2934 1096 πάσης
2987 1027 3474 1097 πεφανερωμὲνης.
3513 1045 3532 1078 ι
3563 1027 3650 1079 Ἐν
3687 1027 3836 1097 αὐτῷ
3866 1028 4012 1081 ἀπο-

2417 1122 2773 1175 καλύπτεται.
2807 1138 2826 1170 ι
2861 1118 2952 1189 Τῷ
2989 1119 3308 1189 Εὑαγγελίῳ
3357 1119 3622 1190 δηλονότι.
3677 1121 4008 1188 Δικαιοσύνη

2416 1214 2525 1284 γὰρ
2551 1213 2710 1277 Θεοῦ,
2749 1211 2945 1281 φησὶν,
2995 1215 3052 1264 ὲν
3084 1210 3162 1282 τῷ
3187 1211 3509 1281 Εὐαγγελίῳ
3535 1213 4008 1267 ἀποκαλύπτεται.

2417 1305 2739 1372 Τουτέστιν,
2777 1304 2966 1358 ἅπασα
2999 1305 3032 1375 ἡ
3076 1303 3248 1376 ἀρετὴ
3279 1303 3367 1358 διὰ
3416 1303 3509 1356 τοῦ
3548 1303 3885 1373 Εὑαγγελίου
3917 1322 4013 1357 τε·

2415 1396 2678 1452 λειοῦται.
2751 1396 3088 1464 Δικαιοσύνη
3169 1397 3280 1468 γὰρ
3337 1397 3601 1460 πολλάκις
3664 1397 3825 1450 εῖωοε
3891 1400 4008 1450 πᾶ-

2416 1505 2516 1542 σαν
2586 1488 2766 1557 λέγειν
2825 1486 2926 1558 τὴν
2981 1486 3204 1556 ἀρετήν.
3265 1487 3391 1552 Πῶς
3421 1489 3478 1542 δὲ
3528 1489 4005 1553 ἀποκαλύπτεται,

2414 1581 2510 1634 καὶ
2536 1580 2650 1634 τίσι
2677 1597 2692 1644 ;
2719 1580 2849 1644 Τοῖς
2866 1581 2932 1633 ἐκ
2961 1579 3200 1644 πίστεως
3227 1578 3304 1649 τῷ
3334 1580 3656 1651 Εὑαγγελίῳ
3690 1580 4006 1648 προσιοῦσι.

2417 1674 2557 1725 Πᾶσι
2595 1673 2695 1741 μὲν
2728 1672 2836 1744 γὰρ
2885 1672 3148 1742 κηρύττει
3187 1672 3285 1744 τὴν
3319 1673 3524 1743 ἀρετὴν
3554 1671 3613 1725 τὸ
3648 1673 4008 1740 Εὑαγγέλιον,

2417 1767 2511 1820 καὶ
2545 1768 2680 1819 πᾶσι
2711 1769 2972 1836 παραινεῖ
3003 1766 3328 1836 ἀντέχεσθαι
3363 1770 3464 1836 τῆς
3489 1767 3710 1836 ἀρετῆς.
3744 1767 4012 1830 Ἐκείνοις

721 1852 953 1918 ejusque
978 1848 1106 1901 facit
1158 1853 1455 1906 amatores,
1509 1843 1603 1912 qui
1654 1858 1751 1911 per
1784 1841 1945 1894 ﬁdem
2007 1839 2307 1894 accedunt.

2425 1859 2471 1912 δὲ
2501 1857 2880 1912 ἀποκαλύπτει
2912 1859 2976 1911 τὸ
3009 1859 3208 1924 κάλλος
3247 1860 3346 1930 τῆς
3385 1859 3608 1931 ἀρετῆς,
3645 1859 3735 1914 καὶ
3762 1860 4011 1923 ἐκείνους

722 1943 866 2008 Quid
902 1957 1034 2010 ergo
1051 1942 1072 1992 ‘3
1096 1939 1287 1994 Cessat
1311 1937 1486 1990 virtus
1520 1935 1611 1988 uhi
1646 1936 1772 2004 quis
1795 1932 2014 2004 egregie
2043 1931 2308 1986 virtutem

723 2047 1009 2091 assecutus
1043 2035 1164 2086 est?
1199 2032 1553 2099 Nequaquam
1582 2045 1594 2080 :
1635 2029 1768 2097 quin
1795 2027 1979 2096 potius
2036 2027 2092 2081 in
2130 2025 2312 2096 perfe-

725 2131 870 2184 ctius
897 2143 960 2180 ac
988 2124 1284 2180 sublimius
1317 2120 1512 2175 tendit.
1545 2119 1760 2172 Etenim
1803 2119 1977 2187 prima
1999 2116 2133 2171 ﬁdes
2163 2132 2314 2170 com-

726 2224 952 2292 punetio
983 2219 1234 2290 quaidam
1261 2225 1379 2272 erat
1410 2215 1715 2283 animaeque
1750 2211 2150 2281 promplitudo.
2185 2211 2314 2276 Quae

726 2332 859 2369 vero
886 2331 1010 2366 cum
1037 2311 1360 2381 operatione
1387 2307 1651 2360 virtutum
1679 2314 1907 2359 coaucta
1964 2313 2018 2355 et
2071 2301 2313 2371 perfecta

727 2408 864 2459 ﬁdes
893 2413 997 2466 est,
1030 2389 1378 2455 conﬁrmatio
1426 2394 1790 2449 immutabilis
1839 2403 1944 2454 est,
2003 2391 2314 2458 mentisque

726 2495 1029 2550 certitudo.
1060 2493 1127 2546 Et
1172 2493 1261 2545 illa
1293 2489 1519 2559 quidem
1555 2485 1784 2541 seminis
1818 2485 2085 2538 decisioni
2119 2482 2316 2536 similis

725 2598 831 2652 est,
865 2587 1128 2641 virtutum
1185 2593 1370 2637 autem
1432 2579 1704 2651 operatio,
1760 2575 2207 2631 fructiﬁcalioni:
2261 2583 2315 2627 et

730 2683 821 2735 illa
851 2696 972 2749 qua:
1000 2695 1097 2747 per
1133 2693 1226 2729 eas
1252 2675 1538 2745 perﬁcitur
1596 2671 1753 2733 ﬁdes,
1789 2668 2037 2722 fruitiuni
2067 2684 2130 2720 ac
2184 2667 2317 2720 bea-

731 2769 976 2824 titudani.
1009 2768 1084 2820 Ita
1109 2783 1240 2836 ergo
1261 2764 1478 2835 justitia
1513 2763 1607 2815 Dei
1638 2769 1916 2815 revelalur
1942 2761 1993 2812 in
2020 2759 2318 2828 livaugelio

730 2883 794 2920 ex
837 2864 942 2917 lide
972 2865 1024 2917 in
1057 2863 1241 2916 ﬁdem.
1276 2861 1444 2914 Vocat
1475 2870 1659 2913 autem
1687 2859 1783 2912 Dei
1813 2858 2081 2927 justitiam
2138 2857 2318 2909 virtu-

732 2967 862 3022 tem,
898 2957 1044 3026 qnod
1100 2956 1346 3010 divinum
1386 2953 1648 3023 quiddam
1705 2952 1774 3006 sit
1801 2952 1999 3011 virtus,
2059 2949 2319 3019 quodque

729 3052 914 3104 omnia
949 3051 1089 3102 bona
1116 3064 1180 3102 ex
1201 3049 1309 3100 Deo
1339 3048 1467 3099 sint.
1501 3065 1517 3095 ι
1552 3045 1626 3098 Ex
1653 3044 1757 3097 ﬁde
1787 3046 1841 3096 in
1871 3043 2057 3097 ﬁdem.
2089 3062 2107 3093 ι
2136 3043 2179 3094 Α
2215 3040 2319 3093 ﬁde

728 3144 945 3214 incipit,
976 3153 1030 3197 et
1071 3140 1124 3194 iii
1178 3141 1391 3194 ﬁdelem
1439 3155 1535 3193 seu
1580 3137 1898 3192 credentem
1948 3135 2169 3189 desinit.
2226 3133 2318 3186 Vel

731 3240 860 3309 quia
895 3248 950 3292 et
983 3237 1036 3288 in
1064 3235 1169 3288 ﬁde
1199 3233 1390 3302 incipit
1416 3241 1470 3285 et
1503 3231 1558 3283 in
1597 3230 1757 3283 ﬁdem
1796 3228 2080 3281 terminari
2121 3226 2314 3279 debet:

734 3330 884 3400 quod
925 3345 1027 3382 nos
1060 3343 1167 3379 non
1199 3333 1453 3394 Oportcat
1506 3333 1707 3376 cuncta
1743 3338 1864 3389 qme
1907 3321 1959 3380 in
2001 3335 2070 3372 eo
2109 3319 2312 3370 haben-

736 3433 825 3475 tur
869 3421 1088 3474 curiose
1139 3418 1397 3472 scrutari.
1459 3416 1568 3472 Aul.
1631 3417 1732 3468 huc
1782 3414 1964 3467 modo:
2029 3411 2322 3481 I’rophetis

735 3515 972 3568 credere.
1004 3519 1243 3580 oportet,
1282 3517 1339 3564 et
1369 3524 1466 3578 per
1497 3510 1619 3560 illos
1659 3508 1724 3559 ad
1767 3507 2122 3574 livangclium
2157 3505 2321 3556 ﬁdem

735 3606 886 3658 duci.
924 3605 1192 3658 Praeterea
1229 3611 1282 3654 et
1315 3602 1506 3654 aliter.
1547 3601 1646 3665 Qui
1676 3600 1898 3652 Christo
1936 3598 2170 3651 Domino
2203 3612 2320 3648 ere-

736 3701 813 3751 dit
838 3707 892 3751 et
919 3695 1176 3764 baptismi
1204 3694 1436 3763 gratiam
1461 3692 1724 3759 suscepit,
1753 3706 1851 3758 per
1886 3689 2000 3742 haec
2027 3687 2322 3741 deducitur

738 3791 803 3844 ad
843 3789 1183 3843 credendum
1247 3786 1427 3838 futura
1476 3783 1641 3846 bona,
1678 3794 1805 3851 puta
1862 3780 2321 3834 resurrectionem

738 3901 805 3937 ex
841 3882 1098 3943 incrtuis,
1137 3878 1303 3931 vitam
1327 3888 1614 3941 :L-ternam,
1645 3889 1984 3945 regnumque
2033 3873 2322 3928 CCL-lorum.

738 3972 979 4026 Credere
1003 3969 1151 4023 enim
1183 3975 1402 4036 oportet
1432 3966 1578 4035 quod
1602 3965 1856 4018 Christus
1883 3974 2136 4033 suscepta
2160 3977 2324 4017 carne

743 4067 796 4118 iu
844 4074 988 4118 terra
1022 4061 1298 4130 apparuit,
1329 4058 1473 4127 quod
1501 4057 1834 4127 principium
1865 4065 1949 4110 est
1975 4074 1988 4109 ;
2017 4064 2074 4110 et
2107 4070 2324 4109 rursum

741 4155 884 4222 quod
910 4168 1138 4222 regnum
1161 4152 1424 4204 erelorum
1449 4149 1806 4202 credentibus
1855 4150 1909 4202 in
1947 4147 2324 4202 hrereditatem

739 4244 1018 4305 succedet,
1045 4242 1191 4311 quod
1220 4240 1342 4293 ﬁnis
1368 4249 1450 4293 est
1480 4235 1625 4292 ﬁdei.
1663 4240 1826 4308 210
1876 4240 1968 4293 Vel
1998 4239 2102 4293 hoc
2126 4239 2323 4292 modo:

740 4337 928 4389 Judaeo
948 4334 1169 4402 quidem
1200 4348 1263 4385 ex
1299 4331 1402 4383 ﬁde
1434 4330 1568 4399 legis
1596 4330 1649 4382 in
1684 4330 1867 4393 Iidem,
1899 4344 2019 4397 qua:
2039 4344 2137 4397 per
2162 4327 2324 4383 Chri-

742 4437 886 4480 stum
928 4435 1010 4478 cst
1033 4443 1043 4475 :
1070 4425 1257 4477 (irmco
1307 4437 1436 4476 vero
1467 4411 1530 4474 ei
1565 4421 1669 4474 lide
1729 4421 1964 4473 naturali
1993 4420 2047 4472 in
2073 4420 2324 4474 eamdem

2421 1953 2563 2004 ποιεῖ
2598 1952 2836 2022 ἐραστὰς
2867 1951 3062 2020 αὐτῆς,
3100 1952 3229 2015 τοὺς
3277 1952 3415 2022 μετὰ
3473 1951 3712 2014 πίστεως
3751 1953 4010 2022 προσιόν-

2417 2065 2535 2110 τας.
2569 2048 2632 2100 Τί
2672 2043 2802 2107 οῦνς
2838 2046 3071 2100 παύεται
3099 2048 3136 2116 ἠ
3181 2046 3365 2109 πίστις
3404 2047 3504 2116 τῆς
3556 2046 3760 2116 ἀρετῆς
3807 2061 4012 2114 κατορ-

2419 2140 2727 2210 θουμένης;
2775 2137 3078 2206 Ούμενοῦν.
3117 2137 3282 2191 Ἀλλὰ
3322 2139 3418 2190 καὶ
3463 2139 3544 2201 είς
3573 2139 3633 2190 τὸ
3670 2136 4012 2204 τελειότερον

2417 2233 2510 2283 καὶ
2541 2231 2876 2300 ὑψηλότερον
2907 2229 3176 2299 πρόεισιν.
3228 2231 3290 2282 Ἡ
3321 2230 3420 2300 μὲν
3449 2229 3558 2300 γὰρ
3591 2228 3782 2300 πρώτη
3825 2229 4012 2291 πίστις

2420 2322 2712 2388 κατάνυξίς
2737 2340 2820 2385 τις
2843 2319 2909 2392 ἦν
2937 2322 3034 2375 καὶ
3064 2321 3347 2393 προθυμία
3368 2321 3569 2392 ψυχῆς.
3610 2321 3676 2375 Ἥ
3711 2323 3769 2375 δὲ
3795 2325 3860 2391 τῇ
3897 2322 4011 2374 τῶν

2419 2413 2633 2485 ἀρετῶν
2687 2416 2923 2485 ἐργασίᾳ
2962 2415 3370 2484 συναυξηθεῖσα
3398 2414 3494 2469 καὶ
3529 2414 3878 2468 τελειωθεῖσι
3915 2415 4014 2466 πί-

2421 2523 2557 2571 στις,
2582 2505 2874 2576 βεϐαίωσίς
2905 2509 3054 2560 ἐστιν
3081 2508 3486 2576 ἀμετάπειστος
3519 2507 3614 2562 καὶ
3636 2506 4010 2575 πληροτορία.

2422 2599 2531 2651 Καὶ
2563 2600 2594 2668 ἡ
2628 2600 2726 2667 μὲν
2746 2598 2886 2650 ἔοικε
2917 2599 3193 2668 καταϐολῇ
3219 2599 3600 2669 σπέρματος,ὴ
3627 2599 3685 2652 δὲ
3720 2613 4011 2666 καρποφοο

2425 2691 2536 2759 ρίᾳ,
2568 2694 2599 2760 ὴ
2627 2691 2734 2741 τῶν
2763 2691 2974 2759 ἀρετῶν
3004 2693 3262 2761 ἐργασία,
3295 2692 3330 2760 ἡ
3400 2692 3456 2744 δὲ
3485 2691 3553 2743 δι’
3581 2692 3761 2746 αὐτῶν
3790 2689 4016 2742 τελειω-

2423 2784 2577 2836 θιίσα
2608 2784 2810 2844 πίστις,
2849 2784 3158 2836 ἀπολαύσει
3193 2785 3288 2836 καὶ
3323 2783 3660 2854 εὐδαιμονίᾳ.
3703 2781 3890 2844 Οὕτως
3917 2781 4016 2834 οὖν

2420 2878 2736 2948 δικαιοσύνη
2766 2878 2900 2930 Θεοῦ
2928 2878 3374 2932 ἀποκαλύπτεται
3412 2880 3469 2932 ὲν
3502 2877 3583 2947 τῷ
3613 2878 3927 2947 Εὐαγγελίῳ
3946 2878 4018 2931 ἐκ

2424 2972 2662 3034 πίστεως
2699 2974 2778 3033 εἰς
2819 2972 3022 3025 πίστιν.
3057 2971 3231 3024 Καλεῖ
3257 2972 3314 3025 δὲ
3341 2971 3478 3024 Θεοῦ
3521 2971 3868 3040 δικαιοσύνην
3911 2971 4017 3038 τὴν

2422 3063 2646 3132 ἀρετὴν,
2680 3064 2762 3115 ὅτι
2785 3063 2931 3116 θεῖόν
2957 3062 3009 3115 τί
3037 3065 3184 3116 ἐστιν
3219 3067 3250 3132 ἠ
3278 3065 3470 3134 ἀρετὴ,
3497 3064 3590 3117 καὶ
3619 3065 3700 3116 ὅτι
3737 3064 3914 3116 πάντα
3945 3064 4019 3115 τὰ

2425 3151 2604 3218 ἀγαθά
2650 3153 2714 3204 ἐκ
2765 3151 2924 3205 Θεοῦ.
2961 3172 2978 3203 ι
3008 3151 3104 3204 Ἐκ
3138 3155 3376 3216 πίστεως
3425 3153 3508 3216 είς
3565 3154 3769 3206 πίστιν.
3809 3171 3827 3203 ι
3875 3153 4020 3206 Ἀπὸ

2428 3243 2663 3304 πίστεως
2708 3242 2958 3312 ἄρχεται,
3016 3245 3111 3296 καὶ
3145 3245 3225 3305 εἰς
3279 3247 3370 3296 τὸν
3414 3244 3782 3298 πιστεύσαντα
3828 3244 4016 3313 λήγει.

2428 3337 2495 3386 “ll
2523 3339 2600 3388 ὅτι
2637 3340 2698 3390 εκ
2730 3335 2966 3398 πίστεώς
2994 3354 3050 3389 τε
3086 3339 3334 3406 ἄρχεται,
3369 3340 3461 3389 καὶ
3492 3339 3572 3399 είς
3598 3338 3781 3389 πίστιν
3808 3337 4021 3403 ὀτείλει

2425 3428 2602 3496 λῆξαι·
2657 3428 2740 3488 Ὠς
2777 3427 2875 3480 οὒκ
2910 3429 3237 3494 ὁςετλὸντων
3263 3429 3419 3498 ἡμῶν
3449 3429 3664 3482 ᾶπαντα
3686 3431 3753 3482 τὰ
3777 3432 3831 3481 ὲν
3863 3430 4022 3499 αὐτῷ

2427 3519 2915 3588 περιεργάζεσθαι.
2952 3521 3019 3570 Ἣ
3051 3520 3246 3582 οὕτως·
3280 3523 3371 3572 Δεῖ
3413 3521 3701 3573 πιστεῦσαι
3730 3523 3839 3582 τοῖς
3881 3539 4023 3589 προ-

2427 3615 2645 3681 φήταις,
2679 3614 2772 3662 καί
2806 3613 2871 3664 δι’
2899 3612 3126 3664 ἐκείνων
3162 3615 3242 3674 εἰς
3283 3614 3380 3682 τὴν
3417 3612 3513 3666 τοῦ
3559 3613 3888 3681 Εὑαγγελίου
3926 3615 4022 3665 πί-

2430 3721 2544 3756 στιν
2586 3704 2979 3772 πιδηγηοῆναι.
3009 3705 3240 3766 Ἀλλως.
3279 3706 3337 3758 '0
3383 3707 3492 3776 γὰρ
3533 3706 3610 3773 τῷ
3643 3708 3892 3775 Δεσπότῃ
3926 3723 4022 3756 πι-

2431 3795 2638 3846 στεύων
2687 3796 2948 3864 Χριστῷ,
2995 3797 3089 3849 xui.
3143 3799 3238 3849 τοῦ
3295 3797 3669 3866 βαπτίσματος
3707 3798 3803 3866 τὴν
3854 3797 4022 3866 χάριν

2427 3886 2744 3955 δεξάμενος,
2789 3887 3109 3957 ποδηγεῖται
3158 3888 3247 3940 διὰ
3277 3889 3482 3941 τούτων
3512 3890 3591 3950 είς
3632 3891 3691 3940 τὸ
3723 3888 4021 3941 πιστεῦσαι

2428 3981 2540 4042 τοῖς
2582 3978 2873 4048 μέλλουσιν
2925 3979 3174 4048 ἀγαθοῖς,
3211 3984 3278 4051 τῇ
3331 3983 3396 4034 ἐκ
3447 3981 3658 4051 νεκρῶν
3694 3981 4018 4044 ἀναστάσει,

2429 4074 2494 4140 τῇ
2535 4071 2740 4141 αἰωνίῳ
2768 4071 2905 4142 ζωῇ,
2945 4075 3038 4124 καὶ
3067 4075 3132 4144 τῇ
3177 4073 3430 4145 βασιλείᾳ
3471 4074 3580 4127 τῶν
3605 4075 3872 4144 οὐρανῶν.
3913 4074 4018 4126 Πι-

2432 4160 2642 4213 στεύειν
2673 4163 2780 4230 γὰρ
2820 4161 2900 4213 δεῖ
2943 4163 3023 4214 ὅτι
3059 4161 3193 4226 Θεὸς
3240 4163 3417 4233 ὲφάνη
3459 4164 3550 4216 ἐπὶ
3575 4167 3678 4234 γῆς
3708 4164 3848 4233 μετά
3883 4179 4022 4232 σαρ-

2431 4253 2544 4318 κὸς,
2573 4253 2710 4322 ὅπερ
2747 4254 2894 4306 ἐστὶν
2929 4255 3093 4325 ἁρχὴ,
3127 4257 3221 4309 καὶ
3268 4256 3429 4310 πάλιν
3471 4257 3553 4309 ὅτι
3591 4257 3746 4310 ἔσται
3783 4260 3896 4320 τοῖς
3927 4274 4022 4309 πι-

2432 4344 2723 4397 στεύσασιν
2745 4347 2824 4408 εἰς
2855 4346 3054 4416 κλῆρον
3101 4349 3132 4416 ή
3163 4348 3411 4418 βασιλεία
3445 4349 3552 4403 τῶν
3577 4349 3844 4419 οὐρανῶν,
3877 4349 4019 4418 ὅπερ

2432 4438 2548 4490 ἐστὶ
2588 4437 2821 4499 πίστεως
2842 4438 3012 4500 τέλος.
3058 4439 3127 4490 Ἢ
3151 4440 3343 4503 οὕτως.
3380 4439 3880 4512 [’ΛΚΑΚΙΟΥ]Τῴ
3913 4441 4020 4509 μὲν

741 4522 866 4576 Jesu
884 4518 1088 4573 Christi
1111 4518 1291 4570 ﬁdem.
1313 4536 1330 4567 ι
1357 4515 1509 4568 Sicut
1537 4515 1801 4582 scriptum
1820 4524 1919 4567 est.
1938 4535 1953 4566 ι
1973 4516 2206 4570 Necnim
2238 4514 2318 4569 in-

2448 4531 2688 4600 Ἰουδαίῳ
2739 4532 2802 4583 ἐκ
2850 4531 2951 4600 τῆς
2981 4530 3075 4583 τοῦ
3121 4533 3286 4602 νόμου
3336 4533 3597 4596 πίστεως,
3652 4533 3730 4594 είς
3782 4531 3881 4601 τὴν
3925 4531 4018 4583 διὰ

741 4612 1009 4667 credibile
1037 4611 1309 4672 videatur,
1337 4607 1484 4676 quod
1515 4607 1650 4660 ﬁdes
1681 4607 1913 4660 salutem
1937 4607 2133 4661 datura
2161 4609 2231 4662 sit
2259 4623 2324 4664 ac

741 4705 1040 4773 justitiam,
1066 4715 1258 4755 eorum
1289 4714 1408 4768 qua:
1462 4698 1608 4752 dicta
1630 4709 1758 4752 sunt
1794 4698 2170 4753 testimonium
2197 4716 2326 4769 pro-

741 4797 896 4851 ducit
923 4812 987 4850 ac
1015 4793 1394 4863 probationem
1421 4791 1753 4853 evidentem,
1813 4806 2011 4861 nempe
2043 4792 2328 4861 propheti-

745 4900 870 4938 sum
917 4883 1174 4936 llahaeue
1223 4881 1471 4934 dictum:
1535 4895 1597 4932 ac
1629 4881 1672 4932 si
1731 4880 1974 4934 diceret:
2015 4881 2159 4936 Bene
2213 4881 2327 4937 dixi

745 4980 974 5046 probum
1045 4977 1220 5030 virum
1279 4991 1345 5028 ex
1402 4973 1507 5027 ﬁde
1568 4973 1621 5026 in
1686 4971 1844 5026 ﬁdem
1906 4990 2002 5042 per
2068 4976 2326 5030 virtutem

751 5069 1062 5142 procedere.
1095 5066 1376 5135 Siquidem
1426 5065 1702 5130 llahacuc,
1740 5065 1940 5135 inquit,
1985 5067 2088 5120 hoc
2112 5069 2330 5122 coalitus

750 5177 842 5232 per
879 5159 1136 5229 spiritum
1183 5159 1403 5215 clamat.
1456 5158 1600 5226 quod
1647 5158 1812 5211 homo
1868 5159 2076 5228 probus
2127 5176 2193 5213 ex
2223 5160 2330 5215 ﬁde

742 5255 902 5314 vivit,
939 5253 1043 5306 hoc
1069 5259 1176 5316 est,
1210 5265 1430 5304 omnem
1467 5267 1620 5304 suam
1649 5251 1812 5304 vitam
1845 5253 1952 5306 ﬁde
2005 5255 2326 5322 productam

747 5347 932 5400 habet.
973 5345 1066 5398 Vel
1094 5344 1263 5414 magis
1295 5343 1513 5412 proprie
1538 5362 1552 5397 :
1578 5344 1734 5398 Justo
1767 5361 1892 5400 vera
1928 5345 2034 5399 vita
2073 5355 2158 5400 est
2201 5363 2329 5417 ger-

744 5439 958 5491 minare
1017 5451 1080 5490 ac
1141 5436 1471 5490 reviviscere
1535 5436 1589 5489 in
1639 5437 1984 5506 possessione
2037 5440 2324 5494 virtutum.

743 5531 953 5593 Justus,
996 5529 1191 5597 inquit,
1230 5529 1341 5582 sive
1369 5530 1578 5598 probus
1615 5530 1777 5583 homo
1801 5547 1867 5584 ex
1903 5530 2006 5585 ﬁde
2044 5533 2190 5587 vivet
2217 5535 2325 5588 vita

745 5638 866 5692 qua:
925 5620 1230 5676 secundum
1290 5623 1526 5676 virtutes
1572 5633 1677 5676 est.
1745 5623 1983 5677 Rursum
2032 5625 2176 5695 quod
2226 5627 2323 5691 ait,

751 5735 767 5762 ε
806 5715 997 5768 Justus
1028 5731 1095 5768 ex
1127 5713 1230 5766 ﬁde
1267 5713 1432 5777 vivet,
1468 5732 1484 5763 ι
1525 5714 1837 5784 appositum
1882 5731 2001 5770 esse
2031 5726 2208 5784 potest
2256 5719 2324 5773 ad

747 5807 800 5862 id
841 5807 985 5875 quod
1013 5806 1218 5860 dictum
1249 5816 1368 5861 est:
1406 5826 1421 5858 ι
1467 5807 1764 5861 Rcveiatur
1798 5808 2006 5877 iustitia
2041 5826 2106 5864 ex
2137 5810 2258 5866 ﬁde.
2299 5833 2314 5864 ι

2443 4622 2618 4692 Ἰησοῦ
2648 4623 2910 4692 Χριστοῦ,
2958 4623 3033 4692 τῷ
3066 4623 3121 4676 δὲ
3153 4624 3396 4695 Ἕλληνι,
3428 4627 3490 4678 ἐκ
3523 4627 3622 4694 τῆς
3656 4624 3747 4676 τοῦ
3781 4625 4016 4692 φυσικοῦ

2429 4717 2508 4778 εἰς
2538 4716 2633 4786 τὴν
2672 4715 2841 4786 αὐτὴν
2872 4716 3046 4785 Ἰησοῦ
3091 4717 3329 4786 Χριστοῦ
3370 4719 3575 4771 πίστιν.
3610 4736 3629 4768 ι
3683 4716 3884 4779 Καθὼς
3917 4717 4018 4784 γέ-

2431 4821 2700 4874 γραπται.
2741 4824 2758 4857 ι
2823 4806 2942 4858 Ἵνα
2991 4805 3100 4876 γὰρ
3150 4807 3226 4877 μὴ
3273 4807 3400 4877 δόξῃ
3453 4807 3717 4860 ἀπίθανον
3761 4802 3902 4859 εἶναι
3955 4809 4021 4859 τὸ

2435 4896 2608 4965 ῥῆμα,
2664 4897 2747 4948 ὅτι
2794 4897 2979 4960 πίστις
3041 4897 3315 4969 σωτηρίαν
3359 4899 3614 4970 δωρεῖται
3666 4899 3757 4950 καὶ
3807 4898 4021 4950 δικαιο-

2435 4989 2622 5058 σύνην,
2665 4989 2973 5059 μαρτυρίαν
3007 4990 3244 5060 παράγει
3281 4989 3390 5042 τῶν
3421 4990 3727 5060 είρημὲνων
3761 4991 3852 5041 καὶ
3881 4991 4018 5041 ἀπό-

2431 5081 2631 5145 δειξιν,
2680 5081 2780 5150 τὴν
2835 5082 3181 5151 προφητικὴν
3215 5081 3372 5150 ῥῆσιν
3424 5081 3522 5150 τὴν
3576 5079 3652 5149 τῷ
3697 5079 4016 5147 ’Λίὸκκνῷμ

2433 5174 2754 5242 εἰρημένην.
2789 5172 3044 5224 Τοιοῦτον
3076 5173 3131 5225 δέ
3188 5172 3240 5224 τί
3278 5190 3462 5242 φησιν·
3513 5173 3703 5234 Καλῶς
3739 5167 3892 5224 εἶπον
3926 5171 4016 5221 τὶν

2435 5263 2721 5314 σπουδαῖον
2746 5265 2809 5313 ἐκ
2841 5260 3076 5324 πίστεως
3103 5263 3179 5323 εἰς
3209 5261 3393 5313 πίστιν
3421 5262 3666 5330 προϊέναι
3694 5260 3759 5312 δι’
3785 5259 4013 5329 ἀρετῆς.

2435 5353 2546 5404 Καὶ
2571 5352 2678 5422 γὰρ
2703 5356 2729 5404 ὁ
2764 5352 3104 5421 ’Λεὸακοὺμ,
3141 5354 3329 5422 φησὶν,
3357 5353 3562 5405 ἄνωθεν
3598 5351 3754 5404 τοῦτο
3800 5350 3891 5401 διὰ
3917 5349 4013 5402 τοῦ

2433 5445 2599 5497 αὑτοῦ
2642 5445 2952 5513 πνεύματος
2987 5445 3105 5515 βοᾷ,
3147 5447 3229 5497 ὅτι
3266 5446 3294 5496 ὁ
3320 5445 3603 5507 σπουδαῖος
3632 5445 3918 5512 ἄνθρωπος
3951 5447 4015 5496 ἐκ

2435 5539 2667 5600 πίστεως
2695 5537 2781 5607 ζῇ,
2823 5529 3070 5590 τουτέστι
3103 5539 3281 5590 πᾶσαν
3311 5541 3409 5607 τὴν
3431 5537 3573 5608 ζωὴν
3609 5535 3770 5590 αὑτοῦ
3831 5537 4015 5588 πίστει

2433 5632 2909 5698 παρατεινομένην
2967 5631 3100 5698 ἔχει.
3139 5633 3205 5682 Ἢ
3264 5630 3620 5700 οἰκειότερονο
3687 5629 3841 5680 Ἐπεὶ
3899 5628 4015 5697 ζωὴ

2433 5721 2662 5788 ἁληίλινὴ
2694 5721 2771 5790 τῷ
2819 5721 3013 5790 δικαίῳ
3063 5721 3124 5773 τὸ
3171 5722 3384 5774 οάλλειν
3440 5724 3535 5773 καὶ
3590 5720 3798 5789 ἀναζῇν
3857 5722 3915 5771 ἐν
3945 5724 4012 5789 τῇ

2432 5815 2623 5884 κτήσει
2658 5814 2763 5867 τῶν
2800 5815 3030 5883 ἀρετῶν,
3062 5816 3086 5865 ὁ
3119 5815 3348 5881 δίκαιος,
3383 5815 3567 5884 σησῖν,
3627 5815 3744 5881 ἦτοι
3785 5815 3811 5865 ὸ
3847 5829 4013 5864 σπον-
