4178 6464
160 339 260 405 3t!

1257 334 1649 396 COMMENT.
1699 330 1778 391 IN
1826 331 2065 394 EPIST.
2098 335 2199 393 AD
2226 335 2409 397 RUM.

3350 347 3457 411 39.

162 470 305 522 σμου
334 452 418 514 είς
461 451 679 519 γένεσιν
736 447 1111 521 παραχθέντα.
1149 447 1220 498 ‘ll
1248 448 1359 501 ἀπὸ
1399 448 1498 518 τῆς
1528 446 1622 500 τοῦ
1675 444 1762 498 κό-

1871 461 2042 515 porca
2069 448 2093 500 τ
2122 448 2256 514 Qua:
2282 464 2347 504 ex
2373 450 2567 504 mutuli
2621 451 2906 507 creatione
2937 453 3005 509 ad
3038 471 3160 511 esse
3185 458 3452 527 perducta

163 563 308 615 σμου
343 544 586 606 κτίσεως
617 541 1100 612 καταλαμϐάνεται
1135 541 1225 593 καὶ
1248 540 1571 610 καθορᾶται.
1609 538 1762 603 Πῶς;

158 637 257 689 καὶ
298 634 452 688 αὐτὰ
485 635 543 686 ἐν
577 635 693 695 τοῖς
750 634 1020 701 ποιήμασι
1069 631 1339 702 νοούμενα
1399 632 1496 683 καὶ
1541 647 1765 700 συναρι-

159 727 483 794 θμούμενα.
507 724 647 778 Καθ’
692 724 1000 795 ὑπερϐατὸν
1034 722 1128 777 οὖν
1162 725 1195 795 ἠ
1236 722 1513 786 σύνταξις.
1550 724 1622 774 Ἦ
1655 724 1767 785 τοῖς

157 821 450 889 ποιήμασι
483 818 774 886 νοούμενα,
802 819 928 870 ἀντὶ
958 816 1054 869 τοῦ
1078 819 1134 869 ὲν
1153 818 1338 881 αὐτοῖς
1377 820 1488 880 τοῖς
1528 817 1766 887 ποιήμαο

158 927 245 964 σιν
279 912 515 975 ἐνεῖναι,
542 911 636 963 καὶ
656 912 723 979 τῇ
757 909 850 961 τοῦ
890 908 1304 979 Θεοῦξβουλήσει
1333 910 1646 979 ὑπηρετεῖν,
1674 909 1768 962 καὶ

158 1004 413 1074 πληροῦν
450 990 519 1057 τὶ
551 1002 903 1073 κελευόμενα.
942 1005 1012 1056 Ἦ
1044 1003 1253 1075 ἀόρατα
1276 1002 1437 1057 αὐτοῦ
1464 1004 1610 1071 λέγει
1637 1004 1768 1057 αὐτὸ

156 1094 219 1145 τὸ
264 1096 511 1165 ἀόρατον
545 1095 711 1149 αὐτοῦ
742 1097 840 1166 τῆς
875 1096 1081 1161 οὐσίας.
1113 1097 1223 1151 Καὶ
1253 1098 1368 1158 πῶς
1387 1096 1486 1162 ἔνι,
1525 1099 1678 1167 φησι,
1708 1098 1769 1151 τὸ

114 1246 117 1247 ν
158 1186 309 1240 θεῖον
332 1188 575 1257 ἀόρατον
599 1188 658 1240 ὃν
691 1188 930 1241 κατιδεῖν
962 1190 1058 1243 καὶ
1089 1189 1457 1259 κατανοῆσαις
1486 1190 1594 1242 Ναὶ
1626 1189 1763 1255 ἔστι,

159 1282 325 1348 φησὶ,
360 1281 465 1332 καὶ
499 1282 607 1334 ἀπὸ
637 1280 745 1335 τῶν
770 1281 1086 1351 κτισμάτων
1121 1280 1288 1336 αὑτοῦ
1324 1282 1565 1335 κατιδεῖν
1598 1282 1765 1336 αὐτοῦ

154 1372 257 1441 τὴν
289 1374 533 1443 θεότητα
581 1375 674 1427 καὶ
708 1373 807 1445 τὴν
853 1374 1106 1445 δύναμιν.
1156 1394 1173 1426 t
1214 1376 1354 1428 Ἧτε
1396 1376 1567 1438 ἀΐδιος
1600 1375 1765 1428 αὑτοῦ

155 1464 400 1535 δύναμις
440 1468 539 1519 καὶ
568 1466 801 1536 θειότης.
843 1485 861 1518 ι
892 1496 961 1508 -
982 1465 1199 1540 [ΚΥΡ.]
1243 1467 1376 1521 Ἀπὸ
1408 1467 1590 1521 κοινοῦ
1620 1486 1767 1521 νοου-

160 1557 334 1627 μένου
367 1558 468 1611 τοῦ
511 1558 839 1629 καθορᾶται.
872 1559 996 1621 Πῶς
1040 1559 1097 1611 δὲ
1147 1559 1480 1628 γινώσκεται
1537 1559 1627 1613 διὰ
1668 1561 1763 1629 τῆς

154 1649 534 1719 δημιουργίας
585 1650 618 1716 ἠ
655 1650 829 1713 ἀΐδιος
863 1648 1028 1702 αὑτοῦ
1053 1648 1323 1720 δύναμιςς
1356 1650 1480 1702 Ὅτι
1521 1648 1766 1719 φθαρτὴν

158 1744 403 1813 ἐχόντων
433 1745 534 1813 τὴν
562 1742 725 1812 φύσιν
756 1742 868 1796 τῶν
894 1743 1269 1813 παρηγμένων
1299 1743 1380 1807 εἰς
1403 1742 1637 1812 γένεσιν,
1671 1744 1765 1796 καί⁵

157 1836 530 1907 κεκλημένων
559 1837 616 1888 ὲν
646 1836 824 1907 χρόνῳ
860 1836 996 1907 πρὸς
1019 1836 1272 1908 ὓπαρξιν,
1302 1836 1457 1891 ἔσται
1493 1855 1594 1892 που
1629 1838 1765 1890 πάν-

155 1947 267 1994 τως
300 1934 332 1984 ὁ
397 1931 613 1983 τούτων
662 1930 1008 2002 Δημιουργὸς
1038 1930 1317 2001 ἄφθαρτος
1348 1932 1444 1986 καὶ
1472 1932 1659 1993 ἀΐδιος.
1697 1959 1764 1971 -

156 2020 370 2094 [ΦΩΤ.]
397 2023 471 2074 ’Ἠ
485 2021 679 2085 οὕτως’
700 2022 831 2076 Ἀπὸ
847 2024 945 2093 τῆς
962 2022 1057 2076 τοῦ
1082 2024 1290 2093 κόσμου
1320 2024 1549 2085 κτίσεως
1577 2026 1610 2092 ἡ
1633 2023 1767 2078 θειό-

153 2130 254 2180 της
283 2113 382 2165 τοῦ
417 2111 556 2165 Θεοῦ
576 2114 669 2165 καὶ
700 2113 868 2177 ἀΐδιος
889 2113 1123 2185 δύναμις
1142 2113 1496 2179 γινώσκεται.
1536 2108 1655 2167 Εἴδὲ
1679 2131 1765 2177 τις

154 2207 249 2260 τὸν
280 2208 497 2275 κόσμον
517 2207 612 2260 καὶ
634 2206 703 2259 τὰ
721 2208 781 2260 ὲν
807 2206 979 2277 αὐτῷ.
997 2207 1243 2279 ἀστέρων
1264 2208 1437 2279 κάλλη
1471 2208 1565 2261 καὶ
1601 2207 1764 2277 μέγε-

158 2300 271 2364 θος,
336 2300 545 2370 δρόμον
588 2300 821 2371 σελήνης
860 2302 956 2354 καὶ
1008 2300 1182 2371 ἡλίου,
1241 2302 1397 2367 τάξιν
1428 2302 1524 2354 καὶ
1571 2301 1764 2372 εἱρμὸν

157 2391 553 2461 ἀπαράϐατον.
607 2392 721 2461 Οὐχ
776 2393 996 2463 ἡμέραν
1053 2392 1249 2463 σελήνη
1301 2394 1479 2460 ποιεῖ,
1513 2393 1635 2446 οὐδὲ
1664 2395 1763 2462 τὴν

157 2485 335 2537 νύκτα
365 2485 544 2554 ἥλιος.
597 2486 658 2537 Ὀ
703 2483 869 2555 αἰθὴρ
898 2485 991 2539 τὸν
1033 2487 1232 2540 οἰκεῖον
1265 2487 1430 2539 τόπον
1476 2486 1760 2553 φυλάττει,

159 2580 249 2631 καὶ
273 2579 304 2629 ὁ
343 2580 459 2649 ἀὴρ
498 2578 721 2648 ὁμοίιος.
776 2579 1051 2648 Ἐστηκεν
1101 2580 1133 2649 ἡ
1173 2578 1270 2648 γῆ,
1310 2580 1411 2632 οὐκ
1444 2579 1643 2649 ἔχουσα
1674 2580 1763 2632 τὸν

158 2671 532 2740 ὑπερείδοντα
560 2670 727 2741 βάρος
751 2672 1002 2742 ἄπειρον,
1036 2672 1329 2740 ἐγκέχυται
1357 2671 1493 2743 αὐτῇ
1525 2672 1585 2724 τὸ
1618 2672 1761 2741 ἰδωρ

160 2763 253 2814 καὶ
290 2762 679 2831 περικέχυται,
724 2762 923 2831 βάρους
950 2761 1263 2833 προσθήκη,
1282 2762 1396 2815 ἀλλ’
1417 2763 1567 2832 ὅμως
1597 2763 1760 2833 ἔστηο

159 2870 256 2907 κεν
288 2854 579 2923 ἀκίνητος,
614 2855 714 2923 τὴν
749 2856 1086 2924 κατέχουσαν
1118 2856 1571 2926 ἀνακηρύττουσα
1604 2856 1761 2911 δύνα-

163 2965 275 3018 μιν.
309 2948 480 3017 Φέρει
510 2948 763 3017 καρποὺς
811 2948 1063 3019 μυρίους,
1106 2950 1197 3002 καὶ
1247 2950 1414 3014 ίδέαις
1470 2951 1563 3003 καὶ
1594 2950 1757 3005 δυνά-

164 3056 289 3106 μεσι
321 3038 713 3106 διαψέροντας.
750 3039 866 3090 Μία
903 3035 1061 3101 οὖσα,
1094 3040 1165 3110 γῆ
1191 3037 1349 3103 οὖσα,
1382 3042 1571 3111 τρέφει
1604 3040 1758 3105 ζώων

1871 548 2001 594 sunt
2037 582 2051 605 ,
2089 552 2184 595 aut
2233 557 2301 597 ex
2335 544 2621 599 creatione
2654 546 2849 601 mundi
2905 550 3457 618 comprehenduntur

1868 643 1925 687 et
1954 636 2396 705 conspiciuntur.
2462 636 2712 704 Quonam
2750 638 2959 693 modo?
3011 640 3186 696 Etiam
3227 645 3343 713 ipsa
3379 646 3461 699 in-

1872 735 1957 781 ter
1984 740 2050 780 ea
2078 741 2200 796 quae
2233 727 2374 783 facta
2403 740 2535 785 sunt
2593 731 2873 786 intellecta
2932 742 2989 787 et
3033 748 3451 792 connumerata.

1870 817 1966 873 Est
1991 834 2123 889 ergo
2148 834 2246 888 per
2268 820 2611 891 hyperbaton
2644 823 2843 879 littera:
2864 825 3165 880 ordinatio.
3198 827 3293 882 Vel
3323 845 3458 899 ope-

1870 911 2025 965 ribus
2081 912 2382 977 intellecta,
2410 912 2516 968 hoc
2539 924 2624 968 est
2663 916 2725 991 in,
2756 916 2892 985 ipsis
2930 917 3199 985 operibus
3253 920 3455 975 inexsi-

1869 1005 2093 1070 stentia,
2130 1015 2301 1076 utque
2348 1007 2445 1062 Dei
2494 1007 2763 1062 voluntati
2818 1010 3190 1072 subserviant.
3235 1022 3291 1066 et
3337 1029 3463 1081 qum.

1865 1094 2026 1166 jubet
2076 1100 2411 1168 compleant.
2445 1101 2554 1155 Aut
2612 1100 2916 1157 invisibilia
2961 1106 3082 1175 ejus
3108 1105 3245 1160 dicit
3286 1088 3464 1177 ipsam

1871 1190 2209 1244 invisibilem
2260 1194 2381 1263 ejus
2419 1194 2811 1250 substantiam.
2872 1196 2941 1250 Et
3001 1198 3282 1266 quomodo
3328 1199 3463 1252 dicit

1870 1282 2195 1354 contingere
2224 1293 2284 1338 ut
2328 1285 2627 1342 invisibilis
2682 1287 2949 1344 divinitas
2987 1290 3353 1360 perspiciatur
3401 1305 3467 1343 ae

1871 1374 2253 1444 intelligatur?
2282 1375 2508 1445 Utique,
2541 1376 2741 1445 inquit,
2783 1378 2913 1433 licet
2938 1380 3107 1434 etiam
3135 1395 3165 1434 a
3192 1380 3466 1435 creaturis

1869 1466 1989 1533 ejus
2013 1466 2329 1535 perspicere
2374 1467 2548 1535 ipsius
2598 1468 2951 1523 divinitatem
3014 1486 3078 1526 ac
3133 1474 3459 1540 potentiam.

1878 1576 1894 1607 ‹
1930 1556 2274 1625 Sempiterna
2290 1560 2410 1628 ejus
2434 1561 2679 1628 potentia
2704 1577 2767 1615 ac
2785 1561 3099 1617 divinitas.»
3128 1593 3197 1604 —
3218 1563 3461 1634 Repete:

1869 1646 2245 1716 Conspicitur.
2279 1647 2569 1714 Quomodo
2598 1666 2731 1721 ergo
2761 1667 2861 1721 per
2888 1654 3233 1709 creationem
3258 1655 3466 1724 sempi-

1878 1746 2033 1791 terna
2064 1737 2185 1806 ejus
2212 1738 2392 1793 virtus
2426 1742 2784 1810 cognoscitur
2813 1742 2836 1795 ?
2865 1741 3004 1809 Quia
3049 1760 3175 1799 cum
3230 1760 3294 1799 ea
3341 1759 3465 1815 qua:

1873 1829 1941 1884 ad
1980 1844 2102 1885 esse
2137 1831 2411 1900 producta
2464 1842 2615 1898 sunt,
2678 1836 3099 1905 corruptibilem
3160 1838 3465 1893 sortiantur

1871 1933 2150 1989 naturam,
2178 1940 2241 1979 ac
2280 1927 2332 1980 in
2370 1936 2621 1996 tempore
2646 1929 2715 1983 ad
2749 1929 2915 1983 vitam
2943 1940 3138 1985 vocata
3169 1933 3300 1991 sint.
3350 1934 3463 1987 uti-

1872 2031 1981 2085 que
2006 2014 2207 2070 horum
2244 2015 2477 2071 Creator
2525 2018 2968 2090 incorruptibilis
2992 2023 3100 2077 erit
3149 2037 3212 2077 ac
3260 2027 3464 2093 scmpi«

1873 2118 2082 2165 ternus.
2114 2140 2185 2150 -—
2213 2111 2322 2165 Aut
2357 2111 2464 2166 hoc
2491 2112 2656 2167 modo
2684 2130 2697 2168 :
2732 2113 2809 2167 Ex
2834 2114 3122 2169 creatione
3147 2116 3338 2169 tnundi
3380 2116 3464 2170 di-

1869 2203 2074 2257 vinitas
2128 2202 2228 2257 Dei
2274 2203 2731 2275 sempiternaque
2794 2206 3041 2275 potentia
3083 2207 3460 2276 cognoscitur.

1866 2292 2030 2347 Novit
2056 2293 2179 2361 quis
2208 2292 2475 2348 mundum
2493 2302 2549 2349 et
2573 2309 2639 2348 ea
2660 2309 2783 2364 quae
2811 2295 2867 2349 in
2898 2310 2967 2350 eo
3000 2304 3151 2358 sunt,
3183 2304 3461 2350 astrorum

1867 2383 2341 2453 pulchritudinem
2387 2400 2451 2438 ac
2500 2386 2939 2455 magnitudinem
2972 2428 2987 2450 ,
3024 2387 3169 2441 luna:
3217 2387 3461 2457 solisque

1865 2492 2110 2543 cursum,
2146 2477 2398 2531 ordinem
2425 2494 2490 2533 ac
2514 2480 2715 2533 seriem
2742 2481 3256 2536 incommutabilem
3278 2497 3293 2547 ;
3314 2484 3460 2551 quod

1864 2571 2011 2625 diem
2033 2572 2162 2625 luna
2197 2586 2304 2625 non
2326 2572 2544 2636 eﬂiciat,
2562 2589 2741 2642 neque
2764 2574 2843 2629 sol
2866 2584 3084 2629 noctem
3107 2592 3120 2628 :
3142 2577 3319 2629 rather
3339 2589 3457 2644 pro-

1865 2665 2046 2735 prium
2075 2674 2260 2719 servat
2289 2666 2469 2721 locum
2499 2675 2554 2719 et
2586 2682 2680 2721 aer
2706 2667 2965 2722 similiter
2997 2688 3009 2723 :
3047 2675 3153 2722 stat
3194 2668 3249 2722 in
3279 2668 3461 2723 medio

1867 2768 2008 2812 terra
2035 2759 2172 2812 nihil
2220 2759 2429 2813 habens
2477 2761 2623 2829 quod
2673 2776 2828 2815 suam
2883 2762 3209 2815 immensam
3271 2761 3459 2825 fulciat

1862 2852 2182 2921 gravitatem
2222 2868 2235 2904 :
2272 2850 2447 2904 infusa
2474 2859 2556 2904 est
2588 2867 2685 2921 per
2715 2852 2864 2905 illaut
2923 2869 3086 2923 aqua,
3126 2854 3235 2906 imo
3268 2854 3321 2907 in
3351 2853 3449 2907 cir-

1864 2944 2017 2998 cuitu
2051 2943 2252 2997 tliil‘usa
2290 2961 2413 3014 quw
2440 2948 2771 3014 gravitatem
2798 2946 3042 3017 adjiciat,
3080 2956 3320 3002 attamen
3356 2948 3459 3001 im-

1865 3041 2084 3095 mobilis
2109 3052 2442 3110 persevcrat,
2476 3056 2596 3094 cazn
2625 3057 2746 3109 qua:
2782 3044 3030 3096 continet
3086 3043 3447 3113 promulgans

161 3136 292 3202 γένη
344 3135 579 3200 ἄπειρα.
624 3132 784 3185 Ἀλλὰ
812 3136 907 3185 καὶ
942 3134 1150 3204 καιρῶν
1191 3135 1491 3198 εὐτάκτους
1522 3134 1754 3204 μεταϐο-

1866 3133 2164 3202 potentiam
2195 3151 2206 3186 :
2242 3133 2347 3186 [ert
2383 3135 2598 3187 fructus
2624 3134 2949 3188 innumeros
2983 3136 3096 3188 suis
3127 3136 3450 3191 ditl‘en‘ntcs

158 3227 271 3293 λὶς,
318 3228 418 3280 καὶ
480 3228 671 3291 ὑετοὺς
724 3228 995 3298 ἐτησίους,
1052 3230 1147 3283 καὶ
1182 3232 1251 3283 τὰ
1280 3230 1543 3284 δοκοῦντα
1577 3231 1755 3298 πάθη,

161 3321 451 3390 σεισμοὺς.
498 3321 822 3392 κεραυνοὺς,
851 3321 944 3373 καὶ
987 3323 1109 3374 εῖτι
1140 3323 1344 3375 τοῦτων
1368 3324 1759 3394 ἐπισκοπήσεις

160 3416 235 3475 εἰς
267 3414 364 3465 τὸν
403 3414 751 3483 Δημιουργὸν
796 3413 1163 3483 παραπέμπει
1186 3414 1278 3466 τὸν
1308 3415 1661 3485 προσέχοντα.
1696 3415 1760 3467 Τί

160 3507 217 3558 τὸ
266 3507 523 3573 συνέχον,
559 3504 609 3557 τί
638 3504 697 3559 τὸ
737 3506 1011 3576 κρατοῦν;
1050 3506 1239 3558 Ἔστιν
1283 3506 1393 3578 ἄρα
1424 3507 1628 3575 γνῶναι
1663 3525 1759 3561 σα-

164 3597 274 3665 ςῶς
306 3597 421 3649 ἀπὸ
452 3597 551 3665 τῆς
580 3595 833 3661 κτίσεως,
864 3599 944 3650 ὅτι
971 3596 1089 3650 ἐστι
1113 3600 1480 3669 Δημιοοδργὸς,
1518 3601 1599 3653 ὅτι
1626 3619 1762 3671 προ-

162 3689 402 3758 νοητὴς,
467 3688 549 3739 ὅτι
622 3688 1060 3758 παντοδύναμος,
1120 3691 1201 3743 ὅτι
1256 3692 1461 3759 ἀγαθὸς
1525 3694 1757 3761 (ἀγαθοῦ

161 3782 265 3850 γὰρ
285 3782 320 3850 ἡ
351 3780 692 3851 δημιουργία
723 3782 815 3833 καὶ
844 3784 875 3852 ἡ
909 3784 1177 3854 πρόνοια),
1209 3785 1290 3837 ὅτι
1316 3786 1505 3844 ἀΐδιος.
1540 3786 1628 3855 Tt};
1648 3787 1757 3857 γὰρ

162 3871 573 3940 παντοδννάμῳ
594 3872 677 3930 τίς
702 3872 1079 3926 ἐπιϐουλεύσει
1102 3891 1115 3937 ;
1152 3873 1337 3937 Οὕτως
1362 3874 1455 3927 οὖν
1480 3878 1511 3945 ή
1544 3874 1758 3946 θειότης

162 3962 326 4015 αὑτοῦ
363 3963 464 4012 καὶ
514 3961 684 4022 aia-.0;
720 3961 945 4032 δύναμις
976 3965 1033 4016 ὲν
1069 3968 1179 4027 τοῖς
1213 3968 1481 4035 ποιήμασι
1514 3967 1757 4037 καθορᾶ-

160 4071 267 4115 ut,
304 4054 488 4115 οὕτως
519 4053 627 4105 ἀπὸ
663 4054 762 4121 τῆς
787 4054 880 4106 τοῦ
912 4054 1122 4124 κόσμου
1150 4057 1402 4121 κτίσεως,
1438 4060 1469 4127 ἡ
1496 4059 1590 4111 τοῦ
1621 4060 1757 4113 Θεοῦ

163 4149 369 4215 γνῶσις
408 4148 526 4207 τοῖς
575 4145 886 4213 ἀνθρώποις
912 4147 1209 4215 ἐγγίνεται.
1243 4149 1401 4202 Οὕτω
1427 4150 1487 4203 τὸ
1517 4154 1759 4219 γνωστὸν

162 4236 329 4289 αὐτοῦ
368 4238 430 4289 ὲν
480 4237 648 4287 πᾶσιν
695 4236 1031 4303 ὲφανέρωσε.
1084 4238 1158 4289 Τὸ
1206 4236 1314 4308 γὰρ
1372 4239 1617 4306 γνωστὸν
1663 4237 1757 4291 τοῦ

162 4329 321 4389 Θεοῦ,
364 4326 541 4381 ταῦτα
595 4327 688 4378 καὶ
723 4328 790 4379 τὰ
828 4328 1055 4382 τοιαῦτά
1112 4332 1285 4384 ἐστιν.
1321 4332 1492 4382 Οὖσία
1548 4331 1604 4382 δὲ
1664 4334 1759 4385 καὶ

163 4421 326 4488 φύσις
360 4420 645 4480 παντελῶς
673 4422 838 4472 πᾶσιν
869 4421 1108 4491 ἄληπτα.
1144 4422 1331 4475 Τκῦτα
1366 4426 1461 4476 καὶ
1493 4424 1758 4495 Ἕλληνες

1867 3224 2191 3287 virtutibus,
2235 3240 2361 3277 cum
2392 3242 2496 3279 una
2528 3224 2620 3285 sit.
2648 3241 2771 3279 cum
2807 3235 2954 3280 terra
2977 3227 3070 3292 sit,
3096 3228 3331 3297 plurima
3356 3244 3457 3281 nn-

1865 3316 1959 3369 trit
2017 3315 2336 3368 animuiium
2378 3332 2575 3383 genera
2611 3334 2623 3369 :
2659 3316 2754 3370 sed
2805 3326 2858 3372 et
2908 3326 3219 3388 temporum
3265 3320 3436 3389 probe

1861 3409 2168 3464 constituas
2228 3413 2584 3475 mutationes,
2644 3410 2858 3479 pluvias
2913 3427 3149 3475 annuas,
3216 3428 3455 3483 qureqne

1863 3501 2565 3571 percipiunturpassiones,
2607 3510 2733 3570 puta
2765 3510 2927 3555 teme
2949 3510 3150 3563 motus,
3184 3503 3409 3557 fulmina
3441 3521 3456 3559 :

1860 3591 2197 3661 etquiilquid
2224 3591 2419 3646 horum
2441 3591 2901 3657 consideraveris,
2923 3592 2975 3644 in
2995 3592 3310 3647 Creatorem
3345 3602 3459 3646 tra-

1860 3684 2007 3737 ducit
2042 3699 2166 3735 eum
2191 3684 2281 3752 qui
2308 3683 2717 3736 animadvertit.
2747 3682 2886 3749 Quid
2907 3684 3039 3737 illud
3065 3700 3195 3755 ergo
3213 3687 3458 3755 estqucd

1862 3777 1961 3831 ista
1993 3777 2265 3837 continet.
2292 3776 2423 3846 quid
2444 3776 2589 3847 quod
2631 3778 2946 3847 gubernat?
2967 3779 3167 3850 Utique
3198 3780 3329 3835 licet
3348 3798 3447 3834 ma-

1858 3869 2056 3923 nifeste
2084 3884 2150 3921 ex
2209 3870 2491 3924 creatione
2528 3886 2863 3939 cognoscere
2900 3872 3048 3942 quod
3075 3873 3149 3927 sit
3203 3874 3456 3932 Creator.

1859 3961 2003 4031 quod
2021 3962 2373 4033 gubernator,
2389 3963 2533 4031 quod
2551 3964 2919 4033 ontiiipotens.
2948 3965 3094 4035 quod
3120 3964 3296 4020 bonus
3313 3968 3461 4036 (nam

1861 4055 1988 4109 boni
2042 4064 2127 4108 est
2155 4070 2343 4110 creare
2368 4071 2433 4110 ac
2464 4056 2825 4126 gubernare),
2861 4056 3010 4127 quod
3053 4058 3457 4128 sempiternus.

1859 4147 2023 4219 2η,
2057 4147 2440 4217 Omnipotenti
2468 4150 2619 4203 enim
2662 4152 2788 4220 quis
2812 4161 2992 4205 struet
3040 4151 3317 4207 insidias?
3367 4153 3442 4206 Ita

1859 4253 1989 4308 ergo
2013 4239 2277 4294 divinitas
2303 4241 2423 4310 ejus
2467 4242 2925 4310 seu-piternaque
2952 4242 3197 4311 potentia
3229 4243 3286 4297 in
3317 4259 3455 4314 ope-

1863 4330 2019 4384 ribus
2053 4332 2416 4401 conspicitur,
2442 4332 2596 4385 itaex
2624 4333 2813 4385 mundi
2843 4335 3125 4387 creatione
3147 4335 3243 4389 Dei
3266 4337 3459 4406 cogni-

1864 4423 1939 4475 tio
1972 4423 2241 4492 contingit
2296 4424 2637 4477 hominibus.
2684 4422 2801 4478 Hoc
2852 4424 3013 4479 modo
3047 4424 3180 4479 illud
3211 4426 3359 4494 quod
3389 4428 3467 4481 de.

162 4482 437 4581 έγιωσαν.
481 4514 642 4565 Ἀλλὰ
675 4515 915 4580 γνόντες,
941 4482 1039 4584 οὐχ
1060 4515 1134 4578 ὡς
1161 4515 1293 4569 Θεὸν
1321 4516 1599 4582 ἐδόξασαν.
1626 4482 1760 4581 (Εἰς

1866 4512 1985 4582 ipso
2017 4514 2388 4583 coguoseibile
2419 4524 2522 4577 est,
2548 4516 2601 4567 in
2622 4515 2880 4568 omnibus
2897 4516 3307 4585 seseprodidit:
3345 4519 3465 4571 haec

164 4610 221 4659 τὸ
248 4603 399 4657 εἶναι
429 4605 628 4666 αὐτοὺς
657 4605 1446 4673 ἀναπολογήτουςδτοσούτων
1467 4608 1575 4677 γὰρ
1594 4607 1764 4661 ὅντων

164 4699 270 4751 τῶν
305 4697 648 4751 δεικνύντων
675 4697 736 4749 τὸ
762 4696 855 4749 τοῦ
884 4697 1023 4751 Θεοῦ
1056 4701 1370 4769 μεγαλεῖον,
1400 4700 1453 4752 τί
1486 4701 1767 4771 ἁπολογή·

164 4808 355 4844 σονται
412 4792 465 4843 οἱ
525 4790 743 4853 ἑκόντες
792 4791 1276 4858 ἁποτυιρλωθέντες
1308 4809 1323 4854 ;
1354 4792 1464 4861 Οὐχ
1510 4792 1650 4863 αὕτη
1709 4795 1765 4847 δὲ

166 4886 374 4955 σπουδὴ
392 4883 473 4953 τῷ
504 4883 624 4952 Θεῷ
654 4883 895 4952 γέγονεν,
929 4884 1132 4951 ἄπαγε,
1176 4888 1222 4938 εί
1250 4887 1343 4938 καὶ
1371 4884 1545 4947 οὕτως
1580 4885 1764 4957 ἐξέϐη.

1864 4606 2011 4658 enim
2028 4615 2155 4658 sunt
2175 4620 2296 4674 qua:
2310 4607 2376 4659 de
2400 4607 2511 4660 Deo
2538 4607 2934 4676 cognoscibilia
2959 4616 3089 4662 sunt
3116 4628 3125 4661 :
3147 4608 3456 4663 substantia

1866 4711 2105 4764 namque
2130 4706 2187 4750 et
2210 4706 2407 4750 natura
2422 4698 2684 4752 omnibus
2710 4698 2941 4754 omnino
2976 4709 3110 4753 sunt
3141 4700 3457 4769 incompre-

1868 4787 2194 4843 hensibiles.
2228 4788 2353 4843 Haec
2376 4800 2432 4843 et
2468 4788 2641 4844 Graeci
2673 4802 3072 4860 cognoverant,
3111 4806 3301 4846 verum
3328 4808 3456 4845 cum

1869 4885 2280 4955 cognovissent,
2311 4901 2421 4940 non
2448 4885 2591 4940 sicut
2633 4886 2805 4941 Deum
2827 4886 3296 4955 gloriﬁcaverunt.
3334 4904 3352 4936 ι

166 4985 278 5036 sint
332 4982 441 5051 ipsi
492 4980 917 5035 inexcusabilcs.
964 5001 981 5032 ι
1043 4982 1178 5036 Nam
1229 4998 1356 5037 cum
1431 4992 1601 5037 tanta.
1635 4985 1749 5039 sint
1779 5000 1903 5054 quae
1965 4983 2059 5038 Dei
2102 4983 2539 5054 magnitudinem
2579 4983 2988 5047 demonstrent,
3056 4984 3191 5054 quid
3233 4996 3457 5052 respont

164 5076 386 5130 debunt
437 5075 529 5143 qui
587 5090 685 5129 sua
748 5086 943 5143 sponte
979 5078 1235 5131 exo'ecati
1271 5078 1584 5132 sunt?Non
1639 5086 1823 5134 tamen
1882 5079 1935 5133 id
1983 5078 2205 5134 curavit
2258 5078 2424 5142 Deus,
2483 5077 2632 5133 absit
2670 5093 3032 5147 :quanquam
3067 5079 3139 5131 ita
3166 5078 3453 5134 acciderit-

233 5166 397 5218 Διότι
442 5163 688 5229 γνόντες
727 5164 833 5215 τὸν
863 5166 1033 5227 Θεὸν,
1067 5169 1180 5234 οὐχ
1221 5168 1302 5231 ὡς
1350 5168 1505 5220 Θεὸν
1556 5167 1765 5232 ἐδόξα-

166 5271 312 5317 σαν,
370 5253 409 5319 ἢ
460 5254 939 5320 εὐχαρίστησαν·
994 5256 1133 5309 ἀλλ’
1184 5257 1646 5325 ἐματαιώθησαν
1698 5258 1768 5311 ἐν

168 5346 292 5411 τοῖς
326 5344 749 5413 διαλογισμοῖς
798 5344 1015 5410 αὐτῶν,
1059 5347 1158 5403 καὶ
1186 5349 1516 5416 ἐσκοτίσθη
1548 5350 1586 5416 ὴ
1612 5351 1764 5404 ἀσύ-

170 5456 351 5504 νετος
409 5436 616 5492 αὐτῶν
662 5439 897 5507 χορεία.
946 5440 1296 5508 Φὰσκοντες
1356 5438 1509 5495 εἶναι
1560 5444 1765 5512 σοφοὶ,

168 5530 638 5599 ἐμωράνθησαν.

245 5619 451 5692 [σωκ]
485 5619 774 5687 Ἕγνωσαν
810 5623 916 5692 γὰρ
952 5622 1038 5675 διὰ
1075 5624 1175 5693 τῆς
1206 5625 1455 5689 κτίσεως.
1492 5645 1507 5677 ι
1545 5626 1768 5689 Γνόντες

174 5712 447 5767 τὸνθεόν.
484 5731 501 5761 ι
552 5709 815 5766 Τουτὲστι
851 5715 900 5766 τί
953 5717 1083 5770 ποτέ
1118 5717 1235 5769 ἐστι
1276 5716 1432 5780 Θεὸς,
1484 5719 1537 5771 τί
1565 5719 1768 5787 desim

178 5803 662 5875 ὑπολαμϐάνεσθαι
702 5804 856 5868 Θεός.
884 5806 1056 5860 Τοζτο
1083 5810 1323 5877 γνόντες,
1357 5811 1573 5876 ἑκόντες
1594 5813 1764 5883 ἐπῳά-

1945 5168 1986 5232 Ι,
2021 5169 2111 5231 21,
2143 5168 2233 5220 22.
2260 5166 2397 5220 Nam
2420 5185 2538 5221 cum
2568 5168 2735 5222 Deum
2768 5170 3152 5238 cognovissent,
3185 5186 3292 5223 non
3324 5172 3458 5224 sicut

1873 5265 2042 5319 Deum
2073 5260 2533 5333 gloriﬁcaverunt,
2560 5271 2654 5315 aut
2683 5267 2890 5331 gratias
2922 5271 3166 5330 egerunt,
3206 5262 3298 5315 sed
3326 5279 3458 5315 vano

1872 5358 2142 5426 factisnnt
2180 5356 2234 5407 t'u
2256 5354 2662 5425 cogitationibus
2688 5354 2820 5419 suis,
2857 5360 2907 5407 et
2958 5355 3354 5408 obtcnebratum
3381 5362 3457 5407 est

1871 5449 2122 5518 insipiens
2139 5464 2228 5501 cor
2268 5462 2474 5500 eorum.
2505 5445 2759 5499 Putantes
2783 5462 2840 5500 se
2866 5462 2975 5501 esse
2992 5449 3280 5517 sapientes,
3305 5447 3458 5501 stulti

1874 5541 2004 5610 farti
2025 5548 2172 5593 sunt.

1937 5631 2324 5702 cognoverant
2358 5632 2506 5686 enim
2546 5633 2716 5687 Deum
2743 5649 2842 5702 per
2871 5632 3236 5688 creationem.
3269 5652 3288 5686 ι
3312 5632 3453 5688 Cum

1870 5724 2042 5777 Deum
2073 5725 2460 5793 cognovissent
2511 5743 2523 5775 :
2562 5745 2577 5774 >
2616 5724 2720 5778 hcc
2755 5733 2860 5789 est,
2885 5725 3149 5793 quidnam
3180 5726 3253 5779 sit
3283 5725 3449 5784 Deus.

1868 5813 1999 5885 quid
2029 5830 2127 5885 pro
2163 5813 2278 5869 Deo
2320 5813 2511 5869 haberi
2542 5814 2738 5869 debeat
2784 5833 2796 5867 τ
2849 5830 2975 5870 cum
3021 5813 3131 5873 hoc.
3166 5816 3430 5888 cognovit
