4196 6468
143 351 213 417 339
1177 341 1572 404 COMMENT.
1615 343 1697 404 IN

1799 344 1976 405 PIST.
2014 343 2115 404 AD
2141 340 2328 405 ROM.

3283 339 3389 402 390

146 462 360 529 εωθῆναι.
403 456 632 527 «Νόμον
683 451 780 511 οὖν
843 455 1236 528 καταργοῦμεν
1291 457 1382 509 διὰ
1439 458 1539 525 τῆς
1598 457 1687 510 πί-

1799 456 1997 511 bantur
2021 454 2236 515 Judaei,
2269 452 2426 523 quasi
2461 451 2547 506 lex
2583 465 2682 522 per
2713 449 2874 504 ﬁdem
2903 449 3260 521 abjiceretur.
3292 456 3388 509 Di-

143 570 272 615 στεως
294 569 309 614 ;
332 571 353 604 ι
387 551 722 622 Ἐθορύϐουν
745 550 1019 616 Ἰουδαῖοι,
1053 549 1130 613 ὡς
1164 550 1566 620 ἐκϐαλλομένου
1594 551 1690 604 τοῦ

143 648 269 716 νόμον
319 645 412 698 διὰ
465 646 566 712 τῆς
617 643 879 707 πίστεως.
913 643 1077 710 Λέγει
1108 641 1200 696 οὖν
1229 644 1313 697 ὅτι
1345 644 1406 696 οὑ
1443 645 1603 712 μόνον
1631 645 1691 697 οὐ

142 741 369 810 κατιργεῖ
399 739 435 808 ἡ
462 737 652 800 πίστις
690 735 783 790 τὸν
821 735 1009 806 νόμον,
1035 735 1184 788 ἀλλὰ
1211 736 1305 788 καὶ
1335 735 1523 805 ἵστησί
1553 755 1690 800 πως,

143 833 200 886 ὅτι
221 833 244 884 ὁ
264 830 440 900 νόμος
471 829 648 882 σῶσαι
687 827 1033 898 βουλόμενος,
1060 828 1163 881 οὐκ
1199 828 1394 897 ἰσχύει,
1421 830 1455 899 ὴ
1505 828 1562 882 δὲ
1604 830 1694 881 πί-

142 941 224 985 επις
243 923 430 986 σώζει.
463 923 569 974 Τὸν
604 920 696 974 οὖν
724 920 928 974 σκοπὸν
969 919 1071 972 τοῦ
1120 921 1289 990 νόμου
1340 921 1626 992 πληροῦσα
1657 924 1689 992 ἠ

1798 551 1876 604 cit
1906 565 2044 619 ergo
2095 549 2244 618 quod
2277 564 2385 602 non
2416 548 2596 602 solum
2650 546 2863 600 irritam
2899 561 3008 600 non
3053 545 3185 602 facit
3213 547 3390 618 legem

1797 642 1978 697 ﬁdes:
2017 642 2326 711 quinetiam
2383 639 2794 709 quodammodo
2832 639 3088 693 stabilit:
3127 639 3260 710 quia
3302 641 3392 696 lex

1799 749 1926 788 cum
1955 733 2166 787 salvare
2202 733 2388 802 cupiat
2413 747 2520 786 non
2550 739 2750 800 potest,
2789 731 2925 784 ﬁdes
2945 741 3128 785 autem
3170 733 3387 786 salvat:

1801 841 1926 879 enm
1952 840 2084 894 ergo
2106 825 2242 892 legis
2275 839 2504 892 scepum
2535 823 2672 877 ﬁdes
2706 823 2952 891 impleat,
2977 822 3180 877 merito
3213 824 3390 878 stabi-

1793 917 1896 971 lire
1931 918 2080 970 illam
2099 916 2327 969 dicitur.
2343 916 2540 968 Diccns
2571 923 2786 976 autem,
2814 915 3164 979 Stabilimus,
3199 925 3390 969 osten-

1794 1009 1877 1064 dit
1906 1010 2052 1063 illam
2089 1009 2464 1064 vacillantem.
2486 1008 2606 1061 Alio
2639 1011 2813 1062 modo.
2836 1007 2999 1078 Legis
3025 1023 3168 1078 opus
3191 1016 3395 1061 eratut

1787 1102 1997 1172 justum
2015 1102 2222 1157 faceret
2236 1102 2512 1156 hominem
2538 1118 2551 1153 :
2572 1116 2762 1154 verum
2787 1101 2891 1155 hoc
2911 1115 3019 1155 non
3042 1101 3248 1168 notuit,
3265 1115 3392 1155 nam

1794 1196 2032 1260 (intnes,
2069 1195 2269 1262 inquit,
2305 1201 2676 1263 peccaverunt
2711 1212 2722 1246 :
2756 1207 2882 1246 cum
2907 1204 3091 1246 autem
3153 1193 3395 1247 venisset

1793 1285 1951 1343 ﬁdes.
1982 1286 2036 1339 id
2066 1285 2342 1340 correxit:
2368 1285 2532 1338 simul
2568 1299 2632 1338 ac
2663 1283 2810 1336 enim
2833 1282 3108 1352 quispiam
3130 1282 3391 1347 credidit,

1792 1379 1958 1434 etiam
1985 1377 2442 1449 justiﬁcatusest.
2467 1375 2746 1430 Stabilivit
2775 1376 2958 1444 itaque
2985 1374 3120 1444 legis
3151 1375 3397 1427 volunta-

1795 1480 1928 1526 tem.
1973 1470 2369 1540 Superioribus
2404 1468 2748 1537 temporibus
2791 1469 2876 1520 lex
2929 1482 2992 1521 ac
3021 1466 3301 1536 propheta:
3323 1466 3393 1519 de

1793 1562 1900 1616 ﬁde
1923 1562 2208 1618 vaticinati
2241 1569 2390 1617 sunt.
2417 1590 2487 1602 —
2508 1560 2699 1616 Fidem
2725 1575 2857 1627 ergo
2879 1559 3245 1628 suscipientes
3261 1572 3394 1612 con-

1793 1653 2082 1709 ﬁrmamus
2106 1654 2308 1725 legem.

141 1024 305 1078 τίστις,
338 1017 557 1083 ἵστησιν
588 1015 776 1067 αὐτόν.
815 1012 1032 1078 Εἰπὼν,
1064 1013 1348 1084 Ἱστῶμεν,
1397 1014 1566 1079 ἔδειξε
1600 1031 1694 1065 σα-

141 1109 414 1176 λευόμενον.
441 1137 513 1148 —
543 1109 796 1173 Ἄλλως.
824 1107 1031 1177 Ἔργον
1062 1101 1132 1178 ἦν
1180 1104 1276 1158 τοῦ
1306 1105 1496 1173 νόμον,
1547 1104 1691 1158 ὥστε

140 1202 308 1254 δίκαιον
353 1201 594 1270 ποιῆσαι
645 1200 738 1253 τὸν
789 1199 1100 1272 ἄνθρωπον,
1156 1198 1276 1252 ἀλλ’
1329 1199 1432 1252 οὐκ
1478 1199 1688 1270 ἴσχυσε.

143 1299 312 1360 Πάντες
343 1296 693 1368 γὰρ,φησὶν,
731 1295 1004 1366 ἥμαρτον,
1027 1295 1063 1364 ἡ
1114 1294 1297 1356 πίστις
1333 1292 1388 1345 δὲ
1434 1291 1689 1356 ἐλθοῦσα,

137 1390 258 1442 τοῦτο
281 1390 652 1459 κατώρθωσεν
674 1404 688 1417 ·
723 1391 859 1459 ὁμοῦ
891 1388 1000 1458 γάρ
1026 1405 1111 1450 τις
1140 1388 1429 1440 ἐπίστευσε
1463 1386 1558 1438 καὶ
1586 1385 1692 1438 ἐδιο

139 1480 331 1552 κιιὼθη.
359 1482 572 1535 Οὐκοῦν
595 1481 792 1549 ἔστησε
821 1481 918 1534 τοῦ
947 1481 1117 1549 νόμου
1149 1478 1212 1532 τὸ
1241 1479 1368 1548 ϐέλη
1380 1496 1477 1548 μα.
1515 1479 1692 1530 Ἀνω-

138 1570 206 1622 θεν
248 1571 477 1641 ὁνόμος
530 1572 626 1624 καὶ
673 1571 724 1623 οἱ
769 1569 1051 1640 προφῆται
1101 1571 1232 1640 περὶ
1290 1569 1393 1639 τῆς
1453 1569 1692 1634 πίστεως

138 1664 526 1731 προεθέσπισαν.
553 1694 619 1706 -
645 1661 1148 1736 [ΘΕΟΔΩΡΙΤΟΥ.]
1175 1663 1468 1734 Δεχόμενοι
1511 1663 1692 1717 τοίνυν

136 1758 212 1828 τὴν
234 1759 434 1823 πίστιν,
471 1756 694 1827 βεϐαιοῦ
703 1773 803 1822 μεν
831 1754 922 1808 τὸν
953 1754 1139 1824 νόμον.

1721 1819 1765 1875 Β

195 1853 245 1902 Τί
272 1850 387 1903 οὗν
446 1849 703 1917 ἐροῦμεν
747 1846 1001 1916 Ἀϐραὰμ
1062 1845 1173 1899 τὸν
1236 1845 1466 1914 πατέρα
1523 1844 1692 1916 ἡμῶν

137 1942 418 2010 εὑρηκέναι
452 1941 602 1993 κατὰ
630 1940 866 2006 σάρκα;

187 2033 330 2100 Μέγα
363 2031 638 2100 ἐφρόνουν
668 2031 764 2084 ἐπὶ
797 2029 876 2101 τῷ
900 2028 1157 2101 ’Δϐραὰμ
1205 2031 1254 2082 οἱ
1297 2029 1565 2094 Ἰουδαῖοι,
1599 2029 1694 2082 καὶ

138 2127 523 2198 ἀεὶπροὲφερον
553 2128 636 2179 ὅτι
663 2125 921 2195 Ἀϐραὰμ
954 2124 1328 2195 περιετμήθη.
1365 2123 1574 2187 Σκοπὸς
1600 2119 1694 2178 οὖν

137 2217 255 2286 αὑτῷ
281 2215 480 2281 δεῖξαι,
501 2217 586 2268 ὅτι
616 2215 713 2270 καὶ
744 2215 906 2274 αὐτὸς
939 2214 1196 2284 Ἀϐραὰμ
1237 2214 1338 2267 οὑκ
1379 2214 1439 2279 ἐξ
1489 2215 1690 2285 ἔργων,

139 2307 226 2359 ἀλλ’
255 2311 316 2361 ἐκ
345 2310 589 2372 πίστεως
636 2305 955 2377 ἐδικαιώθη,
999 2306 1094 2359 καί
1131 2322 1296 2374 φησι·
1343 2324 1360 2357 ι
1381 2306 1444 2357 Τί
1471 2306 1566 2359 οὖν
1591 2307 1682 2358 λέ-

135 2416 273 2468 γομεν
305 2401 565 2472 Ἀϐραὰμ
603 2399 696 2453 τὸν
736 2399 880 2454 κατὰ
925 2397 1104 2467 σάρκα
1150 2398 1363 2470 πατέρα
1406 2398 1564 2468 ἡμῶν
1600 2399 1688 2451 εὑ-

139 2499 364 2563 ρτ,κὲννι;
395 2514 412 2546 ι
456 2495 551 2547 καὶ
582 2493 728 2556 τίνος
777 2492 942 2544 αὐτὸν
988 2493 1445 2562 ἐπιτετυχηκέναι
1492 2493 1694 2546 δικαιο-

137 2587 306 2655 citing;
338 2589 441 2657 τῆς
477 2586 545 2638 δι’
574 2585 778 2654 ἔργων,
808 2585 841 2653 ἢ
873 2583 972 2652 τῆς
1021 2584 1110 2637 διὰ
1147 2583 1418 2650 πίστεως;
1452 2585 1560 2638 Καὶ
1589 2585 1698 2637 δεί-

138 2695 314 2746 κνυσιν,
365 2681 453 2732 ὅτι
485 2678 585 2746 τῆς
640 2678 734 2730 διὰ
802 2677 1062 2738 πίστεως.
1098 2675 1265 2728 Ὅθεν
1315 2676 1411 2730 καὶ
1476 2675 1698 2747 εὕρημα

135 2771 275 2840 αὐτὴν
303 2770 482 2823 καλεῖ.
518 2768 675 2820 Ἐπεὶ
719 2766 793 2837 μὴ
845 2766 903 2831 ἐξ
956 2765 1136 2834 ἔργων
1180 2765 1350 2834 αὐτὴν
1401 2766 1692 2835 ἐκτήσατο,

133 2861 226 2913 ἀλλ’
270 2865 331 2913 ἐκ
387 2861 656 2922 πίστεως,
691 2860 814 2927 ἥτις
862 2857 1049 2926 χάριτι
1095 2855 1234 2909 θεοῦ
1276 2857 1699 2925 παρέχεται.-

136 2951 570 3023 [ΓΕΝΝΑΔΙΟΥΛ
594 2951 731 3004 Καθ’
751 2951 850 3001 ὺπε
862 2948 1052 3018 ρεατὸν
1071 2949 1217 3000 ἐστιν
1236 2949 1270 3016 ή
1296 2949 1473 3018 ῥῆσις,
1498 2949 1697 3002 οὑτωσί

134 3062 226 3107 πως
257 3047 489 3115 κειμένη
519 3061 532 3074 ·
571 3043 636 3095 Τί
682 3041 776 3095 οὖν
827 3040 1062 3110 ἐροῦμεν
1099 3040 1355 3110 Ἀϐραὰμ
1407 3041 1500 3094 τὸν
1555 3043 1697 3095 κατὰ

1861 1865 1952 1930 ιν,
1981 1866 2031 1920 1.
2063 1864 2203 1931 Quid
2229 1880 2354 1934 ergo
2374 1865 2598 1918 dia-imus
2625 1862 2892 1916 Abraham
2920 1870 3124 1930 patrem
3150 1869 3389 1914 nostrum

1792 1961 2057 2012 invenisse
2090 1957 2378 2010 secundum
2412 1955 2673 2008 carnem?

1863 2045 2029 2116 246
2077 2042 2525 2099 lntumescebant
2563 2044 2738 2100 Judazi
2805 2042 3042 2097 Abrahae
3113 2044 3338 2098 nomine
3369 2085 3384 2109 ,

1793 2153 2123 2208 semperque
2175 2137 2538 2207 proferebant
2599 2136 2748 2206 quod
2812 2136 3179 2191 circumcisus
3238 2147 3386 2191 esset
3452 2207 3460 2216 _

1793 2231 2090 2285 Abraham.
2129 2230 2228 2284 Hic
2255 2244 2387 2300 ergo
2429 2243 2632 2298 scapus
2659 2239 2743 2283 est
2767 2221 3038 2298 Apostolo'
3067 2229 3384 2292 ostendere,

1793 2323 1973 2392 ipsum
2021 2338 2244 2392 quoque
2299 2321 2577 2375 Abraham
2610 2336 2717 2374 non
2744 2337 2810 2375 ex
2853 2320 3140 2389 cperibus,
3177 2320 3273 2375 sed
3317 2335 3384 2374 ex

1797 2414 1903 2468 ﬁde
1941 2414 2311 2485 justiﬁcatum
2348 2413 2693 2474 esse,etait:
2735 2429 2753 2462 ι
2789 2410 2932 2477 Quid
2977 2425 3108 2481 ergo
3151 2411 3387 2467 dicimus

1797 2506 2070 2560 Abraham
2097 2514 2308 2575 patrem
2349 2511 2602 2558 nostrum
2635 2503 2942 2557 secundum
2974 2519 3198 2559 carnem
3227 2504 3384 2558 inve-

1797 2598 1944 2652 nisse
1964 2597 2017 2651 ?D
2036 2613 2272 2666 quamve
2296 2604 2678 2651 assecutusest
2714 2596 2985 2666 justitiam
3004 2597 3026 2649 ?
3045 2611 3241 2652 eamne
3265 2611 3388 2668 qute

1797 2698 1880 2744 est
1911 2703 2013 2758 per
2047 2703 2239 2756 opera,
2269 2704 2338 2740 an
2362 2703 2485 2756 quae
2519 2702 2618 2756 per
2650 2687 2815 2742 ﬁdem
2846 2689 2949 2742 ?et
2973 2689 3216 2743 ostendit
3237 2689 3385 2758 quod

1795 2796 1917 2835 eam
1957 2796 2081 2850 quae
2112 2789 2196 2834 est
2231 2795 2328 2849 per
2370 2778 2531 2833 ﬁdem
2567 2796 2579 2832 :
2622 2779 2766 2834 unde
2794 2787 2851 2835 et
2889 2779 3039 2834 illam
3075 2790 3236 2834 vocat
3269 2795 3386 2835 rem

1800 2872 2102 2936 inventam,
2161 2872 2290 2939 quia
2344 2887 2455 2924 non
2504 2886 2571 2924 ex
2605 2871 2869 2940 operibus
2915 2886 3034 2925 eam
3063 2880 3260 2926 nactus
3279 2880 3387 2940 est,

1799 2962 1896 3018 sed
1927 2978 1992 3016 ex
2017 2962 2122 3016 ﬁde
2153 2978 2274 3031 quae
2303 2963 2398 3016 Dei
2435 2961 2609 3030 gratia
2636 2963 2940 3016 confertur.
2965 2993 3036 3004 -—
3067 2965 3171 3019 Per
3191 2964 3391 3035 hyper-

1801 3055 1967 3110 baton
2000 3065 2085 3109 est
2117 3056 2342 3118 locutio,
2385 3065 2443 3108 ut
2476 3056 2548 3108 ita
2577 3066 2816 3123 ponatur
2849 3072 2862 3109 :
2890 3054 3034 3122 Quid
3061 3073 3195 3127 ergo
3234 3058 3387 3112 dice-

135 3141 286 3207 aipza.
316 3142 535 3209 πατέρα
555 3139 715 3208 ἡμῶν
745 3137 1068 3208 εὑρηκέναι;
1114 3135 1470 3206 Ἀνέλθωμεν,
1506 3139 1690 3207 φησιν,

1801 3164 1924 3203 mus
1946 3147 2242 3211 Abraham,
2273 3147 2365 3216 qui
2397 3147 2700 3200 secundum
2726 3162 2946 3200 carnem
2965 3160 3049 3202 est
3083 3159 3239 3218 pater
3285 3165 3388 3203 no-

132 3233 206 3284 ἐπὶ
243 3235 330 3287 τὸν
383 3231 636 3304 ἀρχηγὸν
681 3230 777 3284 τοῦ
823 3230 964 3282 κατὰ
999 3229 1177 3298 σάρκα
1206 3229 1397 3296 γένους
1427 3230 1604 3298 ἡμῶν,
1635 3231 1694 3284 ὃν

135 3325 184 3376 ἐκ
205 3328 411 3380 πάντων
441 3323 620 3378 ἐθνῶν
646 3320 1013 3391 ἐκλεξάμενος
1059 3322 1088 3372 δ
1136 3320 1293 3383 Θεὸς,
1326 3321 1589 3390 εὐλόγησέ
1633 3339 1693 3374 τε

133 3419 208 3470 ut
239 3421 312 3482 είς
342 3420 475 3481 τοὺς
508 3417 569 3481 ἐξ
592 3415 758 3469 αὑτοῦ
787 3413 855 3468 δι’
875 3412 1040 3467 αὑτοῦ
1073 3413 1141 3466 τὰ
1177 3413 1277 3482 τῆς
1305 3413 1553 3480 εὐλογίας
1590 3413 1695 3466 ὑπ-

133 3509 293 3578 ίςχετο
325 3509 746 3582 παραπέμψειν.
773 3507 941 3576 Δῆλον
977 3506 1084 3576 γὰρ
1113 3507 1197 3559 ὅτι
1230 3507 1378 3568 ὅπως
1402 3508 1468 3559 ἂν
1485 3505 1597 3575 ἔχοι
1627 3505 1698 3559 τὰ

133 3604 229 3652 κατ’
259 3603 444 3664 αὐτὸν,
467 3600 648 3664 οὕτως
673 3601 879 3669 σχήσει
907 3599 999 3650 καὶ
1021 3598 1088 3650 τὰ
1110 3597 1453 3668 ἡμέτερα.-
1487 3597 1692 3670 [ΦΩΤ.]

133 3692 204 3754 Τδ,
242 3713 257 3744 ι
290 3696 448 3748 Κατὰ
508 3695 758 3763 adipata,»
793 3693 851 3742 ἐν
898 3689 1195 3760 ὑπερϐατῴ
1251 3692 1453 3743 κεῖται.
1513 3690 1584 3742 Ἠ
1637 3690 1694 3744 δὲ

132 3786 248 3837 uti
302 3786 498 3851 φύσιν.
545 3783 687 3836 ἀλλὰ
747 3781 823 3852 μὴ
869 3781 1013 3834 κατὰ
1069 3784 1258 3852 σχῆμα
1306 3781 1575 3851 ἑρμηνεία
1601 3780 1695 3834 τοῦ

134 3873 265 3940 λόγον
289 3893 300 3906 ·
341 3878 384 3927 Τ
393 3877 409 3927 ί
439 3876 538 3928 οὖν
572 3875 810 3944 ἐροῦμεν
831 3873 1085 3944 Ἀϐραὰμ
1123 3873 1419 3943 εὑρηκέναι
1444 3873 1534 3925 τὸν
1560 3873 1697 3926 κατὰ

131 3967 283 4036 εάρκα
310 3970 478 4039 ἡμῶν
519 3969 770 4038 πατέρας
806 3968 940 4038 πρὸς
976 3966 1266 4028 Ἰουδαίους
1319 3965 1376 4018 δὲ
1427 3966 1456 4018 ὀ
1519 3966 1695 4034 λόγος.

130 4053 249 4121 Οἷον,
281 4064 406 4113 ἐπεί
441 4079 608 4131 φησι,
642 4062 716 4113 Τὸ
751 4061 860 4112 πᾶν
891 4061 1018 4129 ὑμῖν
1061 4059 1161 4126 τῆς
1207 4059 1565 4127 σεμνολογίας
1604 4062 1699 4112 καὶ

133 4156 489 4223 μεγαλαυχίας
515 4158 575 4206 ἐν
598 4153 674 4222 τῷ
697 4155 840 4206 κατὰ
854 4153 1034 4222 σάρκα
1064 4153 1238 4222 πατρὶ
1269 4152 1426 4221 ἡμῶν
1444 4153 1564 4221 ‘AC;
1582 4155 1700 4221 αέιμ

129 4247 241 4300 ἐστι.
275 4249 662 4316 σκοπῇςωμεν
686 4246 736 4296 τί
769 4247 832 4297 ἂν
861 4246 1112 4314 εἴποιμεν
1141 4247 1349 4296 ἐκεῖνον
1379 4245 1694 4314 εὑρηκέναι.

128 4334 214 4385 Καξ
244 4355 408 4405 φησιν
465 4337 637 4398 αὐτὸς
673 4334 903 4404 προῖὼν,
941 4336 1022 4387 ὅτι
1056 4337 1149 4387 καὶ
1174 4335 1519 4402 δικαιοσύνην
1549 4330 1695 4405 εὗρε.

127 4426 273 4480 ’Ῑοῦτο
302 4431 414 4498 γάρ
442 4432 570 4481 ὲσῖι
614 4429 694 4490 τὸ,
736 4446 753 4478 ι
787 4429 894 4479 Καὶ
937 4428 1189 4495 ἐλογίσθη
1221 4427 1370 4496 αὐτῷ
1391 4429 1468 4488 είς
1495 4428 1701 4481 δικαιο-

1799 3251 1942 3305 ster,
1981 3240 2302 3294 invenisse?
2340 3240 2736 3305 Ascentfamus,
2783 3239 2984 3308 inquit,
3024 3240 3090 3294 ad
3116 3241 3386 3310 originem

1796 3332 2016 3402 generis
2047 3333 2221 3386 nostri
2250 3332 2556 3385 secundum
2591 3347 2840 3395 carnem,
2863 3342 2918 3386 et
2957 3347 3083 3386 eum
3122 3350 3286 3403 quem
3319 3350 3387 3388 ex

1797 3424 2058 3478 omnibus
2111 3423 2377 3493 gentibus
2428 3423 2666 3476 electum
2709 3422 3162 3478 bencdixitDeus
3199 3434 3290 3479 :et
3332 3425 3386 3480 in

1798 3532 1894 3572 eos
1945 3517 2042 3586 qui
2093 3516 2164 3570 ab
2193 3532 2260 3570 eo
2317 3515 2743 3577 descenderent,
2797 3530 2920 3583 quea
2983 3515 3390 3572 benedictionis

1798 3620 1957 3666 erant
2015 3626 2114 3679 per
2147 3625 2273 3664 eum
2302 3625 2360 3663 se
2395 3603 2692 3662 missurum
2748 3623 2870 3662 csse
2900 3610 3177 3678 promisit.
3217 3611 3391 3666 Mani-

1797 3701 2000 3756 festum
2043 3708 2131 3755 est
2179 3700 2328 3754 enim
2360 3697 2540 3768 quod,
2578 3697 2744 3752 sicuti
2783 3713 2906 3751 cum
2932 3698 3028 3752 illo
3059 3711 3242 3754 actum
3281 3710 3384 3766 est,

1801 3793 1872 3846 ita
1899 3800 1956 3846 et
1985 3791 2273 3846 nobiscqu
2300 3801 2515 3858 agetur.
2557 3821 2622 3831 -—
2658 3789 2933 3843 Particnla
2963 3790 3074 3853 illa,
3116 3809 3133 3841 ι
3173 3791 3386 3846 Secun-

1800 3885 1930 3939 dum
1983 3899 2229 3946 carnem,
2275 3902 2291 3932 ι
2321 3898 2420 3951 per
2453 3881 2794 3951 hyperbaton
2837 3882 3080 3950 ponitur.
3122 3882 3389 3939 Ordinate

1800 3993 1933 4031 vero
1981 3988 2181 4031 etnon
2225 3976 2379 4046 juxta
2435 3975 2659 4030 schema
2693 3975 2800 4029 erit
2842 3976 2957 4028 haec
3005 3975 3390 4044 interpretatio

1802 4071 2076 4125 sermonis
2105 4087 2119 4121 :
2156 4068 2296 4134 Quid
2339 4084 2470 4137 ergo
2495 4068 2744 4121 dicemus
2777 4067 3051 4122 Abraham
3087 4070 3385 4134 invenisse,

1801 4165 1895 4233 qui
1929 4163 2234 4216 secundum
2281 4176 2504 4214 carnem
2536 4170 2693 4230 pater
2721 4170 2908 4212 noster
2932 4160 3056 4213 est?
3108 4161 3278 4215 Porro
3319 4161 3389 4217 ad

1801 4254 2023 4308 .lndaeos
2046 4267 2232 4306 sermo
2271 4262 2377 4314 est,
2416 4267 2480 4305 ac
2508 4251 2552 4304 si
2581 4251 2730 4304 dicat
2769 4249 2947 4304 :Cum
2982 4251 3157 4305 nostri
3190 4267 3390 4320 super.

1802 4346 1914 4399 cilii
1948 4361 2009 4397 ac
2035 4345 2310 4415 jactantitc
2338 4358 2551 4396 summa
2579 4344 2650 4395 sit
2676 4341 2730 4394 in
2753 4341 3052 4404 Abraham,
3083 4343 3212 4411 quia
3235 4351 3393 4412 pater

1804 4447 1993 4490 noster
2031 4445 2115 4490 cst
2147 4434 2452 4488 seetmdum
2486 4449 2737 4496 carnem,
2767 4432 3189 4486 consideremus
3220 4429 3387 4502 quid-

129 4520 288 4591 σῦνιςν,
313 4541 332 4571 ι
369 4523 688 4581 τουτέστιν,
716 4520 795 4571 ὅτι
820 4517 1136 4586 ἐδικαιώθη.
1177 4519 1250 4571 Τὸ
1277 4520 1386 4590 γὰρ
1422 4521 1602 4585 εὑρεῖν
1622 4520 1698 4572 δι-

1807 4544 1931 4582 nam
1973 4527 2157 4582 dicere
2214 4526 2492 4595 possimus
2525 4525 2681 4578 illum
2726 4523 3025 4578 invenisse.
3057 4523 3126 4576 Et
3160 4524 3236 4576 ait
3272 4524 3387 4592 ipse

128 4615 424 4683 καιοσὺνην,
459 4613 835 4681 δικαιιυθῆναί
878 4615 1049 4665 ἐστιν.
1084 4606 1257 4682 Εὗρεν
1292 4611 1386 4667 οὖν
1424 4613 1696 4667 δικαιοσύ-

127 4722 219 4772 Vm,
269 4707 407 4761 ἀλλὰ
467 4707 596 4767 πῶς
637 4700 824 4774 εὗρενς
859 4704 950 4769 Ἐξ
995 4704 1197 4774 ἔργων,
1246 4704 1278 4775 ἢ
1319 4707 1382 4757 ἐκ
1421 4706 1692 4772 πίστεως;

127 4798 213 4851 Καὶ
243 4801 527 4853 δείκνυσιν
554 4799 637 4850 ὅτι
678 4799 742 4848 ἐκ
769 4797 1023 4858 πίστεως,
1062 4797 1316 4866 μάρτυρα
1347 4797 1446 4865 τὴν
1476 4798 1699 4868 Γραφὴν

126 4893 392 4958 talo-teni;
442 4888 783 4941 Ἐπίστευσε
861 4887 991 4956 γὰρ,
1054 4886 1243 4954 φησὶν,
1309 4885 1565 4957 Ἀϐραὰμ
1622 4890 1700 4961 τῷ

125 4981 238 5052 Θεῷ,
285 4983 378 5036 καὶ
425 4981 699 5050 ἐλογίσθη
749 4979 898 5049 αὐτῷ
959 4981 1038 5042 είς
1085 4979 1459 5052 δικαιοσύνην.
1491 4982 1554 5034 Τί
1582 4978 1697 5046 οὖν,

127 5079 284 5143 ζητῖν,
338 5079 444 5130 οὒκ
503 5072 660 5145 εἶχεν
705 5076 842 5144 ἔργα
873 5075 900 5125 ὁ
939 5075 1228 5144 ’Λϐραάμ;
1268 5075 1403 5128 Ὀὐκ
1459 5076 1699 5129 ἐδικαίου

124 5170 271 5224 ταῦτα
314 5173 532 5233 αὑτό-η
595 5169 686 5238 Μὴ
742 5168 984 5235 γένοιτοί
1022 5169 1200 5236 Ἔργα
1258 5167 1357 5236 μὲν
1391 5169 1499 5238 γὰρ
1535 5165 1698 5238 εἶχεν,

124 5259 240 5314 ὥστε
265 5264 401 5334 πρὶς
426 5265 565 5324 τοὺς
608 5259 1177 5328 συμπολιτευομένους
1203 5258 1352 5328 αὺτῷ
1379 5245 1702 5330 ἁθθρώπους

127 5357 446 5426 κρινόμενον,
483 5352 860 5420 δικαιωθῆναι
910 5353 1004 5404 καὶ
1040 5351 1407 5422 προκριθῆναι
1453 5353 1698 5407 ἐκείνων.

127 5445 184 5497 Τδ
232 5449 284 5500 δὲ
339 5449 482 5517 πρὸς
538 5447 641 5497 τὸν
670 5443 802 5496 Θεὸν
855 5443 1211 5514 δικαιωθῆναι
1246 5445 1308 5496 ἐκ
1356 5444 1464 5497 τῶν
1524 5443 1702 5514 ἔργων

129 5541 290 5605 aito-3,
318 5541 465 5595 ὥστε
518 5538 682 5602 ἄξιον
729 5538 824 5590 καὶ
859 5537 1166 5590 ίσοστάσιον
1189 5537 1382 5589 ἐαυτὸν
1413 5539 1702 5607 παραστῆο

132 5653 203 5686 σει
231 5638 326 5702 τῆς
375 5635 612 5690 ἐκεῖθεν
671 5631 1059 5702 παρεχομένης
1113 5631 1436 5701 εὐεργεσίας
1480 5633 1572 5684 καὶ
1600 5632 1704 5684 δω-

678 5725 1032 5780 ὰπελείπετο.
1092 5721 1302 5776 Οὐκοῦν
1358 5722 1511 5774 οὐδὲν
1567 5723 1703 5786 ὅλως

135 5733 256 5795 ρεὶς,
309 5730 611 5791 παντελῶς

137 5822 225 5889 ξχῖε
254 5826 541 5895 καύχημα,
569 5821 697 5889 ἦτοι
727 5816 1045 5886 προτέρημα
1079 5816 1172 5868 καὶ
1198 5814 1531 5885 κατόρθωμα
1565 5817 1699 5886 πρὶς

1804 4620 1858 4672 in
1914 4618 2278 4686 sequentibus
2323 4615 2469 4685 quod
2532 4615 2703 4669 etiam
2762 4613 3033 4684 justitiam
3091 4613 3386 4668 invenerit.

1807 4713 1920 4764 [loc
1959 4710 2107 4762 enim
2137 4719 2219 4762 est
2254 4707 2402 4777 quod
2441 4707 2516 4760 ait
2552 4724 2563 4759 :
2605 4726 2622 4758 ι
2662 4705 3075 4774 Etimpntatum
3107 4713 3189 4758 est
3239 4705 3290 4759 ei
3319 4704 3388 4759 ad

1798 4802 2094 4872 justitiam,
2131 4819 2149 4851 ι
2173 4800 2275 4854 hoc
2299 4810 2403 4864 est,
2428 4799 2573 4869 quod
2597 4799 2932 4868 justiﬁcatus
2963 4807 3065 4853 est.
3101 4797 3388 4867 Siquidem

1805 4893 2081 4949 invenisse
2113 4893 2229 4946 sive
2259 4902 2480 4946 nactum
2517 4908 2639 4946 esse
2666 4892 2966 4961 justitiam,
3000 4899 3087 4944 est
3115 4889 3388 4958 iustiﬁca-

1805 4997 1922 5040 tnm
1964 5000 2106 5040 esse.
2137 4984 2354 5038 Invenit
2387 4997 2520 5053 ergo
2546 4991 2600 5036 ct
2630 4990 2826 5035 nactus
2849 4989 2933 5034 est
2973 4981 3268 5049 justitiam.
3318 4982 3389 5034 At

1803 5077 2081 5147 quomodo
2115 5084 2311 5130 nactus
2349 5074 2466 5128 est?
2518 5090 2587 5127 cx
2621 5074 2907 5142 operibus,
2950 5091 3018 5128 an
3046 5091 3112 5128 ex
3145 5074 3288 5128 ﬁde?
3320 5075 3390 5129 Et

1804 5171 2048 5225 ostendit
2069 5169 2214 5239 quod
2241 5186 2307 5224 ex
2344 5168 2470 5231 ﬁde,
2514 5183 2641 5222 cum
2671 5167 3011 5237 Scripturam
3039 5168 3301 5235 producit
3333 5168 3388 5221 in

1807 5271 2022 5316 testem.
2048 5261 2184 5316 Nam
2211 5261 2288 5314 ait
2319 5279 2330 5313 :
2367 5280 2384 5310 ι
2421 5260 2675 5315 Credidit
2705 5259 2981 5314 Abraham
3016 5259 3148 5320 Deo,
3174 5269 3231 5313 et
3281 5259 3386 5312 im-

1807 5361 2058 5424 putatum
2091 5361 2176 5408 est
2202 5353 2252 5407 ei
2285 5353 2353 5406 ad
2386 5353 2683 5422 justitiam.
2731 5371 2750 5403 ι
2805 5350 2948 5417 Quid
2982 5367 3140 5422 ergo.
3185 5352 3386 5420 inquit,

1805 5464 1914 5502 non
1949 5446 2142 5500 habuit
2165 5446 2436 5499 Abraham
2463 5445 2671 5514 opera?
2694 5460 2804 5498 non
2839 5444 2955 5497 haec
2987 5443 3140 5496 illum
3183 5443 3389 5513 justiﬁ—

1807 5538 2046 5593 carunt?
2073 5537 2234 5592 Absit
2261 5539 2272 5591 !
2303 5537 2482 5606 Opera
2513 5535 2786 5606 siquidem
2814 5534 3033 5595 habuit.
3065 5542 3127 5588 ut
3171 5535 3214 5587 si
3260 5550 3386 5588 cum

1809 5631 2126 5685 hominibus
2148 5632 2242 5701 qui
2267 5630 2430 5684 simul
2460 5645 2584 5683 cum
2611 5645 2679 5682 eo
2704 5628 3070 5683 versabantur
3099 5625 3296 5680 fuisset
3333 5626 3388 5680 in

1801 5722 2013 5791 judicio
2037 5723 2396 5784 constitutus,
2443 5721 2604 5775 facile
2623 5719 2961 5791 justiﬁeatus
2990 5717 3205 5780 fuisset,
3252 5717 3387 5770 illis-

1808 5830 1916 5883 que
1976 5814 2339 5882 antepositus,
2372 5829 2562 5868 verum
2589 5821 2646 5868 ut
2672 5826 2856 5867 coram
2892 5809 3005 5865 Deo
3027 5825 3092 5865 ex
3121 5809 3234 5865 suis
3251 5821 3387 5878 0pc-
