4196 6468
748 396 855 461 385

1795 386 2191 449 (ECUMENU
2232 386 2276 444 Τ
2286 383 2520 443 RICCJZ
2560 383 2899 448 Ei‘ISCOPl

3896 388 4003 454 396

749 515 852 571 est,
880 502 1032 559 venit
1076 501 1129 555 in
1166 496 1643 554 circumcisionem
1686 512 1755 552 an
1800 496 1966 553 etiam
2012 496 2067 551 in
2107 510 2323 567 praepu-

2439 492 2583 562 ςμδς,
2614 494 2706 547 ἐπὶ
2736 494 2833 565 τὴν
2864 496 3164 567 περιτομὴν
3187 491 3367 567 ἦλθεν,
3404 497 3436 567 ἦ
3472 514 3563 551 και
3596 499 3686 551 ἐπὶ
3709 498 3808 569 τὴν
3833 500 3972 569 ἀκρο
4000 525 4007 530 -

752 596 928 651 tium?
949 592 1229 664 magisque
1256 590 1499 645 ostendit
1528 589 1675 659 quod
1706 590 1761 644 in
1790 588 2121 660 praeputium
2154 600 2323 642 vene-

754 688 826 742 rit
872 702 936 743 ac
973 686 1154 740 locum
1200 682 1476 748 habuerit,
1508 696 1576 737 eo
1605 680 1749 751 quod
1793 680 2069 735 Abraham
2108 693 2233 733 cum
2268 678 2325 732 in

754 776 1021 850 praeputio
1062 783 1228 837 esset,
1275 773 1460 829 salvus
1512 773 1688 828 factus
1732 773 1804 826 sit
1865 778 1920 827 et
1967 770 2321 842 justillcatus.

759 890 775 920 ι
818 866 1104 935 Quomodo
1126 880 1254 936 ergo
1279 865 1543 933 imputata
1581 862 1702 917 est?
1739 881 1757 913 ι
1800 862 2006 917 Deinde
2038 859 2327 915 conﬁrmat

753 960 899 1031 quod
936 959 990 1013 in
1020 956 1346 1027 praeputium
1392 954 1564 1025 magis
1593 954 1773 1008 locum
1805 952 2081 1018 habuerit,
2115 960 2172 1006 et
2201 952 2276 1005 ait
2308 966 2323 1004 :

759 1068 777 1101 ι
820 1048 1054 1104 Abrahae
1079 1048 1345 1118 imputata
1372 1044 1690 1116 estjustitia
1722 1059 1819 1113 per
1849 1043 2031 1097 (idem.
2066 1060 2083 1094 ι
2127 1041 2326 1096 Videa-

758 1157 879 1196 mus
922 1142 1108 1210 itaque
1152 1150 1334 1193 utrum
1369 1136 1601 1192 Abrahaa
1644 1151 1768 1190 eum
1807 1136 1916 1206 jam
1967 1135 2327 1191 circumcisus

755 1244 920 1297 esset,
965 1231 1277 1305 hujusmudi
1316 1231 1526 1301 justitia
1578 1229 1842 1298 imputata
1888 1227 1977 1293 sit,
2027 1243 2096 1281 an
2148 1226 2329 1280 adhuc

757 1325 1101 1397 praeputiato.
1146 1324 1214 1378 Et
1256 1322 1627 1384 manifestum,
1674 1319 1873 1389 inquit,
1920 1318 2064 1388 quod
2111 1334 2329 1389 praepu-

756 1420 913 1474 tiato.
948 1418 1112 1474 Vides
1145 1432 1278 1487 ergo
1304 1416 1452 1486 quod
1486 1414 1659 1486 magis
1687 1415 1741 1469 in
1771 1413 2099 1485 praeputium
2129 1414 2330 1468 habeat

757 1511 977 1567 locum?
1016 1530 1034 1563 ι
1076 1509 1181 1564 Sed
1244 1509 1533 1578 praeputio.
1574 1525 1591 1557 ι
1647 1505 1702 1559 Si
1747 1520 1879 1575 ergo
1920 1520 2043 1559 cum
2086 1513 2231 1559 esset
2274 1505 2331 1559 in

758 1600 1026 1673 praéputio
1062 1601 1394 1672 justiﬂcatus
1442 1606 1546 1663 est,
1597 1597 1759 1667 250
1800 1605 1949 1651 certe
1996 1596 2331 1652 beatiﬁcatio

758 1709 880 1763 qua:
912 1709 942 1747 a
972 1691 1137 1746 David
1173 1691 1317 1744 dicta
1347 1698 1452 1749 est,
1492 1688 1665 1759 magis
1694 1688 1875 1743 locum
1905 1688 2069 1741 habet
2106 1687 2159 1740 in
2193 1702 2331 1755 pra:-

762 1784 973 1855 putium
1023 1798 1185 1853 quam
1236 1782 1290 1835 in
1328 1781 1826 1836 circumcisionem.
1872 1776 2233 1832 Circumcisio
2261 1774 2331 1829 ob

760 1874 861 1927 has
904 1882 1017 1927 tres
1050 1886 1242 1926 causas
1272 1869 1395 1923 data
1437 1876 1540 1931 est,
1572 1875 1629 1921 ut
1659 1866 1786 1920 ﬁdei
1826 1866 2039 1936 signum
2077 1874 2243 1929 esset,
2271 1874 2333 1919 ut

761 1963 988 2018 Abraha:
1029 1977 1200 2032 genus
1251 1959 1649 2023 manifestaret,
1704 1958 2036 2027 demumque
2078 1965 2140 2011 ut
2188 1964 2334 2011 esset

762 2063 889 2109 nota
937 2069 999 2108 ac
1052 2053 1357 2107 involutum
1413 2051 1678 2105 indicium
1730 2066 1879 2120 purse
1920 2058 1977 2104 et
2019 2058 2334 2119 temperatae

763 2143 1221 2199 conversationis.
1272 2143 1401 2196 Data
1444 2142 1611 2196 etiam
1664 2150 1747 2195 est
1804 2156 1914 2194 non
1960 2150 2020 2193 ut
2059 2141 2331 2208 justitiam

763 2245 1107 2306 operaretur,
1134 2233 1230 2289 sed
1262 2243 1322 2288 ut
1345 2233 1581 2304 sigillum
1611 2243 1842 2288 cssetac
1872 2230 2334 2302 signumjustitiaa

760 2344 881 2399 quae
907 2338 992 2384 est
1022 2343 1120 2397 per
1156 2325 1339 2380 ﬁdem.

833 2474 923 2539 Ν,
969 2472 1186 2537 “,12.
1248 2470 1319 2524 Et
1379 2472 1587 2541 signum
1646 2471 1842 2540 accepit
1905 2469 2330 2534 circumcisionis,

759 2562 1092 2636 signaculum
1136 2561 1360 2631 justitia:
1397 2560 1523 2627 ﬁdei
1567 2575 1683 2629 qua:
1720 2559 1893 2628 fuerat
1933 2559 1986 2611 in
2024 2560 2281 2628 prwputio
2316 2574 2333 2613 :

764 2664 821 2710 ut
858 2662 991 2709 esset
1029 2656 1138 2723 ipse
1184 2662 1339 2721 pater
1377 2652 1614 2704 omnium
1642 2651 1972 2705 credentium
2002 2666 2093 2720 per
2123 2667 2333 2720 pra’pu—

765 2749 917 2811 tium,
950 2754 1005 2799 ut
1039 2746 1326 2814 imputetur
1353 2751 1400 2796 et
1430 2742 1537 2795 illis
1557 2743 1769 2811 justitia
1804 2758 1822 2795 .'
1857 2752 1903 2794 et
1931 2750 2083 2811 pater
2107 2742 2334 2795 circum-

763 2839 995 2904 cisionis,
1024 2838 1101 2891 his
1128 2837 1216 2905 qui
1244 2851 1347 2889 non
1376 2833 1545 2888 solum
1578 2849 1641 2887 ea:
1663 2833 2054 2887 circumcisione
2076 2845 2218 2899 sunt,
2244 2836 2335 2888 sed

765 2931 926 2982 etiam
967 2929 1045 2982 liis
1083 2928 1173 2999 qui
1210 2926 1452 2980 incedunt
1493 2940 1585 2995 per
1614 2925 1830 2995 vestigia
1858 2924 1981 2992 ﬁdei
2012 2941 2127 2995 qua:
2154 2927 2251 2995 fuit
2280 2929 2334 2980 in

768 3021 1021 3092 prarputio
1053 3019 1223 3090 patris
1248 3018 1413 3071 nostri
1438 3016 1727 3071 Abraham.

833 3238 1213 3310 Objectionem
1255 3233 1431 3291 solvit
1456 3248 1579 3305 quae
1631 3249 1751 3289 sese
1784 3234 1985 3290 oll‘erre
2025 3236 2337 3293 videbatur.

768 3332 1071 3386 Tanta-res
1103 3336 1186 3383 est
1231 3326 1602 3391 circumcisio,
1636 3325 1784 3380 dicet
1808 3326 2100 3396 quispiam,
2134 3338 2193 3383 ut
2220 3330 2338 3386 sine

768 3421 871 3475 hac
892 3435 1000 3474 non
1031 3416 1619 3489 contingatjustilicari
1653 3434 1666 3470 :
1690 3432 1814 3471 nam
1840 3426 1895 3471 et
1919 3418 2019 3487 ipsi
2042 3418 2338 3489 Abraham,

766 3513 884 3583 qui,
917 3521 978 3566 ut
1017 3512 1120 3575 ais,
1154 3510 1209 3564 in
1248 3510 1515 3579 praeputio
1542 3507 2022 3579 fuitjustiﬁcutus,
2054 3527 2193 3581 opus
2224 3521 2341 3566 erat

766 3599 1207 3656 circumcisione.
1234 3598 1302 3652 Et
1333 3598 1467 3653 dicit
1500 3614 1514 3652 :
1553 3598 1672 3653 Non
1702 3599 1774 3653 ob
1801 3600 1948 3654 aliud
1980 3602 2340 3658 circumcisus

766 3705 871 3759 est,
916 3708 1079 3763 quam
1132 3700 1192 3745 ut
1236 3691 1713 3745 circumcisionem
1748 3691 1989 3748 deferret
2028 3694 2084 3747 in
2126 3694 2340 3765 signum

768 3799 832 3839 ac
889 3782 1411 3838 demonstrationem
1470 3781 1735 3852 iustitiae,
1782 3798 1903 3852 quas
1957 3784 2016 3838 in
2071 3785 2341 3854 praeputio

768 3875 1072 3943 contigerat
1109 3892 1122 3929 :
1157 3874 1303 3945 quod
1356 3874 1401 3929 si
1450 3874 1594 3928 illam
1640 3876 1924 3946 signorum
1953 3885 2047 3930 aut
2075 3876 2338 3946 signaculi

768 3981 933 4021 causa
962 3966 1195 4035 accepit,
1247 3965 1363 4020 lucc
1394 3966 1460 4021 ad
1487 3967 1756 4037 justitiam
1794 3966 1931 4020 nihil
1965 3969 2217 4033 contulit,
2244 3967 2339 4023 sed

772 4056 910 4111 hoco
929 4055 1057 4109 mdo
1091 4056 1267 4109 solum
1281 4051 1619 4126 justiﬁcatus
1637 4073 1755 4113 esse
1774 4058 2213 4129 signiﬁcabatur:
2235 4059 2340 4113 hoc

770 4148 1048 4219 estquod,
1070 4164 1194 4203 cum
1227 4149 1282 4202 in
1311 4150 1579 4218 prmputio
1603 4150 2059 4221 esset,justitiam
2094 4150 2341 4220 accepis-

772 4250 872 4295 set.
900 4271 968 4281 —
998 4240 1199 4305 Quare,
1249 4240 1447 4309 inquit,
1489 4240 1725 4310 primum
1773 4240 2099 4311 imputatum
2142 4251 2224 4295 est
2262 4241 2338 4295 illi

771 4332 841 4387 ad
891 4332 1179 4403 justitiam,
1210 4341 1277 4399 et,
1307 4331 1378 4385 ita
1432 4332 1778 4401 postmodum
1824 4333 2184 4388 circumcisus
2225 4334 2340 4388 est?

2428 585 2681 654 ϐυστίαν;
2717 589 2811 641 καὶ
2843 587 3040 658 μᾶλλον
3065 589 3353 654 δείκνυσιν,
3389 591 3479 643 ἐπὶ
3510 592 3608 662 τὴν
3634 590 4003 663 ἀκροϐυστίαν

2429 679 2591 733 αὑτὸν
2620 679 2916 751 ἐληλυθότα
2946 682 3038 734 καὶ
3070 680 3254 751 χώραν
3289 681 3499 751 ἔχοντα,
3527 682 3603 753 τῷ
3630 684 3717 737 τὸν
3755 684 4005 755 ’Λϐραάμ

2430 771 2490 822 ἐν
2555 770 2892 843 ἀκροϐυστίᾳ
2950 772 3115 838 ὄντα,
3181 773 3424 845 σωθῆναι
3479 774 3573 827 καὶ
3622 774 4000 848 δικαιωθῆναι.

2436 879 2454 912 ι
2494 861 2615 927 Πῶς
2651 858 2745 916 οὖν
2789 864 3072 935 novistin;
3135 883 3154 917 ι
3198 860 3333 919 Εἶτα
3360 864 3762 930 κατασκευάζει
3805 868 3867 921 τὸ
3912 868 4005 921 ἐπὶ

2429 956 2529 1024 τὴν
2575 955 2939 1026 ἀκροϐυστίαν
2989 957 3189 1027 μᾶλλον
3238 957 3383 1028 ἔχειν
3429 958 3635 1030 χώραν,
3687 958 3780 1012 καί
3828 976 3960 1030 φησι
3990 977 4003 991 ·

2439 1064 2457 1096 ι
2499 1046 2588 1116 Τῷ
2626 1046 2878 1118 Ἀϐραὰμ
2909 1047 3160 1118 ἐλογίσθη
3204 1048 3521 1119 δικαιοσύνη
3554 1050 3645 1103 διὰ
3684 1050 3939 1113 πίστεως.
3982 1071 4001 1102 ι

2435 1136 2662 1208 Ἰδωμεν
2692 1138 2982 1211 τοιγαροῦν
3015 1142 3372 1212 ἐμπεριτόμῳ
3416 1143 3529 1195 δντι
3567 1142 3643 1212 τῷ
3679 1142 3930 1213 Ἀϐραὰμ
3972 1145 4007 1211 ἡ

2430 1230 2653 1300 τοιαύτη
2708 1231 2959 1301 ἐλογίσθη
3011 1232 3347 1304 δικαιοσύνη,
3398 1234 3431 1305 ἢ
3492 1233 3837 1305 ἀκροϐύστῳ.
3896 1235 4007 1287 Καὶ

2430 1321 2609 1391 δῆλον,
2645 1326 2827 1393 φησὶν,
2866 1325 2941 1387 ὡς
2968 1326 3312 1397 ἀκροϐύσ-τῳ.
3362 1327 3531 1397 Ὁρᾷς
3574 1322 3667 1379 οὖν
3698 1328 3780 1379 ὅτι
3804 1326 4007 1397 μᾶλλον

2432 1414 2524 1466 ἐπὶ
2560 1414 2656 1485 τὴν
2681 1415 3047 1485 ἀκροϐυστίαν
3078 1418 3260 1487 χώραν
3299 1418 3450 1487 ἔχεις
3490 1436 3509 1469 ι
3558 1418 3701 1471 Ἀλλ’
3734 1420 3792 1471 ἐν
3840 1419 4007 1489 ἀκρο-

2433 1507 2648 1579 ϐυστίᾳ.
2702 1526 2721 1559 s
2759 1508 2821 1561 El
2863 1504 2955 1562 οὖν
2992 1511 3048 1562 ἐν
3079 1510 3415 1581 ἀκροϐυστίᾳ
3440 1508 3515 1561 ὢν
3552 1506 3863 1578 ἐδικαιώθη,
3898 1510 4007 1577 ἀρα

2441 1600 2641 1669 μᾶλλον
2672 1602 2699 1652 ὁ
2728 1600 2805 1670 τῷ
2834 1600 2995 1653 Δαυῒδ
3038 1603 3327 1671 εἰρημένος
3360 1600 3729 1671 μακαρισμὸς,
3765 1600 3859 1653 ἐπὶ
3905 1602 4007 1668 τὴν

2434 1689 2799 1759 ἀκροϐυστίαν
2832 1689 3013 1760 χώραν
3049 1690 3180 1760 ἔχει,
3224 1692 3255 1761 ἢ
3304 1692 3395 1743 ἐπὶ
3436 1691 3529 1759 τὴν
3568 1691 3892 1759 περιτομήν.
3940 1688 4006 1742 Ἦ

2436 1779 2707 1851 περιτομὴ
2738 1780 2893 1852 ἐδόθη
2927 1780 3013 1835 διά
3056 1784 3207 1852 τρεῖς
3240 1781 3448 1844 ταύτας
3481 1780 3682 1843 αἰτίας,
3726 1779 3865 1833 ὥστε
3904 1767 4026 1849 ση-’

2438 1870 2587 1940 μεῖον
2638 1867 2777 1925 εἶναι
2831 1873 3089 1937 πίστεως,
3138 1872 3363 1927 καὶτοῦ
3408 1871 3765 1942 Ἀϐραμιαίου
3814 1871 4007 1941 γένους

2432 1961 2737 2034 δηλοτικὴν,
2767 1963 2861 2016 καὶ
2888 1963 3157 2032 σύμϐολον
3190 1965 3285 2017 καὶ
3325 1963 3555 2033 αἴνιγμα
3598 1962 3874 2024 πολιτείας
3904 1978 4007 2015 κα-

2434 2056 2605 2125 θαρᾶς
2656 2056 2750 2110 καὶ
2797 2054 3094 2128 σώφρονος.
3141 2058 3305 2109 Ὥστε
3363 2057 3462 2126 οὐχ
3520 2056 3595 2118 ὡς
3654 2052 4004 2125 δικαιοσύνης

2434 2148 2690 2219 ποιητικὴ
2751 2148 2927 2218 ἐδόθη,
2966 2149 3101 2203 ἀλλά
3150 2150 3386 2222 σφραγὶς
3420 2150 3514 2203 καὶ
3553 2149 3780 2219 σημεῖον
3810 2148 3907 2217 τῆς
3938 2147 4007 2199 ἐκ

2433 2239 2669 2302 πίστεως
2689 2238 3059 2311 δικαιοσύνης.

2505 2471 2611 2525 Kal
2645 2470 2897 2540 σημεῖον
2953 2470 3130 2525 ἔλαϐε
3174 2471 3516 2541 περιτομῆς,
3558 2471 3857 2543 σφραγῖδα
3893 2471 4006 2538 τῆς

2434 2564 2821 2628 δικαιοσύνης
2852 2560 2958 2629 τῆς
2991 2564 3248 2628 πίστεως
3279 2563 3387 2631 τῆς
3412 2564 3481 2617 ἐν
3511 2562 3581 2631 τῇ
3613 2564 4001 2632 ἀκροϐυστίᾳ·

2433 2659 2521 2720 είς
2551 2654 2616 2706 τὸ
2642 2650 2792 2707 εἶναι
2822 2655 3008 2707 αὑτὸν
3039 2656 3262 2721 πατέρα
3288 2655 3527 2708 πάντων
3548 2654 3666 2707 τῶν
3680 2657 4003 2708 πιστευόν-

2433 2764 2551 2801 των
2598 2746 2670 2799 δι’
2699 2747 3119 2813 ἀκροϐυστίας,
3152 2750 3238 2812 είς
3283 2747 3348 2800 τὸ
3370 2748 3725 2815 λογισθῆναι
3762 2748 3857 2799 καὶ
3891 2750 4005 2801 αὺ-

2435 2838 2553 2899 τοῖς
2605 2838 2718 2904 τὴν
2763 2837 3190 2905 δικαιοσύνην
3244 2839 3342 2891 καί
3390 2840 3613 2906 πατέρα
3660 2837 4003 2907 περιτομῆς,

2436 2928 2559 2993 τοῖς
2608 2931 2719 2982 οὐκ
2779 2929 2846 2981 ἐκ
2898 2928 3219 2997 περιτομῆς
3248 2931 3458 2997 μόνον,
3516 2930 3676 2982 ἀλλὰ
3732 2930 3825 2982 καί
3879 2929 4005 2994 το’ς

2437 3022 2755 3089 στοιχοῦσι
2814 3022 2937 3087 τοῖς
2967 3022 3166 3089 ἴχνεσι
3230 3020 3338 3087 τῆς
3381 3023 3450 3074 ἐν
3495 3021 3566 3087 τῇ
3634 3023 4007 3089 ἀκροϐυστίᾳ

2439 3117 2697 3180 πίστεως
2722 3114 2826 3167 τοῦ
2879 3115 3102 3181 πατρὸς
3142 3112 3311 3183 ἡμῶν
3356 3113 3639 3183 Ἀϐραάμ.

2516 3240 2790 3295 Δοκοῦσαν
2812 3240 3081 3295 ἀντίθεσιν
3105 3240 3241 3294 λύει.
3284 3239 3570 3303 Τοσοῦτον,
3606 3240 3759 3309 φησὲ,
3794 3238 4007 3309 μεγάλη

2446 3335 2477 3401 ἡ
2513 3336 2804 3402 περιτομὴ,
2838 3335 2929 3384 καὶ
2952 3334 3155 3400 ταύτης
3184 3332 3350 3401 χωρὶς
3376 3332 3475 3383 οὐκ
3513 3332 3594 3382 ἔνι
3628 3330 4009 3397 δικαιωθῆναι,

2445 3425 2525 3476 ὄτι
2567 3425 2658 3477 καὶ
2694 3424 2855 3487 αὐτὸς
2897 3423 3147 3492 Ἀϐραὰμ
3175 3424 3203 3474 ὁ
3238 3423 3296 3475 ἐν
3346 3420 3685 3491 ἀκροϐυστίᾳ,
3732 3422 3874 3473 κατά
3919 3421 4013 3473 τὸν

2448 3519 2538 3569 σὺν
2578 3516 2734 3583 λόγον
2764 3515 3089 3577 δικαιωθεὶς,
3126 3514 3425 3583 περιτομῆς
3448 3513 3662 3583 ἐδεήθη.
3691 3515 3798 3566 Καί
3822 3528 4012 3581 φησιν’

2446 3609 2521 3659 Ού
2559 3605 2647 3660 διά
2669 3624 2719 3658 τι
2747 3606 2931 3675 ἕτερον
2960 3604 3319 3675 περιετμήθη,
3368 3604 3401 3675 ἢ
3446 3604 3534 3656 διὰ
3571 3604 3630 3656 τὸ
3664 3606 3887 3672 σημεῖον
3917 3604 4015 3655 καὶ

2445 3696 2717 3760 ἀπόδειξιν
2771 3697 3131 3766 ἐπιφέρεσθαι
3185 3696 3283 3765 τὴν
3341 3694 3668 3764 περιτομὴν,
3711 3695 3810 3763 τῆς
3857 3698 3914 3747 ἐν
3944 3699 4013 3766 τῇ

2444 3786 2781 3857 ἀκροϐυστίᾳ
2809 3787 3129 3857 ὑπαρξάσης
3168 3784 3317 3856 αύτῷ
3352 3785 3715 3854 δικαιοσύνης.
3750 3786 3811 3837 Εἰ
3836 3785 3890 3836 δέ
3925 3802 4019 3854 σγ..

2448 3880 2613 3950 μείων
2670 3878 2858 3930 ἕνεκεν
2906 3878 3000 3931 καὶ
3041 3878 3336 3947 σφραγῖδος
3391 3875 3582 3929 ἐλαϐεν
3622 3875 3812 3945 αὐτὴν,
3857 3876 4016 3928 οὐδὲν

2443 3971 2578 4039 αὓτη
2612 3967 2745 4038 πρὸς
2774 3968 2873 4038 τὴν
2900 3969 3247 4037 δικαιοσύνην
3277 3968 3643 4031 συνετέλεσεν,
3672 3967 3807 4019 ἀλλὰ
3850 3969 4015 4034 μόνον

2442 4063 2501 4115 τὸ
2526 4061 2747 4114 τοιῶσδε
2797 4060 3174 4113 δεδικαιῶσθαι
3216 4060 3499 4129 ἐσήμαινε,
3536 4058 3811 4111 τουτέστιν
3841 4058 3923 4110 ὅτι
3955 4060 4017 4109 ἐν

2442 4155 2507 4221 τῇ
2567 4152 2903 4223 ἀκροϐυστίᾳ
2963 4150 3066 4215 ὢν,
3118 4150 3323 4220 ἠξιώθη
3385 4150 3485 4219 τῆς
3529 4148 3901 4218 δικαιοσύνης.
3943 4179 4019 4189 -

2443 4242 2642 4315 [ΦΩΤ.]
2687 4244 2785 4297 Διά
2823 4244 2897 4310 τί,
2934 4244 3091 4311 φησὶ,
3123 4242 3337 4312 πρῶτον
3368 4241 3618 4310 ἐλογίσθη
3647 4241 3794 4311 αὐτῷ
3824 4244 3902 4304 εἰς
3929 4242 4015 4295 δι-

2445 4338 2756 4405 καιοσύνην,
2788 4336 2881 4389 καὶ
2913 4335 3055 4387 οὕτω
3089 4332 3468 4403 περιετμήθης
3506 4333 3724 4403 Πρῶτον
3752 4334 3873 4401 μὲν,
3923 4334 4015 4386 ἵνα

774 4423 1017 4478 Primum
1051 4422 1270 4491 quidem
1312 4431 1373 4475 ut
1403 4423 1475 4476 ita
1508 4424 1727 4478 virtutis
1757 4423 1969 4493 signum
2002 4436 2334 4491 censeretur,

2444 4430 2518 4490 ὡς
2560 4432 2783 4498 σημεῖον
2810 4427 3037 4496 νομισθῇ
3063 4427 3263 4496 ἀρετῆς
3294 4429 3326 4495 ἡ
3357 4426 3645 4495 περιτομὴ,
3683 4426 3777 4477 καὶ
3809 4425 3907 4493 ούχ
3937 4428 4017 4488 ὡς

773 4521 831 4568 et
854 4529 962 4568 non
996 4514 1167 4567 veluti
1194 4514 1309 4583 ipsa
1345 4513 1539 4577 virtus,
1567 4522 1660 4568 aut
1690 4524 1899 4569 rectum
1934 4517 2156 4571 virtutis
2183 4532 2339 4586 opus.

777 4605 1005 4677 Signum
1051 4621 1286 4675 namque
1342 4606 1773 4661 circumcisionis
1822 4617 1907 4662 est
1959 4609 2339 4679 signaculum,

776 4698 976 4767 inquit,
1026 4706 1282 4766 tanquam
1326 4697 1537 4767 signum
1584 4708 1639 4753 et
1680 4699 2053 4768 comprobatio
2093 4700 2339 4770 justitim,

778 4806 899 4861 quae
940 4806 1038 4860 per
1076 4789 1237 4845 (idem
1277 4790 1331 4844 in
1362 4792 1629 4861 praeputio
1655 4790 1793 4846 facta
1826 4800 1928 4847 est.
1960 4792 2213 4847 Secundo
2242 4808 2342 4846 au-

782 4894 913 4947 tem,
944 4894 1005 4936 ut
1032 4892 1087 4937 et
1120 4885 1567 4954 praeputiatorum
1607 4896 1663 4939 et
1707 4886 2160 4941 circumcisorum
2188 4902 2338 4941 com-

781 4974 967 5028 munis
1000 4984 1154 5043 pater
1184 4984 1573 5045 agnosceretur
1597 4989 1661 5029 ac
1680 4976 2056 5046 divulgaretur
2087 4994 2101 5029 :
2128 4992 2345 5047 praepu-

783 5063 1040 5117 tiatorum
1090 5063 1336 5132 quidem,
1364 5074 1425 5118 ut
1466 5066 1559 5135 qui
1607 5066 1663 5119 in
1704 5066 1971 5135 praaputio
2018 5068 2343 5122 credidisset

779 5172 841 5211 ac
882 5156 1213 5227 justilicatus
1254 5156 1449 5213 fuisset
1498 5176 1511 5211 :
1556 5160 2008 5215 circumcisorum
2054 5176 2182 5216 vero
2226 5171 2341 5216 tan-

778 5265 942 5319 quam
993 5260 1048 5303 et
1098 5250 1211 5319 ipse
1258 5249 1616 5305 circumcisus
1662 5262 1949 5321 postquam
2000 5250 2338 5308 credidisSet;

783 5341 975 5394 Merito
1018 5355 1149 5410 ergo
1199 5349 1521 5395 cunctorum
1564 5351 1719 5411 pater
1761 5355 2043 5412 reputatus
2093 5355 2196 5408 est,
2246 5345 2339 5415 qui

780 5432 1035 5487 videlicet
1098 5432 1259 5485 (idem
1327 5432 1733 5501 suscepissent,
1797 5435 1910 5487 sive
1974 5435 2340 5490 incircumcisi

780 5532 989 5587 essent,
1024 5522 1139 5577 sive
1164 5522 1497 5577 circumcisi.
1556 5522 1710 5588 Quod
1744 5523 1789 5577 si
1848 5524 2007 5579 Iidem
2068 5540 2175 5577 non
2246 5524 2339 5578 hu-

784 5616 967 5677 heant,
992 5628 1171 5682 neque
1200 5614 1580 5684 cognationem
1599 5614 1663 5668 ad
1684 5615 1834 5667 illum
1859 5607 2081 5677 habent,
2103 5616 2337 5685 quicun-

783 5719 889 5772 que
917 5704 1045 5768 siut,
1079 5718 1259 5773 neque
1308 5704 1551 5759 hatrech
1598 5720 1725 5760 sane
1770 5717 1931 5760 erunt
1970 5708 2345 5776 promissionis

777 5812 899 5866 quin
937 5797 1003 5853 ad
1035 5797 1186 5852 illum
1231 5797 1369 5851 facta
1410 5808 1521 5863 est;
1555 5797 1708 5868 251
1734 5801 2149 5871 consanguineis
2197 5803 2342 5855 enim

2444 4519 2713 4589 αύταρετὴ
2742 4518 2834 4571 καὶ
2866 4516 3214 4587 κατόρθωμα.
3244 4516 3317 4567 Τὸ
3338 4515 3444 4584 γάρ
3468 4518 3692 4585 σημεῖον
3720 4516 3819 4585 τῆς
3856 4531 4018 4583 περι-

2443 4611 2633 4679 τομῆς,
2666 4609 2819 4679 φησὶ,
2852 4607 3084 4677 σφραγίς
3112 4608 3277 4671 ἐστιν,
3306 4599 3416 4658 οἷον
3447 4606 3671 4675 σημεῖόν
3703 4621 3763 4657 τε
3794 4606 3885 4657 καὶ
3915 4621 4017 4655 παι

2448 4703 2725 4769 ρᾱιστασις,
2778 4702 2897 4769 τῆςΔ
2927 4701 2983 4750 ἐν
3027 4700 3092 4767 τῇ
3133 4695 3470 4767 ἀκροϐυστίᾳ
3514 4697 3600 4749 διά
3646 4696 3879 4759 πίστεως
3917 4696 4017 4747 καὶ

2442 4792 2802 4861 δικαιοσύνης.
2850 4791 3113 4861 Δεύτερον
3142 4789 3219 4853 δὲ,
3253 4789 3339 4842 ἵνα
3366 4788 3593 4841 καὶτῶν
3632 4788 4014 4858 ἀκροϐύστων,

2445 4884 2537 4933 καὶ
2586 4882 2692 4935 τῶν
2731 4882 3116 4951 ἐμπεριτόμων
3165 4879 3337 4942 κοινὸς
3379 4880 3685 4949 ἐπιγνωσθῇ
3734 4880 3824 4931 καὶ
3880 4882 4020 4931 ἀνα-

2445 4974 2691 5044 κηρυχθῇ
2732 4976 2951 5043 πατήρ·
3004 4974 3113 5028 τῶν
3160 4973 3260 5042 μὲν
3294 4972 3671 5042 ἀκροϐύστων,
3712 4972 3787 5035 ὡς
3842 4976 3901 5024 ἐν
3948 4978 4016 5043 τῇ

2444 5067 2779 5137 ἀκροϐυστίᾳ
2820 5068 2913 5118 καὶ
2952 5064 3249 5126 πιστεύσας
3294 5066 3388 5117 καὶ
3428 5064 3770 5127 δικαιωθείς·
3820 5064 3931 5116 τῶν
3972 5065 4020 5118 δ’

2443 5158 2847 5228 ἐμπεριτόμων,
2897 5156 2970 5217 ὡς
3012 5156 3104 5207 καὶ
3151 5155 3311 5217 αὐτὸς
3351 5156 3707 5224 περιτμηθεὶς
3761 5157 3902 5222 μετά
3960 5157 4021 5207 τὸ

2446 5250 2751 5304 πιστεῦσαι.
2784 5249 3007 5302 Πάντων
3034 5244 3124 5300 οὖν
3152 5248 3373 5309 εἰκότως
3404 5247 3467 5300 ἂν
3490 5246 3767 5317 λογισθείη
3806 5250 4018 5319 πατὴρ,

2443 5344 2550 5395 τῶν
2588 5341 2686 5411 τὴν
2722 5340 2903 5392 πίστιν
2936 5338 3175 5408 δηλονότι
3208 5336 3688 5408 παραδεξαμένων,
3721 5339 3837 5389 εἴτε
3876 5342 4020 5391 ἀπε-

2446 5435 2717 5503 ρίτμητοι,
2753 5430 2863 5483 εἴτε
2912 5427 3369 5499 περιτετμημένοι
3402 5425 3531 5481 εἷεν.
3558 5429 3654 5480 Ἂν
3703 5428 3761 5481 δέ
3786 5429 3887 5498 τὴν
3933 5449 4027 5482 π;-

2448 5542 2563 5577 στιν
2599 5523 2673 5593 μὴ
2703 5523 2919 5591 ἔχωσιν,
2950 5521 3068 5573 οὐδὲ
3115 5520 3211 5591 τὴν
3260 5520 3396 5589 πρὸς
3441 5520 3648 5572 ἐκεῖνον
3693 5522 4026 5588 συγγένειαν

2446 5619 2683 5685 ἔχουσιν,
2724 5616 2917 5675 οἵτινες
2954 5613 3020 5665 ἂν
3074 5608 3207 5678 εἷεν,
3243 5612 3363 5665 ούδέ
3394 5612 3719 5683 κληρονόμοι
3766 5614 3877 5682 ἀρα
3921 5616 4026 5682 τῆς

2444 5709 2577 5776 προς
2610 5708 2813 5759 ἐκεῖνον
2845 5704 3193 5771 ἐπαγγελίας.
3241 5704 3364 5765 Τοῖς
3410 5707 3518 5772 γὰρ
3569 5705 3859 5771 συγγενέσι
3904 5706 4028 5775 (τῷ

2444 5802 2550 5868 γὰρ
2588 5798 2862 5867 σπέρματι
2897 5795 3109 5865 αὑτοῦ),
3158 5797 3212 5849 αἱ
3257 5795 3577 5866 ὑποσχέσεις
3622 5796 3715 5849 καὶ
3746 5795 4027 5865 εὐλογίαι.
