4196 6468
187 392 282 460 401

1234 408 1623 472 COMMENT.
1669 410 1749 473 ΙΝ
1789 413 2030 479 EPIST.
2073 421 2172 480 AD
2196 420 2380 483 ROM.

3355 421 3463 486 403

187 516 471 574 τουτέστιν
505 522 774 593 ἄπρακτοι
797 524 1077 592 γεγόνασι.
1109 525 1266 592 Πῶς;
1301 529 1350 580 εἰ
1376 528 1480 598 γὰρ
1513 530 1546 600 ἡ
1580 529 1763 592 πίστις

1887 536 2269 592 )romissiones
2299 557 2311 592 :
2344 539 2450 594 hoc
2477 548 2564 596 est
2602 538 2915 596 itteﬂicaces
2943 541 3188 595 fuerunt.
3217 537 3466 605 Quonam

189 614 548 682 καταργεῖται
573 613 642 666 δι’
669 614 736 685 ἦν
758 616 812 669 αἱ
852 615 1202 684 ἐπαγγελίαι,
1263 618 1511 690 δηλονότι
1560 637 1768 688 συγκα-

186 700 517 770 ταργοῦνται
552 703 610 756 αἱ
633 703 977 773 ἐπαγγελίαι.
1007 705 1067 760 Εἰ
1097 707 1152 760 δὲ
1196 700 1358 761 αὗται
1411 706 1772 780 καταργηθῶ-

190 808 290 854 σιν,
322 792 448 845 οῦδὲ
499 797 527 847 ὁ
555 793 808 866 Ἀϐραὰμ
843 797 1032 869 πατὴρ
1061 800 1230 859 τινός.

253 981 362 1034 Διὰ
387 981 566 1034 τοῦτο
596 983 664 1035 ἐκ
700 985 982 1052 πίστεως,
1021 987 1120 1041 ἵνα
1151 992 1300 1045 κατὰ
1340 993 1537 1059 χάριν.
1581 995 1668 1058 εἷς
1713 1008 1779 1045 το

187 1065 340 1122 εἶναι
388 1071 654 1133 ,ϐεϐαίαν
700 1074 816 1141 τὴν
846 1075 1219 1145 ἐπαγγελίαν
1269 1082 1448 1134 παντὶ
1481 1081 1563 1148 τῷ
1589 1084 1776 1151 σπέρ-

185 1179 322 1226 ματι
353 1178 367 1191 ·
415 1165 487 1215 οὺ
533 1163 614 1228 τῷ
648 1166 716 1218 ἐκ
764 1167 872 1221 τοῦ
899 1171 1089 1239 νόμου
1123 1174 1341 1241 μόνον.
1368 1174 1528 1227 ἀλλὰ
1559 1174 1655 1227 καὶ
1699 1174 1778 1240 τῷ

187 1256 254 1307 ἐκ
293 1257 563 1322 πίστεως
607 1259 891 1330 Ἀϐραὰμ,
950 1264 1018 1331 ὅς
1082 1267 1215 1319 ἐστι
1279 1267 1476 1334 πατὴρ
1542 1267 1786 1321 πάντων

192 1345 383 1412 ἡμῶν,
438 1349 639 1415 καθὼς
695 1353 1041 1422 γέγραπται,
1079 1357 1170 1411 ὅτι
1251 1359 1484 1427 Πατέρα
1536 1359 1784 1414 πολλῶν

189 1438 388 1492 ἐθνῶν
463 1441 700 1498 τέθεικά
753 1462 866 1499 σε·
922 1449 1240 1504 κατέναντι
1302 1447 1374 1507 οὗ
1429 1452 1779 1518 ἐπίστευσε,

195 1534 367 1598 Θεοῦ,
428 1535 536 1590 τοῦ
580 1536 1009 1607 ζωοποιοῦντος
1062 1541 1499 1611 τούς-νεκροὺς.
1528 1544 1626 1598 καὶ
1676 1561 1782 1596 κα·

195 1626 459 1692 ,ιοῦντος
480 1628 548 1680 τὰ
561 1629 649 1698 μὴ
679 1630 824 1684 ὄντα
851 1635 933 1699 ὡς
960 1633 1124 1689 ὄντα.

268 1720 381 1772 Καὶ
409 1721 604 1788 οὕτως,
633 1726 823 1795 φησὶν,
859 1727 922 1779 οὐ
956 1726 1046 1780 διὰ
1099 1727 1194 1781 τοῦ
1221 1729 1386 1800 νόμον
1430 1733 1780 1802 βεϐαιοῦνται

195 1813 250 1864 αἱ
282 1815 636 1882 ἐπαγγελίαι,
669 1818 753 1871 ὅτι
780 1820 981 1887 τρόπον
1031 1821 1154 1876 τινὰ
1221 1823 1316 1877 καὶ
1371 1827 1781 1895 ἐμποδίζονται.

195 1902 319 1966 Πῶς
343 1922 358 1970 ;
385 1905 518 1960 ὅτιὸ
545 1909 708 1977 νόμος
764 1910 934 1980 ὀργὴν
983 1914 1405 1984 κατεργάζεται,
1440 1920 1785 1989 παραϐαθεὶς

192 1996 464 2065 δηλονότι.
497 2001 686 2062 Οὐδεὶς
713 2002 822 2073 γὰρ
853 2003 1016 2059 αὐτὸν
1041 2005 1226 2076 ἴσχυσε
1267 2009 1576 2081 πληρῶσαι.
1608 2015 1780 2069 Ἔνθα

193 2086 247 2139 δὲ
275 2089 440 2159 ὀργὴ,
473 2090 589 2153 πῶς
624 2092 958 2164 κληρονομία
985 2113 999 2160 ;
1029 2097 1148 2161 πῶς
1177 2100 1579 2172 κληρονομήσει
1607 2105 1634 2156 ὁ
1665 2106 1781 2179 ὡρ-

194 2182 494 2247 γιτμένοςς
527 2184 644 2246 πῶς
666 2184 886 2253 ἥξουσιν
907 2189 962 2240 αἱ
989 2188 1349 2258 ἐπαγγελίαις
1395 2194 1459 2248 Ἦ
1487 2196 1542 2249 δὲ
1579 2198 1786 2268 πίστις,

197 2277 354 2340 φηςι,
385 2271 486 2344 τὴν
517 2275 674 2344 χάριν
697 2278 906 2345 εἰσάγει
936 2280 1031 2333 τοῦ
1056 2281 1215 2337 Θεοῦ.
1248 2285 1485 2355 Χάριτος
1509 2289 1566 2342 δὲ
1589 2289 1779 2363 οὔσης,

199 2365 455 2434 ἔρχονται
521 2372 614 2420 καὶ
657 2369 990 2442 πληροῦνται
1023 2375 1079 2426 αἱ
1127 2376 1477 2445 ἐπαγγελίαι.
1512 2399 1530 2432 ι
1568 2382 1665 2447 Εἰς
1721 2386 1783 2438 τὸ

197 2453 340 2509 εἶναι
374 2457 600 2528 βεϐαίαν
627 2462 1106 2534 τὴνέπιγγελέαν.
1150 2488 1168 2520 ι
1233 2471 1403 2526 Ἔνθα
1467 2475 1576 2546 γὰρ
1623 2478 1783 2549 χάρις

198 2550 357 2615 Θεοῦ,
385 2553 487 2605 οὑκ
511 2553 591 2606 ἔτι
623 2556 916 2624 ἀμφίϐολοι
940 2562 994 2613 αἱ
1016 2561 1362 2630 ἐπαγγελίαι,
1395 2566 1532 2620 ἀλλὰ
1551 2567 1780 2638 βέϐαιοι.

198 2642 331 2702 Θεὸς
375 2646 488 2714 γὰρ
512 2685 526 2708 ,
563 2650 756 2716 φησιν,
804 2653 832 2705 ὁ
864 2650 1094 2708 δικαιῶν
1121 2657 1327 2727 χάριτι,
1353 2660 1435 2719 τίς
1465 2663 1494 2714 ὁ
1520 2664 1786 2735 κατακρί-

200 2754 340 2801 sum»;
387 2757 407 2788 α
451 2739 618 2792 ﬂint
642 2741 722 2812 τῷ
749 2744 1046 2816 σπέρματι.
1079 2768 1097 2801 t
1145 2751 1219 2802 Τὸ
1250 2751 1578 2822 ὑπερϐατὸν,
1613 2757 1785 2810 Παντὶ

201 2828 274 2896 τῷ
331 2831 612 2899 σπέρματι
659 2833 932 2907 Ἀϐραάμ.
972 2858 991 2890 ι
1032 2840 1107 2894 Οὐ
1139 2841 1216 2912 τῷ
1245 2843 1308 2896 ἐκ
1333 2843 1429 2898 τοῦ
1452 2845 1616 2916 νόμον
1683 2850 1784 2918 μό-

203 2935 310 2971 νον.
353 2938 372 2970 ι
441 2921 537 2975 Ἐκ
566 2922 660 2976 τοῦ
721 2926 886 2996 νόμον
931 2927 1102 2995 λέγει,
1125 2934 1254 2996 τοὺς
1287 2934 1346 2998 ἐξ
1379 2934 1653 2990 Ἰουδαίων
1705 2941 1784 3004 εἰς

203 3009 298 3079 τὴν
356 3011 544 3066 πίστιν
596 3013 873 3080 ἐλθόντας.
936 3038 954 3070 ι
1015 3018 1235 3092 Πατέρα
1284 3025 1496 3078 πολλῶν
1530 3028 1720 3084 ἐθνῶν.
1758 3049 1777 3082 ι

203 3103 338 3165 Τοὺς
361 3107 537 3173 χωρῖς
567 3108 732 3177 νόμον
769 3111 994 3175 πιστοὺς
1025 3117 1372 3184 γενομένους.
1411 3119 1554 3188 Ὅρα
1582 3121 1637 3174 δὲ
1667 3123 1782 3186 πῶς

1873 628 2070 682 modo?
2099 631 2234 684 Nam
2287 633 2334 688 si
2383 631 2520 689 ﬁdes
2555 642 2784 704 propter
2826 649 2990 703 quant
3031 639 3192 688 erant
3228 631 3467 702 promis-

1871 717 2080 783 sioncs,
2129 721 2287 778 irrita
2335 724 2608 790 redditur,
2692 740 3040 796 consequens
3093 734 3198 791 εει,
3248 732 3309 780 ιιι
3356 739 3464 778 una

1880 811 2279 878 prmuissioues
2309 831 2529 887 quoque
2565 818 2736 873 irritae
2763 817 3072 872 reddantur
3098 832 3112 870 :
3140 815 3288 887 quod
3312 817 3355 872 si
3381 816 3466 871 lue

1877 905 2012 958 ﬁant
2047 906 2236 971 irritae,
2274 923 2455 978 neque
2493 909 2770 964 Abraham
2813 912 3137 981 cujusquam
3173 919 3328 978 pater
3357 917 3464 964 est.

1954 1001 2039 1065 IV,
2077 1001 2160 1065 16,
2203 1003 2290 1055 l7.
2319 1001 2526 1056 Idcirco
2555 1017 2619 1056 ea:
2652 1001 2757 1069 ﬁde
2793 1012 2890 1066 est,
2925 1010 2981 1055 ut
3014 1003 3301 1056 secundum
3337 1017 3463 1071 gra-

1881 1093 2034 1156 tiam,
2075 1104 2129 1147 ut
2169 1095 2328 1161 ﬁrma
2376 1097 2443 1150 sit
2489 1097 2768 1166 promissio
2809 1098 2953 1150 omni
2991 1097 3180 1150 semini
3216 1110 3234 1149 :
3276 1111 3380 1148 non
3419 1094 3466 1146 ei

1883 1193 2091 1238 tantum
2118 1188 2256 1255 quod
2287 1203 2350 1240 ex
2375 1188 2483 1258 lege
2511 1199 2606 1253 est,
2636 1205 2818 1243 verum
2846 1190 3005 1241 etiam
3043 1188 3090 1239 ei
3115 1186 3252 1255 quod
3276 1201 3340 1238 ex
3365 1182 3470 1251 ﬁde

1884 1276 2191 1343 Abraham,
2239 1278 2332 1348 qui
2389 1289 2467 1333 est
2532 1290 2686 1350 pater
2735 1282 2971 1336 omnium
3033 1288 3292 1343 nostrum,
3334 1276 3466 1331 sicut

1881 1371 2137 1436 scriptum
2179 1379 2254 1423 est
2294 1387 2311 1424 :
2347 1370 2560 1424 Patrem
2599 1372 2888 1426 multarunt
2921 1371 3151 1442 gentium
3191 1369 3339 1438 posui
3379 1376 3464 1428 te;

1881 1475 2061 1510 corum
2103 1459 2210 1512 Deo
2248 1462 2332 1512 cui
2369 1460 2625 1526 credidit,
2673 1464 2762 1531 qui
2811 1462 3040 1530 vivi/icat
3086 1461 3340 1526 mortuos,
3401 1475 3466 1514 ac

1885 1559 2035 1603 vocat
2069 1567 2130 1604 ea
2159 1568 2277 1622 quae
2302 1569 2403 1606 non
2431 1562 2556 1606 sunt
2583 1554 2716 1607 sicut
2742 1569 2804 1608 ea
2829 1569 2948 1625 qua:
2971 1565 3110 1607 sunt.

1962 1735 2029 1789 Et
2060 1734 2157 1800 ita,
2185 1735 2385 1806 inquit,
2418 1752 2525 1790 non
2563 1737 2851 1792 ﬁrmantur
2886 1753 2986 1808 per
3014 1738 3190 1807 legem
3229 1736 3472 1806 promis-

1817 1866 1856 1920 Β
1886 1828 2094 1890 siones,
2133 1829 2228 1884 sed
2261 1829 2673 1899 quodammodo
2706 1832 2870 1886 etiam
2914 1830 3314 1900 impediuntur.
3349 1828 3472 1896 Quo

1887 1922 2082 1992 pacto?
2116 1923 2251 1976 Nam
2285 1923 2371 1977 lcx
2401 1923 2537 1976 iram
2569 1932 2852 1992 operatur,
2887 1938 2996 1977 non
3027 1932 3245 1978 servata
3271 1921 3472 1976 videli-

1884 2022 1975 2067 cet
2006 2031 2019 2067 :
2052 2013 2242 2068 nullus
2270 2013 2419 2068 enint
2456 2015 2637 2084 potuit
2669 2015 2815 2069 illam
2849 2013 3014 2086 255.
3045 2016 3344 2085 complere.
3365 2013 3472 2070 Ubi

1886 2115 2070 2158 autem
2099 2113 2182 2160 est
2211 2107 2311 2169 ira,
2341 2107 2622 2176 quomodo
2647 2109 2754 2163 erit
2783 2108 3132 2164 hzereditaria
3164 2107 3475 2178 possessio?

1883 2213 1995 2268 quo
2034 2209 2192 2267 pacto
2238 2198 2615 2254 [nereditatem
2659 2199 2893 2270 accipiet
2923 2201 3016 2270 qui
3047 2202 3149 2256 sub
3184 2202 3263 2256 ira
3295 2201 3475 2255 conti-

1883 2289 2082 2343 netur?
2101 2290 2380 2360 quomodo
2402 2292 2624 2346 venient
2651 2291 3081 2361 promissiones?
3099 2291 3261 2346 Fides
3286 2301 3474 2348 autem

1887 2380 1984 2434 Dei
2011 2381 2240 2451 gratiam
2275 2381 2523 2447 inducit;
2556 2397 2722 2452 porro
2743 2383 2917 2453 gratia
2942 2393 3212 2452 prxsentc
3240 2385 3473 2438 veniunt

1886 2481 1944 2527 et
1986 2475 2336 2544 complentur
2386 2474 2800 2545 promissiones.
2847 2494 2866 2527 ι
2911 2477 2978 2531 Ut
3025 2475 3178 2530 ﬁrma
3228 2477 3299 2531 sit
3350 2491 3475 2546 pro-

1887 2565 2098 2619 missio.
2141 2583 2160 2616 ι
2199 2564 2301 2620 Ubi
2348 2565 2497 2621 enim
2545 2568 2719 2638 gratia
2768 2568 2864 2622 Dei
2909 2577 3017 2634 est,
3042 2573 3152 2639 jam
3201 2585 3310 2623 non
3342 2579 3471 2624 sunt

1885 2656 2069 2712 dubia:
2117 2659 2536 2728 promissiones,
2569 2659 2666 2714 sed
2715 2661 2907 2715 ﬁrmae.
2936 2662 3083 2716 Deus
3124 2672 3228 2726 est,
3267 2663 3468 2732 inquit,

1886 2748 1981 2818 qui
2015 2765 2113 2818 per
2134 2751 2365 2819 gratiam
2393 2751 2679 2821 justiﬁcat,
2707 2753 2832 2822 quis
2855 2761 2940 2808 est
2968 2753 3059 2808 ille
3085 2759 3178 2824 qut
3212 2754 3472 2809 condem-

1887 2839 2018 2892 nat?
2050 2858 2066 2889 ι
2104 2839 2267 2894 Omni
2306 2841 2528 2895 semini.
2570 2858 2589 2893 ι
2628 2841 2978 2912 Hyperbaton
3005 2851 3109 2907 est,
3141 2851 3197 2898 et
3221 2844 3473 2913 jungitur

1887 2942 2011 2982 cum
2057 2927 2301 2983 dictione
2343 2927 2620 2983 Abraham
2661 2945 2675 2982 :
2723 2927 2886 2984 Omni
2926 2928 3125 2983 semini
3169 2927 3470 2984 Abraham.

1893 3036 1913 3069 ι
1956 3019 2074 3073 Νοιι
2103 3020 2152 3072 ei
2188 3027 2399 3074 tantum
2431 3019 2578 3089 quod
2609 3036 2677 3075 ex
2711 3020 2830 3090 lege
2865 3029 2971 3075 est.
3013 3039 3030 3072 ι
3069 3021 3148 3075 Ex
3187 3021 3305 3091 lege
3337 3021 3475 3076 dicit

1886 3125 1983 3165 eos
2025 3110 2119 3178 qui
2169 3126 2237 3165 ex
2283 3111 2490 3167 Iudicis
2534 3112 2602 3166 ad
2654 3111 2819 3167 ﬁdem
2862 3120 3154 3167 venerunt.
3198 3132 3216 3166 ι
3253 3113 3474 3170 Patrem

205 3194 390 3247 lamin
426 3197 692 3251 συνάπτει
713 3201 841 3264 τοὺς
867 3203 961 3254 δύο
987 3202 1172 3269 λαοὺς,
1225 3206 1320 3257 καὶ
1369 3208 1589 3261 πάντων
1639 3213 1783 3263 ποιεῖ

1891 3201 2186 3256 nmltarum
2237 3203 2505 3273 gentium.
2561 3223 2580 3256 ›
2631 3202 2764 3270 Quae
2818 3204 2938 3259 sine
2981 3205 3100 3274 lege
3145 3205 3299 3260 factae
3344 3213 3477 3260 sunt

207 3285 421 3357 πατέρα
453 3287 545 3341 τὸν
596 3289 871 3361 Ἀϐραάμ.
921 3312 938 3345 ι
981 3295 1284 3349 Κατέναντι
1351 3292 1412 3350 οῦ
1470 3299 1782 3367 ἐπίστευσε,

206 3377 362 3431 Θεοῦ.
391 3398 412 3430 ι
457 3379 772 3446 Τουτέστιν,
802 3383 992 3454 ὥσπερ
1038 3388 1066 3439 ὀ
1097 3387 1227 3450 θεὸς
1260 3388 1360 3442 οὐκ
1394 3389 1509 3443 ἔστι
1541 3393 1784 3462 μερικος,

207 3470 342 3524 ἀλλὰ
374 3473 601 3526 πάντων
629 3473 783 3539 Θεὸς,
819 3476 994 3540 οὕτως
1051 3477 1194 3531 καὶὸ
1254 3479 1513 3550 ’Λϐραὰμ
1571 3485 1790 3536 πάντων

203 3563 408 3632 πατήρ.
427 3592 500 3603 -
523 3563 724 3637 [ΦΩΤ.]
745 3568 1090 3624 Κατέναντι.
1125 3569 1425 3632 Ἐναντίον,
1444 3573 1694 3635 ἐνώπιον,
1711 3577 1789 3638 εἰς

208 3657 503 3724 πρόσωπον
549 3656 708 3711 Θεοῦ.
742 3657 834 3722 Εἰς
855 3661 1153 3730 πρόσωπον
1202 3663 1311 3734 γὰρ
1357 3663 1492 3718 Θεοῦ
1552 3666 1788 3738 εἴρηται,

204 3741 309 3799 οἷον
331 3746 409 3810 ὡς
436 3749 501 3800 ἐκ
522 3749 816 3820 προσώπου
844 3751 1003 3818 Θεοῦ,
1031 3755 1112 3817 τὸ,
1155 3773 1171 3806 ι
1208 3757 1427 3827 Πατέρα
1452 3758 1659 3812 πολλῶν
1701 3761 1792 3812 ιο-

205 3839 309 3892 νῶν
334 3841 565 3894 τέθεικά
593 3858 674 3896 σε.
698 3862 716 3894 ι
744 3843 964 3914 Ἐπειδὴ
990 3847 1098 3917 γὰρ
1130 3842 1274 3910 εἷπε,
1308 3868 1323 3900 ι
1351 3848 1545 3913 Καθὼς
1591 3852 1791 3921 γέγρα-

210 3950 362 3994 πται,
397 3951 415 3983 ι
439 3934 516 4004 μὴ
547 3935 829 4005 προσθεὶς,
870 3937 974 3990 ποῦ
1007 3938 1388 4012 γέγραπται,ἧ
1409 3943 1544 4006 πῶς,
1575 3945 1790 4013 ἐπήγα-

209 4039 303 4090 γεν
329 4025 402 4090 (εἰ
439 4025 536 4076 καὶ
565 4025 829 4094 ὑπερϐὰς)
856 4027 938 4088 τὸ,
981 4029 1301 4084 κατέναντι
1335 4031 1507 4096 Θεοῦ,
1539 4033 1599 4086 τὸ
1651 4034 1794 4100 ἀξιό-

210 4132 404 4168 πιττον
437 4120 534 4168 καὶ
564 4115 782 4185 βέϐαιον
798 4117 914 4184 τοῦ,
947 4121 1280 4190 γέγραπται,
1314 4125 1653 4193 παριςτῶν.ι
1686 4129 1795 4181 Ka-

211 4210 316 4274 θὼς
365 4211 706 4281 γέγραπται,
775 4213 932 4282 φησὶ,
989 4213 1327 4267 κατενώπιον
1385 4215 1545 4279 Θεοῦ,
1585 4237 1600 4269 ι
1637 4235 1794 4270 τουτ-

213 4307 380 4368 έττιν,
430 4306 514 4368 εἰς
546 4306 832 4373 πρόσωπον
864 4305 1022 4370 Θεοῦ,
1077 4305 1171 4359 καὶ
1198 4307 1260 4359 ἐκ
1311 4306 1605 4378 προσώπου
1633 4307 1792 4363 Θεοῦ.

227 4396 569 4461 Ἀξιόπιστός
621 4399 761 4460 ἐστι,
816 4397 1072 4467 (praebui)
1127 4398 1341 4468 Γραφὴ,
1370 4400 1794 4468 ἀμετάπτωτος,

222 4487 437 4556 βεϐαία,
469 4488 604 4550 Θεος
641 4490 788 4541 ἐστιν
827 4491 888 4542 ἐν
915 4490 1051 4559 αὐτῇ
1099 4489 1288 4556 εἰπὼν,
1351 4509 1370 4542 ι
1413 4493 1632 4562 Πατέρα
1669 4493 1795 4546 πολ-

219 4581 323 4634 λῶν
351 4580 525 4633 ἐθνῶν
555 4580 776 4633 τέθεικά
810 4597 890 4634 σε.
946 4600 965 4633 ι
1005 4582 1078 4634 Τὸ
1126 4580 1259 4648 γοῦν
1298 4583 1494 4652 ἐφεξῆς
1537 4584 1636 4653 τῆς
1697 4585 1791 4640 τοῦ

221 4673 376 4739 λόγον
411 4673 804 4740 συειςιράτεωςο
843 4671 1038 4736 Καθὼς
1084 4674 1391 4744 γέγραπται
1417 4675 1703 4729 κατέναντι
1736 4673 1796 4732 οὗ

223 4765 512 4817 ἐπίατευςε
572 4763 729 4826 Θεοῦ,
782 4764 863 4817 ὄτι
900 4764 1116 4834 πατέρα
1142 4765 1351 4817 πολλῶν
1380 4765 1571 4827 ἐθνῶν,
1601 4768 1695 4820 καὶ
1729 4769 1797 4822 τΞι

224 4858 371 4927 ἑξῆς.
418 4857 632 4927 Ὠσπερ
678 4857 808 4926 γὰρ,
851 4855 1008 4926 φησι,
1068 4857 1288 4911 πάντων
1347 4859 1464 4910 ἐπὶ
1513 4859 1739 4929 ποιητὴς
1769 4861 1797 4910 ὁ

225 4952 375 5016 Θεὸς,
409 4952 507 5005 καὶ
535 4952 756 5004 πὲντων
793 4951 927 5015 Θεὸς
966 4969 1026 5005 τε
1056 4954 1152 5006 καὶ
1193 4952 1469 5022 κηδεμὼν,
1501 4954 1672 5018 οὕτως
1705 4957 1798 5010 καὶ

228 5045 315 5099 τὸν
352 5045 614 5116 Ἀϐραὰμ
639 5045 857 5098 πάντων
897 5045 1116 5114 πατέρα
1177 5047 1644 5115 κεχειροτόνηκεν,
1697 5048 1797 5099 οὐκ

239 5139 512 5192 Ἰουδαίων
585 5139 766 5205 μόνον,
821 5138 958 5190 ἀλλὰ
989 5137 1085 5190 καὶ
1117 5136 1336 5190 πάντων
1370 5137 1479 5189 τῶν
1515 5139 1796 5192 πιστευόν-

225 5248 352 5285 των.
385 5261 457 5271 —
487 5232 733 5296 Ἄλιως.
778 5231 922 5282 Ἀντὶ
948 5229 1068 5295 τοῦ,
1110 5230 1342 5283 ἐνώπιον
1374 5231 1465 5283 καὶ
1491 5232 1595 5298 πρὸ
1629 5247 1798 5300 προσ-

225 5325 378 5379 ώπου
434 5317 499 5377 οῦ
531 5323 820 5375 ἐπίστευσε
845 5321 1004 5376 Θεοῦ.
1031 5341 1050 5372 ι
1089 5321 1195 5375 Τοῦ
1251 5322 1644 5386 ζωοποιοῦντος
1672 5324 1798 5385 τοὺς

227 5416 474 5488 νεκροὺς.
513 5435 530 5465 ι
569 5415 674 5468 Τὸν
702 5416 801 5484 μὲν
854 5414 954 5484 τῆς
1002 5416 1356 5478 ἀναστάσεως
1401 5414 1800 5468 καταϐάλλεται

223 5509 402 5577 λόγον,
471 5508 612 5574 πλὴν
666 5509 991 5579 προσφέροις
1036 5510 1130 5562 καὶ
1179 5510 1259 5572 εἰς
1287 5509 1349 5562 τὸ
1411 5508 1797 5580 προκείμενον.

239 5604 585 5662 Ἐπίττευτε,
615 5601 803 5668 φηςιν,
841 5601 1096 5672 Ἀϐραὰμ
1121 5600 1201 5672 τῷ
1221 5601 1362 5671 Θεῷ,
1384 5602 1465 5653 ὅτι
1521 5601 1615 5654 κει)⁵
1677 5603 1800 5662 τοὺς

831 5691 920 5743 διὰ
961 5689 1121 5741 τοῦτο
1176 5691 1270 5741 καὶ
1323 5690 1383 5740 τὸ
1427 5688 1610 5742 δοῦναι
1639 5688 1802 5740 αὐτὸν

228 5785 449 5856 σπέρμα
485 5783 845 5852 γεγηρακότα
883 5783 940 5836 '0
960 5783 1067 5850 γὰρ
1089 5783 1214 5843 τοὺς
1245 5780 1470 5850 νεκροὺς
1496 5779 1796 5845 gemmam-2,

227 5695 454 5760 νεκροὲς
514 5691 774 5756 {ut-030:3,

232 5881 320 5935 καὶ
357 5879 423 5932 sit
574 5878 702 5929 εντα
732 5874 951 5941 οὑπιὼν,
983 5873 1159 5946 πολλῷ
1192 5875 1390 5946 μᾶλλον
1415 5875 1700 5944 δυνήσεται
1725 5875 1800 5944 τ’ῖι

1895 3292 2102 3346 ﬁdeles.
2134 3293 2269 3348 Vide
2315 3304 2498 3348 autem
2534 3311 2644 3362 quo
2689 3305 2848 3364 pacto
2877 3295 3138 3365 deinceps
3167 3297 3307 3352 duos
3337 3306 3474 3352 con-

1885 3381 2064 3451 jungit
2095 3386 2345 3454 populos,
2376 3387 2734 3455 omnimnquc
2765 3397 2978 3459 patrem
3013 3389 3144 3442 facit
3169 3391 3470 3445 Abraham.

1899 3490 1917 3523 ι
1959 3472 2154 3527 Coram
2190 3474 2299 3528 Deo
2332 3477 2420 3530 cui
2452 3477 2709 3531 credidit.
2753 3496 2770 3527 ι
2805 3478 2919 3533 Hoc
2948 3489 3033 3532 cst
3064 3498 3076 3533 :
3108 3479 3476 3545 Quemadmo-

1893 3565 2025 3618 dum
2057 3566 2199 3620 Dcus
2234 3584 2342 3622 non
2371 3576 2455 3622 est
2490 3569 2856 3638 particularis.
2889 3574 2982 3625 sed
3019 3572 3269 3626 omnium
3305 3573 3471 3638 Deus,

1895 3656 1969 3711 ita
2021 3665 2076 3710 et
2128 3658 2404 3712 Abraham
2445 3661 2692 3714 omnium
2734 3670 2910 3729 pater.
2954 3662 3258 3716 Κατέναντι
3316 3673 3469 3725 ante,

1893 3764 2118 3810 coram,
2190 3749 2243 3803 in
2315 3761 2612 3820 conspectu
2686 3752 2803 3806 Dei.
2859 3752 2995 3806 Nam
3059 3754 3113 3806 in
3171 3764 3473 3823 conspectu

1893 3843 2012 3905 Dei,
2063 3843 2178 3897 sive
2215 3858 2281 3897 ex
2337 3859 2570 3913 persona
2618 3843 2717 3897 Dei
2764 3843 2974 3898 dictum
3015 3853 3100 3899 est
3141 3863 3153 3897 :
3191 3865 3207 3895 ι
3253 3846 3473 3899 Patrem

1896 3936 2194 3990 multarunt
2268 3935 2512 4004 gentium
2581 3935 2736 4005 posui
2810 3943 2881 3990 te.
2931 3955 2948 3987 ι
3005 3936 3290 4004 Siquidem
3345 3953 3473 3990 eum

1894 4029 2097 4084 dixerit
2142 4048 2152 4083 :
2188 4049 2206 4082 ι
2249 4030 2405 4086 Sicut
2447 4031 2714 4100 scriptum
2743 4040 2848 4094 est,
2889 4048 2908 4082 ι
2934 4045 3044 4084 non
3096 4029 3326 4090 addens,
3377 4029 3474 4085 ubi

1896 4123 2159 4190 scriptum
2195 4130 2300 4186 est,
2333 4131 2428 4176 aut
2460 4137 2569 4192 quo
2607 4106 2792 4188 modo,
2821 4121 3108 4192 subiungit
3135 4121 3473 4192 (quanquam

1897 4229 1994 4283 per
2041 4213 2414 4285 hyperbaton)
2467 4214 2752 4267 κατέναντι
2798 4213 2965 4276 Θεοῦ,
3017 4213 3068 4267 id
3127 4223 3238 4278 est,
3289 4228 3476 4268 coram

1897 4305 2047 4369 Deo,
2098 4305 2478 4375 probationem
2531 4315 2584 4358 et
2631 4305 3106 4359 conﬁrmationem
3157 4305 3279 4373 ejus
3327 4305 3475 4374 quod

1900 4397 2108 4450 dictum
2157 4408 2242 4454 est
2291 4397 2397 4451 ﬁde
2445 4397 2664 4467 dignam
2717 4395 3019 4450 adducens.
3070 4413 3088 4445 ι
3131 4394 3288 4449 Sicut
3336 4394 3477 4449 scri-

1902 4498 2054 4559 ptum
2104 4499 2211 4552 est,
2254 4508 2270 4540 ι
2329 4487 2530 4557 inquit,
2587 4505 2605 4538 ι
2639 4488 2836 4542 Coram
2884 4488 3016 4548 Deo,
3061 4507 3077 4539 I
3135 4488 3240 4541 hoc
3283 4497 3368 4542 est
3419 4488 3474 4540 in

1899 4591 2198 4649 conspectu
2254 4580 2379 4644 Dei,
2432 4587 2488 4634 et
2541 4597 2608 4633 ex
2655 4595 2887 4649 persona
2935 4578 3225 4633 DcizFide
3279 4579 3476 4648 digna,

1900 4671 2099 4740 inquit,
2137 4681 2223 4725 est
2259 4671 2568 4742 Scriptura,
2613 4671 2931 4735 immobilis,
2974 4671 3159 4736 ﬁrma;
3207 4672 3352 4725 Deus
3393 4680 3478 4724 est

1897 4764 1991 4834 qui
2029 4764 2082 4818 in
2109 4780 2171 4818 ea
2205 4765 2424 4819 locutus
2449 4773 2553 4818 est.
2593 4782 2611 4815 ι
2650 4765 2868 4819 Patrem
2899 4763 3197 4818 multarunt
3229 4764 3473 4833 gentium

1899 4854 2054 4924 posui
2085 4869 2159 4909 te.
2202 4875 2219 4905 ι
2251 4853 2400 4909 Ordo
2432 4855 2616 4924 itaque
2652 4854 3025 4909 conclusionis
3053 4854 3325 4909 sermonis
3354 4863 3470 4907 est:

1899 4948 2054 5002 Sicut
2092 4947 2361 5016 scriptum
2403 4957 2486 4999 est
2525 4962 2708 4999 curant
2745 4947 2876 5008 Deo,
2917 4946 3007 5000 cui
3036 4946 3294 5006 credidit,
3324 4946 3473 5014 quod

1901 5050 2110 5109 patrem
2163 5039 2459 5092 multarum
2504 5037 2792 5106 gentium,
2841 5047 2948 5092 etc.
2997 5037 3472 5104 Quemadmodum

1897 5133 2068 5194 enim,
2089 5132 2290 5201 inquit,
2315 5131 2458 5183 Deus
2477 5130 2722 5183 omnium
2743 5129 2915 5183 factor
2930 5137 3034 5192 est,
3063 5128 3310 5182 omnium
3330 5128 3476 5182 Deus

1898 5243 1945 5274 o;
1959 5225 2256 5292 artiumque
2273 5223 2608 5292 gubernator
2634 5239 2646 5273 :
2673 5221 2744 5274 ita
2765 5221 2941 5290 ipsum
2959 5235 3180 5290 quoque
3197 5219 3475 5274 Abraham

1901 5327 2110 5385 ωτι-ειη
2130 5316 2373 5368 omnium
2392 5313 2711 5376 constituit;
2748 5327 2858 5365 non
2881 5311 3197 5366 Judteorum
3231 5320 3467 5376 tantum,

1899 5424 2088 5462 verum
2108 5407 2272 5461 etiam
2299 5406 2544 5460 omnium
2563 5403 3128 5459 credentium—Alio
3163 5403 3333 5456 modo.
3359 5403 3474 5458 Hoc

1898 5511 1978 5555 est
1993 5541 2006 5562 ,
2027 5516 2211 5553 coram
2237 5501 2369 5564 Deo,
2393 5507 2448 5553 et
2471 5507 2595 5553 ante
2612 5506 2967 5567 conspectum
2983 5496 3080 5551 Dei
3101 5496 3190 5550 cui
3211 5495 3472 5550 credidit.

1906 5613 1922 5643 ι
1960 5593 2062 5658 Qui
2107 5591 2348 5645 viviﬁcat
2387 5597 2658 5644 mortuos.
2700 5607 2718 5640 ι
2775 5586 3060 5643 Sermonis
3103 5585 3172 5640 de
3217 5600 3473 5640 resurre-

1901 5687 2084 5741 ctione
2114 5684 2465 5738 fundamenta
2498 5681 2629 5752 jacit
2663 5700 2676 5735 :
2709 5689 2830 5749 apte
2863 5691 3041 5733 tamen
3073 5686 3130 5732 et
3167 5678 3234 5732 ad
3266 5691 3472 5746 propo-

1903 5781 2090 5835 situm.
2115 5776 2383 5840 Credidit,
2415 5774 2610 5845 inquit,
2648 5772 2921 5826 Abraham
2967 5771 3078 5825 Deo
3123 5768 3267 5839 quod
3302 5767 3470 5822 etiam

1911 5881 2160 5927 mortuos
2192 5869 2315 5924 vitae
2348 5867 2555 5932 reditu,
2594 5866 2820 5934 iitroque
2854 5863 3081 5918 daturus
3109 5871 3254 5917 esset
3279 5868 3334 5915 et
3364 5857 3469 5928 ipsi
