4196 6468
158 376 253 439 409

1184 387 1575 453 COMMENT.
1618 388 1699 450 IN
1737 388 1980 449 EPlS'I‘.
2024 388 2123 447 AD
2162 356 2379 449 non}

3306 389 3421 456 410

158 499 184 551 δ
208 498 347 563 θεῖος
377 499 520 571 ἔρως
551 502 762 567 ἐκεῖνος
790 504 1106 573 ικκέχυται,
1145 505 1239 559 καὶ
1281 507 1411 577 ὃλην
1444 508 1732 578 ιμπεριείο

1850 504 2060 559 lit-inus
2089 504 2181 559 hic
2215 519 2372 559 amor
2400 502 2613 559 eﬁ’usus
2669 512 2774 569 est,
2830 512 3121 576 totumque
3146 504 3201 561 in
3233 518 3294 563 se
3325 520 3424 563 cor

158 586 281 656 ληφε
312 589 413 658 τὴν
439 590 597 659 ἡμῶν
627 593 896 661 καρδίαν;
928 593 1027 649 Ἐκ
1056 595 1151 649 τοῦ
1183 598 1451 663 παναγίου
1481 599 1735 667 Πνεῦμα-

156 697 239 742 to;
269 680 365 734 τοῦ
401 681 647 749 δοθέντος
679 687 817 757 ἡμῖν
844 702 859 716 ·
896 684 1040 740 ὥστε
1078 687 1201 741 ὅλον
1232 689 1334 758 τῆς
1374 690 1585 743 ἀνωθεν
1632 691 1723 759 χά-

160 789 313 841 ριτος.
332 774 496 827 Ἀλλά
524 777 620 831 καὶ
636 777 1026 847 χρεωστοῦμεν
1057 780 1157 833 ὐπε
1168 797 1223 850 ρε
1234 784 1332 851 ρᾷν
1349 781 1537 844 αὐτοῦ,
1553 782 1655 834 κάν
1681 799 1734 835 τι

156 863 256 916 δέοι
292 865 516 930 παθεῖν,
557 866 633 938 μὴ
663 868 999 937 ἀφίστασθαι
1030 870 1124 923 τοῦ
1150 871 1288 941 πρὸς
1320 874 1483 926 αὑτὸν
1508 873 1731 944 ἔρωτος.

154 956 329 1023 dant;
373 956 499 1009 'O:t
550 960 714 1021 αὐτὸς
763 960 921 1031 ημῶν
951 961 1167 1033 ἠράσθη
1201 963 1435 1033 πρῶτος
1493 966 1585 1017 καὶ
1612 964 1734 1017 τότε

161 1048 315 1116 ἡμῶν
371 1050 589 1121 ἐχθρῶν
645 1054 741 1106 καὶ
798 1054 1079 1125 πολεμίων
1139 1057 1519 1128 ὑπαρχόντων.
1585 1055 1737 1122 Εἶδες

158 1142 498 1213 ὑπερϐολήνς
540 1141 682 1209 εἶδες
737 1147 903 1201 πόσον
964 1149 1028 1201 τὸ
1091 1148 1289 1219 χρέοςς
1351 1151 1596 1221 Πρόσθες
1640 1153 1734 1205 καὶ

154 1234 207 1285 τὸ
229 1235 304 1286 ἔτι
339 1237 548 1303 μεῖζον,
577 1238 677 1290 οὐκ
706 1238 923 1308 ἠράσθη
962 1240 1142 1307 μόνον,
1171 1241 1306 1293 ἀλλά
1336 1242 1432 1295 καὶ
1454 1242 1736 1313 ἡτιμάσθη

158 1323 288 1392 ὑπὲρ
315 1324 501 1393 ἡμῶν,
541 1326 635 1379 καὶ
668 1327 1001 1399 ὲρῤαπίσθη,
1037 1330 1134 1383 καὶ
1174 1331 1520 1403 ισταυρώθη,
1553 1335 1647 1387 καὶ
1679 1336 1737 1388 ὲν

157 1419 365 1482 νεκροῖς
391 1417 670 1488 ἐλογίσθη,
709 1420 799 1473 καὶ
831 1420 917 1473 διά
946 1424 1154 1476 τούτων
1176 1424 1457 1490 ἁπάντων,
1491 1426 1582 1480 τὸν
1610 1428 1739 1497 περὶ

157 1505 294 1574 ἡμᾶς
325 1506 497 1561 αὑτοῦ
534 1510 879 1579 παρέστησεν
908 1512 1105 1583 ἔρωτα.
1142 1515 1207 1567 Ὢ
1240 1515 1444 1585 ἔρωτος
1470 1517 1741 1585 ἀγγέλους

158 1599 626 1670 καταπλήξαντος,
652 1603 976 1675 ἀνθρώπους
1003 1609 1083 1670 είς
1126 1610 1385 1678 οὐρανοὺς
1419 1610 1743 1679 ἀνυψὼσαν-

156 1708 256 1756 τος,
292 1694 390 1745 καὶ
445 1692 717 1762 δαιμόνων
772 1699 1063 1769 τυραννίδα
1120 1703 1610 1769 καταργήσαντοςί
1642 1703 1741 1767 Τίς

157 1785 387 1855 ἐραστὴν
438 1788 681 1840 τοιοῦτον
704 1790 763 1842 οὐ
805 1790 980 1860 φιλεῖ;
1020 1791 1220 1860 μᾶλλον
1243 1794 1297 1846 δὲ
1322 1795 1402 1856 τίς
1440 1811 1493 1847 τι
1527 1792 1741 1863 πράξας

1837 605 2091 650 nostrum
2143 593 2702 664 circumassumpsit?
2732 594 2810 649 Ex
2841 593 3050 665 Spiritu
3108 607 3298 653 sancto
3327 596 3425 668 qui

1836 689 2003 745 datus
2031 696 2118 744 cst
2153 688 2349 753 nobis;
2379 698 2555 744 totum
2586 689 2772 759 itaque
2802 704 3062 759 superna!
3083 691 3273 761 gratia
3318 700 3424 748 est.

1838 781 1947 837 Sed
1976 789 2032 835 et
2066 778 2348 834 debitores
2379 794 2571 835 sumus
2595 787 2655 835 ut
2683 770 2814 835 eum
2847 794 3014 849 supra
3048 787 3249 834 cetera
3273 794 3426 835 ame-

1836 888 1982 934 mus,
2036 881 2093 926 et
2121 873 2166 925 si
2192 870 2495 941 quidquam
2521 870 2634 941 pati
2668 880 2946 940 oporteat,
2977 869 3048 925 ab
3084 883 3275 925 amore
3298 870 3421 940 ejus

1838 980 2187 1034 nequaquam
2246 963 2622 1019 discedamus.
2662 963 3081 1029 Quamobrem?
3112 962 3253 1029 Quia
3308 962 3428 1032 ipse

1841 1057 1994 1127 prior
2023 1072 2124 1111 nos
2153 1073 2343 1112 amore
2392 1066 2723 1128 prosecutus
2763 1067 2869 1123 est,
2920 1056 3088 1127 idque
3134 1065 3274 1112 tunc
3300 1070 3428 1111 cum

1840 1150 2049 1204 inimici
2086 1166 2150 1205 ac
2191 1151 2379 1206 hostes
2401 1166 2671 1207 essemus.
2706 1150 2903 1205 Viden‘
2945 1150 3156 1206 amaris
3213 1149 3428 1221 magni-

1842 1241 2139 1295 tudinem?
2202 1241 2397 1297 Vidcn‘
2450 1254 2723 1313 quantum
2777 1242 3227 1299 contraxerimus
3271 1240 3431 1297 debi-

1844 1334 2007 1386 tum?
2042 1333 2197 1389 Adde
2248 1334 2399 1404 quod
2437 1336 2605 1390 etiam
2662 1338 2838 1407 majus
2899 1344 3005 1391 est.
3061 1334 3183 1389 Non
3249 1333 3430 1389 solum

1842 1438 2030 1479 amore
2062 1426 2238 1480 nostri
2267 1437 2464 1497 captus
2514 1436 2618 1493 est,
2653 1443 2848 1483 verum
2903 1428 3072 1483 etiam
3123 1441 3226 1497 pro
3268 1425 3434 1480 nobis

1844 1517 2201 1587 ignominiam
2242 1535 2459 1589 passus,
2493 1520 2672 1591 alapis
2703 1535 2880 1575 caesus
2911 1535 2974 1577 ac
3005 1519 3431 1581 cruciﬁxusest,

1845 1608 2099 1679 interque
2132 1620 2381 1665 mortuos
2405 1622 2694 1682 reputatus
2722 1629 2735 1667 :
2769 1621 2824 1668 et
2858 1611 2947 1667 his
2980 1612 3246 1665 omnibus
3277 1624 3431 1663 amo-

1845 1718 1984 1765 rem,
2049 1719 2215 1773 quem
2272 1720 2403 1775 erga
2451 1719 2554 1760 nos
2599 1705 2861 1768 habebat,
2920 1704 3341 1762 demonstravit.
3390 1701 3437 1757 0

1845 1810 2113 1855 amorem.
2166 1796 2260 1866 qui
2298 1807 2355 1851 et
2389 1797 2619 1863 angelos
2656 1797 2711 1853 in
2770 1806 3057 1866 stuporem
3112 1795 3427 1862 adduxerit,

156 1880 294 1943 ἀξιον
341 1879 443 1933 τοῦ
522 1880 847 1949 τηλικούτου
898 1884 1098 1954 ἔρωτος
1156 1888 1495 1952 ὲπιτελέσει,
1550 1887 1581 1957 ἢ
1636 1888 1737 1941 κᾶν

1850 1899 1903 1944 et
1934 1890 2214 1943 hominem
2247 1891 2303 1944 in
2343 1891 2514 1947 caelos
2549 1891 2949 1953 sublevaverit,
2996 1890 3310 1945 daemonum
3349 1898 3437 1961 ty-

158 1970 323 2040 βραχυ
355 1972 492 2040 γοῦν
525 1973 621 2027 τοῦ
654 1977 848 2045 χρέους
880 1980 1159 2041 ἀποτίσεις
1193 1982 1309 2033 Κᾶν
1332 1980 1440 2049 γὰρ
1480 1980 1742 2049 μυριάκις

156 2062 436 2127 ἀποθάνοι,
468 2066 530 2117 οὐ
557 2066 705 2135 μέγα
734 2069 1076 2137 εἰσήνεγκεν.
1096 2071 1269 2141 Ὑπὲρ
1292 2072 1397 2143 γάρ
1424 2072 1741 2140 εὐεργέτου,

158 2154 286 2225 ὑπὲρ
310 2156 575 2226 ἐραστοῦ,
623 2160 742 2213 ἀλλ’
771 2162 869 2233 οὐχ
903 2163 1044 2233 ὑπὲρ
1075 2164 1287 2235 ἐχθρῶν
1336 2168 1431 2219 καὶ
1465 2165 1743 2237 πολεμίων

158 2247 223 2308 ὡς
254 2251 468 2313 ἐκεῖνος
517 2251 743 2318 ἔπαθεν,
774 2256 867 2307 καὶ
905 2257 1063 2325 ἡμῶν
1120 2259 1351 2319 ἕκαστος
1400 2260 1621 2329 πάσχει.
1653 2257 1744 2311 Διὸ

161 2342 309 2407 ἡνίκα
339 2345 651 2415 πάσχομεν,
689 2349 899 2417 χαίρειν
920 2350 1212 2419 ὀφείλομεν
1237 2353 1330 2404 καὶ
1358 2351 1741 2421 σεμνύνεσθαι,

159 2437 227 2489 δτι
259 2440 366 2491 κᾶν
398 2439 579 2509 βραχὺ
626 2439 779 2508 γοῦν,
829 2442 969 2512 ὑπὲρ
1002 2443 1323 2513 τηλικούτου
1377 2445 1611 2515 ἐραστοῦ
1648 2447 1744 2500 καὶ

162 2532 309 2598 ἡμεῖς
339 2532 543 2586 παθεῖν
571 2551 622 2587 τι
649 2534 1092 2607 κατηξιώθημεν.
1132 2556 1149 2589 ι
1186 2538 1402 2600 Είδότες
1443 2540 1523 2592 ὅτι
1552 2541 1585 2606 ἡ
1634 2539 1747 2592 θλί-

1846 1982 2135 2036 rannidem
2170 1982 2385 2036 irritam
2424 1984 2652 2039 fecerit!
2685 1983 2822 2051 Quis
2852 1982 3171 2054 hujusmodi
3228 1975 3436 2037 amato-

1845 2090 1961 2129 rem
1997 2090 2108 2130 non
2135 2076 2389 2130 amabit?
2416 2074 2529 2132 imo
2558 2076 2746 2148 potius
2773 2076 2923 2146 quod
2949 2075 3059 2131 erit
3091 2090 3255 2146 opus,
3287 2071 3439 2145 quod

1845 2168 2122 2238 quispiam
2173 2168 2269 2222 tali
2319 2168 2550 2239 dignum
2616 2182 2806 2223 amore
2858 2166 3132 2238 perﬁciet,
3198 2175 3295 2221 aut
3350 2165 3441 2221 vel

1846 2258 2135 2327 paululum
2163 2259 2333 2313 etiam
2361 2258 2537 2314 debiti
2562 2260 2832 2329 rependet
2858 2258 2882 2312 ?
2928 2258 3065 2313 Nam
3093 2257 3199 2313 etsi
3230 2255 3438 2312 millies

1846 2352 2141 2414 moriatur,
2170 2366 2279 2404 non
2308 2367 2567 2423 magnum
2593 2351 2803 2423 aliquid
2830 2352 3105 2407 attulerit.
3145 2351 3438 2422 Siquidem

1845 2457 1949 2511 pro
1981 2441 2360 2506 benefactore,
2410 2458 2512 2513 pro
2534 2443 2736 2507 amico,
2773 2444 2944 2499 etiam
2988 2453 3245 2500 nostrum
3284 2445 3440 2515 quis-

1846 2546 1954 2599 que
1993 2531 2272 2586 interdum
2299 2532 2509 2601 patitur
2536 2550 2549 2586 :
2581 2542 2639 2588 at
2670 2548 2781 2588 non
2809 2548 2915 2603 pro
2952 2532 3201 2589 inimicis
3248 2549 3314 2590 ac
3340 2534 3442 2589 ho-

162 2623 243 2689 ᾁις
293 2624 581 2694 ὑπομονὴν
614 2626 1037 2696 κατεργάζεται.
1075 2648 1093 2678 ι
1161 2628 1283 2692 Πῶς
1321 2630 1655 2700 καυχώμεθα
1688 2633 1745 2685 ὲν

1850 2622 2052 2683 stibus.
2080 2623 2226 2676 sicut
2259 2623 2350 2676 ille
2402 2638 2598 2693 passus
2653 2633 2760 2679 est.
2796 2623 2935 2679 Cum
2988 2640 3121 2695 ergo
3174 2624 3443 2694 patimur,

162 2718 270 2777 ταῖς
295 2715 553 2784 auem;
590 2715 808 2782 Καλῶς,
841 2719 1025 2787 φησίν.
1058 2719 1122 2771 At
1152 2720 1262 2789 γάρ
1290 2718 1498 2788 θλίψεις
1538 2722 1745 2790 γυμνά-

1850 2716 2089 2786 gaudere
2116 2715 2387 2771 debemus
2437 2731 2501 2770 ac
2539 2716 2762 2786 gloriari
2800 2733 2815 2770 :
2847 2715 2995 2785 quod
3027 2715 3113 2770 vel
3151 2714 3442 2770 minimum

165 2803 305 2867 ζουσι
336 2807 483 2877 πρὸς
534 2809 837 2879 ὑπομονήν,
889 2809 1052 2864 Ἀλλά
1082 2812 1134 2865 τί
1178 2813 1239 2865 τὸ
1274 2812 1464 2882 κέρδος
1489 2813 1589 2879 τῆς
1618 2815 1745 2868 ὐπο-

1850 2807 2114 2878 quiddam
2145 2823 2246 2878 pro
2288 2808 2381 2862 tali
2416 2816 2664 2863 amatore
2706 2819 2760 2864 et
2786 2824 2887 2862 nos
2934 2808 3046 2878 pati
3105 2822 3443 2862 mereamur.

168 2899 362 2967 μονῆς;
398 2901 593 2968 Μέγα,
619 2901 773 2971 φησί.
803 2904 1217 2975 Δοκιμωτέρους
1268 2903 1379 2975 γάρ
1430 2905 1745 2975 ἐργάζεται,

1861 2918 1879 2951 ι
1918 2899 2170 2955 Scientes
2224 2900 2372 2970 quod
2443 2900 2673 2955 aﬂlictio
2735 2900 3059 2970 patientiam
3093 2905 3379 2969 operatur.
3422 2917 3441 2951 ι
3510 2920 3515 2925 ~

166 2992 341 3063 ὥσπερ
374 2996 474 3046 καὶ
509 2994 601 3047 τὸν
622 2994 821 3065 χρυσὸν
853 2998 883 3066 ἡ
909 2996 1128 3065 χωνεία.
1166 2996 1230 3050 Τί
1256 2997 1312 3050 δὲ
1337 2998 1548 3067 γίνεται
1574 3000 1638 3053 ὲκ
1658 2998 1745 3053 τοῦ

1853 2992 2102 3060 Quonam
2135 2993 2298 3047 modo
2334 2992 2709 3064 gloriamurin
2727 2992 3162 3047 alllictionibus?
3198 2990 3447 3061 Optime,

164 3082 565 3154 ἀλκιμωτέρους
620 3086 881 3154 ὀφθῆναι;
924 3088 1065 3140 Πολὺ
1108 3088 1299 3156 ὄφελος
1326 3092 1399 3160 ἠ
1455 3089 1564 3162 γὰρ
1598 3091 1745 3153 ἐλπὶς

1859 3088 2065 3157 inquit;
2104 3086 2435 3141 aﬁlietiones
2483 3085 2631 3140 enim
2680 3085 2748 3139 ad
2789 3086 3113 3155 patientiam
3162 3092 3446 3140 exercent.

166 3176 309 3246 ἡμῶν
366 3177 623 3230 ἐντεῦθεν
673 3177 993 3251 βεϐαιοτέρα
1038 3181 1130 3233 καὶ
1173 3156 1556 3251 ἀσφαλεστέρα
1615 3182 1745 3235 καθ-

1863 3178 2065 3233 Verum
2089 3178 2285 3246 ecquid
2312 3175 2452 3231 lucri
2476 3191 2541 3231 ex
2566 3176 2880 3246 patientia?
2908 3175 3187 3246 Magnum,
3223 3174 3300 3229 ait
3327 3193 3340 3228 :
3369 3172 3471 3229 si--

170 3266 392 3320 ίτταται.
438 3268 539 3323 Ἐκ
574 3268 633 3321 δὲ
661 3269 887 3338 ταύτης,
921 3270 1008 3333 τίς
1042 3270 1115 3322 Τὸ
1158 3272 1267 3322 πᾶν
1308 3270 1557 3337 ἀνύεται,
1593 3272 1745 3341 φησί.

168 3356 345 3423 Ποῖονς
386 3358 754 3429 Τυγχάνομεν
780 3355 853 3412 ὧν
883 3360 1201 3429 ἐλπίζομεν.
1272 3360 1335 3413 'H
1386 3360 1495 3430 γάρ
1529 3362 1683 3427 ἐλπὶς
1716 3363 1748 3431 ἡ

169 3448 346 3517 βεϐαία
385 3451 483 3503 καὶ
532 3450 620 3503 διά
661 3452 891 3521 δοκιμῆς
937 3452 1164 3522 ἀχθεῖσα
1201 3454 1295 3506 καὶ
1331 3454 1612 3523 ὑπομονῆς
1657 3455 1749 3505 καὶ

169 3543 408 3609 θλίρεωυ,
449 3544 707 3596 οὐδέποτε
747 3546 1118 3614 καταισχύνει.
1150 3549 1256 3599 Καὶ
1292 3548 1393 3619 ὅρα
1426 3548 1542 3607 πῶς
1579 3548 1749 3599 εἰπὼν

167 3636 412 3705 ἀνωτέρω
464 3637 551 3689 ὅτι
582 3634 916 3706 καυχώμεθα
964 3639 1052 3690 ἐπ’
1082 3639 1257 3692 ἐλπίδι
1283 3679 1295 3699 ,
1344 3640 1507 3692 πάλιν
1538 3641 1631 3692 καὶ
1661 3642 1749 3692 ὲν-

168 3728 326 3780 ταῦθα
358 3732 443 3790 εἰς
494 3728 690 3781 ἐλπίδα
734 3728 1020 3799 κατέληξε.
1073 3732 1186 3784 Καὶ
1225 3732 1334 3800 γάρ
1380 3732 1487 3785 ἀπὸ
1538 3732 1751 3794 ἐλπίδος

166 3819 235 3871 δεῖ
264 3822 560 3890 ἄρχεσθαι,
610 3820 706 3873 καὶ
760 3822 961 3890 ὁμοίως
1022 3824 1102 3885 είς
1150 3823 1338 3875 ἐλπίδα
1394 3823 1747 3892 καταλήγειν.

328 3918 361 3985 ἠ
402 3916 509 3983 μὲν
536 3915 855 3984 ἀρχομένων
887 3916 1060 3978 ἐλπὶς,
1082 3916 1235 3969 οὔπω
1258 3916 1416 3984 δῆλον
1446 3918 1592 3979 ὅπως
1613 3917 1748 3987 ἔχει,

172 4010 321 4077 μήπω
360 4008 607 4075 θλίνᾲεων
644 4010 735 4059 καὶ
756 4010 1087 4077 πειρασμῶν
1122 4009 1563 4078 προσϐαλόντων.
1614 4009 1749 4061 Ἰίδὲ

168 4098 241 4149 δια
268 4101 479 4152 τούτων
507 4098 796 4164 ὀδεῦσασα,
826 4102 916 4153 καὶ
945 4100 1362 4169 δοκιμασθεῖσα,
1401 4102 1495 4154 καὶ
1520 4104 1751 4168 φανεῖσα

169 4190 501 4256 ἁδίστακτος,
532 4193 626 4244 καὶ
661 4193 734 4261 μὴ
769 4192 1130 4262 σαλευομένη,
1164 4191 1304 4261 αὕτη
1338 4194 1428 4245 καὶ
1453 4193 1511 4244 τὸ
1548 4194 1752 4245 τέλειον

170 4284 285 4352 εχει,
311 4287 403 4337 καὶ
434 4285 554 4335 τῶν
586 4284 950 4337 ἐλπισθέντων
982 4287 1040 4337 ὲν
1068 4285 1371 4337 ἀπολαύσει
1394 4285 1749 4355 ﬂammand-

171 4374 258 4437 ζει.
296 4377 577 4427 ’ίιλτῖισεν
617 4376 645 4425 ὁ
703 4374 951 4443 Ἀϐραάμ
984 4374 1123 4443 μετά
1171 4374 1347 4443 γῆρας
1380 4375 1474 4427 καὶ
1529 4374 1753 4443 στείρωο

1851 3270 2077 3339 quidem
2103 3269 2453 3339 probatiores
2480 3268 2684 3334 reddit,
2710 3268 2882 3323 veluti
2908 3268 3101 3322 fornax
3134 3267 3314 3337 ipsum
3349 3264 3451 3321 ati-

1852 3378 1994 3415 rum.
2021 3361 2164 3428 Quid
2186 3373 2372 3416 autem
2401 3362 2797 3432 consequimur
2826 3377 2893 3416 ex
2934 3376 3002 3416 eo
3045 3359 3193 3432 quod
3241 3358 3449 3430 proba-

1850 3455 2020 3510 tiores
2047 3454 2380 3508 videamur?
2415 3454 2668 3524 Magnum
2697 3454 2857 3524 plane
2884 3453 3235 3507 commodum
3263 3469 3279 3519 ;
3321 3465 3455 3522 spes

1852 3547 2061 3601 etenim
2088 3556 2275 3600 nostra
2324 3546 2538 3600 ﬁrmior
2570 3561 2633 3601 ac
2676 3546 2931 3602 stabilior
2975 3546 3251 3600 redditur.
3304 3543 3449 3611 Quid

1854 3649 2035 3692 autem
2074 3654 2141 3692 ex
2169 3639 2316 3693 hac?
2354 3637 2533 3693 Omne
2578 3638 2862 3709 negotium
2913 3637 3224 3708 perﬁcitur.
3277 3636 3454 3703 Quale

1855 3730 2079 3783 tandem
2110 3730 2135 3783 ?
2183 3730 2315 3795 Qum
2339 3746 2631 3799 speramus
2654 3730 3027 3800 asscqnimur.
3057 3730 3239 3783 Firma
3291 3744 3451 3783 nam-

1850 3840 1957 3893 que
1985 3839 2128 3891 spes,
2158 3838 2221 3876 ac
2254 3840 2348 3892 per
2370 3824 2744 3886 aﬂlictionem,
2782 3822 3108 3891 patientiam
3142 3830 3198 3876 et
3244 3821 3451 3892 proba-

1855 3918 2063 3971 tionem
2097 3916 2356 3980 adducta,
2390 3932 2672 3986 nunquam
2712 3915 3013 3985 pudefacit.
3053 3915 3117 3969 Et
3140 3915 3288 3981 vide,
3322 3931 3448 3969 cum

1856 4014 2116 4078 superius
2147 4009 2404 4075 dixisset,
2451 4008 2597 4078 quod
2648 4009 2719 4062 ob
2770 4024 2923 4077 spem
2966 4008 3289 4077 gloriamur,
3337 4023 3451 4076 quo

1855 4100 2019 4154 modo
2054 4108 2109 4153 et
2159 4100 2247 4153 hic
2286 4114 2505 4153 rursum
2556 4100 2609 4152 in
2649 4114 2802 4167 spem
2842 4098 3252 4151 terminaverit.
3308 4097 3447 4151 Nam

1860 4202 1969 4247 eta
2002 4208 2095 4262 spe
2143 4193 2408 4246 inchoare
2476 4201 2718 4262 oportet,
2770 4200 2825 4244 et
2876 4190 3133 4243 similiter
3186 4189 3239 4242 in
3288 4188 3453 4259 260

1856 4301 2010 4354 spem
2044 4284 2324 4339 desinere.
2361 4284 2563 4337 Verum
2617 4298 2745 4352 spes
2780 4280 3006 4349 quidem
3061 4279 3445 4349 incipientium

1854 4378 2099 4432 nomium
2151 4376 2503 4430 manifestum
2531 4384 2615 4429 est
2646 4372 2930 4443 quomodo
2962 4386 3021 4426 se
3057 4371 3278 4434 habeat,
3321 4386 3447 4427 cum

170 4486 243 4520 σιν
275 4474 518 4539 μήτρας,
559 4469 642 4520 ὅτι
674 4468 824 4520 ἔσται
856 4469 1000 4521 κατὰ
1028 4468 1126 4537 τὴν
1182 4468 1518 4535 ἐπαγγελίαν
1546 4469 1745 4539 πατὴρ.

1862 4469 2109 4523 nondum
2173 4476 2478 4523 occurrunt
2531 4465 2860 4519 alllictiones
2907 4473 3003 4517 aut
3055 4462 3387 4515 tentationes
3434 4478 3447 4519 ξ

168 4562 308 4628 Μέγα
348 4566 477 4631 μὲν,
515 4560 636 4614 ἀλλ’
669 4561 768 4629 οὐχ
792 4556 902 4613 οἷον
949 4562 1086 4629 μετά
1115 4560 1215 4630 τὴν
1264 4562 1519 4631 δοκιμήν.
1567 4562 1751 4615 Ἐπεί-

173 4671 321 4724 pax-1
356 4656 531 4706 αὑτὸν
573 4654 601 4705 ό
631 4651 763 4714 Θεὸς
790 4653 888 4706 καὶ
941 4651 1244 4723 ἐχώνευσεν
1285 4654 1360 4711 ὡς
1400 4652 1614 4722 ἀληθῶς
1644 4671 1752 4722 χω-

171 4749 305 4799 ν;ία-ι
360 4744 617 4815 φρικτὴν
650 4742 743 4797 καὶ
773 4742 1037 4814 φοϐεράν,
1072 4743 1184 4814 πῦρ
1215 4746 1325 4805 τοῖς
1358 4743 1609 4810 ἐγκάτιις
1657 4743 1755 4810 ὑφ-

171 4844 317 4909 άζαε,
340 4846 427 4897 ὅτε
454 4842 669 4910 σφάξαι
691 4840 989 4910 προσέταξε
1018 4841 1109 4892 τὸν
1140 4840 1276 4893 υίόν’
1310 4839 1512 4905 ἔδειξεν
1546 4840 1755 4901 ἐκεῖνος

173 4941 249 4987 κατ.
273 4939 358 4989 διά
384 4937 628 4994 τούτων,
663 4935 959 4987 ἀσάλευτον
986 4932 1078 4987 καὶ
1101 4932 1385 5003 σταθηράν
1404 4932 1505 5003 τὴν
1537 4932 1752 4984 ἐλπίδα.

178 5027 399 5097 ’ίζδραμε
426 5028 545 5094 γάρ
583 5023 781 5090 σφάξαι
811 5023 900 5074 τὸν
929 5023 1066 5086 υἱὸν,
1092 5023 1185 5074 καὶ
1211 5023 1309 5074 οὐκ
1340 5021 1584 5088 ὲδίσταςε
1612 5021 1755 5089 λογι-

175 5118 412 5184 σάμενος,
449 5116 586 5176 Πῶς
628 5108 723 5165 οῦν
772 5112 965 5182 ἔσομαι
996 5113 1180 5183 πατήρ
1207 5130 1222 5179 ;
1251 5111 1421 5167 Τοῦτο
1443 5111 1755 5182 ὑπερμεγέ-

176 5209 261 5276 θης
293 5209 365 5272 ὡς
405 5205 637 5276 άληθῶς
667 5204 845 5266 ἐλπὶς,
877 5203 959 5257 διὸ
995 5205 1088 5256 καὶ
1114 5204 1372 5274 τυγχάνει
1404 5196 1479 5257 ὧν
1503 5204 1754 5273 ἡλπισεν.

182 5319 195 5349 ι
237 5303 295 5353 'll
321 5304 375 5355 δὲ
410 5298 621 5369 δοκιμὴ
654 5296 865 5350 ἐλπίδα.
896 5314 914 5345 ι
956 5296 1096 5366 Ἀρα
1128 5312 1190 5363 γε
1225 5296 1273 5347 οί
1308 5291 1460 5363 κακῷ
1491 5292 1755 5345 συνειδότι

179 5395 550 5462 πληττόμενα.
595 5391 718 5443 οὐδὲ
750 5388 1058 5451 ἐλπίζουσιν
1102 5386 1370 5440 ἀντίδοσιν
1421 5383 1627 5453 ἀγαθοῦ
1662 5386 1751 5439 καὶ

180 5490 351 5539 πυκνί..
387 5488 453 5540 '0
478 5486 599 5553 γάρ
628 5481 877 5553 βούλεται
921 5480 1169 5543 ἕκαστος,
1199 5479 1357 5532 τοῦτο
1396 5475 1489 5530 καὶ
1518 5478 1751 5547 νομίζει.

184 5600 198 5625 ι
224 5584 330 5631 Ὅτι
360 5584 393 5649 ἡ
429 5580 632 5645 ἀγάπη
662 5574 757 5627 τοῦ
782 5572 937 5629 Θεοῦ.
978 5592 997 5624 ι
1031 5574 1135 5626 Καὶ
1173 5572 1334 5626 πόθεν
1360 5570 1540 5641 δῆλον,
1567 5572 1753 5642 φησὶν,

181 5672 247 5723 Et:
273 5677 380 5725 ἐκῖί
404 5672 577 5725 δώσει
612 5671 746 5737 ἡμῖν
774 5667 953 5734 ἀγαθά
980 5669 1008 5719 ό
1036 5667 1190 5729 Θεόςς
1222 5665 1431 5729 Πόθεν;
1481 5664 1540 5729 ἐξ
1567 5658 1642 5717 ὧν
1671 5665 1760 5717 ἐν·

182 5767 332 5815 τπῦὒα
364 5766 600 5818 δέδωκε.
630 5760 696 5813 Τί
723 5760 778 5813 δὲ
802 5761 967 5812 ἔδωκε
993 5775 1006 5821 ;
1038 5759 1109 5811 T'o
1134 5756 1377 5828 Πνεῦμα,
1402 5757 1587 5827 φησὶν,
1617 5757 1754 5827 ὅπερ

191 5861 239 5911 'i-x.
271 5861 431 5931 μέλης
461 5856 574 5926 άγά
590 5872 692 5921 7.1;;
725 5854 858 5907 Θεοῦ
967 5855 1248 5924 ἠγάπησεν
1290 5854 1433 5924 ἡμᾶς
1461 5850 1751 5921 ἐπιφοίτη-

1859 4578 1981 4631 quae
2051 4577 2186 4615 vero
2240 4577 2339 4629 per
2383 4560 2481 4613 has
2530 4558 2805 4618 transivit,
2860 4554 3202 4625 probataque
3250 4564 3355 4618 est,
3386 4567 3452 4611 a0
3520 4594 3523 4597 -

1860 4653 2207 4707 manifestata
2239 4650 2387 4720 quod
2419 4651 2625 4703 nullam
2652 4649 2854 4703 habeat
2882 4644 3322 4715 ambiguitatem,
3345 4660 3453 4699 nec

1861 4746 2134 4800 ﬁuctnat:
2172 4744 2289 4797 haec
2332 4752 2388 4797 et
2444 4741 2843 4811 perfectionem
2892 4738 3080 4800 habet,
3123 4747 3180 4791 et
3213 4753 3334 4791 eam
3392 4737 3449 4792 in

1857 4837 2121 4891 l'ruitione
2150 4850 2345 4889 eorum
2400 4848 2521 4902 quae
2551 4838 2846 4901 sperantur
2900 4828 3140 4897 reponit.
3197 4818 3477 4895 Speravit

1858 4929 2134 4982 Abraham
2163 4935 2286 4996 post
2314 4932 2680 4983 senectutem,
2710 4936 2774 4974 ac
2798 4918 3048 4973 matricis
3068 4918 3446 4979 sterilitatem,

1859 5019 2182 5090 quodjuxta
2211 5016 2629 5088 promissionem
2672 5012 2894 5066 futurus
2947 5020 3093 5066 esset
3128 5020 3303 5080 pater.
3338 5010 3449 5063 Ma-

1859 5129 2025 5183 gnum
2060 5112 2282 5181 quidem
2308 5110 2431 5173 hoc,
2461 5116 2515 5162 at
2542 5120 2652 5160 non
2680 5103 2845 5174 quale
2869 5111 2994 5174 post
3030 5100 3441 5171 probationem.

1861 5204 2119 5258 Tcntavit
2143 5204 2296 5257 illum
2333 5202 2477 5255 Deus
2500 5207 2556 5253 et
2583 5194 2991 5267 quodammodo
3013 5189 3293 5257 conﬂavit,
3318 5206 3453 5249 vero

1860 5295 2135 5349 horrenda
2165 5294 2399 5364 quadam
2422 5307 2485 5345 ac
2510 5288 2768 5345 terribilli
2804 5288 3029 5341 fornace
3081 5302 3096 5339 :
3147 5284 3272 5355 igne
3304 5283 3450 5338 inte-

1861 5388 1977 5441 rius
2007 5403 2265 5451 accenso,
2299 5384 2525 5456 quando
2566 5382 2738 5436 ﬁlium
2780 5380 2973 5451 jussus
3035 5386 3121 5431 est
3170 5376 3445 5447 jugulare.

1859 5478 2111 5535 Ostendit
2140 5479 2229 5532 ille
2256 5494 2351 5547 per
2378 5477 2494 5530 haec
2532 5477 2919 5530 inconcussam
2970 5469 3339 5536 stabilemque
3368 5466 3436 5521 ﬁ~

1858 5572 2009 5628 dem.
2053 5571 2317 5626 Cucurrit
2347 5572 2495 5624 enim
2522 5577 2581 5622 ut
2608 5567 2781 5620 ﬁlium
2837 5563 3119 5635 jugularet
3166 5579 3181 5615 :
3216 5576 3321 5615 nec
3356 5575 3452 5613 va-

1860 5665 2086 5721 cillabat
2136 5665 2279 5717 intra
2335 5678 2393 5716 se
2446 5655 3059 5730 cogitanszQuomodo
3122 5668 3255 5723 ergo
3296 5662 3455 5723 pater

1862 5757 2003 5811 ero?
2053 5756 2109 5809 Id
2148 5772 2280 5810 sane
2317 5753 2570 5808 maximae
2621 5758 2706 5806 est
2752 5748 2878 5803 ﬁdei
2908 5764 2922 5802 :
2947 5745 3076 5803 ideo
3117 5746 3284 5801 etiam
3328 5760 3453 5815 qua

1863 5849 2115 5921 sperabat
2162 5858 2243 5905 est
2296 5855 2659 5903 assccutus.r
2704 5840 2964 5900 Probatio
3023 5853 3154 5895 vero
3208 5852 3383 5905 spem.
3418 5854 3438 5889 ι
