4196 6468
732 380 830 448 ill

1792 384 2189 447 (ECUMENII
2231 385 2521 445 TRICCzE
2554 387 2889 446 EPISCUI’I

3889 385 4003 447 H2

729 506 894 558 Certe
917 502 1012 573 qui
1047 518 1216 573 prava
1269 502 1629 558 stimulantur
1664 504 2028 568 conscientia,
2064 519 2134 558 ne
2173 519 2300 572 spe-

2430 520 2499 555 rsv
2556 504 2707 572 ἡμῖν.
2764 502 2841 556 Ού
2902 505 3008 575 γὰρ
3066 504 3225 573 ἡμεῖς
3278 501 3511 564 οἰκείους
3570 498 4000 569 κατορθώμασιν

732 602 859 649 rant
907 594 1132 664 quidem
1182 595 1315 650 boni
1364 612 1429 651 ac
1487 596 1618 649 mali
1676 595 2120 651 retributionem.
2174 595 2309 648 Nam

734 687 971 754 quisque
1024 686 1175 755 quod
1228 687 1405 756 cupit,
1467 688 1572 742 hoc
1617 688 1785 741 etiam
1843 687 1948 740 sibi
1990 686 2308 755 persuadet.

740 796 759 826 ι
797 777 933 841 Quia
958 776 1201 831 charitas
1228 776 1347 831 Dei.
1382 794 1399 828 ι
1435 777 1504 831 Et
1530 778 1698 840 unde,
1721 777 1923 845 inquit,
1960 777 2312 830 manifestum

735 884 824 925 cst
853 870 999 938 quod
1026 872 1172 925 Deus
1214 871 1290 924 ibi
1341 870 1571 925 daturus
1605 870 1676 924 sit
1705 870 1867 924 nobis
1895 870 2080 923 bona?
2118 868 2317 923 Unde?

732 960 810 1013 Ex
842 960 927 1013 his
959 976 1080 1029 qua:
1103 960 1192 1013 hic
1225 959 1398 1015 dedit.
1424 958 1566 1024 Quid
1589 969 1772 1013 autem
1803 958 2000 1013 dedit?
2029 957 2318 1027 Spiritum,

746 1049 847 1113 ait,
887 1051 983 1119 qui
1016 1066 1082 1104 ex
1123 1049 1241 1103 sola
1268 1049 1365 1103 Dei
1397 1048 1696 1103 dilectione
1722 1064 1828 1118 qua
1872 1062 1975 1101 nos
2005 1046 2218 1110 dilexit,
2263 1047 2319 1100 in

734 1158 840 1197 nos
859 1142 1215 1215 supervenit;
1248 1157 1429 1211 neque
1447 1142 1596 1197 enim
1623 1158 1723 1195 nos
1748 1140 1990 1209 propriis
2010 1138 2173 1193 bonis
2187 1155 2320 1208 epe-

2415 595 2851 663 ὲπεσπασσὶμεθα
2893 596 2989 663 τὴν
3026 595 3184 664 χάριν
3224 593 3319 646 τοῦ
3364 592 3701 662 Πνεύματος.
3738 608 3757 641 t
3801 590 3999 643 Ἐκκὲ-

2416 705 2592 757 χυται.
2635 706 2652 737 ι
2696 688 2888 751 Καλῶς
2918 688 2975 740 δὲ
3024 688 3122 757 τὴν
3150 688 3371 756 ἀγάπην
3425 685 3517 739 τοῦ
3546 684 3706 746 Θεοῦ,
3733 684 3764 754 ἦ
3793 686 3940 736 ἐστιν
3965 684 4004 751 ἡ

2416 778 2563 841 δόσις
2631 778 2724 831 τοῦ
2799 779 3155 849 Πνεύματος,
3224 774 3379 831 εἶπεν
3442 775 3821 845 ἐκκεχύσθαιξ,
3884 769 4004 827 οἷον

2418 870 2653 938 δαψιλῶς
2710 870 2975 925 δεδόσθαι.
3039 889 3057 922 t
3128 869 3219 922 Ἐν
3264 872 3387 932 ταῖς
3441 869 3693 939 καρδίαις
3745 866 3924 937 ἡμῶν.
3978 885 3996 914 ι

2420 962 2603 1032 Νοητὴ
2664 962 2772 1030 γὰρ
2853 964 2885 1030 ή
2948 963 3220 1030 ἐνοίκησις
3284 962 3377 1014 τοῦ
3458 961 3833 1032 προσκυνητοῦ
3902 962 4006 1012 καὶ

2424 1053 2709 1121 τρισαγίου
2758 1054 3112 1124 Πνεύματος,
3164 1056 3256 1106 καὶ
3306 1053 3381 1124 νῷ
3448 1055 3594 1125 μόνῳ
3653 1053 3749 1107 καὶ⁹
3803 1054 4007 1123 καρδία

2426 1140 2629 1210 ἳηπτή.

736 1235 896 1290 ribus
919 1232 1161 1304 Spiritus
1191 1232 1425 1303 gratiam
1476 1232 1822 1285 attraximus.
1865 1248 1890 1317 ι.
1919 1227 2107 1284 Eﬂ‘usa
2155 1238 2260 1283 est.
2294 1248 2311 1278 ι
2360 1230 2593 1284 ΡιιΙιἸΙΓΟ
2626 1239 2809 1285 autem
2850 1232 2926 1287 ait
2988 1231 3083 1285 Dei
3138 1231 3512 1298 dilectionem,
3597 1234 3718 1303 quae
3765 1233 4014 1302 Spiritus

737 1324 943 1379 donum
965 1323 1327 1388 est,ell'usam
1361 1321 1634 1384 esse,hoe
1696 1330 1783 1375 est
1820 1320 2047 1391 largiter
2114 1318 2394 1372 donatam.
2444 1339 2460 1369 ι
2499 1321 2555 1373 In
2613 1322 2876 1375 cordibus
2927 1320 3154 1376 nostris.
3192 1340 3209 1372 ι
3272 1321 3666 1376 lntellcc'ualis
3722 1325 3867 1377 enim
3920 1333 4011 1377 est

735 1418 1005 1473 adorandi
1092 1416 1537 1485 sanctissimique
1621 1414 1864 1486 Spiritus
1939 1416 2310 1480 inbabitatio,
2389 1432 2620 1486 quzeque
2700 1417 2814 1470 sola
2899 1425 3083 1471 mente

701 1505 710 1513 ’
739 1521 847 1566 tttr.

808 1605 875 1667 ν,
915 1604 969 1668 6,
1004 1606 1055 1659 7.
1093 1603 1335 1659 Christus
1390 1607 1552 1669 enim,
1588 1620 1706 1656 cum
1740 1603 1910 1655 adhuc
1957 1617 2187 1656 essemus
2236 1602 2324 1655 in-

736 1696 882 1763 ﬁrmi
909 1695 1195 1748 secundum
1222 1704 1447 1763 tempus,
1477 1711 1571 1764 pro
1592 1694 1767 1761 impiis
1793 1701 2031 1747 mortuus
2060 1701 2156 1747 est.
2182 1692 2321 1746 Nam

739 1789 826 1839 via:
858 1803 952 1856 pro
976 1788 1125 1857 justo
1148 1788 1263 1856 quis
1312 1787 1538 1839 mori-tur
1573 1802 1591 1850 ;
1623 1802 1718 1855 pro
1758 1784 1893 1839 bona
1921 1784 2179 1855 siquidem
2211 1784 2320 1853 for-

738 1881 881 1933 sitan
908 1878 1102 1949 aliquis
1137 1879 1294 1931 audet
1324 1879 1483 1931 etiam
1509 1879 1666 1930 mori.

806 1970 943 2024 Cum
974 1970 1307 2024 sanctissimi
1353 1969 1593 2038 Spiritus
1626 1968 1830 2022 donum
1855 1968 2085 2023 dixisset
2137 1976 2317 2022 trans-

741 2060 887 2115 ferre
927 2062 1113 2114 nosin
1164 2061 1359 2123 Deum,
1416 2060 1520 2114 tria
1577 2060 1735 2130 ponit
1776 2076 1897 2129 quae
1934 2060 2316 2115 excellentiam

738 2152 1039 2207 ostendant
1066 2153 1271 2206 amoris
1292 2152 1387 2206 Dei
1416 2167 1544 2219 erga
1588 2167 1709 2216 nos,
1753 2152 2029 2221 simulque
2084 2152 2321 2221 probent

740 2245 861 2314 ejus
910 2244 963 2297 in
1014 2253 1299 2313 posterum
1364 2242 1768 2312 providentiam
1822 2258 1885 2297 ac
1925 2243 2317 2313 benignitatem

737 2352 867 2406 erga
894 2337 1164 2391 homines.
1204 2338 1325 2390 llaec
1345 2346 1527 2390 autem
1564 2336 1662 2389 tria
1693 2353 1759 2390 ex
1786 2351 1853 2391 eo
1869 2336 1986 2391 solo
2009 2336 2157 2407 quod
2186 2336 2320 2391 sub-

734 2430 989 2500 jungitur
1025 2429 1277 2493 assumit,
1308 2429 1568 2483 videlicet
1591 2431 1658 2484 ab
1687 2431 1797 2485 illis
1834 2430 1982 2484 circa
2015 2446 2139 2501 qua:
2178 2429 2321 2483 facta

738 2532 823 2576 est
852 2520 1058 2575 amoris
1085 2520 1507 2575 demousuatio.
1539 2522 1674 2576 Nam
1701 2532 1833 2575 sunt
1858 2538 2079 2576 rursum
2131 2532 2185 2575 et
2216 2522 2321 2575 alia

739 2627 806 2665 ex
834 2626 901 2665 eo
925 2620 1142 2679 sumpta
1169 2610 1496 2679 quidilexit,
1542 2613 1746 2681 quibus
1791 2612 1956 2687 etiam
2007 2612 2323 2665 dileetionis

742 2703 1072 2757 exctllcntia
1118 2702 1275 2772 261
1307 2703 1587 2770 profertur
1642 2718 1706 2756 ac
1756 2704 2116 2757 constituitur
2150 2721 2163 2756 :
2192 2712 2321 2773 puta

742 2791 1069 2861 virginalem
1120 2790 1459 2844 inhabitasse
1498 2802 1743 2855 uterum,
1798 2802 1855 2846 et
1896 2808 2115 2846 carnem
2153 2810 2217 2844 ex
2258 2808 2321 2845 ea

742 2884 1065 2951 Sumpsisse,
1094 2882 1474 2952 legistatorem
1498 2883 1667 2936 etiam
1695 2882 2021 2937 obsecutum
2050 2883 2218 2937 fuisse
2245 2884 2323 2937 le-

745 2976 828 3045 gis
861 2974 1173 3044 prteceplis.

818 3067 1026 3121 Deinde
1064 3070 1432 3124 contumelias
1486 3085 1731 3139 quoque,
1768 3069 2019 3140 injurias,
2050 3079 2107 3124 et
2141 3070 2326 3139 alapas

742 3159 1095 3214 sustinuisse:
1115 3163 1373 3231 quodque
1392 3162 1641 3215 omnium
1657 3171 1823 3231 caput
1847 3170 1953 3225 est,
1977 3177 2144 3216 cruce
2178 3177 2323 3213 mor-

3182 1431 3248 1470 ac
3320 1417 3487 1471 corde
3565 1420 4007 1488 comprehcndi-

2503 1600 2631 1651 Ἔτι
2672 1596 2781 1667 γὰρ
2814 1596 3089 1664 Χριστὸς,
3115 1595 3303 1650 ὄντων
3344 1594 3513 1665 ἡμῶν
3547 1595 3822 1650 ἀσθενῶν
3857 1600 4013 1650 κατὰ

2424 1691 2660 1757 καιρὸν,
2692 1688 2845 1756 ὑπὲρ
2874 1688 3111 1741 ἀσεϐῶν
3155 1688 3416 1742 ἀπέθανε
3443 1704 3456 1718 ·
3494 1690 3671 1755 μόλις
3705 1689 3813 1755 γὰρ
3858 1690 4015 1755 ὑπὲρ»

2418 1782 2654 1834 δικαίου
2681 1798 2768 1845 τις
2799 1780 3205 1834 ἀποθανεῖται.
3249 1779 3430 1846 ’Υπὲρ
3466 1779 3575 1846 γὰρ
3616 1779 3723 1832 τοῦ
3750 1780 4008 1847 ἀγαθοῖο,

2350 1900 2388 1953 Β
2417 1872 2570 1940 τάχα
2603 1888 2692 1937 τις
2713 1872 2807 1924 καὶ
2841 1870 3031 1940 τολμᾷ
3060 1871 3407 1925 ἀποθανεῖν.

2492 1962 2695 2036 [ΦΩΤ.]
2732 1963 2917 2016 Εἰπὼν
2948 1964 3044 2016 τοῦ
3082 1964 3353 2032 παναγίον
3390 1964 3707 2033 Πνεύματος
3739 1966 3835 2032 τὴν
3863 1964 4019 2015 δοσιν

2424 2056 2774 2124 μεταϐαίνειν
2802 2055 2882 2118 εἰς
2903 2057 2991 2107 τον
3021 2055 3173 2119 Θεὸν,
3202 2056 3326 2125 τρὶα
3354 2056 3532 2125 siina:
3563 2058 3662 2124 τὴν
3704 2056 4017 2126 ὑπερϐολὴν

2420 2146 2703 2201 δεικνύντα
2725 2149 2821 2217 τῆς
2850 2149 3070 2219 ἀγάπης
3093 2148 3187 2200 τοῦ
3214 2147 3371 2212 Θεοῦ,
3407 2152 3499 2200 καὶ
3528 2149 3640 2217 ἃμα
3674 2148 4021 2201 συνιστῶντα

2423 2240 2518 2293 καὶ
2546 2240 2646 2309 τὴν
2677 2242 2759 2302 εἰς
2787 2240 2843 2291 τὸ
2875 2239 3065 2291 ἔπειτα
3090 2239 3257 2292 αὑτοῦ
3291 2240 3551 2309 πρόνοιαν
3583 2242 3673 2291 καὶ
3708 2241 4022 2309 φιλανθρω-

2426 2332 2573 2385 πίαν.
2608 2330 2794 2383 Ταῦτα
2820 2332 2875 2384 δὲ
2900 2332 2967 2383 τὰ
2993 2332 3141 2401 τρία,
3170 2331 3279 2384 ἀπὸ
3321 2333 3484 2401 μόνον
3531 2332 3865 2400 λαμὸᾱινεται
3920 2333 4021 2384 τοῦ

2424 2425 2811 2494 ὑποκειμένου,
2855 2426 2973 2495 ἤτοι
3032 2423 3090 2489 ἐξ
3134 2424 3381 2488 ὲκεῐνων,
3436 2427 3563 2494 περὶ
3591 2424 3624 2477 Ξι
3658 2425 3755 2489 τῖς
3790 2427 4023 2491 ἀγάπης

2424 2516 2723 2580 ἀπόδειξις.
2765 2517 2918 2568 Ἑπεὶ
2946 2515 3062 2567 ἐστὶ
3108 2517 3203 2568 καὶ
3228 2516 3363 2568 ἄλλα
3416 2518 3579 2569 πάλιν
3614 2517 3673 2581 ἐξ
3720 2517 3882 2569 αὑτοῦ
3914 2517 4020 2569 τοῦ

2424 2605 2838 2675 ἀγαπήσαντος,
2885 2604 2951 2656 δι’
2977 2600 3054 2656 ὧν
3095 2604 3257 2657 πάλιν
3292 2607 3323 2671 ὴ
3362 2606 3636 2675 ὑπερϐολὴ
3665 2606 3763 2673 τῆς
3797 2610 4027 2675 ἀγαπή-

2428 2714 2566 2759 σεως
2600 2696 2911 2748 συνίσταται
2939 2696 3032 2748 καὶ
3065 2698 3400 2768 παρίσταται
3426 2715 3438 2728 ·
3470 2694 3581 2750 οἷον
3614 2701 3743 2750 αὐτὸ
3780 2700 3841 2751 τὸ
3870 2716 4028 2768 παρ-

2426 2786 2642 2857 θενικὴν
2677 2788 2958 2856 ἐνοικῆσαι
2991 2789 3228 2857 μήτραν,
3280 2792 3374 2841 καὶ
3410 2792 3761 2860 σαρκωθῆναι
3824 2792 3884 2854 ἐξ
3919 2794 4028 2843 αύ-

2422 2882 2560 2948 τῆς·
2597 2879 3048 2950 ὑπηρετήσασθαί
3103 2897 3159 2933 τε
3194 2884 3310 2945 ταῖς
3360 2884 3500 2936 κατὰ
3549 2885 3728 2954 νόμων
3776 2884 4026 2943 ἐντολαῖς

2426 2972 2518 3024 τὸν
2551 2971 2871 3041 νομοθέτην.

2500 3059 2631 3116 Εἶτα
2658 3064 3052 3135 ἀτιμασθῆναι,
3106 3066 3451 3137 ὑϐρισθῆναι,
3510 3067 3882 3139 ῥαπισθῆναί,
3922 3072 4027 3122 καὶ

2430 3154 2515 3223 (τὸ
2538 3156 2858 3225 κεφάλαιον)
2893 3154 2979 3209 διὰ
3026 3157 3264 3227 σταυροῦ
3316 3158 3717 3229 θανατωθῇναι.
3762 3160 3931 3221 Λύτος
3965 3162 4025 3213 δὲ

743 3259 854 3305 tem
890 3253 1207 3320 oppetiisse.
1256 3254 1377 3322 ipse
1413 3269 1550 3308 vero
1570 3254 1867 3323 Apostolus
1896 3254 1982 3307 his
2020 3270 2141 3323 qua:
2163 3269 2229 3307 ex
2254 3270 2321 3308 eo

2430 3247 2497 3300 τὰ
2536 3248 2642 3316 μὲν
2679 3250 2744 3301 ὲκ
2793 3248 2886 3301 τοῦ
2935 3249 3323 3319 ἀγαπήσαντος
3362 3251 4025 3320 συγκεφαλαιωσάμενος,

743 3344 887 3397 sumi
926 3354 1179 3413 poterant
1207 3345 1302 3413 qui
1332 3346 1620 3411 dilexerat,
1647 3347 1702 3400 in
1751 3362 2020 3400 summam
2059 3347 2318 3408 redactis,

744 3434 970 3503 solaque
1003 3436 1224 3491 interim
1259 3448 1433 3490 morte
1470 3438 1666 3501 relata,
1697 3437 2217 3505 distinxitilla,qu:e
2252 3435 2321 3487 ab

746 3525 833 3578 his
863 3535 1078 3595 sumpta
1110 3537 1264 3581 erant
1300 3528 1393 3595 qui
1419 3529 1584 3580 amati
1615 3538 1765 3581 sunt.
1791 3526 1888 3581 Hic
1916 3536 2098 3580 autem
2126 3526 2320 3594 hujus-

748 3616 891 3669 modi
913 3619 1164 3671 tractatio
1187 3620 1238 3671 in
1253 3620 1355 3672 hoc
1365 3634 1484 3672 com
1494 3620 1650 3673 moda
1665 3630 1750 3675 est
1764 3619 2046 3689 Apostolo,
2066 3629 2123 3671 ut
2141 3629 2323 3672 osten-

745 3709 839 3761 dat
873 3709 1017 3778 quod
1048 3711 1213 3765 etiam
1240 3714 1468 3781 posthac
1510 3712 1683 3781 magis
1714 3727 1778 3766 ac
1799 3712 1970 3781 magis
1999 3710 2159 3764 nobis
2191 3726 2321 3779 pro-

747 3800 978 3864 videbit,
1012 3819 1221 3871 nosque
1268 3804 1534 3867 tuebitur,
1560 3813 1615 3858 et
1638 3803 1706 3856 ab
1731 3803 1881 3857 omni
1912 3804 1991 3857 ira
2016 3802 2275 3856 liberabit
2307 3819 2319 3853 :

748 3904 863 3945 tum
889 3892 958 3945 ab
979 3910 1044 3947 ea
1083 3911 1203 3963 qua:
1223 3912 1463 3964 praesens
1483 3906 1587 3958 est,
1612 3896 1705 3949 ubi
1734 3895 1785 3949 id
1808 3894 2067 3964 expedire
2100 3894 2322 3959 viderit,

750 3994 863 4038 tum
895 4003 922 4036 a
954 3985 1156 4049 futura,
1193 4003 1315 4056 qua:
1345 4003 1473 4041 vere
1502 3997 1748 4042 extrema
1784 3988 1863 4039 ira
1903 3998 2007 4041 est.
2040 3986 2165 4039 Tria
2195 4002 2325 4041 vero

746 4089 869 4143 qua:
891 4077 1188 4146 ponitsunt
1206 4079 1350 4133 haec:
1377 4080 1612 4146 Infirmi,
1640 4079 2096 4149 inquit,eramus,
2121 4078 2323 4132 infirmi

750 4180 884 4217 vero
915 4182 1022 4219 non
1045 4178 1261 4231 natura,
1297 4168 1391 4223 sed
1427 4170 1649 4239 propria
1681 4178 1864 4223 mente
1888 4185 1952 4223 ac
1981 4169 2323 4239 operatione.

752 4256 941 4324 Itaque
978 4258 1183 4312 inﬁrmi
1237 4275 1480 4325 eramus,
1524 4263 1810 4330 nmltoquc
1846 4261 2005 4314 nobis
2038 4276 2178 4331 Opus
2209 4270 2327 4315 erat

749 4346 979 4399 auxilio.
1016 4346 1120 4401 Sed
1153 4360 1206 4403 et
1262 4350 1416 4419 impii
1455 4367 1679 4405 eramus
1717 4370 1730 4405 :
1772 4352 1924 4405 illum
1965 4352 2059 4421 qui
2117 4352 2329 4405 laturus

749 4444 868 4489 erat
897 4438 1159 4492 auxilium
1194 4442 1616 4508 repellebamus,
1646 4443 1768 4496 aliis
1800 4443 2024 4512 quidem
2056 4443 2330 4497 adoratio-

755 4540 878 4577 nem
919 4528 1305 4592 attribuentcs,
1342 4531 1519 4600 ipsum
1548 4548 1679 4587 vero
1728 4533 1948 4602 injuriis
2006 4532 2327 4594 adicientes,

752 4616 956 4685 quibus
983 4620 1192 4675 inimici
1220 4637 1284 4676 ac
1315 4623 1502 4677 hostes
1527 4626 1708 4694 appeti
1742 4626 1940 4679 solent.
1993 4624 2190 4679 Omnia
2228 4624 2328 4693 igi-

753 4720 843 4763 tur
869 4722 1055 4765 uostra
1080 4715 1240 4783 plena
1270 4724 1429 4770 erant
1462 4717 1668 4786 inopia.
1703 4718 1837 4771 Nam
1869 4718 1935 4779 si.
1973 4734 2098 4771 cum
2127 4716 2328 4770 inﬁrmi

752 4817 999 4858 essemus
1026 4817 1079 4858 et
1104 4806 1454 4875 impotentes,
1502 4818 1561 4861 ut
1595 4809 1663 4863 ab
1708 4809 2037 4879 aegritudine
2076 4824 2329 4880 surgere-

756 4912 900 4959 mus,
940 4896 1112 4950 multo
1138 4898 1438 4968 egchamus
1488 4898 1694 4953 auxilio
1738 4916 1750 4951 :
1783 4898 2167 4952 auxiliatorem
2199 4915 2332 4953 vero

752 4983 919 5038 illatis
975 4985 1192 5053 injuriis
1241 4988 1641 5057 repuleramus,
1702 4980 1845 5042 anne
1893 4987 1961 5041 ad
2026 4997 2329 5041 extremam

753 5074 1117 5144 indigentiam
1160 5087 1346 5132 nostra
1380 5080 1599 5135 redacta
1640 5081 1844 5135 erant?
1883 5081 2153 5135 Praeterea
2201 5097 2327 5149 pec-

753 5174 981 5228 catores,
1011 5166 1209 5235 inquit,
1245 5182 1494 5236 enamus,
1529 5180 1587 5225 et
1616 5171 1729 5225 vita
1781 5171 1954 5241 magis
1986 5171 2053 5226 ad
2110 5173 2325 5243 lapsum

756 5254 1031 5317 trahebat,
1052 5272 1150 5309 nec
1169 5258 1507 5312 revalescere
1535 5260 1909 5328 permittebat.
1926 5261 2023 5315 His
2054 5262 2126 5315 ita
2144 5277 2203 5315 sc
2233 5263 2331 5315 ha-

755 5344 1041 5409 bentibus.
1074 5362 1312 5417 cumque
1357 5351 1541 5403 omnis
1563 5350 1878 5421 desperatio
1901 5353 2141 5418 adesset,
2199 5362 2331 5408 tunc

755 5435 935 5491 bonus
964 5437 1055 5491 ille
1089 5437 1374 5494 hominum
1404 5451 1619 5495 amator
1650 5442 1747 5496 Dei
1778 5443 1977 5509 Filius,
2014 5452 2071 5499 et
2120 5461 2223 5499 nos
2253 5446 2331 5500 di-

754 5526 891 5583 lexit
918 5538 973 5581 et
1004 5529 1245 5583 animam
1272 5547 1371 5600 pro
1405 5533 1568 5587 nobis
1588 5534 1794 5602 posuit.
1831 5534 1991 5600 Quod
2014 5535 2061 5589 si
2096 5545 2226 5591 tunc
2251 5537 2333 5591 in-

756 5620 1006 5673 numeris
1037 5621 1196 5674 malis
1224 5621 1514 5688 obnoxios,
1545 5625 1756 5695 quique
1802 5625 1858 5679 in
1895 5641 2116 5681 omnem
2155 5630 2331 5697 turpi-

758 5712 1010 5766 tudinem
1055 5730 1119 5768 ae
1144 5715 1448 5771 lmditatcm
1487 5719 1880 5785 incideramus,
1941 5721 2107 5775 etiam
2145 5722 2336 5779 dilexit

758 5821 881 5869 nos,
913 5816 970 5859 et
994 5806 1063 5862 ab
1097 5807 1412 5866 inlirmitate
1442 5812 1618 5867 erexit
1640 5827 1701 5868 ac
1735 5813 2039 5881 roboravit,
2068 5832 2168 5871 suo
2198 5833 2328 5872 san-

2430 3340 2522 3392 καὶ
2551 3340 2643 3394 τὸν
2671 3340 2898 3397 θάνατον
2921 3343 3081 3411 μόνον
3103 3344 3238 3405 τέως
3269 3343 3461 3408 εἰπὼν,
3489 3345 3556 3396 τὰ
3596 3346 3705 3396 ἀπὸ
3738 3345 3845 3396 τῶν
3878 3349 4029 3413 ἀγα-

2430 3432 2713 3502 πηθέντων
2759 3434 2944 3500 διεῖλε,
2988 3436 3351 3506 συντελούσης
3424 3437 3576 3505 αύτῷ
3624 3437 3859 3490 ἐνταῦθα
3914 3439 4027 3508 τῆς

2428 3526 2685 3595 τοιαύτης
2734 3529 3183 3596 μεταχειρίσεως,
3221 3530 3298 3591 εἰς
3334 3530 3393 3581 τὸ
3419 3531 3499 3581 ὅτι
3526 3529 3604 3581 ἔτι
3638 3530 3732 3581 καὶ
3761 3530 3841 3582 ἔτι
3880 3548 4024 3600 προ-

2429 3615 2703 3683 νοήσεται,
2739 3618 2831 3668 καὶ
2886 3617 3239 3687 ὑπερασπιεῖ,
3278 3619 3372 3671 καὶ
3433 3619 3657 3688 ῥύσεται
3712 3621 3776 3671 ἐκ
3834 3623 4027 3692 πάσης

2428 3706 2623 3775 ὀργῆς,
2650 3707 2748 3777 τῆς
2788 3725 2848 3760 τε
2882 3710 3164 3779 παρούσης
3194 3711 3284 3763 ὅτε
3336 3710 3495 3763 τοῦτο
3550 3712 3829 3784 συμφέρον
3882 3710 4025 3784 οἶδε,

2431 3799 2527 3851 καὶ
2582 3797 2683 3865 τῆς
2740 3798 3040 3869 μελλούσης
3079 3803 3204 3872 ἥτις
3255 3802 3406 3853 ἐστὶν
3437 3803 3513 3864 ὡς
3551 3802 3766 3867 ἀληθῶς
3810 3806 4023 3874 ἐσχάτη

2432 3890 2670 3962 ὀργή.“Α
2689 3890 2745 3941 δὲ
2772 3891 2953 3961 τίθησι
2974 3893 3099 3962 τρία
3129 3892 3301 3946 ταῦ-εὶ
3334 3896 3500 3945 ἐστιν·
3534 3895 3826 3961 Ἃσθενεῖς
3849 3892 4022 3966 ἦμεν,

2433 3982 2618 4054 φησὶν,
2652 3983 2894 4045 ἀσθενεῖς
2920 3985 2997 4050 δὲ,
3048 3986 3146 4037 οὐκ
3178 3989 3239 4037 ἐκ
3297 3985 3533 4055 φύσεως,
3562 3986 3675 4038 ἀλλ’
3718 3987 3775 4052 ἐξ
3805 3990 4025 4053 οἰκείας

2432 4077 2659 4146 γνώμης
2697 4078 2790 4130 καὶ
2823 4076 3093 4145 πράξεως.
3139 4078 3405 4140 ’Δσθενεῖς
3434 4074 3527 4130 οὖν
3560 4074 3721 4147 ἦμεν,
3760 4082 3853 4131 καὶ
3888 4084 4028 4133 πο).-

2434 4167 2532 4237 λῆς
2579 4167 2830 4238 βοηθεέας
2885 4167 3210 4238 ἐχρῄζομεν.
3260 4169 3418 4221 Ἀ).ὶὰ
3452 4172 3544 4222 καὶ
3572 4170 3809 4235 ἀσεϐεῖς
3850 4167 4025 4240 ἦμεν,

2436 4261 2597 4313 αὐτὸν
2621 4260 2710 4313 τὸν
2735 4260 2996 4328 μέλλοντα
3026 4260 3238 4329 βοηθεῖν
3260 4260 3650 4328 ἀπωθούμεθα,
3677 4264 3885 4333 ἑτέροις
3914 4266 4025 4332 μὲν

2436 4352 2497 4404 τὸ
2535 4350 2697 4413 σέϐας
2729 4353 3161 4421 προσάπτοντες,
3217 4352 3365 4421 αύτῴ
3402 4353 3478 4413 δὲ,
3519 4352 3733 4424 ἐχθροῖς
3796 4356 3883 4406 ῖσα
3924 4356 4028 4407 καὶ

2439 4440 2740 4510 πολεμίοις,
2772 4443 3167 4512 ἐνυϐρίζοντες.
3201 4442 3411 4495 Ούκοῦν
3434 4444 3615 4513 ἄπορα
3659 4446 3836 4497 πάντα
3874 4446 4029 4514 εῖχε-

2446 4549 2542 4602 μεν
2573 4534 2642 4587 τὰ
2674 4534 2937 4603 ἡμέτερα.
2999 4534 3062 4586 Εἰ
3098 4534 3204 4601 γὰρ
3251 4534 3404 4585 αὐτοὶ
3444 4536 3542 4602 μὲν
3610 4535 3877 4599 ἀσθενεῖς,
3923 4538 4025 4589 καὶ

2439 4624 2690 4677 ἀδύνατοι
2718 4624 3015 4692 ἀναστῆναι
3040 4624 3132 4675 τοῦ
3179 4626 3504 4693 νοσήματος,
3555 4625 3750 4694 πολλῆς
3783 4625 3837 4677 δὲ
3888 4632 4025 4695 βοτρ-

2441 4716 2591 4777 θείας
2619 4715 2885 4784 δεόμενοι,
2912 4716 3001 4767 τὸν
3033 4715 3224 4786 βοηθὸν
3247 4716 3625 4785 ἐνυϐρίσαντες
3651 4718 4022 4784 ἀπωσαμεθα,

2442 4808 2556 4871 πῶς
2583 4808 2682 4859 οὐκ
2716 4808 2795 4870 εἰς
2827 4809 3053 4876 ἔσχατον
3109 4808 3338 4876 ἀπορίας
3396 4811 3461 4859 τὰ
3523 4809 3806 4877 ἡμετερας
3862 4806 4023 4875 Εἶτα,

2440 4894 2575 4948 ἀλλά
2599 4897 2963 4964 ἁμαρτωλοί,
3019 4896 3172 4965 φησὶ,
3231 4897 3327 4949 καὶ
3379 4897 3405 4947 ὁ
3444 4898 3574 4965 βέος,
3614 4899 3767 4965 φησὶ,
3813 4899 4024 4967 pii)!»

2442 4985 2728 5037 καθεῖλκεν
2755 4985 2847 5037 ἐπὶ
2875 4986 2936 5037 τὸ
2963 4986 3184 5053 πτῶμα,
3215 4986 3309 5038 καὶ
3343 4987 3657 5053 ἀνενεγκεῖν
3692 4987 3751 5037 ού
3780 4991 4025 5057 συνεχά-

2438 5093 2542 5146 ρει.
2570 5076 2756 5139 υῦτως
2782 5078 2837 5130 δὲ
2859 5078 3113 5147 ἐχόντων,
3144 5078 3237 5128 καὶ
3279 5078 3458 5146 πάσης
3487 5077 3840 5146 ὑπαρχούσης
3886 5081 4024 5133 ἀπε-

2437 5167 2713 5231 γνώσεως,
2744 5168 2866 5220 τότε
2907 5168 3071 5230 αὐτὸς
3122 5170 3149 5219 ὁ
3182 5169 3406 5236 ἀγαθὸς,
3457 5171 3484 5221 ὀ
3526 5168 3935 5238 φιλάνθρωπος,
3990 5174 4020 5223 ὀ

2436 5261 2528 5313 τοῦ
2561 5261 2697 5313 Θεοῦ
2734 5261 2889 5323 Παῖς,
2926 5261 3019 5313 καὶ
3048 5263 3325 5330 ἡγάπησε,
3375 5262 3469 5312 καὶ
3515 5263 3612 5331 τὴν
3640 5262 3817 5331 ψυχὴν
3848 5264 4019 5315 αὐτοῦ

2439 5352 2578 5421 ὑπὲρ
2617 5352 2772 5422 ἡμῶν
2796 5353 3057 5405 τέθεικεν.
3082 5355 3141 5405 Ei
3174 5353 3230 5405 δὲ
3260 5354 3379 5405 τότε
3418 5354 3633 5422 μυρίοις
3663 5355 4020 5423 ἐνεχομένους

2438 5446 2649 5507 κακοῖς,
2681 5444 2774 5497 καὶ
2801 5446 2883 5507 εἰς
2933 5444 3174 5514 παντελῆ
3206 5445 3593 5515 ἀσχημοσύνην
3634 5448 3727 5497 καὶ
3789 5448 4019 5516 αἰσχρί-

2430 5555 2569 5607 τητα
2594 5538 3025 5607 κατηντηκότας,
3060 5538 3154 5591 καὶ
3183 5538 3461 5607 ἠγάπησε,
3489 5540 3583 5590 καὶ
3604 5539 3701 5607 τῆς
3724 5538 4015 5602 ἀσθενείας

2431 5630 2716 5698 ἀνέστησε.
2778 5629 2871 5681 καὶ
2927 5629 3272 5699 ἐδννάμωσεο
3333 5630 3393 5681 το
3428 5630 3591 5683 αὐτοῦ
3626 5631 3822 5701 λύτρον
3870 5635 4015 5703 ὑπὲρ

2434 5722 2587 5789 ἡμῶν
2610 5721 2855 5781 δεδωκὼς
2893 5716 3029 5789 αἷμα
3056 5763 3070 5786 ,
3128 5721 3306 5790 πη.)ιῇ
3341 5724 3543 5790 μᾶλλον
3584 5725 4011 5793 οἰκειωσάμενος

2437 5815 2530 5869 καὶ
2554 5815 2871 5881 δικαιώσας,
2907 5816 2998 5869 καὶ
3031 5818 3396 5885 προστήσεται
3426 5818 3514 5868 καὶ
3539 5817 3887 5887 ἀντιλήψεται
3919 5819 4011 5871 καὶ
