4196 6468
151 394 253 449 Alii

1183 393 1572 457 COMMENT.
1615 394 1692 452 IN
1738 393 1976 457 EPIST.
2024 400 2122 458 AD
2165 399 2339 459 ROM.

3294 396 3404 458 ιιι

152 505 507 575 ὑπιρασπιεῖ,
558 506 646 559 ὅτε
682 506 819 575 μήτε
854 505 1009 575 χρεία
1043 505 1225 559 θανεῖν
1256 510 1437 571 αὑτὸν,
1475 510 1613 577 μήτε
1648 506 1709 559 οὗ

1843 509 2005 576 guiue
2045 527 2143 580 pro
2170 514 2330 567 nobis
2358 514 2410 567 iu
2458 513 2896 582 redemptionem
2953 509 3151 567 tradita
3193 528 3204 565 :
3247 512 3420 566 multo

150 597 357 660 τωςὼς
409 598 677 669 πρότερον
728 601 805 659 εἰς
853 597 1167 668 ἀρρωστίαν
1199 600 1291 651 καὶ
1346 599 1734 667 ἀσχημοσύνην

152 689 607 760 κατηνέχθημενο
662 691 800 744 ἀλλὰ
861 692 934 759 μὴ
982 690 1026 742 6‘
1060 690 1224 743 αὑτὸν
1256 690 1617 759 ἀπωσάμεθα,
1674 691 1735 742 τὸ

154 781 318 844 σέϐας
349 782 562 850 ιτέροις
593 784 966 852 περιθέμενοι.
1000 782 1075 834 Οὐ
1107 783 1212 851 χρὴ
1246 782 1539 850 τοιγαροῦν
1562 782 1616 834 ἐν
1649 782 1728 835 δι-

153 872 385 943 σταγμῷ
414 874 515 943 τὴν
544 874 734 926 ἐλπίδα
770 872 876 925 τῶν
920 875 1346 943 ἐπηγγελμένων
1402 874 1568 942 ἔχειν,
1598 873 1734 925 ἀλλὰ

152 964 402 1034 βεϐαίαν.
433 966 525 1017 καὶ
549 964 622 1025 ὡς
647 965 926 1034 παρόντων
951 966 1060 1017 τῶν
1077 966 1299 1033 ἀγαθῶν
1330 965 1471 1017 οὕτω
1499 966 1731 1034 χαίρειν,

150 1057 241 1107 καὶ
270 1054 524 1120 δοξάζειν
551 1056 641 1107 τὸν
659 1054 1127 1121 ἐπαγγειλάμενον
1154 1055 1246 1107 καὶ
1272 1052 1577 1121 παρέξοντα
1602 1053 1735 1105 πάν-

149 1163 275 1208 τως.
316 1146 527 1215 Κύριον
573 1146 730 1216 ἡμῶν
766 1147 858 1199 καὶ
886 1147 1037 1201 Θεόν.
1070 1147 1145 1199 Οὐ
1168 1145 1274 1215 γὰρ
1302 1145 1460 1215 μόνον
1503 1144 1610 1198 ἀπὸ
1639 1145 1734 1213 τῆς

150 1240 322 1310 ὁρτῆς
378 1242 545 1295 σώσει
598 1243 764 1310 ἡμᾶς,
817 1242 950 1295 ἀλλὰ
1012 1241 1231 1309 καὶτῆς
1273 1241 1526 1310 οὐρανίου
1577 1236 1734 1305 δόξης

150 1334 403 1396 ἀξιώσει.
442 1352 460 1384 ι
493 1334 702 1387 Ὄντων
738 1335 892 1402 ἡμῶν
923 1333 1186 1395 ἀσθενῶν,
1217 1352 1233 1385 ι
1261 1336 1353 1386 καὶ
1379 1334 1445 1386 τὰ
1474 1330 1619 1398 ἑξῆς.
1656 1332 1736 1384 Τὰ

153 1424 423 1492 μέλλοντα
454 1427 869 1492 πιστωσάμενος
902 1427 965 1479 ἐκ
1013 1425 1111 1495 τῆς
1166 1425 1257 1479 τοῦ
1293 1427 1449 1492 ἁγίου
1483 1425 1738 1492 ιῐνεύμα-

148 1532 235 1579 τος
256 1516 493 1586 δωρεᾶς,
533 1515 626 1569 νῦν
661 1519 752 1570 καὶ
787 1520 849 1569 ἐκ
872 1516 965 1570 τοῦ
1001 1517 1231 1570 θανάτου
1256 1518 1347 1571 τοῦ
1378 1516 1611 1586 Χριστοῦ
1651 1534 1737 1567 πι-

153 1608 400 1662 στοῦται.
437 1609 498 1661 El
528 1608 657 1679 γὰρ.
707 1610 895 1677 φησιν,
949 1610 1089 1677 ὑπὲρ
1120 1609 1309 1679 ἀνδρὸς
1332 1608 1589 1679 ὲναρέτου
1640 1608 1739 1660 οὐκ

150 1697 212 1751 ἂν
232 1715 319 1761 τις
339 1699 519 1752 ἕλοιτο
539 1700 852 1762 ἀποθανεῖν,
876 1699 1069 1753 σκόπει
1103 1718 1192 1769 μοι
1223 1700 1316 1752 τοῦ
1341 1700 1613 1752 Δεσπότου
1641 1698 1739 1768 τὴν

151 1789 586 1855 ἀγαθόεητα,ὄτι
614 1790 702 1841 τὸν
732 1790 855 1841 Υἰὸν
884 1790 1024 1858 ὑπὲρ
1046 1790 1258 1843 ἀοιδῶν
1280 1789 1443 1841 ἔδωκε
1471 1792 1534 1856 τῇ
1556 1790 1735 1858 ἀμαρο

1841 599 2013 667 magis
2040 616 2161 653 cum
2186 618 2285 655 nos
2308 602 2411 655 sibi
2445 603 2724 662 asciverit.
2760 618 2823 656 ac
2848 601 3259 672 justiﬁeaverit,
3290 610 3413 656 tue-

1841 688 2010 747 bitur.
2047 689 2305 744 defendet
2336 707 2398 745 ac
2421 700 2667 762 proteget
2707 710 2719 746 :
2748 706 2873 746 cum
2899 707 3078 758 neque
3102 693 3173 746 sit
3194 690 3419 747 necesse

1839 788 1898 829 ut
1936 778 2049 846 ipse
2083 780 2352 833 moriatur
2404 801 2415 833 :
2451 799 2630 853 neque
2680 784 2818 837 adeo
2850 792 2911 837 ut
2962 784 3116 851 prius
3176 784 3230 838 in
3265 784 3420 838 inﬁr-

1842 870 2087 923 mitatem
2140 887 2203 925 ac
2256 872 2654 940 impudentiam
2697 875 3087 931 devenerimus
3119 894 3132 930 :
3164 878 3257 931 sed
3316 893 3418 933 nec

1840 961 1992 1015 illum
2035 964 2425 1033 repulerimus,
2457 966 2784 1022 exhibentes
2826 968 2950 1022 aliis
3008 969 3415 1023 adorationem.

1829 1053 2025 1122 Itaque
2076 1071 2183 1110 non
2240 1066 2456 1126 oportet
2497 1058 2552 1111 in
2612 1059 2869 1128 artibiguo
2899 1074 3053 1127 spem
3102 1060 3311 1114 habere
3348 1061 3416 1113 dc

1840 1147 2147 1214 promissis,
2181 1150 2275 1203 sed
2312 1149 2521 1204 ﬁrmam
2553 1166 2728 1221 spem,
2785 1161 2841 1205 et
2866 1152 3033 1206 velut'
3070 1152 3138 1206 de
3170 1167 3416 1221 praesen-

1839 1237 1990 1291 tibus
2019 1237 2182 1292 bonis
2210 1239 2280 1293 ita
2331 1240 2593 1309 gaudere,
2650 1256 2714 1295 ac
2766 1242 2917 1295 illum
2958 1242 3263 1311 gloriﬁcare
3322 1244 3415 1312 qui

1840 1331 2566 1401 promisit,quiqueomnino
2587 1333 2889 1402 praestabit,
2920 1334 3185 1389 Dominus
3216 1350 3415 1404 nempe

1839 1435 1901 1474 ac
1932 1421 2075 1475 Deus
2107 1430 2313 1477 noster.
2342 1423 2503 1494 262
2536 1424 2655 1477 Non
2689 1425 2865 1479 solum
2898 1426 3047 1479 enim
3098 1440 3199 1479 nos
3226 1425 3295 1479 ab
3336 1427 3419 1481 ira

1839 1512 2106 1578 servabit,
2155 1516 2249 1570 sed
2299 1523 2357 1570 et
2414 1516 2624 1572 cmlesti
2686 1518 2860 1587 gloria
2920 1518 3118 1589 dignos
3173 1519 3419 1575 habebit.

1848 1623 1866 1655 ι
1895 1604 2031 1659 Cum
2058 1606 2239 1660 adhuc
2265 1622 2512 1662 essemus
2538 1608 2765 1672 infirmi,
2803 1628 2821 1660 ι
2875 1617 2985 1664 etc.
3020 1610 3319 1679 Postquam
3355 1610 3421 1664 ﬁ-

1840 1696 1963 1749 dem
1994 1696 2061 1752 de
2090 1697 2292 1753 futuris
2318 1714 2384 1753 ex
2415 1698 2654 1768 Spiritus
2688 1700 2861 1756 sancti
2894 1700 3042 1755 dono
3074 1702 3415 1757 corrobora-
3457 1741 3473 1757 κ

1842 1787 1942 1849 vit.
1998 1802 2146 1842 nunc
2203 1788 2369 1842 etiam
2394 1804 2461 1843 ex
2519 1788 2724 1845 Christi
2790 1792 3045 1860 passione
3102 1793 3417 1846 conﬁrmat.

152 1846 252 1949 tia.
291 1897 312 1932 ι
538 1883 727 1949 καιρόν
789 1901 807 1933 ι
844 1913 913 1924 -
944 1846 1283 1953 [(ίΙΚΟΥὺΗ
1313 1846 1567 1935 Τουτέστι
1596 1846 1735 1934 κατὰ

1842 1879 1972 1933 Nam
2001 1880 2044 1932 si
2068 1895 2165 1947 pro
2196 1880 2359 1941 bono,
2393 1882 2593 1948 inquit,
2629 1881 2748 1935 viro
2782 1882 2967 1936 nullus
2994 1883 3131 1936 mori
3169 1884 3421 1952 eligeret,

153 1972 345 2041 καιρὸν
373 1971 655 2043 εὔκαιρον,
697 1975 788 2026 καὶ
821 1974 1167 2046 προσήκοντα⁵
1201 1978 1292 2026 καὶ
1325 1976 1737 2045 προωρισμένον

153 2061 345 2132 καιρὸν
368 2062 467 2115 καὶ
490 2065 700 2134 χρόνον.

217 2341 562 2406 Συνίστησι
594 2339 663 2394 δὲ
705 2340 820 2407 τὴν
852 2340 1070 2395 ἑαυτοῦ
1103 2341 1344 2410 ἀγάπην
1372 2342 1454 2407 εἷς
1499 2339 1656 2409 ἡμᾶς
1705 2343 1738 2396 ό

156 2433 313 2497 Oeric,
372 2431 465 2484 ὅτι
497 2433 585 2485 ἔτι
629 2432 991 2500 ἁμαρτωλῶν
1033 2432 1224 2485 ὄντων
1268 2432 1453 2500 ἡμῶν.
1485 2432 1738 2499 Χριστὸς

153 2523 296 2590 ὑπὲρ
322 2523 500 2591 ἡμῶν
514 2524 794 2578 ἀπέθανε.
831 2524 1044 2590 Πολ.ιῷ
1088 2521 1202 2578 οὖν
1230 2525 1470 2593 μᾶλλον
1501 2526 1737 2580 δικαιω-

154 2615 509 2680 θέντες-νῦν
541 2617 611 2668 ἐν
640 2616 717 2681 τῷ
746 2617 961 2684 αἵματι,
1018 2620 1413 2685 σωθησόμεθα
1441 2617 1518 2670 δι’
1550 2619 1737 2671 αὑτοῦ

154 2706 262 2759 ἀπὸ
297 2706 417 2772 τῆς
452 2705 655 2775 ὁρτῆς.
684 2708 749 2760 El
786 2706 893 2776 γὰρ
926 2706 1123 2775 ἐχθροὶ
1158 2707 1327 2772 ὄντες
1358 2708 1737 2775 κατηλλάγη-

155 2813 258 2862 μεν
282 2797 367 2861 τῷ
414 2797 563 2862 Θεῷ,
617 2798 713 2851 διὰ
742 2799 848 2851 τοῦ
893 2797 1151 2851 θανάτου
1185 2799 1291 2851 τοῦ
1344 2798 1476 2853 Υιοὗ
1525 2799 1732 2863 αὐτοῦ,

157 2888 363 2952 πολλῷ
415 2890 665 2958 μᾶλλον
703 2890 1183 2957 καταλλαγέντες
1234 2890 1627 2958 σωθησόμεθα
1669 2892 1738 2943 ἐν

158 2978 225 3045 τῇ
252 2978 367 3047 ζωῇ
403 2981 615 3033 αὑτοῦ.
646 2984 729 3033 οὐ
757 2984 948 3049 μόνον
985 2982 1073 3044 es,
1107 2983 1268 3035 ἀλλὰ
1300 2982 1395 3036 καὶ
1430 2984 1737 3051 καυχώμε-

157 3086 241 3120 νοι
270 3070 341 3122 ἐν
370 3069 459 3133 τῷ
490 3069 632 3135 Θεῷ,
657 3070 756 3124 διὰ
789 3071 893 3125 τοῦ
917 3072 1137 3139 Kvplov
1159 3072 1327 3139 ἡμῶν
1370 3073 1572 3139 Ἰησοῦ
1600 3077 1735 3141 Χρι-

159 3160 321 3227 στοῦ,
355 3161 438 3212 δι’
462 3159 538 3216 οὗ
571 3162 691 3215 νῦν
718 3162 835 3229 τὴν
854 3164 1247 3231 καταλλαγὴν
1274 3164 1574 3232 ἐλάϐομεν

219 3255 571 3319 Συνίστησι
599 3255 676 3315 δὲ,
700 3255 818 3307 ἀντὶ
842 3255 956 3320 τοῦ,
980 3256 1206 3324 βεϐαιοῖ,
1238 3257 1526 3310 δείκνυσι.«
1554 3259 1739 3326 Πολὶῷ

160 3342 245 3396 οἷν
294 3348 506 3414 μᾶλλον
541 3347 940 3410 δικαιωθέντες.
980 3374 996 3400 ο
1041 3350 1099 3402 Εἰ
1124 3351 1229 3418 γὰρ
1283 3352 1423 3413 τότε,
1461 3352 1645 3419 φησὶν,
1680 3353 1739 3405 οὐ

161 3442 453 3508 περωῖδεν,
486 3442 576 3494 ὅτε
630 3441 722 3494 καὶ
774 3440 1090 3510 ἁμαρτωλοὶ
1130 3438 1291 3510 ἦμεν,
1349 3444 1444 3494 καὶ
1489 3444 1643 3511 χρεία
1674 3439 1742 3511 ἦν

165 3532 289 3599 πρδς
334 3533 399 3584 τὸ
446 3533 624 3584 σῶσαι
685 3534 783 3585 καὶ
816 3534 909 3585 τοῦ
946 3533 1180 3585 θανάτου
1239 3534 1334 3585 τοῦ
1389 3534 1516 3586 Υἱοῦ
1553 3535 1739 3599 αὑτοῦ,

164 3626 307 3695 πόσῳ
338 3626 554 3693 μᾶλλον
576 3623 669 3677 νῦν
697 3626 758 3677 οὐ
788 3624 1039 3694 περιῖδοι,
1073 3624 1206 3676 alia
1226 3625 1409 3687 σώσει,
1443 3625 1530 3678 ὅτε
1560 3627 1745 3694 ἁμαρ-

164 3717 313 3768 τωλοί
340 3719 521 3784 ἐσμεν
565 3715 944 3776 δικαιωθέντες
990 3716 1066 3783 τῷ
1109 3715 1301 3783 αἵματι
1342 3716 1437 3767 τοῦ
1482 3716 1740 3783 Χριστοῦ,

165 3808 276 3859 οὔτε
310 3808 395 3859 ἔτι
432 3807 599 3877 χρεία
629 3806 1008 3875 θανατωθῆναι
1032 3808 1124 3859 τὸν
1144 3807 1267 3859 Υῑδν
1306 3807 1509 3869 autem};
1543 3826 1560 3857 ι
1612 3807 1744 3860 ’Δπὸ

167 3897 255 3965 τῆς
280 3899 475 3966 ὀργῆς.
516 3916 534 3946 ι
567 3898 676 3965 Τῆς
705 3897 1002 3966 μελλούσης
1034 3897 1324 3959 κολάσεως.
1365 3915 1383 3948 t
1428 3898 1515 3949 Ἐν
1535 3899 1599 3966 τῇ
1631 3897 1741 3968 ζωῇ

160 3990 342 4041 αὐτοῦ.
388 4008 408 4039 ι
458 3989 575 4041 Οὐκ
605 3988 685 4040 ἔτι
715 3989 844 4057 γὰρ,
875 3990 1029 4057 φησὶ,
1056 3988 1235 4057 χρεία,
1258 3990 1335 4051 ὡς
1362 3990 1420 4041 τὸ
1459 3990 1741 4059 πρότερον,

168 4080 339 4133 δοῦναι
371 4083 473 4134 τὸν
512 4080 641 4131 γιδν
696 4082 774 4143 ei;
813 4081 1065 4144 θάνατον,
1095 4080 1229 4133 am
1264 4081 1461 4143 ζῶντος
1506 4081 1659 4133 ἔσται
1712 4081 1744 4151 ἠ

170 4175 432 4242 ωτηρέα.
460 4173 631 4225 Οὐδὲν
655 4168 765 4235 οὖν,
792 4174 945 4241 φησὶ,
980 4172 1259 4242 δυσχερές.
1299 4192 1315 4223 ι
1352 4174 1425 4223 Οὐ
1459 4174 1615 4240 μόνον
1665 4173 1741 4234 δὲ,

170 4265 297 4316 ἀλλὰ.
326 4265 422 4316 καὶ
457 4266 805 4332 καυχώμενοι
838 4266 894 4316 ὲν
925 4264 999 4332 τῷ
1027 4264 1166 4331 Θεῳ.
1194 4283 1210 4312 ι
1242 4263 1356 4315 Ἵνα
1392 4265 1464 4332 μὴ
1484 4262 1748 4333 ἐρυθριῶ-

176 4372 263 4422 μιν
291 4358 389 4408 καὶ
424 4356 809 4425 ἁδημονῶμεν,
868 4357 948 4408 ὅτι
982 4356 1235 4407 τοσοῦτον
1281 4355 1585 4422 γεγόναμεν
1616 4356 1745 4406 ἀσε-

174 4448 277 4509 ϐεῖς
303 4447 377 4508 ὡς
419 4448 615 4517 χρείαν
649 4447 901 4512 γενέσθαι
940 4448 1034 4497 καὶ
1064 4446 1156 4497 τοῦ
1209 4445 1440 4497 θανάτου
1471 4445 1564 4497 τοῦ
1617 4445 1745 4497 Υἱοῦ

1842 1970 2126 2024 considera
2154 1971 2284 2023 mihi
2319 1971 2534 2024 Domini
2562 1971 2862 2026 bonitatem
2890 1989 2901 2023 :
2934 1986 3035 2040 pro
3057 1973 3239 2041 impiis
3268 1972 3417 2026 enim

1841 2060 2038 2111 Filium
2071 2068 2298 2127 peccato
2320 2059 2491 2115 dedit.
2531 2078 2549 2111 ι
2582 2060 2896 2115 Secundum
2927 2070 3143 2129 tempus
3178 2080 3195 2111 ι
3222 2059 3424 2115 -Ηοο

1838 2162 1923 2206 est
1949 2162 2255 2221 Opportuna
2289 2168 2351 2207 ac
2407 2153 2760 2209 convenienti
2820 2154 3085 2224 temporis
3134 2154 3423 2230 occasione

1843 2242 2187 2313 deﬁnitaque
2220 2255 2493 2313 tempore.

1910 2337 1973 2397 V.
2013 2336 2161 2389 8-ll.
2200 2336 2446 2390 Illustrat
2477 2344 2654 2390 autem
2682 2352 2837 2391 suam
2859 2353 2987 2407 erga
3036 2353 3131 2391 nos
3181 2339 3422 2392 charito-

1840 2440 1946 2485 tem
1970 2431 2129 2495 Deus,
2162 2432 2299 2501 quod
2321 2447 2438 2483 cum
2472 2432 2643 2485 adhuc
2661 2440 2959 2500 peccatores
2985 2446 3235 2497 essemus,
3261 2432 3419 2486 Chri-

1838 2530 1947 2577 stus
1974 2540 2068 2591 pro
2099 2524 2246 2576 nobis
2273 2532 2511 2576 mortuus
2547 2532 2621 2576 est
2659 2538 2677 2576 :
2705 2521 2871 2576 multo
2896 2523 3066 2592 magis
3100 2537 3224 2592 ergo
3244 2522 3409 2592 justi—

1837 2616 1984 2685 ﬁcati
2012 2632 2104 2685 per
2146 2618 2259 2683 ejus
2287 2618 2599 2685 sanguinem
2627 2615 2762 2669 salvi
2791 2616 2989 2669 erimus
3043 2632 3140 2685 per
3186 2630 3309 2670 eum
3353 2612 3420 2669 αθ

1837 2714 1941 2765 ira.
1978 2711 2036 2765 Si
2056 2713 2195 2764 enim
2222 2727 2339 2763 cum
2378 2711 2579 2763 inimici
2603 2726 2831 2763 essemus
2872 2709 3205 2765 reconciliati
3234 2724 3421 2763 sumus

1836 2800 1945 2854 Deo
1973 2818 2065 2871 per
2088 2808 2309 2855 mortem
2332 2799 2455 2853 Filii
2474 2801 2665 2867 ipsius,
2693 2799 2861 2853 multo
2887 2802 3059 2870 magis
3084 2798 3420 2853 reconciliati

1836 2894 1971 2947 salvi
2006 2876 2199 2947 erimus
2227 2895 2281 2945 in
2307 2894 2413 2944 rita
2453 2894 2587 2957 ejus.
2626 2889 2745 2943 Non
2783 2889 2956 2943 solum
2979 2897 3160 2941 autem
3185 2890 3299 2949 hoc,
3323 2886 3415 2941 sed
3509 2916 3519 2921 α

1838 2994 1887 3037 et
1917 2983 2215 3055 gloriamur
2250 2985 2305 3037 in
2336 2982 2441 3035 Deo
2489 2998 2582 3050 per
2610 2980 2897 3035 Dominum
2941 2990 3184 3034 nostrum
3237 2978 3419 3032 Iesum

1838 3076 2122 3142 Christum,
2170 3094 2261 3149 per
2303 3093 2455 3147 quem
2498 3091 2637 3128 nunc
2691 3074 3166 3128 reconciliationem
3223 3073 3423 3141 accepi-

1760 3181 1805 3243 c
1841 3188 1979 3226 mus.

1913 3261 2163 3316 Illustrat
2218 3270 2424 3325 autem,
2490 3261 2596 3316 boc
2645 3270 2752 3321 est,
2789 3258 3101 3323 conﬁrmat,
3156 3255 3421 3311 ostendit.

1849 3373 1869 3406 α
1900 3355 2070 3409 ΜυΙῑο
2099 3354 2272 3423 magis
2303 3352 2767 3423 ergojustiﬁcati.
2811 3372 2829 3402 ι
2864 3352 2999 3405 Nam
3035 3349 3080 3403 si
3125 3357 3278 3409 tunc.
3339 3348 3421 3401 in-

1842 3446 1984 3514 quit,
2018 3460 2129 3497 non
2161 3444 2414 3513 despexit
2459 3458 2583 3497 cum
2610 3453 2665 3496 et
2710 3451 3025 3512 peceatores
3088 3453 3328 3499 eramus,
3365 3445 3422 3491 et

1840 3549 1983 3604 opus
2008 3544 2125 3588 erat
2161 3543 2220 3587 ut
2254 3534 2463 3602 proprii
2496 3535 2663 3587 etiam
2714 3542 2889 3586 morte
2936 3531 3056 3585 Filii
3093 3530 3274 3583 salvos
3322 3544 3422 3583 nos

1843 3628 2071 3685 faceret.
2102 3634 2308 3695 quanto
2335 3627 2508 3695 magis
2534 3642 2682 3680 nunc
2717 3639 3063 3694 nequaquam
3119 3622 3409 3691 despiciet,

1844 3719 1938 3772 sed
1964 3719 2145 3772 salvos
2176 3718 2358 3780 faciet,
2389 3717 2611 3787 quando
2642 3732 2819 3785 neque
2856 3723 3169 3784 peccatores
3198 3727 3414 3771 sumus.

1843 3808 2045 3864 Christi
2072 3810 2339 3878 sanguine
2369 3809 2675 3879 justiﬁcati,
2709 3810 3021 3877 uequejam
3062 3819 3288 3859 necesse
3337 3811 3424 3856 est

1846 3900 2047 3954 Filium
2105 3916 2265 3954 suum
2328 3901 2492 3954 morti
2545 3900 2737 3954 tradi?
2790 3918 2807 3949 ι
2845 3898 2926 3952 ΑΙ)
2960 3898 3060 3950 ira.
3111 3914 3129 3947 ι
3165 3895 3209 3949 Δ
3237 3893 3423 3947 l'uturo

1847 3991 2141 4060 supplicio.
2176 4010 2193 4041 ι
2230 3991 2287 4045 ln
2334 3990 2448 4045 vita
2506 3991 2645 4059 ejus.
2695 4008 2712 4041 ι
2746 3989 2933 4057 Neque
2983 3987 3129 4039 enim
3178 3985 3287 4054 jam
3328 3999 3425 4037 ne-

1846 4098 1998 4138 cesse
2024 4092 2129 4146 est,
2165 4083 2365 4152 inquit,
2414 4090 2475 4136 ut
2524 4082 2700 4150 prius,
2737 4080 2933 4134 Filium
2982 4093 3139 4131 suum
3184 4077 3237 4129 in
3276 4091 3424 4129 mor-

1849 4186 1958 4230 tem
1994 4175 2235 4237 tradere,
2272 4175 2365 4229 sed
2400 4190 2466 4229 eo
2527 4175 2747 4228 vivente
2785 4172 2932 4226 salus
2959 4173 3083 4223 erit.
3143 4169 3288 4223 Nihil
3325 4170 3427 4222 ita-

1847 4279 1953 4333 que
1979 4264 2338 4327 diﬁicultatis,
2370 4264 2571 4333 inquit,
2627 4263 2793 4317 habet
2842 4275 2987 4315 nunc
3017 4268 3202 4314 nostra
3250 4259 3421 4312 salus.

1855 4375 1872 4406 ι
1908 4357 2024 4409 Non
2047 4356 2224 4410 solum
2249 4364 2431 4409 autem
2466 4356 2587 4412 hoc.
2620 4354 2714 4407 sed
2746 4364 2799 4407 et
2833 4353 3132 4422 gloriamur
3161 4351 3212 4403 in
3243 4351 3371 4403 Deo.
3399 4368 3417 4399 ι

1849 4437 1931 4498 Nc.
1958 4444 2159 4497 rubore
2204 4443 2607 4505 suﬁ‘undamur,
2660 4455 3009 4509 mmroreque
3065 4439 3426 4493 conﬁciantur

170 4539 300 4610 πρὸς
332 4540 395 4591 τὸ
426 4540 855 4607 σωθῆναιὴμιίς,
889 4540 1107 4605 ἐπάγειν
1147 4538 1219 4590 Οὐ
1245 4538 1403 4606 μόνον
1437 4537 1492 4590 δὲ
1537 4538 1736 4607 ἐσώθη-

1850 4535 1994 4606 quod
2016 4536 2155 4589 adeo
2179 4535 2330 4604 impii
2359 4535 2646 4594 fuerimus.
2668 4543 2729 4587 ut
2757 4548 2897 4601 opus
2940 4530 3184 4585 fueritad
3213 4530 3429 4584 salvan-

176 4648 285 4700 μιν,
318 4633 515 4700 φησὶν,
550 4632 683 4683 ἀλλὰ
709 4631 803 4683 καὶ
847 4630 1152 4699 καυχᾶσθαι
1196 4630 1504 4695 ὀξείλομεν.
1545 4630 1744 4697 Τοιγα-

178 4723 296 4791 ροῦν
309 4725 406 4775 καί
437 4720 799 4790 καυχώμεθα,
829 4722 909 4773 ὅτι
936 4722 1071 4783 ὃὶως
1094 4720 1330 4773 ἀπέθανε
1354 4720 1584 4790 Χριστὸς
1608 4720 1748 4789 ὑπὲρ

1842 4628 1971 4682 dum
1996 4644 2093 4681 nos
2110 4628 2274 4681 etiam
2297 4639 2471 4679 morte
2494 4626 2615 4678 Filii
2635 4623 3038 4692 Dei,sulijungit
3056 4640 3068 4674 :
3088 4623 3204 4676 Non
3224 4622 3425 4681 solum,

1847 4720 2045 4787 inquit,
2094 4718 2228 4770 salvi
2284 4716 2408 4769 l'acti
2466 4731 2677 4779 sumus,
2742 4714 2834 4768 sed
2878 4723 2934 4766 et
2984 4712 3205 4782 gloriari
3257 4711 3427 4765 debe-

177 4813 324 4881 ἠμῶν
354 4814 539 4865 ὅντων
563 4810 795 4863 ἀσεϐῶν.
820 4809 993 4863 Τοῦτο
1019 4810 1124 4878 γὰρ
1149 4809 1248 4879 τὴν
1268 4810 1408 4876 ἄγαν
1426 4809 1523 4861 τοῦ
1542 4811 1650 4861 Πατ
1662 4810 1737 4878 ρὸς

1849 4823 1970 4862 mus
2005 4826 2017 4860 :
2053 4808 2233 4874 itaque
2266 4806 2567 4874 gloriamur
2615 4804 2778 4858 etiam
2810 4801 2954 4871 quod
3017 4801 3243 4855 omnino
3284 4816 3429 4853 mur-

180 4905 394 4973 ἀγάπην
423 4904 605 4971 δηλοῖ,
630 4904 711 4954 ὅτι
737 4903 828 4954 καὶ
856 4902 994 4970 ὑπὲρ
1019 4902 1231 4954 ἀσεῦὤν
1254 4902 1344 4953 τὸν
1376 4901 1503 4954 Υἱὸν
1530 4901 1749 4954 δέδωκε.

180 4995 307 5059 Τοὺς
339 4997 398 5049 δὲ
434 4994 839 5063 ἁγαπωμένους
868 4995 971 5045 ὑπὸ
1000 4994 1154 5058 Θεοῦ,
1186 4996 1284 5046 οὐκ
1313 4992 1747 5060 ἐγκαλύπτεσθαι

1849 4909 1979 4953 tuus
2020 4896 2187 4949 fuerit
2222 4895 2476 4949 Christus
2505 4910 2605 4963 pro
2666 4893 2823 4947 nobis
2898 4906 3024 4945 cum
3096 4891 3250 4959 impii
3282 4906 3429 4944 esse-

1859 5008 1998 5046 mus.
2018 4992 2152 5046 Nam
2172 4992 2224 5044 id
2246 4990 2424 5045 Patris
2438 5005 2561 5059 erga
2582 5004 2683 5042 nos
2718 5002 2960 5042 amorem
2988 4997 3177 5054 aperte
3200 4986 3431 5039 manife-

182 5089 289 5140 οὐδὲ
324 5090 649 5156 ἀδημονεῖν,
708 5086 842 5139 ἀλλὰ
871 5086 1201 5151 ἀγάλλεσθαι
1224 5086 1323 5137 καὶ
1353 5086 1655 5155 καυχᾶσθαι
1695 5088 1737 5137 ὲκ

1853 5092 1985 5147 stat,
2009 5083 2156 5151 quod
2181 5083 2344 5136 etiam
2377 5097 2475 5151 pro
2503 5080 2687 5149 impiis
2712 5080 2909 5134 Filium
2924 5077 3235 5132 tradiderit.
3258 5078 3429 5131 Porro

182 5172 290 5240 θεῷ
318 5173 620 5239 προσήκει.
679 5188 697 5218 t
736 5171 816 5222 Δι’
844 5166 903 5223 οὗ
934 5170 1028 5220 νῦν
1058 5172 1157 5239 τὴν
1184 5168 1532 5239 καταλλαγὴν
1564 5169 1753 5222 ἐλάϐο-

188 5284 297 5331 μεν.
332 5290 348 5317 ο
390 5267 509 5335 Τὴν
543 5261 652 5317 οἷον
705 5268 979 5320 uiuite-3w
1012 5266 1193 5319 καὶτὸ
1242 5266 1592 5336 διαλλαγῆναι
1622 5267 1753 5337 ἡμῖν

184 5357 533 5429 insitiuum
560 5359 666 5428 πῴ
694 5358 879 5411 τούτου
918 5357 1008 5410 τὸν
1041 5359 1191 5413 Θεόν.

1860 5189 1954 5227 cos
1967 5174 2060 5242 qui
2082 5189 2109 5225 a
2128 5172 2236 5227 Deo
2250 5182 2502 5225 amantur
2524 5186 2635 5224 non
2660 5168 3143 5238 convenitpudore
3162 5166 3428 5233 suﬁ‘undi,

1864 5280 2043 5332 neque
2099 5279 2331 5318 maerore
2357 5262 2522 5328 allici,
2565 5261 2725 5332 263
2752 5260 2846 5315 sed
2878 5262 3122 5314 exaltare
3147 5267 3203 5312 et
3233 5258 3287 5312 in
3321 5259 3432 5313 Deo

1864 5356 2108 5426 gloriari.
2161 5377 2178 5406 ι
2204 5358 2304 5411 Per
2329 5372 2491 5425 quem
2514 5357 2826 5425 accepimus
2857 5351 3380 5406 reconciliationem.
3407 5369 3426 5402 ν

1870 5446 1984 5500 Hoc
2013 5456 2097 5502 est
2117 5448 2569 5512 familiaritatem,
2598 5455 2655 5499 et
2687 5444 2835 5514 quod
2862 5444 3023 5499 nobis
3046 5442 3436 5497 reconciliatus

1871 5539 1941 5593 sit
1983 5541 2125 5596 Deus
2170 5556 2263 5610 qm
2290 5550 2418 5594 ante
2459 5538 2624 5610 hujus
2647 5544 2883 5592 mortem
2906 5533 3064 5616 nobis
3096 5533 3266 5588 iratus
3294 5538 3433 5588 erat.
