4196 6468
132 405 224 469 621

1142 404 1531 468 COMMENT.
1562 403 1635 464 IN
1674 401 1910 461 EPIST.
1954 404 2054 464 AD
2094 405 2281 467 ROM.

3282 411 3389 474 422

132 522 266 589 μετὰ
293 519 388 574 τὶν
423 518 633 590 νόμον)
678 518 812 575 ἀλλὰ
844 519 935 574 διὰ
960 520 1057 592 τὴν
1100 521 1282 575 αἰτίαν
1313 520 1379 591 ἢν
1416 519 1577 581 αὐτὸς
1634 512 1706 569 II-

1815 514 1969 583 bant,
2017 517 2293 589 siquidem
2338 519 2415 575 illi
2456 519 2629 592 magis
2667 519 3084 592 delinquebant,
3126 539 3286 595 quam
3332 528 3384 580 hi

128 613 352 677 πιν,ὅτι
386 610 631 681 ἁμαρτία
666 611 765 682 μὲν
810 608 878 682 ἦν
914 614 1009 666 καὶ
1063 613 1350 682 ὲνηργεῖτο
1389 610 1539 681 παρά
1598 607 1706 662 τῶν

126 702 451 773 ἀνθρώπων,
483 701 584 755 οὐκ
614 701 891 771 ὶλογίξετο
920 702 975 756 δὲ
1005 703 1211 770 αὐτοῖς,
1244 703 1331 757 διὰ
1360 702 1421 756 τὸ
1456 702 1529 772 μὴ
1566 697 1706 755 εἶναι

126 794 293 863 νόμον
336 792 434 844 τὸν
460 792 561 863 τὴν
589 792 867 864 ἁμαρτίαν
888 795 1329 865 ἀπαγορεύοντα.
1390 794 1555 847 Ὅσον
1612 787 1706 847 οὖν

125 884 258 955 πρὸς
285 882 351 935 τὸ
389 884 465 955 μὴ
498 883 812 952 λογίζεσθαι
839 884 944 955 πρὸ
959 883 1053 938 τοῦ
1082 886 1247 954 νόμου
1281 885 1381 953 τὴν
1406 882 1703 953 ἁμαρτίαν,

124 974 403 1044 (ἁμαρτία
459 974 591 1044 γὰρ,
649 976 839 1044 φησὶν,
902 976 1003 1029 οὐκ
1050 976 1353 1043 ἑλλογεῖται
1422 975 1498 1044 μὴ
1553 974 1705 1035 όντος

129 1066 338 1136 δόμου,)
361 1068 745 1138 ἀναμάρτητοι
772 1063 914 1139 ἦσαν
942 1068 1003 1121 τὸ
1033 1068 1289 1140 τηνικάδε
1319 1069 1366 1120 οἱ
1401 1066 1704 1136 ἄνθρωποι,

124 1160 299 1211 καίτοι
332 1159 761 1229 ἁμαρτάνοντες.
796 1178 813 1210 ι
851 1160 952 1223 ’ος
982 1160 1097 1213 ἐστι
1140 1161 1306 1221 τύπος
1350 1158 1444 1211 τοῦ
1490 1158 1707 1227 μέλλον-

122 1264 230 1310 τος.
274 1267 293 1298 ι
348 1249 468 1313 Ὣς,
510 1248 704 1319 φησὶν,
745 1248 940 1319 Ἀδὰμ,
969 1249 1134 1312 τύπος
1172 1246 1241 1319 ἦν
1270 1248 1365 1301 τοῦ
1424 1250 1706 1318 μέλλοντος

122 1339 407 1409 ἔρχεσθαι,
456 1344 750 1404 τουτέστι,
799 1341 897 1395 τοῦ
961 1341 1219 1413 Χριστοῦ.
1281 1342 1435 1407 Πῶς;
1494 1341 1703 1411 ὥσπερ,

121 1429 196 1497 τῷ
265 1428 487 1498 θανάτῳ
520 1429 618 1483 τοῦ
663 1430 836 1501 Ἀδὰμ
882 1432 1082 1493 πάντες
1113 1431 1488 1500 ἀπέθνησκον,
1526 1430 1702 1493 οὕτως

119 1521 197 1583 τῷ
252 1520 477 1590 Θανάτῳ
535 1522 632 1574 τοῦ
693 1522 959 1592 Χριστοῦ,
1021 1523 1221 1585 πάντες
1276 1522 1557 1592 ζησόμεθα
1614 1521 1706 1575 καὶ

120 1611 579 1680 ἀναστησόμεθα.
628 1611 688 1663 '0
714 1611 807 1664 οὒν
837 1612 1027 1677 τύπος,
1062 1614 1125 1665 ἐκ
1172 1614 1264 1665 τοῦ
1296 1612 1540 1665 ἐναντίου
1564 1630 1705 1680 συμ-

118 1702 386 1772 ϐέϐηκεν.
429 1733 499 1745 -
552 1703 950 1776 ΓΙΩΑΝΝΟΥ.Ι
987 1706 1195 1776 Ὥσπερ
1246 1706 1451 1766 ἐκεῖνος
1485 1707 1595 1766 τοῖς
1648 1704 1707 1767 ἐξ

122 1794 289 1848 αὑτοῦ
325 1796 507 1848 καίτοι
539 1814 599 1865 γε
638 1798 713 1867 μὴ
740 1797 1004 1865 φαγοῦσιν
1032 1798 1141 1851 ἀπὸ
1169 1798 1262 1850 τοῦ
1300 1798 1455 1861 ξύλου
1485 1799 1705 1865 γέγονεν

1812 606 1907 676 qui
1943 608 2117 679 legem
2150 610 2324 665 secuti
2359 619 2489 667 sunt
2522 628 2536 667 :
2573 611 2669 668 sed
2706 612 2777 667 ob
2810 629 3029 669 causam
3067 631 3230 686 quam
3272 618 3389 687 ipse

1812 697 2087 768 praedixit,
2116 700 2262 770 quod
2296 713 2579 771 peccatum
2608 705 2830 774 quidem
2858 715 2996 769 erat,
3027 716 3083 761 et
3110 707 3179 762 ab
3209 708 3387 764 homi-

1813 788 1980 845 nibus
2012 791 2451 860 perpetrabatur,
2478 794 2573 849 sed
2607 794 2716 850 illis
2746 809 2855 850 non
2893 795 3288 866 imputabatur,
3321 814 3388 853 eo

1813 878 1960 949 quod
1988 880 2101 949 [lex
2133 897 2244 936 non
2274 891 2421 939 esset
2458 899 2581 954 quas
2624 894 2907 955 peceatum
2937 895 3167 941 vetaret.
3198 888 3387 952 Quoad

1813 970 1918 1024 hoc
1932 985 2063 1042 ergo
2080 971 2226 1042 quod
2252 987 2360 1027 non
2381 973 2743 1044 imputaretur
2764 987 3191 1045 peecatuntanle
3211 980 3385 1049 legem

1815 1061 1972 1132 (Nam
1999 1075 2307 1132 peccatum,
2336 1066 2538 1136 inquit,
2571 1082 2681 1121 non
2714 1068 3016 1138 imputatur
3046 1070 3134 1125 ubi
3167 1085 3275 1125 non
3303 1081 3388 1126 est

1812 1151 1948 1219 lex),
1976 1154 2093 1210 sine
2130 1166 2355 1226 peccato
2375 1168 2533 1213 erant
2560 1158 2653 1228 qui
2689 1169 2819 1214 tunc
2853 1160 3106 1215 vivebant
3132 1162 3386 1218 homines

1811 1244 2027 1299 etiamsi
2064 1248 2382 1316 peceabant.
2418 1269 2435 1301 ι
2465 1249 2567 1316 Qui
2597 1260 2683 1305 est
2744 1250 2917 1322 ﬁgura
2976 1252 3171 1307 futuri.
3207 1273 3225 1305 ι
3256 1254 3385 1321 Qui,

1813 1336 2013 1407 inquit,
2058 1338 2231 1393 Adam
2272 1350 2392 1394 erat
2437 1343 2609 1410 ﬁgura
2644 1345 2763 1414 ejus
2804 1345 2897 1413 qui
2941 1354 3208 1400 venturus
3241 1356 3383 1412 erat,

1813 1426 1918 1481 hoc
1942 1437 2026 1482 est
2052 1428 2280 1485 Christi.
2327 1430 2572 1498 Quonam
2607 1435 2802 1488 modo?
2830 1435 2982 1491 Sicut
3011 1446 3188 1492 morte
3213 1439 3384 1493 Adam

1811 1532 2005 1574 omnes
2037 1522 2438 1589 moriebantur,
2476 1525 2547 1579 ita
2576 1525 2780 1580 Christi
2814 1536 2987 1583 morte
3019 1543 3209 1583 omnes
3239 1530 3386 1586 vive-

1811 1624 1935 1666 mus
1972 1621 2027 1667 et
2064 1629 2437 1685 resurgemus.
2480 1618 2675 1688 Figura
2713 1634 2845 1689 ergo
2877 1636 2943 1674 ex
2983 1621 3213 1676 adverso
3254 1638 3387 1677 eon-

1812 1702 2559 1771 gruit.—Quemadmodum
2597 1710 2686 1763 ille
2723 1712 2787 1764 iis
2814 1711 2907 1780 qui
2941 1728 2969 1765 a
3000 1728 3058 1767 se
3085 1712 3386 1769 descende-

1813 1801 1955 1858 rent,
2003 1796 2219 1851 etiamsi
2286 1798 2353 1853 de
2398 1800 2545 1870 ligno
2602 1817 2708 1854 non
2756 1803 3022 1868 odissent,
3067 1804 3171 1857 fuit
3219 1820 3383 1860 causa

118 1890 304 1949 αττιος
342 1888 578 1941 θανάτου
606 1888 694 1941 διὰ
734 1889 833 1954 τὴν
874 1888 1079 1960 βρῶσιν
1137 1887 1512 1958 είσαχθέντοςο
1567 1887 1706 1940 οὕτω

1810 1886 2001 1940 mortis
2049 1903 2170 1956 qua:
2212 1904 2309 1957 per
2350 1869 2505 1945 esum
2558 1891 2779 1947 inducta
2827 1904 2944 1948 erat
2992 1910 3005 1947 :
3054 1895 3126 1948 ita
3161 1911 3382 1967 quoque

122 1980 216 2032 καὶ
279 1982 311 2032 ὁ
371 1979 610 2049 Χριστὸς
658 1981 773 2043 τοῖς
804 1977 864 2043 ἐξ
918 1978 1081 2032 αὑτοῦ
1115 1979 1288 2031 καίτοι
1318 1995 1381 2046 γε
1409 1978 1483 2049 μὴ
1506 1979 1708 2031 δικαιο-

124 2072 469 2142 πραγήσασι,
506 2070 697 2140 γέγονε
731 2070 990 2141 πρόξενος
1016 2070 1384 2139 δικαιοσύνης.
1406 2100 1474 2110 -
1507 2068 1707 2141 [ΦΩΤ.]

124 2164 267 2232 Τρία
304 2164 456 2216 ἐσττν
494 2166 552 2216 ὲν
591 2162 801 2225 τούτοις
867 2165 979 2225 τοῖς
1017 2160 1410 2232 παραδολικῶς
1458 2163 1709 2232 ἀλλήλοις

124 2254 544 2325 παρατεθεῑσιν,
610 2256 861 2325 ὁμοιότης
893 2271 997 2318 τις,
1037 2255 1375 2323 ἐναντιότης,
1432 2253 1707 2325 ὑπερὸολὴ

124 2348 276 2399 κατά
292 2346 394 2417 τὴν
420 2347 735 2416 ὁμοιότητα.
768 2348 1117 2418 Ἐναντιότης
1142 2347 1262 2417 μὲν,
1281 2347 1547 2417 ἁμαρτία,
1577 2347 1707 2401 ἀνα-

128 2439 435 2509 μάρτητον,
471 2438 639 2509 ἔχθρα
667 2438 805 2505 πρὸς
838 2438 990 2503 Θεὸν,
1048 2441 1141 2491 καὶ
1199 2437 1515 2508 καταλλαγὴ
1572 2439 1708 2509 πρὸς

124 2533 287 2595 θεὸν,
318 2532 663 2602 κατάκριμα,
704 2532 984 2599 δικαίωμα
1016 2546 1028 2559 °
1084 2530 1333 2584 ἀπώλεια
1382 2531 1479 2583 καὶ
1504 2531 1706 2600 πτῶμα

127 2624 221 2675 καὶ
278 2622 533 2689 θάνατος,
592 2623 837 2694 σωτηρία
872 2623 967 2676 καὶ
1014 2621 1127 2688 ζωὴ
1160 2623 1256 2675 καὶ
1282 2621 1599 2684 ἀνάστασις.
1645 2620 1709 2673 Ἢ

131 2712 234 2779 μὲν
290 2708 390 2764 οὖν
444 2711 757 2783 ἐναντιότης
814 2713 873 2765 ἐν
924 2710 1154 2774 τούτοις.
1216 2711 1281 2764 Ἦ
1318 2711 1375 2765 δὲ
1411 2710 1707 2781 ὁμοιότης,

123 2804 320 2872 ὥσπερ
350 2802 423 2856 δι’
454 2802 570 2867 ἑνὸς
598 2806 709 2866 τοῖς
743 2805 874 2856 πᾶσι
905 2802 975 2855 τὰ
998 2802 1166 2874 χείρω
1206 2801 1711 2864 συνέπεσεν,οῦτως

125 2895 195 2946 δι’
254 2893 381 2955 ἑνὸς
438 2892 509 2945 τὰ
549 2895 762 2963 ἀμείνω
808 2896 918 2956 τοῖς
953 2895 1119 2947 πᾶσιν
1143 2895 1481 2961 ὲπιγὲγονεν.
1540 2894 1601 2945 Ἡ
1653 2892 1710 2945 δὲ

126 2982 434 3053 ὑπερϐολὴ,
467 2983 551 3034 ὅτι
580 2984 674 3036 ἐπὶ
709 2983 809 3052 μὲν
842 2983 950 3035 τῶν
975 2984 1235 3054 χειρόνων
1265 2982 1610 3054 συνέπραξαν
1631 2983 1709 3052 τῷ

128 3077 208 3127 ἐνὶ
238 3076 295 3126 οἱ
325 3075 538 3139 πολλοὶ,
562 3074 659 3128 ἐπὶ
690 3074 770 3140 τῷ
806 3078 1104 3145 μετασχεῖν
1136 3076 1334 3140 αὐτοὺς
1360 3077 1468 3131 τῶν
1495 3078 1707 3130 κακῶν.

1807 1974 2061 2033 Christus
2094 1994 2153 2032 se
2191 1982 2573 2049 sequentibus,
2616 1985 2779 2037 etiam
2822 1985 2865 2039 si
2907 1986 3052 2054 justa
3095 2003 3201 2041 non
3238 1990 3383 2058 egiso

1810 2077 1933 2122 sent
1962 2084 2150 2139 opera,
2184 2070 2451 2141 justitiam
2481 2075 3013 2131 conciliavit.—Tria
3048 2087 3177 2133 sunt
3205 2080 3257 2133 in
3296 2080 3384 2136 his

1810 2175 1932 2229 qum
1963 2162 2278 2231 parabolice
2302 2164 2409 2219 sibi
2434 2164 2667 2220 invicem
2700 2169 3031 2237 respondent
3081 2187 3092 2221 :
3137 2180 3265 2240 puta
3308 2174 3384 2227 si-

1810 2253 2063 2309 militudo
2093 2257 2364 2325 quaedam,
2390 2258 2747 2315 contrarietas
2772 2269 2827 2315 et
2856 2276 3112 2316 excessus
3146 2263 3198 2317 in
3232 2264 3384 2319 simi-

1808 2344 2065 2401 litudine.
2099 2347 2473 2405 Contrarietas
2510 2351 2730 2421 quidem
2773 2362 3055 2421 peceatum
3096 2365 3152 2410 et
3187 2372 3383 2413 carens

1809 2448 2070 2506 peccato,
2118 2438 2407 2497 inimicitia
2439 2441 2703 2497 adversus
2740 2443 2933 2509 Deum,
2970 2454 3023 2498 ct
3058 2449 3380 2502 reconcilia-

1811 2530 1888 2584 tio
1922 2545 2047 2601 erga
2084 2532 2276 2597 Deum,
2317 2533 2705 2589 condemnatio
2756 2544 2812 2589 et
2853 2536 3208 2606 justilicatio;
3253 2554 3381 2608 per-

1811 2620 1968 2681 ditio,
2008 2638 2186 2685 casus,
2227 2639 2396 2685 mors,
2433 2625 2581 2679 salus
2624 2635 2679 2679 et
2712 2629 3043 2681 resurrectio
3080 2643 3205 2682 cum
3244 2630 3379 2685 vita.

1810 2710 1999 2781 Itaque
2041 2713 2095 2767 in
2136 2713 2223 2767 his
2266 2721 2352 2769 est
2389 2715 2770 2771 contrarietas.
2820 2717 2989 2771 Porro
3024 2718 3329 2774 similitudo
3366 2738 3381 2774 :

1811 2800 1964 2857 Sicut
1989 2819 2086 2872 per
2117 2819 2311 2871 unum,
2333 2805 2474 2859 mala
2503 2806 2761 2862 omnibus
2785 2808 3153 2877 contigerunt,
3181 2809 3253 2865 ita
3282 2826 3383 2881 per

1812 2908 1981 2947 unum
2027 2897 2167 2951 bona
2213 2898 2474 2954 omnibus
2519 2909 2846 2955 evenerunt.
2914 2902 3185 2958 Excessus
3229 2922 3379 2972 vero,

1812 2984 1938 3054 quia
1964 2985 2018 3039 in
2046 2988 2204 3041 malis
2232 2988 2385 3041 multi
2416 2998 2545 3042 sunt
2571 2990 2661 3043 nni
2693 2992 2970 3058 cooperali
3000 3003 3053 3045 ut
3084 2996 3381 3065 participes

1812 3086 1995 3131 essent
2030 3079 2321 3143 malorum,
2355 3080 2409 3134 in
2443 3081 2603 3135 bonis
2631 3091 2813 3135 autem
2843 3084 3027 3137 nullus
3052 3097 3381 3155 cooperatus

124 3168 251 3221 Ἐπὶ
304 3168 362 3220 δὲ
408 3167 519 3219 τῶν
549 3168 870 3237 ἀμεινόνων,
923 3168 1098 3231 οὐδεὶς
1158 3169 1517 3239 συνέπραξεν,
1570 3168 1705 3223 ἀλλὰ

1811 3178 1914 3233 est,
1947 3170 2040 3224 sed
2074 3171 2236 3225 unius
2264 3174 2390 3227 Jesu
2426 3174 2628 3229 Christi
2661 3175 2864 3229 donum
2896 3176 3018 3231 fuit.
3056 3178 3239 3247 Itaque
3270 3196 3380 3235 non

131 3261 296 3329 μόνου
332 3258 432 3311 τοῦ
469 3259 587 3322 ἑνὸς
612 3260 851 3330 Χριστοῦ
883 3260 944 3313 τὸ
976 3261 1223 3331 χάρισμα
1271 3263 1517 3330 γέγονεν,
1563 3262 1704 3318 ὥστε

124 3358 221 3426 οὺχ
248 3355 461 3425 ὁμοίιος
489 3356 584 3409 καὶ
610 3356 827 3425 ὲπίσης,
857 3356 992 3409 ἀλλά
1022 3358 1140 3410 καθ’
1168 3356 1477 3428 ὑπερϐολὴν
1502 3358 1595 3410 καὶ
1644 3360 1708 3412 ἐκ

130 3450 457 3518 περισσείας
489 3449 825 3519 ήὸμοιότης.
870 3449 1037 3503 Πάλιν
1088 3450 1174 3503 διὰ
1226 3449 1320 3503 τοῦ
1370 3451 1542 3519 Ἀδὰμ
1600 3451 1708 3505 τῶν

127 3542 392 3610 χειρόνων
418 3539 800 3609 εἰσαχθέντων,
856 3540 955 3593 οὐκ
1011 3541 1253 3611 ἀνῃρέθη
1317 3542 1479 3610 μόνον
1536 3542 1708 3596 ταῦτα

127 3635 282 3701 (ὅπερ
314 3633 396 3694 ώς
455 3628 721 3693 ἐναντίοις
747 3630 933 3699 ὅμοιον
956 3631 1051 3683 καὶ
1090 3630 1399 3701 ἀνάλογον),
1428 3633 1563 3684 ἀλλά
1614 3634 1707 3685 καὶ

126 3722 360 3790 ἐπεδόθη
397 3720 551 3789 παρά
579 3721 816 3790 Χριστοῦ
840 3721 906 3774 τὰ
939 3721 1171 3791 ἀμείνω.
1204 3722 1383 3791 Ὅπερ
1412 3724 1510 3792 τὴν
1526 3724 1699 3793 ὑπερ-

126 3815 288 3882 ιολὴν
326 3812 424 3866 καὶ
456 3813 555 3882 τὴν
605 3812 925 3882 περισσείαν
984 3812 1334 3883 παρίστησιν.
1363 3814 1454 3867 Διό
1502 3831 1664 3884 φησιν
1692 3827 1706 3843 ⁸

132 3926 148 3956 ι
172 3904 320 3957 Ἀλλ’
351 3905 455 3973 οὐχ
477 3903 553 3967 ώς
575 3903 637 3955 τὸ
674 3903 1083 3973 παράπτωμα.)
1118 3905 1229 3958 Καὶ
1247 3905 1349 3976 ὅρα
1371 3906 1423 3957 τί
1448 3905 1615 3973 λέγει.
1648 3906 1710 3959 Ei

125 3999 298 4060 οὕτως
337 3996 538 4066 ἰσχύει,
565 3996 723 4066 φησὶ,
754 3994 813 4047 τδ
844 3996 1200 4065 παράπτωμα
1263 3996 1357 4051 τοῦ
1382 3997 1573 4067 ’Δδάμ,
1616 3996 1711 4051 καί

125 4106 205 4142 τοι
228 4087 462 4150 ἀσθενὲς
485 4086 547 4139 ὃν
574 4087 669 4138 καὶ
696 4084 838 4139 κατὰ
860 4086 993 4139 πολὺ
1050 4085 1386 4156 ἡττώμενον
1433 4087 1528 4140 τοῦ
1556 4089 1711 4160 χαρί-

128 4197 349 4250 σματος
378 4179 476 4233 τοῦ
499 4177 659 4240 Θεοῦ,
686 4178 828 4231 ὥστε
855 4179 948 4231 καὶ
1001 4180 1127 4241 τοὺς
1177 4179 1251 4249 μὴ
1285 4180 1709 4251 ἁμαρτήσαντας

125 4272 468 4333 θανατῶσαι,
500 4271 653 4341 πόσῳ
697 4271 900 4340 μᾶλλον
946 4270 1302 4342 ὑπερισχύσει
1357 4270 1419 4324 τὸ
1468 4273 1711 4342 χάρισμα

125 4366 219 4417 τοῦ
248 4362 415 4428 Θεοῦ,
445 4362 542 4415 καὶ
573 4363 701 4426 τοὺς
739 4361 816 4432 μὴ
866 4360 1323 4433 κατορθώσαντας
1370 4362 1711 4434 ζωοποιῆσαι

125 4460 191 4523 τῇ
226 4454 558 4509 ἀναστάσει.

1809 3262 2061 3316 similiter
2090 3272 2143 3316 et
2169 3280 2233 3316 ex
2265 3280 2439 3333 inquo,
2469 3264 2561 3319 sed
2592 3280 2687 3334 per
2707 3280 2990 3320 excessum
3014 3277 3066 3321 et
3092 3269 3381 3323 abundan-

1812 3348 1942 3402 tiam
1969 3360 2052 3405 est
2085 3350 2411 3405 similitudo.
2457 3353 2692 3406 Rursum
2726 3369 2833 3407 non
2870 3356 3044 3409 solum
3083 3358 3223 3412 mala
3266 3359 3381 3413 haec

1809 3454 1931 3508 qua:
1966 3440 2186 3495 inducta
2213 3452 2370 3497 erant
2396 3459 2493 3512 per
2520 3445 2712 3506 Adam,
2747 3457 3028 3515 perempta
3059 3460 3207 3509 sunt.
3234 3452 3380 3519 quod

1810 3530 1978 3582 veluti
2012 3530 2064 3583 in
2093 3532 2386 3587 contrariis
2426 3533 2731 3589 similitudo
2757 3545 2872 3589 erat
2900 3552 2961 3589 ac
3002 3541 3383 3608 proportiona-

1810 3619 1940 3681 bile.
1967 3638 2155 3676 verum
2186 3623 2349 3677 etiam
2377 3624 2559 3679 addita
2588 3635 2716 3679 sunt
2739 3643 2766 3679 a
2789 3626 3007 3682 Christo
3032 3631 3193 3689 dona.
3217 3634 3382 3703 268

1810 3712 1953 3781 quod
1984 3728 2267 3767 excessum
2302 3730 2365 3769 ac
2397 3716 2783 3771 abundantiam
2824 3718 3047 3786 profert.
3090 3721 3215 3775 Ideo
3254 3725 3331 3776 ait
3365 3740 3379 3776 :

1817 3821 1835 3854 ι
1857 3808 1922 3856 At
1942 3820 2046 3857 non
2065 3804 2209 3859 sicut
2230 3817 2536 3875 peccatum.
2557 3826 2573 3859 ι
2598 3808 2663 3861 Et
2681 3793 2800 3863 vide
2817 3810 2949 3879 quid
2976 3812 3141 3866 dicat.
3163 3814 3217 3866 Si
3242 3814 3381 3868 adeo

1811 3895 2054 3949 validum
2096 3906 2201 3961 est,
2247 3896 2445 3967 inquit,
2495 3910 2778 3967 peceatum
2828 3902 2997 3954 Adam
3049 3906 3381 3973 (quanquam

1811 3988 1990 4043 debile
2014 4004 2075 4043 ae
2101 3990 2272 4042 multo
2302 3989 2630 4044 imbecillius
2662 3990 2752 4043 Dei
2779 3990 2967 4059 dono),
2993 4003 3051 4047 ut
3077 3995 3241 4048 etiam
3271 4010 3381 4050 non

1812 4092 2101 4150 peccantes
2134 4082 2412 4136 occideret
2456 4100 2467 4134 :
2515 4091 2720 4152 quanto
2749 4085 2982 4152 amplius
3013 4086 3247 4155 majores
3282 4089 3381 4141 ha-

1813 4172 1962 4227 bebit
1988 4173 2134 4229 vires
2167 4174 2262 4228 Dei
2293 4174 2531 4238 donum,
2572 4183 2631 4229 ut
2665 4175 2752 4229 his
2780 4177 2944 4230 etiam
2972 4177 3065 4246 qui
3098 4178 3238 4232 bona
3273 4196 3382 4234 non

1811 4274 2042 4336 egerunt
2071 4280 2259 4336 opera,
2284 4266 2453 4321 vitam
2488 4268 2737 4323 conlerat
2760 4284 2964 4339 eosque
2992 4270 3239 4325 suscitet.

134 4545 434 4612 'AJJ'cO;
476 4544 555 4609 ὡς
611 4541 680 4595 τὸ
729 4541 1116 4612 παράπτωμα,
1151 4542 1339 4609 οὕτως
1368 4543 1465 4596 καί
1491 4543 1556 4598 τὸ
1608 4544 1706 4613 χά-

1884 4538 1950 4603 ν,
1982 4539 2067 4594 15.
2107 4539 2174 4593 At
2204 4555 2308 4592 non
2330 4540 2463 4594 sicut
2496 4547 2786 4609 peccatum,
2813 4540 2890 4594 ita
2919 4548 2967 4592 et
2999 4540 3211 4592 donum.
3242 4541 3381 4596 Nam

185 4652 404 4707 ρισμα.
469 4634 669 4702 Ely-dp
703 4632 783 4699 τῷ
832 4635 937 4689 τοῦ
969 4634 1110 4701 ἐνὸς
1167 4636 1594 4704 παραπτώματι
1654 4639 1710 4690 οι

196 4727 425 4783 πολλοὶ
462 4727 789 4789 ἀπέθανον,
814 4725 1024 4789 πολλῷ
1068 4723 1319 4795 μᾶλλον
1339 4726 1376 4788 ἢ
1393 4725 1564 4795 χάρις
1601 4728 1707 4782 τοῦ

199 4814 376 4879 Θεοῦ,
416 4814 512 4867 καὶ
534 4813 573 4878 ἠ
598 4812 787 4879 δωρεὰ
807 4813 875 4865 ἐν
905 4811 1116 4881 χάριτι,
1167 4812 1241 4881 τῇ
1273 4814 1377 4868 τοῦ
1430 4814 1569 4880 ἐνὸς
1604 4816 1708 4871 ἀν-

194 4908 440 4975 θρώπου
472 4904 678 4972 Ἰησοῦ
708 4904 962 4973 Χριστοῦ
1007 4908 1095 4971 εὶς
1150 4905 1421 4972 πολλοὺς
1468 4906 1705 4975 ἐπερίσ-

193 5016 455 5055 σευσεν.

196 5095 466 5149 Βούλεται
520 5091 690 5156 δεῖξαι
754 5091 976 5161 μείζονα
1028 5091 1405 5160 ὲνεργήσασαν
1457 5090 1557 5160 τὴν
1608 5091 1702 5145 τοῦ

126 5184 370 5255 Χριστοῦ
401 5184 583 5255 χάριν,
612 5184 755 5254 ὴπερ
782 5185 1051 5253 ἐνήργησε
1094 5181 1154 5235 τὸ
1182 5181 1277 5234 τοῦ
1310 5181 1481 5251 Ἀδὰμ
1528 5183 1705 5251 παρά-

129 5296 359 5347 πεωμα.
413 5277 525 5330 Καὶ
564 5274 681 5338 πῶς
724 5274 915 5337 τοῦτος
957 5273 1185 5344 καὶγὰρ
1221 5272 1439 5343 ὁρῶμεν
1488 5274 1554 5326 τὰ
1616 5275 1703 5326 ἶσα

129 5371 529 5442 ἑνερτήσαντα,
564 5368 613 5420 εί
647 5369 739 5420 καὶ
764 5366 979 5419 ἐναντία
1001 5365 1069 5418 τά
1091 5365 1470 5435 ἐνεργηοέντα.
1495 5366 1703 5435 Ὥσπερ

127 5468 237 5535 γὰρ
287 5466 323 5533 ὴ
365 5462 587 5530 ὑπακοὴ
634 5460 727 5513 τοῦ
781 5457 1017 5531 Χριστοῦ
1047 5459 1128 5520 είς
1145 5458 1353 5519 πάντας
1380 5456 1703 5526 ἀνθρώπους

128 5551 466 5623 παρέπεμψε
493 5549 593 5619 τὴν
624 5549 765 5618 ζωὴν
793 5550 883 5600 καὶ
910 5548 1007 5617 τὴν
1066 5546 1384 5609 ἀνάστασιν,
1442 5547 1528 5598 τὸν
1590 5548 1702 5598 ἴσον

128 5648 329 5718 τρόπον
354 5646 450 5697 καὶ
485 5644 519 5712 ὴ
545 5642 797 5711 παρακοὴ
820 5640 911 5692 τοῦ
934 5638 1108 5708 ’Δδάμ
1133 5639 1213 5701 είς
1252 5637 1458 5699 πάντας
1494 5636 1701 5706 ἀνθρώ-

130 5755 261 5801 πους
295 5732 642 5806 παρέπεμψε
670 5734 760 5786 τὸν
782 5732 1033 5785 θάνατον.
1058 5730 1180 5792 Πῶς
1208 5722 1301 5781 οὖν
1326 5744 1510 5799 φησιν,
1553 5747 1569 5778 ι
1592 5730 1701 5798 Οὐχ

129 5831 278 5895 egw
304 5829 687 5900 παράπτωμα,
718 5826 890 5896 οὕτως
922 5825 1017 5879 καὶ
1046 5822 1105 5877 τὸ
1129 5822 1394 5893 χάρισμα.
1429 5842 1446 5876 ι
1486 5851 1551 5862 -
1583 5821 1697 5893 [01-

1812 4632 1859 4685 si
1890 4634 2043 4685 unius
2070 4631 2258 4685 delicto
2289 4630 2441 4685 multi
2471 4633 2661 4685 mortui
2687 4639 2829 4695 sunt,
2860 4630 3024 4685 multo
3056 4634 3219 4700 magis
3252 4650 3377 4702 gra-

1814 4724 1889 4777 tia
1925 4722 2041 4785 Dei,
2069 4732 2116 4776 et
2146 4723 2343 4776 donum
2380 4723 2434 4777 in
2460 4724 2659 4793 gratia,
2690 4738 2806 4792 qua:
2840 4722 2941 4791 fuit
2975 4723 3127 4775 unius
3158 4725 3379 4778 hominis

1811 4815 1934 4870 Jesu
1970 4814 2164 4871 Christi
2196 4816 2251 4869 in
2288 4814 2477 4870 multos
2514 4814 2833 4869 exuberavit.

1878 5082 2005 5137 Vult
2045 5079 2338 5136 ostendere
2379 5079 2526 5149 quod
2570 5080 2774 5151 majora
2816 5078 3134 5149 praestiterit
3175 5079 3379 5135 Christi

1804 5174 1977 5245 gratia
2022 5188 2187 5243 quam
2237 5178 2526 5242 peccatum
2567 5171 2738 5226 Adam
2782 5171 3060 5226 etl’eoerat.
3098 5170 3155 5225 ld
3198 5182 3377 5225 autem

1805 5263 2123 5336 quomodo?
2170 5263 2442 5333 siquidem
2490 5277 2554 5317 ea
2606 5276 2726 5331 quae
2776 5261 3082 5316 ell'ecerunt
3127 5261 3380 5316 videmus

1806 5359 2061 5429 aequalia,
2101 5371 2411 5428 quanquam
2444 5354 2719 5409 contraria
2761 5353 2872 5407 sint
2906 5352 2995 5407 illa
3026 5368 3147 5422 quae
3178 5352 3373 5407 eﬂ'ecta

1798 5459 1945 5507 sunt.
1972 5446 2439 5516 Quemadmodum
2464 5444 2611 5499 enim
2637 5442 2841 5498 Christi
2868 5443 3182 5498 obedientia
3204 5444 3371 5497 vitam

1801 5560 1864 5598 ac
1920 5540 2377 5603 resurrectionem
2432 5536 2488 5591 in
2544 5549 2737 5591 omnes
2790 5534 3089 5590 transmisit
3141 5550 3153 5586 :
3208 5533 3373 5588 simili

1801 5636 1962 5690 modo
1984 5644 2039 5689 et
2057 5633 2229 5688 Adam
2254 5628 2627 5685 inobedientia
2656 5638 2884 5687 mortem
2908 5628 2959 5680 in
2981 5640 3171 5680 onmes
3197 5636 3373 5681 trans-

1798 5727 1971 5782 misit.
2030 5722 2317 5791 Quomodo
2348 5736 2479 5791 ergo
2507 5720 2582 5774 ait
2612 5738 2625 5773 :
2661 5738 2678 5770 ι
2720 5718 2838 5772 Νοη
2890 5718 3029 5772 sicut
3064 5723 3372 5786 peccatum,

1800 5822 1871 5877 ita
1895 5831 1949 5877 et
1979 5818 2217 5876 donum?
2240 5837 2257 5871 ι
2281 5816 2418 5883 Quia
2448 5813 2553 5871 etsi
2579 5813 2651 5868 ita
2676 5826 2795 5868 sese
2825 5825 2915 5866 res
2943 5809 3159 5874 habeat,
3180 5822 3369 5866 auem-
