4196 6468
752 422 852 482 427

1809 418 2205 478 (ΕευΜΕΝιΙ
2242 418 2533 478 TliICC.-E
2574 417 2913 476 EPISCOI’I

3894 417 4010 480 4‘23

756 532 1051 587 :liiciamur
1081 541 1134 582 et
1161 528 1363 583 Christi
1414 530 1748 594 colueredes,
1804 531 2093 602 Patrisque
2152 533 2329 588 luere-

2437 532 2870 602 συγκληρονόμοι
2927 531 3185 603 Χριστοῦ,
3238 531 3332 585 καὶ
3392 532 3717 603 κληρονόμοι
3774 535 4019 606 Πατρὸς,

755 626 869 684 les.
892 642 952 678 ac
980 623 1223 693 ejusdem
1256 639 1378 677 cum
1426 624 1562 677 Filio
1602 625 1874 693 corporis,
1907 627 2123 696 aliaque
2168 629 2300 683 innu

754 732 902 770 mera
950 715 1092 767 bona
1128 729 1552 782 consequamur.
1602 716 1896 785 Propterea
1936 717 2069 772 dicit
2108 739 2120 771 :
2156 739 2173 769 ι
2223 721 2325 786 Qui

756 807 1164 875 r‘xulserantiam
1183 806 1372 876 gratia:
1398 808 1836 876 accipiunt.i——t
1858 809 2045 879 Itaque
2071 812 2211 866 sicut
2233 829 2327 882 per

755 900 915 952 unius
945 899 1229 953 delictum.
1262 919 1278 947 ι
1317 899 1528 952 Rursus
1555 899 1747 954 eodem
1775 900 2025 955 decertat
2054 919 2325 957 sermone.

753 994 885 1054 ωιιιη
935 992 1081 1043 enim
1145 990 1530 1045 admirandum
1577 991 1887 1057 videbatur,
1931 1010 2127 1063 nempe
2182 995 2328 1065 quod

755 1084 858 1135 vita
914 1094 969 1135 et
1008 1082 1153 1135 dono
1199 1098 1263 1136 ac
1313 1083 1457 1137 bono
1502 1099 1670 1153 opere
1727 1085 1893 1138 unius
1936 1085 2064 1140 Jesu
2122 1086 2329 1141 Christi

754 1189 913 1226 nume
945 1189 1117 1244 genus
1152 1173 1435 1227 hominum
1469 1175 1797 1239 salvaretur,
1826 1174 2031 1229 ideirco
2067 1174 2329 1245 lrequeu~

758 1276 839 1316 ιιϊ
869 1264 1013 1317 idem
1042 1264 1263 1318 astruit.
1295 1284 1312 1315 ι
1348 1264 1501 1319 Sicut
1526 1268 1671 1318 enim
1705 1281 1803 1334 per
1828 1265 2279 1321 inohedientiam.
2308 1286 2327 1320 ι

757 1357 866 1408 lloc
901 1357 1075 1424 ipsum
1101 1356 1282 1409 denuo
1327 1356 1523 1424 repetit
1568 1368 1974 1426 argumentum.
2012 1379 2029 1408 ι
2067 1360 2333 1414 Peeeato-

757 1461 841 1498 res
873 1446 1159 1500 constituti
1201 1457 1328 1500 sunt
1378 1446 1557 1500 multi.
1596 1466 1613 1497 ι
1655 1447 1768 1502 Hoc
1800 1426 1896 1503 «est
1928 1452 2088 1504 morti
2126 1451 2335 1519 suppli-

755 1540 951 1606 cioque
976 1538 1197 1592 obnoxii
1231 1554 1244 1590 :
1274 1552 1342 1593 eo
1374 1538 1520 1607 quod
1555 1541 1699 1594 serie
1732 1555 1796 1594 ac
1822 1541 2017 1596 ordine
2055 1541 2109 1594 in
2140 1556 2335 1595 omnes

755 1628 848 1695 qui
889 1629 1007 1697 ejus
1038 1636 1224 1682 essent
1260 1629 1478 1698 generis
1529 1637 1771 1683 transeat
1811 1638 2100 1699 peccatum
2136 1647 2335 1701 proge-

758 1720 989 1772 nitoris:
1023 1735 1147 1773 cum
1172 1734 1364 1774 omnes
1391 1720 1696 1775 imitatione
1727 1723 1960 1793 quadam
2010 1738 2075 1777 ac
2107 1739 2331 1777 succes-

756 1812 909 1865 sione
956 1811 1098 1864 idem
1140 1818 1540 1881 perpetrarent.
1586 1831 1603 1862 ι
1634 1812 1711 1866 Ita
1749 1822 1802 1866 et
1829 1830 1927 1883 per
1964 1815 2334 1868 obedientiam

2436 626 2529 677 καὶ
2593 623 2872 692 σύσσωμοι
2901 622 2994 676 τοῦ
3029 622 3181 688 Tia-'5,
3209 623 3303 676 καὶ
3335 622 3468 677 ἄλλα
3496 625 3665 694 μυρία
3690 626 3883 694 ἀγαθά.
3915 628 4027 679 Διὰ

2435 713 2591 767 τοῦτό
2638 730 2806 784 φησιν
2831 753 2845 777 ,
2886 733 2904 766 ι
2935 716 2997 767 Oi
3024 715 3123 784 τὴν
3156 715 3472 785 περισσείαν
3501 717 3599 786 τῆς
3631 719 3850 788 χάριτος
3873 718 4029 789 λαμ.-

2436 806 2710 869 6ἀνοντες.
2742 825 2758 856 i
2794 836 2863 846 —-
2897 808 3038 874 ’Λρα
3091 805 3183 858 οὖν
3210 808 3284 869 ὼς
3314 808 3382 859 δι’
3438 808 3556 871 ἐνδς
3617 812 4025 881 παραπτώμα-

2434 914 2544 957 το,.
2572 916 2589 949 ›
2639 898 2807 951 Πάλιν
2844 897 2919 967 τῷ
2949 895 3099 966 αὐτῷ
3151 898 3552 964 ἐπαγωνίζεται
3592 900 3757 971 λόγῳ.
3794 904 4027 971 Ἐπειδὴ

2437 990 2546 1058 γὰρ
2586 990 2893 1059 παράδοξον
2936 991 3130 1055 ἐδόκει,
3169 994 3233 1062 τῇ
3265 990 3358 1043 τοῦ
3391 991 3505 1055 ἐνὸς
3568 993 3741 1063 Ἰησοῦ
3777 997 4027 1065 Χριστοῦ

2439 1082 2551 1150 ζωῇ
2610 1082 2705 1134 καὶ
2765 1083 2943 1153 δωρεᾷ
2997 1084 3089 1137 καὶ
3129 1083 3521 1153 κατορθώματι
3559 1087 3703 1139 ἁπαν
3744 1088 4029 1151 σώζεσθαι

2441 1173 2501 1223 τὸ
2528 1174 2682 1240 γένος
2706 1174 2816 1225 τῶν
2849 1174 3171 1243 ἀνθρώπων,
3194 1175 3478 1247 πολλαχῶς
3510 1178 3641 1229 αὐτὸ
3673 1181 4030 1232 κατασκευα-

2443 1266 2544 1329 ζει.
2591 1286 2609 1317 ι
2639 1267 2852 1338 ’Ὠσπερ
2908 1268 3016 1339 γὰρ
3072 1269 3162 1321 διὰ
3215 1272 3313 1340 τῆς
3364 1273 3672 1340 παρακοῆς.
3703 1289 3719 1320 i
3764 1272 3836 1323 Τὸ
3884 1273 4030 1323 αὐτὸ

2438 1360 2598 1413 πάλιν
2625 1360 2771 1427 λέγει
2825 1362 3186 1432 ἐπιχείρημα.
3244 1381 3262 1413 ι
3300 1362 3645 1433 ’Δμαρτωλοὶ
3671 1364 4022 1432 κατεστάθη-
4046 1367 4061 1374 ’

2440 1470 2539 1505 σαν
2564 1454 2613 1505 οἱ
2661 1453 2867 1506 πολλοί.
2903 1473 2920 1505 ι
2954 1454 3246 1508 Τουτέστιν
3296 1454 3591 1508 ὑπεύθυνοι
3646 1454 3864 1524 θανάτῳ
3917 1455 4026 1505 καὶ

2440 1546 2683 1611 κολάσει,
2743 1548 2915 1599 διὰτὸ
2967 1547 3116 1611 τάξει
3167 1549 3261 1601 καὶ
3295 1548 3470 1618 είρμῷ
3523 1548 3603 1610 είς
3638 1549 3845 1608 πάντας
3888 1548 4029 1611 τοὺς

2439 1636 2533 1690 τοῦ
2572 1638 2761 1707 γένους
2824 1638 3074 1709 διαϐῆναι
3114 1640 3213 1709 τῆν
3236 1639 3331 1693 τοῦ
3366 1640 3682 1709 πρόπατρος
3720 1638 4027 1709 ἁμαρτίαν,

2443 1730 2663 1783 πάντων
2681 1732 2821 1785 κατά
2840 1749 2962 1785 τινα
2989 1732 3221 1802 μίμησιν
3248 1732 3344 1786 καὶ
3372 1731 3593 1802 διδαχὴν
3626 1732 4029 1784 ἐπιτελούντων

2443 1822 2636 1891 αὑτήν.
2694 1821 2919 1884 «Οὕτως
2951 1823 3043 1876 καὶ
3093 1822 3320 1892 διαιτῆς
3378 1823 3622 1893 ὑπακοῆς
3673 1821 3765 1875 τοῦ
3812 1824 3953 1881 ἐνὸς.
3998 1841 4018 1871 ι

758 1903 937 1955 unius.
968 1922 985 1953 ›
1038 1903 1182 1957 Patri
1241 1904 1512 1973 siquidem
1551 1902 1654 1956 fuit
1715 1904 1982 1958 obediens
2033 1920 2207 1973 usque
2268 1904 2335 1957 ad

2455 1884 2726 1985 'Tnijxoo;
2752 1917 2859 1984 γὰρ
2884 1916 3075 1983 γέγονε
3105 1914 3181 1985 τῷ
3211 1884 3385 1986 nam
3438 1884 3602 1984 μέχρί
3629 1914 3881 1977 Θανάτου,
3916 1914 4023 1967 θα-

756 2001 1013 2055 mortem,
1046 2003 1281 2046 mortem
1309 2001 1493 2046 autem
1526 1993 1736 2047 erucis.

824 2085 888 2148 ν,
924 2084 1013 2151 20,
1044 2086 1133 2139 2|.
1162 2085 1266 2139 Lex
1289 2100 1463 2138 autem
1492 2085 1655 2137 obiter
1687 2084 1903 2137 intrarit
1954 2093 2008 2135 ut
2042 2083 2335 2136 abundaret

755 2178 1019 2231 delictum.
1059 2178 1150 2233 L’bi
1184 2188 1358 2231 autem
1386 2178 1683 2231 exuberavit
1719 2186 2012 2244 peccatum,
2063 2176 2131 2227 ibi
2175 2178 2340 2245 magis

755 2272 1048 2323 exuberarit
1064 2272 1261 2341 gratia.
1283 2271 1343 2325 Ut
1363 2270 1798 2340 quemadmodum
1814 2269 2050 2339 regnavit
2068 2276 2339 2337 peccatum

757 2378 848 2429 per
880 2373 1118 2426 mortem,
1147 2363 1221 2414 ita
1250 2370 1298 2413 et
1327 2363 1501 2431 gratia
1542 2369 1786 2430 regnaret
1825 2376 1915 2429 per
1962 2359 2230 2428 justitiam
2270 2358 2339 2409 ad

760 2454 916 2505 vitam
938 2451 1481 2522 mternamperlesum
1498 2450 1757 2506 Christum
1779 2450 2059 2504 Dominum
2079 2460 2336 2503 nostrum.

839 2653 855 2684 ι
894 2634 1001 2687 Lex
1027 2642 1207 2687 autem
1242 2632 1424 2686 obiter
1457 2633 1703 2685 intravit.
1745 2650 1761 2679 ι
1808 2630 1863 2684 Id
1889 2630 2025 2685 dicit
2060 2631 2205 2700 quod
2254 2631 2334 2684 l‘a-

760 2735 907 2778 ctum
930 2736 1009 2779 est
1043 2742 1055 2777 :
1083 2740 1181 2779 nec
1217 2736 1397 2778 tamen
1428 2724 1600 2793 legem
1625 2724 1700 2775 ait
1738 2738 1960 2775 causam
1992 2723 2160 2777 fuisse
2204 2738 2334 2792 pec-

763 2816 865 2869 eati
902 2834 912 2867 :
949 2830 1010 2870 ac
1036 2817 1080 2869 si
1104 2816 1313 2871 diceret
1352 2834 1363 2868 ;
1395 2813 1506 2868 Lex
1537 2825 1720 2868 autem
1762 2815 1945 2868 obiter
1988 2814 2233 2880 intravit,
2281 2822 2336 2868 et

760 2907 1058 2962 abundavit
1083 2906 1365 2961 delictum.
1402 2906 1533 2959 Nam
1561 2905 1665 2957 hoc
1699 2904 1754 2957 in
1789 2904 2052 2973 operibus
2080 2906 2333 2973 apparuit

762 3007 815 3051 et
833 2998 1163 3052 actionibus.
1179 2997 1349 3051 Simul
1373 2998 1536 3051 etiam
1562 3012 1657 3065 per
1680 2997 1903 3050 modum
1922 2996 2331 3067 objurgandiad

761 3089 972 3143 Judaaos
1002 3090 1207 3143 dictum
1244 3098 1343 3154 est,
1376 3089 1442 3143 ad
1472 3089 1595 3142 illos
1641 3093 1786 3142 enim
1818 3104 1999 3143 sermo
2042 3090 2329 3160 dirigitur:

761 3183 915 3236 etilli
948 3183 1014 3235 de
1068 3184 1183 3250 lege
1234 3182 1527 3235 immodice
1578 3181 1968 3235 efferebantur.
2006 3182 2168 3251 272
2217 3181 2400 3281 Ob--C

760 3277 1026 3345 jurgando
1060 3291 1190 3345 ergo
1223 3276 1456 3328 obscure
1483 3275 1687 3328 indicat
1726 3275 1871 3344 quod
1896 3275 2094 3328 frustra
2120 3275 2185 3328 de
2215 3275 2332 3344 lege

757 3366 895 3420 adeo
939 3366 1371 3418 extollerentur:
1407 3365 1561 3428 Quod
1600 3366 1749 3418 enim
1778 3364 1845 3418 ad
1891 3374 2090 3427 vestia,
2131 3366 2328 3433 inquit,

757 3468 969 3528 spectat
993 3474 1180 3528 opera,
1206 3458 1292 3511 lex
1322 3458 1501 3511 obiter
1534 3458 1760 3510 intravit
1795 3465 1853 3509 ut
1885 3456 2191 3509 abundaret
2232 3456 2331 3509 de-

758 3552 971 3605 lictum.
1020 3552 1131 3605 Hoc
1162 3563 1344 3605 autem
1396 3567 1542 3603 nunc
1593 3552 1748 3614 dixit,
1786 3555 1911 3619 quia
1961 3550 2331 3603 calamitatum

757 3643 1103 3707 meminerat,
1130 3658 1250 3711 quze
1282 3643 1554 3696 ex'Adam
1595 3651 1984 3710 provenerant,
2029 3651 2083 3694 et
2132 3642 2331 3695 horum

758 3735 1136 3789 liberationem
1173 3735 1348 3787 solum
1389 3735 1603 3789 dixerat
1652 3748 1770 3786 esse
1824 3733 2158 3787 Salvatorem
2203 3733 2336 3787 eﬂ'e-

759 3833 931 3880 ctum.
977 3824 1055 3878 Ne
1099 3838 1229 3894 ergo
1252 3823 1480 3877 dicant:
1530 3822 1670 3886 Quid
1709 3823 1913 3892 igitur?
1947 3822 2082 3877 nihil
2127 3824 2333 3891 profuit

765 3921 847 3969 lex
867 3916 945 3970 ad
975 3916 1169 3969 horum
1204 3914 1625 3969 liberationem?
1653 3914 1757 3966 hoc
1791 3915 1972 3982 itaque
2002 3914 2154 3983 ponit
2184 3913 2330 3982 quod

760 4008 876 4061 Non
896 4009 1079 4061 'solum
1104 4006 1238 4060 nihil
1263 4006 1419 4059 vobis
1450 4006 1704 4068 contulit,
1730 4003 1824 4058 sed
1858 4014 2121 4073 quantum
2147 4004 2213 4056 ad
2239 4018 2333 4057 vos

759 4102 976 4163 attinet,
1031 4099 1162 4152 illud
1227 4113 1445 4167 quoque
1528 4097 1793 4151 delictum
1843 4096 2125 4149 abundare
2179 4096 2327 4150 fecit.

760 4188 933 4241 Porro
976 4190 1122 4257 quod
1167 4190 1291 4242 ait:
1326 4208 1343 4239 ι
1388 4190 1579 4242 Obiter
1630 4189 1873 4251 intravit,
1914 4207 1931 4237 ι
1976 4189 2330 4256 temporalem

762 4281 1030 4350 signiﬁcat
1079 4282 1197 4350 ejus
1239 4280 1606 4334 durationem.
1663 4299 1678 4329 ι
1720 4278 1791 4333 Ut
1835 4280 2139 4333 abundaret
2195 4279 2330 4334 deli-

759 4382 928 4426 ctum.
993 4392 1009 4424 ι
1062 4373 1223 4443 Legis
1278 4376 1505 4443 gloriam
1564 4373 1764 4427 evertit
1813 4390 1825 4424 :
1885 4389 2009 4426 nam
2067 4373 2331 4427 adversus

759 4462 973 4516 Judmos
1003 4463 1077 4514 illi
1114 4473 1388 4515 certamen
1415 4472 1553 4524 erat,
1586 4471 1640 4515 et
1672 4462 1809 4515 dicit
1839 4480 1851 4514 :
1884 4462 2001 4515 Non
2030 4464 2205 4515 solum
2237 4478 2331 4516 vos

2445 2006 2605 2059 νὰτου
2630 2007 2683 2060 δὲ
2704 2008 2959 2077 σταυροῦ.

2512 2100 2707 2166 Νόμος
2723 2097 2790 2150 δὲ
2815 2096 3221 2167 παρεισῆλθεν
3242 2099 3342 2151 ἵνα
3374 2099 3686 2166 πλεονάσῃ
3712 2097 3778 2151 τὸ
3824 2097 4023 2165 παρά-

2443 2185 2766 2256 πτωμα.οὗ
2798 2190 2865 2241 δὲ
2913 2191 3290 2245 ἐπλεόνασεν
3327 2190 3358 2257 ἠ
3395 2191 3669 2258 ἁμαρτία,
3727 2192 4021 2256 ὑπερεπε-

2434 2281 2775 2347 ρίσσευσεν
2805 2281 2841 2347 ὴ
2885 2279 3078 2349 χάρις,
3128 2282 3227 2334 ἵνα
3263 2279 3466 2349 ὥσπερ
3526 2282 3928 2337 ἐϐασίλευσεν
3978 2281 4020 2345 ὴ

2442 2373 2697 2440 ἁμαρτία
2735 2374 2805 2426 ἐν
2833 2373 2913 2438 τῷ
2937 2373 3193 2437 θανάτῳ,
3219 2374 3407 2439 οὕτως
3430 2375 3521 2427 καὶ
3556 2374 3593 2439 ἠ
3626 2372 3795 2440 χάρις
3824 2372 4020 2435 βασι-

2439 2465 2635 2532 λεύσῃ
2658 2464 2785 2517 ςδιὰ
2842 2465 3229 2533 δικαιοσύνης
3290 2469 3375 2531 εἰς
3425 2466 3579 2531 ζωὴν
3638 2465 3879 2519 αἰώνιον
3910 2464 4017 2516 διὰ

2453 2555 2656 2622 Ἰησοῦ
2681 2556 2941 2624 Χριστοῦ
2968 2558 3074 2611 τοῦ
3102 2558 3323 2626 Κυρίου
3350 2557 3537 2625 ἡμῶν.

2515 2664 2533 2696 ι
2559 2646 2740 2714 Νόμος
2762 2647 2816 2699 δὲ
2847 2647 3231 2717 παρεισῆλθεν.
3262 2665 3280 2697 ι
3343 2648 3415 2698 Τὸ
3440 2648 3664 2714 γεγονὸς
3705 2646 3872 2713 λέγει,
3917 2648 4021 2699 καὶ

2439 2741 2538 2792 οὐκ
2584 2741 2755 2792 αἴτιόν
2816 2757 2983 2808 φησιν
3014 2740 3105 2792 τὸν
3145 2741 3305 2810 νόμον
3369 2740 3467 2808 τῆς
3519 2739 3811 2809 ἁμαρτίας,
3875 2734 4018 2803 οἷον,

2438 2833 2616 2900 Νόμος
2676 2831 2731 2884 δέ
2795 2830 3171 2902 παρεισῆλθε,
3234 2832 3328 2885 καὶ
3378 2832 3671 2883 ἐπλεόνασε
3728 2831 3787 2883 τὸ
3830 2835 4021 2901 παρά-

2438 2941 2659 2994 πτωμα.
2693 2924 2864 2976 Τοῦτο
2898 2924 3005 2993 γὰρ
3038 2925 3124 2975 ἐπ’
3158 2924 3338 2976 αὐτῶν
3360 2922 3513 2991 ὥςρθη
3549 2926 3656 2975 τῶν
3682 2924 3857 2993 ἔργων
3915 2926 4020 2975 καὶ

2436 3017 2707 3085 πράξεων.
2776 3016 3148 3085 ”Αμαδέ,καὶ
3219 3015 3633 3084 ἐπιπληκτικὼς
3696 3017 3829 3083 πρὸς
3882 3018 4018 3078 τοὺς

2449 3108 2735 3169 Ἰουδαίους
2760 3110 2994 3178 εἴρηται.
3030 3107 3169 3176 Πρδς
3215 3109 3322 3178 γὰρ
3356 3108 3595 3169 ἐκείνους
3635 3107 4011 3172 ἀποτείνεται,

2436 3201 2527 3251 καὶ
2555 3201 2752 3252 ἐκεῖνοι
2802 3194 2943 3269 ἦσαν
2980 3199 3030 3252 οἱ
3059 3198 3339 3268 ὑπέρογκα
3396 3198 3473 3268 τῷ
3536 3199 3685 3267 νόμῳ
3748 3197 4018 3267 φρονοῦν-

2433 3308 2541 3352 τες.
2597 3291 2980 3361 Ἔπιπλήττων
3032 3287 3124 3345 οὖν
3185 3292 3577 3354 ὑπαινίττεται,
3606 3291 3685 3342 ὃτι
3713 3292 3904 3361 Μάτην
3930 3290 4018 3359 τῷ

2433 3384 2581 3452 νόμῳ
2635 3382 2779 3452 μέγα
2829 3384 3105 3452 φρονεῖτε·
3139 3384 3248 3450 ὅσῳ
3297 3382 3406 3450 γὰρ
3438 3384 3529 3434 ἐπὶ
3561 3384 3678 3443 ταῖς
3711 3383 4016 3449 ὑμετέραις

2432 3475 2737 3544 ἐργασίαις,
2769 3477 2796 3528 6
2842 3475 3002 3541 νόμος
3054 3475 3419 3545 παρεισῆλθεν
3474 3474 3557 3527 ἴνα
3612 3473 3883 3543 πλεονάσῃ
3947 3474 4015 3525 τὸ

2436 3570 2808 3637 παράπτωμα.
2876 3567 3047 3620 Τοῦτο
3077 3568 3133 3620 δὲ
3163 3567 3254 3619 νῦν
3310 3566 3436 3637 ἔφη,
3471 3568 3658 3634 ἐπειδὴ
3684 3567 3793 3619 τῶν
3821 3568 3882 3618 ἐκ
3907 3566 4012 3618 τοῦ

2447 3659 2618 3729 Ἀδὰμ
2658 3659 2909 3727 χαλεπῶν
2938 3659 3280 3730 ἐπεμνήσθη,
3313 3661 3405 3711 καὶ
3443 3659 3647 3711 τούτων
3683 3658 4012 3728 ἀπαλλαγὴν

2438 3751 2595 3820 μόνον
2619 3750 2723 3820 ἔφη
2780 3751 3033 3818 γενέσθαι
3084 3752 3174 3803 τὸν
3237 3751 3483 3820 Σωτῆρα.
3524 3751 3643 3803 ’Ὶνα
3677 3751 3750 3819 μῆ
3775 3750 4007 3815 λέγωσι·

2435 3842 2498 3893 Τί
2529 3841 2653 3904 οὖν;
2681 3842 2708 3891 6
2731 3842 2891 3909 νόμος
2945 3841 3096 3893 οὐδὲν
3162 3840 3482 3893 συνεὸἁλετο
3542 3842 3619 3903 είς
3650 3841 3745 3910 τὴν
3774 3841 4011 3893 ἐκείνων

2435 3932 2789 4000 ἀπαλλαγήν;
2836 3932 3017 4002 τίθησι
3042 3933 3171 4000 γοῦν
3220 3932 3397 3997 τοῦτο,
3451 3934 3529 3984 ὅτι
3565 3932 3637 3985 Οὐ
3669 3933 3826 3999 μόνον
3850 3932 4013 3984 οὐδὲν

2435 4026 2784 4093 συνήνεγκεν,
2837 4024 2949 4076 ἀλλ’
2999 4024 3098 4080 ὅσα
3122 4023 3205 4091 ἐφ’
3229 4025 3375 4093 ὑμῖν,
3412 4023 3508 4077 καὶ
3557 4023 3846 4074 ἐπλεόνασε
3901 4025 4011 4092 τὴν

2435 4118 2710 4186 ἁμαρτίαν
2735 4118 2969 4186 ἐκείνην,
3003 4117 3075 4168 Τὸ
3105 4118 3183 4180 δὲ,
3224 4137 3240 4167 ι
3269 4116 3660 4186 Παρεισῆλθεν,
3684 4135 3701 4166 i
3736 4116 3797 4167 τὸ
3832 4116 4014 4182 πρόσ-

2433 4227 2623 4279 καιρον
2677 4208 2840 4262 αὖτοῦ
2902 4209 3196 4263 δείκνυσιν.
3245 4228 3263 4259 ι
3294 4208 3408 4261 Ἵνα
3435 4209 3702 4276 πλεονάσῃ
3737 4208 3796 4258 το
3825 4210 4011 4277 rupi-

2435 4318 2697 4369 πτωμα.»
2756 4301 3024 4370 Καθαιρεῖ
3080 4299 3172 4353 τοῦ
3230 4301 3391 4368 νόμου
3438 4300 3533 4369 τὴν
3610 4299 3765 4363 δόξαν
3818 4301 4009 4368 (πρὸς

2447 4392 2727 4455 Ἰουδαίους
2778 4396 2883 4463 γὰρ
2937 4388 3003 4462 ἦν
3037 4392 3183 4461 αὑτῷ
3208 4392 3235 4443 6
3267 4392 3462 4462 ἁγὼν),
3530 4392 3622 4443 καί
3681 4408 3843 4458 φησιν
3871 4408 3883 4420 ’
3920 4393 3998 4443 0-3

2438 4487 2595 4555 μόνον
2637 4486 2788 4539 οὐδὲν
2816 4489 2846 4555 ἠ
2858 4488 2963 4553 μᾶς
3006 4484 3213 4553 ὤνησεν
3234 4487 3260 4537 6
3286 4485 3469 4552 νόμος,
3507 4484 3640 4535 ἀλλᾶ
3672 4484 3765 4536 καὶ
3794 4481 4006 4551 ηὔξησε

762 4554 896 4606 nihil
938 4554 1078 4622 juvit
1128 4555 1232 4616 lex,
1294 4570 1481 4607 Verum
1552 4554 1715 4607 etiam
1776 4569 1841 4606 ex
1896 4555 2328 4622 transgressione

2436 4554 2528 4643 τὰς
2574 4554 2845 4648 ἁμαρτίας
2883 4580 2945 4629 ἐκ
2976 4576 3067 4629 τοῦ
3120 4575 3570 4646 παραϐαίνεσθαι.
3637 4576 3708 4627 Τὸ
3740 4575 3815 4635 δέ,
3875 4576 4005 4637 ἵνα,

761 4646 1175 4712 auxitpeecata.
1210 4644 1533 4715 Conjunctio
1575 4646 1679 4709 ἵνα,
1715 4644 1767 4697 id
1788 4653 1892 4705 est,
1928 4655 2002 4706 ut,
2039 4660 2148 4697 non
2171 4646 2329 4712 poni-

763 4749 852 4789 tur
891 4738 1203 4801 causaliter,
1256 4740 1348 4791 sed
1406 4752 1515 4805 quo
1561 4746 1721 4806 pacto
1766 4737 2057 4805 contigerit
2095 4738 2325 4789 manife-

761 4838 902 4889 stat;
933 4844 1109 4897 neque
1133 4831 1277 4882 enim
1304 4838 1592 4897 propterea
1618 4829 1741 4881 data
1766 4837 1852 4883 est
1888 4829 1971 4881 lex
2000 4837 2058 4881 ut
2082 4827 2327 4882 abunda-

738 4926 739 4929 ‘
765 4932 847 4972 ret
876 4931 1154 4985 peceatum
1181 4923 1355 4975 :absit
1377 4924 1389 4975 !
1415 4923 1529 4975 lmo
1565 4932 1624 4975 ut
1653 4924 1887 4976 sali-aret
1908 4933 1965 4976 et
1995 4924 2325 4987 instrueret;

762 5026 942 5066 tamen
972 5030 1079 5067 non
1109 5015 1395 5068 observata
1428 5016 1583 5069 auxit
1606 5024 1891 5084 peccatum
1925 5032 1938 5066 :
1972 5030 2078 5067 non
2102 5029 2168 5067 ex
2202 5030 2329 5081 pru-

764 5105 880 5171 pria
938 5113 1155 5164 natura,
1216 5103 1310 5155 sed
1362 5112 1586 5171 propter
1645 5104 1861 5155 illorum
1922 5102 2208 5171 segnitiem
2266 5116 2329 5154 ac

764 5194 1251 5263 transgressionem
1288 5196 1379 5263 qui
1412 5212 1531 5249 eam
1566 5212 1673 5249 non
1704 5196 2153 5249 observaverunt.

834 5287 963 5341 Item
1000 5288 1106 5340 alio
1141 5290 1312 5340 modo.
1388 5286 1500 5341 Hoc
1553 5290 1729 5342 simile
1790 5289 1868 5340 illi
1920 5299 2005 5342 est
2056 5288 2202 5357 quod
2272 5290 2325 5342 in

763 5379 1004 5448 Epistola
1047 5379 1113 5432 ad
1160 5378 1375 5433 Galatas
1427 5380 1676 5433 habetur.
1711 5404 1727 5431 ι
1756 5380 1866 5434 Lex
1889 5390 2113 5449 propter
2154 5391 2329 5433 trans-

761 5472 1073 5540 gressiones
1121 5470 1303 5524 addita
1366 5472 1487 5525 luit.
1526 5493 1544 5524 ι
1576 5472 1855 5541 Siquidem
1883 5474 2328 5544 conjunctionem

764 5568 869 5629 ἵνα,
898 5566 948 5618 id
968 5576 1072 5628 est,
1099 5574 1176 5628 ut,
1205 5567 1382 5633 posuit
1413 5568 1575 5621 etiam
1604 5570 1756 5636 juxta
1788 5567 1990 5621 idioma
2022 5586 2032 5620 :
2059 5567 2330 5634 signiticet

759 5656 905 5708 enim
936 5657 1082 5710 aliud
1114 5667 1467 5711 consecutum
1507 5672 1645 5712 esse.
1675 5658 1810 5712 Nam
1846 5660 1899 5711 in
1940 5659 2197 5713 omnibus
2234 5654 2327 5725 qui

764 5760 884 5815 post
918 5748 1087 5801 Adam
1108 5748 1345 5812 fuerunt,
1381 5749 1489 5803 imo
1512 5751 1641 5804 etin
1673 5751 1790 5819 ipso
1816 5752 1979 5805 etiam
2011 5750 2326 5804 Adamdata

762 5842 878 5910 lege
914 5841 1206 5895 abundavit
1229 5842 1509 5897 delictum.
1539 5842 1752 5897 Etenim
1778 5853 1982 5912 quanto
2022 5846 2175 5912 plura
2199 5860 2327 5900 sunt

2429 4672 2529 4723 οὐκ
2558 4670 2934 4736 αίτιολογικῶς
2989 4671 3184 4731 κεῖται,
3217 4668 3352 4720 ἀλλὰ
3383 4668 3463 4729 τὸ,
3498 4669 3645 4727 ὅπως
3687 4666 3868 4735 ἐξέϐη,
3900 4666 4006 4735 δη-

2431 4762 2530 4814 λοῖ.
2585 4762 2659 4813 Οὐ
2716 4762 2822 4830 γὰρ
2882 4761 2970 4812 διὰ
3027 4760 3183 4811 τοῦτο
3230 4758 3384 4825 ἐδόθη
3432 4758 3517 4809 ἴνα
3579 4758 3847 4826 πλεονάσῃ
3900 4760 4005 4824 τὴν

2432 4853 2726 4921 ἁμαρτίαν,
2765 4853 2965 4917 ἄπαγε,
3023 4849 3136 4901 ἁλλ’
3169 4850 3252 4901 ἵνα
3276 4848 3425 4918 σώσῃ
3455 4848 3547 4898 καὶ
3578 4846 3863 4915 παιδεύσῃ.
3905 4847 4003 4915 M'r;

2434 4946 2725 5014 φυλαχθεὶς
2757 4943 2812 4995 δὲ
2839 4942 3044 5011 ηὓξησε
3095 4941 3194 5010 τὴν
3253 4939 3549 5007 ἁμαρτίαν,
3582 4938 3640 4990 οὐ
3702 4939 3851 5006 παρᾶ
3900 4938 4007 5006 τὴν

2432 5039 2635 5089 οἰκείαν
2682 5036 2863 5103 φύσιν,
2892 5034 3027 5087 ἀλλὰ
3076 5034 3224 5103 παρὰ
3260 5034 3357 5102 τὴν
3400 5034 3506 5085 τῶν
3536 5030 3608 5100 μὴ
3649 5029 4005 5100 (puleii/tui

2431 5131 2590 5182 αὑτὸν
2618 5128 2890 5199 ρᾳθυμίαν
2922 5130 3011 5181 καὶ
3042 5125 3367 5196 παράϐασιν.

2502 5300 2606 5353 Καὶ
2645 5302 2862 5365 ἄλλως.
2928 5300 3269 5372 [ΓΕΝΝΑΔ.]
3332 5301 3512 5352 Ἐοικε
3563 5298 3719 5350 τοῦτο
3766 5300 3828 5366 τῇ
3866 5302 4005 5365 τρῖς
4058 5280 4067 5285 ’

2432 5392 2693 5452 Γαλάτας.
2735 5410 2753 5442 ι
2778 5393 2835 5444 ’0
2863 5394 3026 5461 νόμος
3055 5393 3162 5444 τῶν
3222 5391 3585 5462 παραϐάσεων
3636 5391 3796 5459 χάριν
3827 5405 4007 5457 προσ-

2432 5484 2612 5553 ετέθη.
2650 5502 2667 5534 ι
2711 5484 2784 5535 Τὸ
2821 5486 2950 5552 γὰρ,
2995 5486 3118 5548 ἵνα,
3165 5483 3439 5536 κάνταῦθα
3489 5482 3629 5535 κατὰ
3677 5482 3737 5533 τὸ
3801 5480 4004 5547 ἰδίωμα

2433 5574 2663 5627 τέθεικε·
2696 5576 2949 5644 σημαίνει
2978 5576 3086 5644 γὰρ
3116 5575 3175 5627 τὸ
3195 5575 3505 5628 ἀκόλουθον.
3532 5573 3656 5636 Τοῖς
3707 5581 3816 5640 γαρ
3856 5576 4000 5640 μετλ

2431 5668 2523 5717 τὸν
2564 5666 2754 5735 Ἀδὰμ,
2818 5667 3005 5735 φησὶν,
3055 5668 3226 5719 ἁπασι
3255 5705 3270 5731 ,
3333 5667 3533 5734 μᾶλλον
3590 5664 3644 5717 δὲ
3707 5665 3798 5715 καὶ
3845 5664 4000 5728 αὐτῴ

2431 5757 2507 5825 τῷ
2534 5756 2704 5825 Ἀδὰμ
2730 5756 2894 5825 νόμου
2926 5756 3190 5819 δοθέντος,
3223 5756 3511 5808 ἐπλεόνασε
3538 5756 3597 5806 τὸ
3620 5754 3997 5823 παράπτωμα.

2435 5848 2583 5915 Ὅ³ῳ
2623 5849 2730 5914 γὰρ
2760 5848 2825 5900 τά
2850 5848 3289 5917 παραγγέλματα
3348 5846 3532 5910 πλείω,
3562 5846 3800 5913 τοσούτῳ
3829 5861 4005 5913 παρα-
