4196 6468
176 396 285 457 MS

1235 399 1623 458 COMMENT.
1655 397 1729 456 IN
1762 397 2002 461 EPIST.
2045 400 2144 460 AD
2178 400 2358 459 ΗΘΜ.

3323 393 3432 459 ιιο

174 507 527 576 ἀπαλλαγὴν,
563 505 875 576 αἰσχύνεται
908 524 990 568 τις
1019 507 1106 559 ἐπ’
1135 509 1296 577 αὐτῇ.
1329 526 1345 558 ι
1372 508 1444 558 Τὸ
1474 509 1582 575 γὰρ
1611 506 1759 566 τέλος

1876 507 1934 562 ›ι›
1959 508 2136 578 ipsum
2165 508 2367 562 rubore
2410 505 2784 562 suffundatur.
2827 527 2842 558 ι
2885 507 3020 562 Nam
3055 506 3181 562 ﬁnis
3221 505 3438 562 illorum

175 599 404 652 ῑκεὶνων
434 599 681 658 θάνατος.
708 618 725 648 ι
759 599 832 651 Ού
865 599 1026 668 μόνον
1047 599 1156 654 ἀπὸ
1191 599 1285 667 τῆς
1316 600 1597 667 αἰσχύνης,
1625 596 1761 651 ἀλλά

177 691 274 741 καὶ
306 689 419 742 ἀπὸ
469 690 575 741 τῶν
621 689 1088 760 ἀποτελεσμάτων
1135 689 1537 752 κατασκευάζει
1569 689 1630 742 τὸ
1662 705 1760 757 μοο

181 781 390 850 χθηρὸν
427 780 528 848 τῆς
561 781 856 851 ἁμαρτίας.
884 782 956 833 Τὸ
992 780 1144 844 τέλος
1188 780 1434 841 ἐκείνων,
1479 779 1634 849 φησὶ,
1663 778 1760 831 itai-

178 889 343 924 νατον
377 872 508 939 ἔχει,
530 872 685 924 τοῦτο
711 873 774 942 δὴ
806 874 896 924 τὸν
922 873 1130 943 νοητόν.
1164 893 1181 925 ι
1215 874 1407 943 Ἔχετε
1431 871 1520 923 τὸν
1553 871 1763 940 καρπτιν

179 964 338 1029 ὑμεῖν
368 965 445 1014 si;
477 965 766 1032 ἁγιασμόν.
809 964 1094 1016 »Ἐκείνων
1127 965 1244 1031 μὲν,
1287 969 1475 1033 φησὶν,
1501 963 1530 1014 ὁ
1554 960 1763 1030 καρπὸς

178 1053 413 1116 θάνατος
443 1055 536 1107 καὶ
567 1055 794 1125 αἰσχύνη
822 1074 834 1086 ο
858 1055 1061 1108 τούτων
1091 1055 1147 1108 δὲ
1182 1056 1208 1106 ὁ
1242 1057 1472 1124 καρπὸς,
1494 1051 1766 1121 ἁγιασμὸς

179 1146 277 1195 καὶ
301 1144 415 1214 ζωὴ
444 1147 678 1208 αἰώνιος.
701 1147 841 1198 Ἀλλ’
859 1148 1006 1214 εμως
1037 1147 1127 1198 καὶ
1148 1146 1351 1198 τούτων
1375 1145 1545 1206 οὕτως
1568 1144 1762 1208 ὄντων,

180 1241 343 1307 φησῖ,
385 1240 478 1290 καὶ
531 1239 705 1303 οὕτως
739 1239 815 1308 τῷ
851 1240 969 1309 Θεῷ
1002 1238 1350 1300 δουλεύσατε,
1391 1237 1581 1306 ὥσπερ
1638 1235 1766 1288 ποτὲ

182 1333 282 1381 καὶ
315 1335 378 1400 τῇ
411 1332 723 1401 ἀκαθαρσία
749 1334 841 1384 καὶ
861 1335 928 1402 τῇ
961 1333 1180 1403 ἀνομίᾳ.
1219 1351 1236 1381 ι
1260 1331 1330 1382 Τὺ
1359 1330 1415 1383 δὲ
1447 1329 1596 1391 τέλος
1623 1327 1766 1396 ζωὴν

180 1420 426 1472 αἰώνιον.
463 1441 480 1470 >
513 1422 608 1474 Ἐκ
632 1422 738 1472 τών
769 1421 1067 1491 δεδομένων
1095 1423 1164 1474 τά
1199 1419 1626 1489 προσδοκώμενα
1674 1434 1766 1470 m-

183 1511 433 1573 στοῦται,
459 1515 758 1578 τουτέστιν,
783 1514 889 1567 ἀπὸ
919 1514 1216 1583 άγιασμοῦ,
1239 1513 1338 1580 τὴν
1361 1511 1577 1564 αἰώνιον
1599 1511 1765 1579 ζωήν.

189 1624 205 1653 ι
247 1605 329 1655 Τά
368 1609 477 1674 γὰρ
511 1606 718 1672 ὀψώνια
754 1607 850 1674 τῆς
877 1606 1152 1674 ἁμαρτίας
1180 1604 1433 1666 Θάνατος.
1465 1621 1484 1653 ι
1515 1601 1595 1654 Τά
1625 1600 1768 1670 ὀψώ-

183 1711 298 1756 νια,
336 1687 451 1744 οἷον
474 1695 502 1746 ὁ
537 1695 772 1763 καρπὸς,
815 1693 848 1764 ἢ
889 1694 1086 1764 δωρεά.
1134 1693 1434 1760 Ὀψώνιον
1465 1690 1705 1758 λέγεται,
1737 1691 1768 1760 ὴ

185 1784 448 1856 βασιλικὴ
508 1787 706 1856 δωρεά.
768 1788 908 1858 Ὅρα
951 1787 1006 1839 δὲ
1061 1785 1120 1852 ἐξ
1174 1779 1248 1838 ὧν
1299 1782 1652 1853 ἐπεξέρχεται
1695 1779 1770 1850 τῷ

1865 614 2034 652 mors.
2065 620 2082 650 ι
2110 602 2228 655 Non
2263 601 2440 654 solum
2479 615 2506 653 a
2533 599 2765 669 pudore,
2786 615 2976 654 verum
3001 601 3167 654 etiam
3206 599 3276 653 ab
3305 599 3442 654 elle-

1865 691 2045 746 ctibus
2069 694 2278 760 peccati
2325 692 2586 746 malitiam
2644 690 2955 746 confirmat.
2984 691 3136 746 Finis
3191 691 3438 754 illorum,
3523 752 3529 763 τ

1868 781 2065 852 inquit,
2096 792 2326 836 mortem
2357 784 2539 849 habet,
2570 785 2735 852 idque
2763 783 3123 853 spiritualcm.
3157 802 3174 834 ι
3216 783 3442 838 Habetis

1865 875 2102 928 fructum
2135 884 2376 928 vestrum
2406 877 2457 928 in
2489 877 3000 930 sanctilicationem.
3034 893 3048 922 ι
3073 874 3313 937 illorum,
3351 875 3436 929 in-

1867 969 2006 1036 quit.
2041 967 2254 1021 fructus
2295 983 2442 1020 mors
2479 977 2563 1022 est
2594 977 2648 1022 et
2675 967 2948 1031 confusio,
2993 966 3190 1020 horum
3243 977 3426 1020 autem

1869 1054 2078 1110 fructus
2125 1054 2486 1108 sanctificatio
2532 1063 2617 1107 est
2663 1063 2719 1107 et
2769 1055 2876 1108 vita
2941 1061 3167 1108 aeterna.
3235 1054 3436 1107 Verum

1869 1163 2180 1216 quanquam
2215 1148 2328 1202 haec
2367 1147 2438 1200 ita
2468 1163 2526 1202 se
2552 1146 2811 1205 habeant.
2849 1147 3040 1200 saltem
3074 1146 3148 1199 ita
3180 1145 3290 1198 lleo
3323 1161 3442 1200 ser-

1870 1237 2000 1297 vite,
2049 1237 2508 1305 quemadmodum
2554 1237 2685 1290 olim
2735 1235 3100 1290 immunditia:
3137 1245 3192 1289 et
3238 1236 3444 1305 iniqui-

1873 1329 1965 1384 tati
2003 1345 2014 1380 :
2055 1346 2073 1379 ι
2117 1329 2308 1382 Finem
2349 1344 2480 1382 vero
2515 1329 2682 1382 vitam
2711 1338 2994 1382 aeternam.
3039 1346 3056 1378 ι
3093 1326 3174 1380 Ab
3204 1327 3288 1381 his
3322 1343 3446 1396 quae

1871 1419 1994 1474 data
2018 1428 2166 1484 sunt,
2189 1435 2380 1472 eorum
2410 1419 2570 1472 fidem
2601 1419 2728 1474 facit
2753 1436 2874 1488 qua:
2903 1426 3312 1486 exspectantur,
3339 1419 3445 1473 hoc

1871 1520 1975 1575 est,
2007 1525 2034 1564 a
2070 1509 2502 1564 sanctificatione
2533 1509 2697 1562 vitam
2737 1521 3000 1563 aeternam
3035 1507 3220 1562 infert.
3265 1527 3281 1558 ι
3328 1507 3445 1563 Sti—

1873 1602 2069 1671 pendia
2097 1604 2242 1656 enim
2277 1604 2483 1672 peccati
2513 1617 2680 1656 mors.
2713 1620 2730 1650 ι
2761 1600 3070 1670 Stipendia.
3095 1599 3248 1654 lucra
3277 1599 3444 1654 veluti

1874 1692 2086 1746 fructus
2134 1693 2218 1745 vel
2263 1695 2488 1746 donum.
2531 1693 2812 1761 ὐψὼνιον,
2857 1692 2911 1744 id
2943 1701 3047 1748 est.
3087 1691 3444 1760 stipendium,

1874 1784 2080 1840 dicitur
2116 1785 2321 1839 donum
2370 1786 2536 1855 regis.
2587 1785 2722 1840 Vide
2781 1794 2965 1839 autem
3022 1783 3225 1853 quibus
3262 1781 3448 1836 verbis

183 1877 372 1944 λόγῳ,
427 1877 860 1948 ἀσφαλεστέρου(
902 1895 958 1929 τε
1019 1878 1215 1939 αὐτοὺς
1274 1876 1408 1946 πρὸς
1465 1873 1526 1927 τὸ
1581 1872 1774 1944 μέλλον

1877 1895 2185 1934 sermonem
2216 1880 2503 1934 edisserat.
2539 1877 2671 1933 Nam
2706 1879 2829 1933 illos
2869 1887 2924 1932 et
2958 1877 3234 1930 firmiores
3265 1873 3450 1930 reddit

185 1969 357 2027 ποιεῖ,
424 1967 515 2018 καὶ
579 1967 734 2018 αὐτοὶ
795 1965 1210 2036 εύχαριστοῦσιν
1277 1959 1352 2017 ὧν
1406 1963 1770 2034 ὲῤῥύσθησαν.

183 2053 469 2127 -ίιε·ΩΤ.]
517 2057 780 2124 Ὀψώνιον
809 2057 896 2109 διά
948 2057 1045 2125 τῆς
1076 2055 1352 2124 ἁμαρτίας
1395 2052 1704 2122 ὠνούμεθα,
1739 2051 1774 2105 ἃ

187 2147 326 2214 ἡμῖν
380 2147 564 2216 εκείνη
610 2148 982 2217 πραττομένη,
1017 2146 1326 2198 ἀντιδίδωσι
1360 2144 1454 2198 καὶ
1505 2143 1770 2213 προξενεῖ.

194 2257 213 2287 ι
249 2239 325 2290 Τὸ
355 2237 412 2290 δὲ
439 2241 681 2308 χάρισμα
711 2239 804 2291 τοῦ
837 2239 995 2290 Θεοῦ.
1030 2258 1046 2288 ι
1098 2240 1210 2290 Οὐκ
1240 2233 1393 2290 εἶπεν
1415 2251 1426 2263 ⁸
1475 2235 1531 2287 '0
1583 2235 1774 2304 μισθὸς

190 2332 248 2377 τιῖ
275 2351 296 2374 -.
337 2331 803 2401 κατορθωμάτων,
843 2330 1002 2393 ἀλλά,
1034 2351 1050 2379 ι
1073 2332 1352 2399 Χάρισμα,
1386 2348 1402 2378 ι
1437 2329 1650 2390 δεικνὶὶ
1693 2328 1772 2379 δτι

187 2424 292 2472 οὐκ
316 2423 379 2473 ἐκ
413 2422 696 2489 καμάτων,
724 2420 858 2473 ἀλλὰ
895 2422 1034 2473 κατά
1061 2422 1218 2491 χάριν
1243 2417 1637 2488 ἀπηλλάγησαν
1667 2415 1774 2468 τῶν

192 2513 508 2582 ἁμαρτών.

815 2603 1063 2655 ΚΕΦΛΛ.
1087 2603 1163 2656 Θ’.

351 2694 772 2763 Ἐπανάληψις
801 2695 931 2762 περὶ
971 2692 1076 2760 τῆς
1120 2694 1190 2746 ἐν
1228 2692 1421 2762 χάριτι
1465 2694 1631 2760 ζωῆς.

269 2791 348 2841 ἸΙ
392 2788 681 2856 ἀγνοεῖτε,
733 2787 1006 2855 ἀδελφοὶ,
1035 2784 1399 2855 γινώσκουσι
1443 2787 1553 2854 γὰρ
1590 2787 1778 2851 νόμον

193 2880 389 2942 λαλῶ,
425 2881 511 2933 ὅτι
547 2885 578 2935 ό
628 2883 810 2947 νόμος
863 2881 1126 2947 κυριεύει
1175 2879 1281 2932 τοῦ
1328 2877 1643 2946 ἀνθρώπου
1683 2876 1774 2944 ἐφ’

197 2973 354 3024 ὅσον
405 2973 629 3039 χρόνον
661 2970 765 3038 ζῇς
835 2971 904 3025 Ἡ
957 2970 1064 3039 γὰρ
1115 2970 1417 3037 ὕπανδρος
1467 2969 1643 3039 γυνὴ,
1700 2967 1778 3031 τῷ

198 3063 368 3122 ζῶντι
425 3062 593 3130 ἀνδρὶ
650 3063 879 3117 δέδεται
915 3065 1094 3133 νόμιμ’
1151 3063 1258 3116 ἐὰν
1301 3062 1369 3115 δὲ
1425 3061 1694 3128 ἀποθάνῃ
1747 3062 1780 3113 ὀ

1874 1973 1940 2026 ad
1976 1971 2026 2025 id
2069 1972 2214 2040 quod
2249 1972 2492 2025 futurum
2519 1979 2624 2035 est,
2652 1978 2708 2026 ct
2738 1979 2797 2025 ut
2832 1969 2900 2024 de
2943 1969 3028 2022 his
3057 1969 3260 2039 gratias
3286 1973 3449 2038 agant

1875 2081 1903 2117 a
1928 2063 2129 2132 quibus
2172 2063 2386 2117 liberati
2426 2070 2573 2124 sunt,
2615 2061 2800 2115 ellicit.
2825 2047 3181 2129 Stipendium
3214 2059 3449 2112 facimus

1877 2171 1973 2225 per
2006 2165 2309 2223 peccatum,
2349 2154 2494 2223 quod
2529 2154 2690 2208 nobis
2723 2153 2857 2207 illud
2905 2162 3278 2222 perpetratum
3309 2167 3446 2206 con-

1876 2246 2024 2299 ciliat
2079 2261 2142 2299 ac
2185 2244 2458 2314 rependit.
2503 2263 2520 2294 ι
2589 2244 2800 2298 Donum
2847 2252 3030 2296 autem
3079 2241 3196 2294 Dei.
3257 2260 3274 2289 ι
3327 2239 3447 2293 Non

1876 2340 2013 2394 dixit
2049 2357 2060 2391 ;
2091 2339 2296 2391 Merces
2333 2337 2607 2390 bonorum
2650 2349 2902 2404 operum,
2951 2331 3047 2386 sed
3087 2349 3105 2382 ι
3143 2330 3372 2391 donum,
3424 2348 3441 2379 ι

1876 2429 2174 2484 ostendens
2213 2427 2358 2496 quod
2401 2442 2511 2480 non
2550 2441 2648 2495 per
2685 2423 2930 2486 labores,
2961 2421 3056 2476 sed
3093 2436 3189 2492 per
3217 2419 3449 2491 gratiam

1877 2521 2094 2576 liberati
2130 2519 2242 2574 sint
2271 2535 2300 2572 a
2322 2517 2583 2590 peccatis.

2383 2609 2548 2681 23:.
2582 2607 2807 2664 CAPUT
2845 2607 2941 2661 tx.

2092 2703 2349 2774 Repetitio
2379 2703 2442 2756 de
2469 2704 2576 2756 vita
2611 2717 2726 2770 quw
2765 2707 2837 2754 est
2876 2701 2930 2752 in
2954 2699 3234 2752 charitate.

1951 2799 2062 2862 Vll,
2090 2798 2198 2850 1-5.
2223 2797 2302 2850 An
2338 2796 2614 2864 ignoratis,
2644 2794 2836 2862 fratres
2873 2789 3176 2857 (scientibus
3209 2787 3348 2840 enim
3373 2787 3453 2838 le-

1881 2910 1996 2963 gem
2025 2889 2248 2961 loquor),
2283 2889 2420 2958 quod
2445 2887 2525 2939 lex
2546 2887 2845 2938 dominetur
2869 2883 3068 2936 homini
3094 2887 3290 2952 quanto
3313 2887 3452 2932 tem-

1883 3001 2009 3057 pore
2047 2984 2212 3036 vivit?
2244 2979 2436 3034 Mulier
2480 2979 2618 3032 enim
2665 2978 2776 3030 viro
2805 2975 3064 3044 subjecta,
3108 2971 3297 3026 viventi
3343 2969 3454 3022 viro

1883 3079 2105 3148 alligata
2139 3086 2215 3129 est
2246 3090 2340 3140 per
2385 3072 2551 3142 legem
2584 3088 2600 3125 :
2637 3069 2774 3140 quod
2803 3070 2849 3122 si
2895 3074 3132 3120 mortuus
3163 3063 3319 3133 fuerit
3354 3061 3453 3124 vir,

199 3156 380 3220 ἀνὴρ,
429 3155 790 3222 κατήργηται
837 3155 954 3208 ἀπὸ
1007 3154 1111 3208 τοῦ
1164 3157 1349 3223 νόμου
1394 3154 1498 3208 τοῦ
1538 3152 1775 3220 ἀνδρός.

1885 3171 2122 3226 absoluta
2149 3177 2222 3222 est
2253 3185 2284 3220 a
2316 3164 2426 3235 lege
2451 3165 2568 3217 viri.
2604 3162 2791 3229 Itaque
2814 3161 3012 3214 vivente
3047 3158 3180 3218 viro,
3206 3153 3452 3208 adultera

203 3251 355 3314 Ἄρα
397 3241 512 3300 οὖν
557 3245 773 3312 ζῶντος
817 3247 922 3299 τοῦ
961 3246 1182 3313 ἀνδρὸς
1221 3244 1504 3315 μοιχαλὶς
1557 3259 1781 3310 χρημα-

205 3342 381 3404 τίσει,
413 3340 523 3391 iur
554 3339 790 3406 γένηται
816 3339 989 3406 ἀνδρὶ
1022 3338 1220 3404 ἑτέρῳ.
1243 3339 1384 3393 Ἐὰν
1411 3335 1480 3388 δὲ
1508 3335 1780 3404 ἀποθάνῃ

203 3437 235 3484 ὀ
273 3432 454 3500 ἀνὴρ,
491 3429 777 3498 ἐλευθέρα
814 3430 984 3483 ἐστὶν
1011 3431 1128 3484 ἀπὸ
1164 3428 1270 3482 τοῦ
1314 3429 1525 3496 νόμον,
1566 3426 1668 3480 τοῦ
1694 3427 1781 3495 μὴ

201 3524 355 3580 εἶναι
387 3525 586 3591 αὐτὴν
625 3523 970 3592 μοιχαλίδα,
1008 3521 1341 3591 γενομένην
1371 3520 1542 3586 ἀνδρὶ
1583 3519 1780 3588 ἑτέρῳ.

279 3614 419 3665 Μετ’
445 3613 722 3682 ἐγκωμίου
749 3612 896 3679 λέγει
916 3613 998 3675 τὸ,
1043 3631 1059 3662 ι
1086 3611 1440 3664 Γινώσκουσι.
1473 3629 1490 3661 ι
1527 3641 1595 3650 —
1625 3631 1642 3662 ι
1665 3612 1785 3662 ’ὐτι

205 3709 232 3757 6
268 3707 434 3772 νόμος
479 3703 727 3774 κυριεύει
782 3703 876 3756 τοῦ
906 3701 1233 3772 ἀνθρώπου;
1266 3722 1283 3754 ›
1323 3698 1488 3756 Εἶπεν
1539 3703 1670 3766 ἀνω,
1707 3703 1787 3754 ὅτι

209 3795 564 3862 ἀπεθάνομεν
618 3796 682 3863 τῇ
741 3794 1026 3864 ἁμαρτία,
1077 3792 1365 3862 τοιγαροῦν
1413 3791 1473 3844 οὐ
1543 3792 1788 3862 κυριεύει

211 3889 390 3957 ἡμῶν,
423 3886 533 3937 τῶν
559 3887 682 3937 ὅσον
710 3884 796 3937 ἐπ’
824 3886 960 3955 αὐτῇ
991 3885 1200 3955 νεκρῶν
1226 3885 1413 3948 ὄντων,
1443 3885 1536 3936 νῦν
1563 3883 1620 3936 δὲ
1647 3883 1788 3936 θέλει

211 3982 403 4044 δεῖξαι,
431 3979 514 4030 ὅτι
538 3977 660 4029 οὔτε
685 3979 712 4030 ὁ
741 3978 903 4046 νόμος
931 3977 1088 4047 ἡμῶν
1129 3975 1392 4044 κυριεύει.
1427 3975 1790 4046 ’Λνθρὼπενον

212 4075 262 4122 δὲ
288 4073 442 4140 λέγει
477 4071 851 4138 παράδειγμα.
894 4065 1027 4125 Εἶτα
1077 4069 1281 4140 προῖὼν
1311 4069 1584 4122 δείκνυσιν
1623 4070 1703 4121 ὅτι
1729 4069 1790 4120 ού

218 4168 378 4232 μόνον
418 4166 578 4233 ἡμεῖς
607 4164 950 4234 ἀπεθάνομεν
977 4163 1056 4230 τῷ
1082 4163 1254 4232 νόμῳ,
1289 4163 1426 4214 ἀλλά
1461 4163 1554 4213 καὶ
1577 4163 1605 4214 δ
1635 4161 1792 4229 νόμος

215 4257 456 4310 απέθανε
486 4261 552 4327 τῇ
573 4258 862 4326 ἐπιψανεέα
883 4255 976 4307 τοῦ
998 4254 1256 4323 Χριστοῦ.
1278 4273 1295 4304 ι
1324 4253 1429 4306 Τοῦ
1452 4253 1786 4322 ἀνθρώπου.»

219 4355 332 4404 υύκ
365 4349 523 4404 εἶπεν
567 4350 756 4419 ἀνδρὸς
791 4350 824 4418 ἢ
864 4348 1139 4417 γυναικὸς,
1166 4347 1321 4414 ἀλλὰ,
1363 4366 1380 4399 ι
1415 4345 1744 4416 Ἀνθρώπου,
1770 4364 1788 4396 ι

219 4444 305 4494 ἵνα
351 4444 703 4510 ἀμφοτέρους
749 4439 984 4512 δηλώσῃ.
1043 4459 1061 4490 ι
1103 4440 1218 4508 Ἐφ’
1267 4439 1392 4491 ὅσον
1420 4439 1611 4507 χρόνον
1653 4435 1740 4506 ζῇ.
1771 4455 1790 4487 ›

1873 3263 2224 3338 judicabitur.
2257 3260 2302 3314 si
2331 3275 2386 3312 se
2416 3257 2658 3327 junxvrit
2695 3254 2788 3308 alii
2815 3255 2924 3306 viro
2953 3252 3073 3306 :sin
3100 3258 3274 3301 autem
3306 3262 3454 3298 mor-

1883 3368 2001 3412 tuus
2027 3356 2184 3424 fuerit
2215 3352 2314 3412 vir,
2353 3350 2516 3404 libera
2544 3354 2617 3401 est
2717 3345 2847 3416 lege,
2881 3352 2935 3396 ut
2967 3359 3067 3396 non
3089 3342 3157 3394 sit
3187 3337 3454 3402 adultera,

1881 3450 2190 3518 sijungitur
2219 3444 2312 3499 alii
2338 3445 2472 3497 viro.

1955 3635 2090 3689 Cum
2139 3629 2391 3687 encomio
2441 3626 2577 3680 dicit
2623 3643 2640 3674 ι
2700 3619 3017 3678 Scientibus
3073 3618 3268 3686 legem.
3317 3633 3335 3665 ι
3391 3641 3457 3651 -

1896 3748 1912 3778 ι
1947 3725 2102 3793 Quod
2142 3724 2229 3777 lex
2269 3721 2585 3774 dominetur
2629 3713 2886 3768 homini?
2937 3730 2953 3762 ι
3006 3707 3274 3777 Superius
3319 3704 3458 3758 dixit

1889 3817 2032 3889 quod
2062 3813 2263 3870 mortui
2297 3825 2489 3866 sumus
2521 3815 2747 3877 peccato
2779 3821 2790 3856 :
2826 3803 2986 3856 nobis
3013 3801 3196 3868 itaque
3220 3812 3326 3850 non
3361 3795 3462 3848 do-

1891 3908 2151 3964 minatur,
2180 3918 2244 3956 ea
2284 3899 2496 3954 ratione
2546 3913 2653 3966 qua
2702 3909 2894 3948 sumus
2927 3891 3003 3946 illi
3045 3889 3270 3948 mortui,
3310 3900 3461 3938 nunc

1891 4008 2074 4054 autem
2115 3995 2233 4049 vult
2269 3990 2559 4047 ostendere
2592 3985 2739 4056 quod
2776 3998 2956 4052 neque
2995 3983 3077 4035 lex
3119 3977 3459 4032 dominetur.

1894 4093 2204 4147 Humanum
2245 4095 2427 4138 autem
2464 4081 2672 4150 profert
2718 4076 3052 4143 exemplum.
3092 4069 3300 4125 Deinde
3335 4080 3464 4136 pro-

1894 4180 2139 4237 cedendo
2171 4175 2431 4236 ostendit,
2466 4171 2613 4242 quod
2649 4185 2757 4223 non
2790 4167 2965 4221 solum
2997 4179 3096 4217 nos
3124 4161 3227 4230 legi
3261 4157 3463 4212 mortui

1895 4287 2116 4330 smnus:
2137 4267 2228 4323 sed
2255 4277 2312 4321 et
2341 4267 2424 4320 lex
2449 4272 2661 4316 mortua
2684 4268 2768 4314 est
2790 4275 2888 4328 per
2916 4255 3212 4310 adventum
3241 4248 3465 4306 Christi.

1905 4386 1922 4417 c
1963 4361 2201 4418 llomini.
2241 4378 2258 4410 ι
2289 4359 2406 4412 Non
2439 4355 2578 4408 dixit
2608 4353 2745 4413 viro,
2779 4357 2872 4403 aut
2908 4345 3148 4404 mulieri,
3189 4341 3281 4396 sed
3320 4360 3336 4390 ι
3365 4339 3468 4392 ho-

1898 4457 2056 4520 mini,
2099 4473 2116 4504 »
2164 4461 2222 4506 ιιι
2257 4462 2548 4516 utrumque
2588 4441 2941 4513 signiﬁcaret.
3002 4457 3018 4488 ι
3057 4437 3273 4501 Quanto
3321 4443 3460 4487 tem-

219 4537 355 4598 'f-I;;
387 4535 642 4602 ,δηλονότι
683 4535 709 4584 ὁ
739 4532 1042 4603 ἄνθρωπος.
1093 4531 1473 4592 Ἐλλειπτικῶς
1509 4527 1600 4581 οὖν
1647 4529 1780 4598 εἴρηι

1903 4564 2034 4620 pore.
2065 4546 2220 4598 vivit.
2275 4563 2292 4594 ι
2334 4539 2504 4606 Quis?
2555 4538 2720 4590 homo
2753 4533 3033 4587 videlicet.
3065 4530 3168 4583 Per
3193 4525 3468 4620 defectum

221 4650 330 4685 ται.
360 4629 541 4696 Σαφές
582 4628 638 4679 δὲ
679 4627 810 4679 αὐτὸ
840 4628 1006 4687 ποιεῖ,
1035 4625 1096 4677 τὸ
1145 4623 1507 4692 ἐπαγόμενον.
1542 4643 1560 4673 ι
1598 4622 1661 4674 'il
1692 4622 1799 4690 γάρ

224 4721 501 4789 ὕπανδρος
535 4719 692 4787 γυνή.
725 4737 742 4768 ι
781 4717 870 4770 Ἐν
899 4716 1052 4780 τάξει
1093 4715 1180 4768 τοῦ
1217 4715 1427 4785 ἀνδρὸς,
1459 4714 1672 4767 τέθεικε
1709 4714 1802 4764 τὸν

225 4818 417 4885 νόμον,
473 4816 530 4864 ἐν
575 4812 729 4875 τάξει
779 4810 836 4862 δὲ
877 4811 1158 4876 γυναικὸς,
1207 4809 1330 4869 τοὺς
1386 4805 1800 4866 πιστεύσαντας.

233 4933 249 4962 ι
289 4911 418 4964 Ἐάν
451 4909 507 4960 δὲ
549 4907 798 4977 ἀποθάνῃ
825 4908 852 4957 ὁ
903 4903 1062 4974 ἀνήρ.
1102 4924 1118 4955 ι
1153 4903 1244 4956 Ἐν
1281 4901 1360 4971 τῷ
1401 4898 1804 4970 παραδείγματι

228 5006 329 5074 τῆς
382 5004 582 5072 χήρας.
619 4999 712 5050 τὸν
743 4999 904 5068 νόμον
949 4994 1264 5050 ὑποτίθεται
1297 4993 1660 5052 ἀποθανόντα,
1694 4990 1804 5042 ἀλλ’

231 5099 331 5149 οὒκ
381 5098 440 5148 ὲν
484 5093 562 5162 τῷ
595 5093 1045 5161 συμπεράσματι,
1097 5089 1186 5140 ἵνα
1226 5086 1302 5157 μὴ
1344 5085 1555 5155 ἐπαχθῆ
1608 5085 1807 5152 ποιήσῃ

234 5191 327 5239 τὸν
375 5187 558 5251 λόγον,
607 5184 765 5250 μόνον
817 5181 1005 5242 ἁπλῶς
1055 5177 1435 5248 διηγούμενος.
1493 5193 1510 5226 ι
1541 5175 1672 5228 Ἀπὸ
1715 5172 1808 5224 τοῦ

237 5282 429 5350 νόμον.
464 5297 482 5329 ι
527 5275 633 5328 ’1ὀῦ
680 5273 1096 5342 νομοθετοῦντος
1149 5271 1276 5340 περὶ
1320 5267 1412 5321 τοῦ
1463 5268 1684 5336 ἀνδρὸς,
1718 5268 1812 5317 καὶ

235 5373 567 5440 δ’σμοῦντος
596 5369 695 5436 τὴν
724 5369 954 5434 γυναῖκα
1006 5365 1140 5432 πρὸς
1201 5363 1382 5416 αὐτόν.
1435 5362 1507 5413 Τὸ
1539 5361 1618 5421 δὲ,
1667 5363 1814 5414 Κατο

244 5469 516 5533 ἢρτηται,
546 5461 667 5516 ἀντὶ
687 5459 802 5521 τοῦ,
833 5457 1188 5519 άπολέλυται,
1215 5454 1608 5524 ὴλευθὲρωται.

315 5561 517 5616 Ὥστε,
546 5553 799 5621 ἀδελφοί
816 5569 956 5620 μου,
981 5549 1077 5602 καὶ
1109 5548 1277 5614 ὑμεῖς
1305 5546 1708 5612 ἐθανατώθητε
1738 5544 1817 5610 τῷ

247 5655 409 5719 νόμῳ
431 5647 528 5700 διὰ
561 5645 666 5698 τοῦ
695 5644 969 5714 σώματος
999 5641 1104 5696 τοῦ
1131 5639 1412 5708 Χριστοῦ,
1448 5639 1534 5703 εἲς
1561 5638 1626 5689 τὸ
1655 5636 1816 5706 γενέ-

245 5747 387 5797 σθαι
428 5737 583 5809 ὑμᾶς
622 5739 824 5804 ἑτέρῳ,
861 5735 941 5801 τῷ
969 5737 1038 5789 ἐκ
1078 5731 1306 5802 νεκρῶν
1345 5729 1677 5800 ἐγερθέντι,
1720 5729 1820 5780 ἵνα

250 5832 804 5904 κιιίποῖοριξσωμεν
842 5829 920 5896 τῷ
949 5827 1093 5895 Θεῷ.
1128 5828 1267 5880 "Ore
1307 5825 1418 5894 γὰρ
1457 5821 1603 5894 ἦμεν
1639 5823 1707 5876 ἐν
1749 5820 1818 5888 τῇ

1901 4612 2031 4706 ergo
2078 4636 2286 4689 dictum
2329 4640 2434 4695 est,
2470 4629 2563 4684 sed
2603 4627 2654 4681 id
2699 4624 2845 4694 quod
2900 4619 3252 4687 subiungitur
3306 4612 3473 4667 cflicit

1905 4727 2036 4786 illud
2077 4724 2452 4781 manifestum.
2503 4739 2519 4769 ι
2567 4718 2766 4772 Mulier
2800 4713 2945 4768 enim
2988 4711 3105 4763 viro
3143 4707 3411 4773 subjecta.
3448 4721 3466 4753 ι

1903 4822 2106 4878 Ordine
2147 4816 2251 4871 viri
2303 4814 2486 4884 posuit
2518 4813 2718 4877 legem,
2761 4805 2951 4860 ordine
2985 4809 3166 4855 autem
3223 4794 3477 4850 mulieris

1906 4913 2212 4969 credentes.
2270 4927 2287 4959 ι
2349 4903 2504 4972 Quod
2557 4903 2600 4957 si
2650 4908 2904 4954 mortuus
2945 4893 3112 4950 fuerit
3153 4890 3256 4942 vir.
3310 4906 3328 4938 ι
3374 4886 3484 4939 Per

1906 5004 2213 5073 exemplum
2234 4999 2413 5053 vidua:
2444 4997 2617 5065 legem
2643 4989 2905 5060 supponit
2937 4986 3257 5041 morientem
3291 4996 3304 5032 :
3330 4975 3478 5073 quod

1910 5099 1961 5152 in
1983 5094 2336 5151 conclusione
2366 5104 2474 5142 non
2509 5086 2658 5144 facit,
2688 5099 2756 5136 ne
2787 5091 3098 5134 sermonem
3133 5086 3293 5126 suum
3319 5067 3478 5120 odio-

1910 5202 2031 5242 sunt
2070 5183 2284 5242 reddat,
2328 5179 2422 5232 sed
2470 5185 2682 5230 tantutn
2725 5169 3047 5239 simpliciter
3083 5175 3333 5217 narrans.
3376 5177 3393 5207 ι
3437 5156 3476 5209 Α

1913 5279 2049 5346 h-ge.
2087 5293 2104 5323 ι
2141 5271 2270 5336 Quae
2301 5269 2368 5320 de
2405 5265 2526 5318 viro
2564 5259 2762 5316 statuit
2804 5259 2991 5324 illique
3038 5251 3329 5346 mulierem
3356 5245 3482 5299 alli-

1913 5339 2020 5438 gat.
2077 5365 2464 5429 Κατὴργηται,
2512 5355 2564 5409 id
2624 5362 2728 5416 est,
2780 5349 3030 5404 absoluta
3084 5351 3187 5406 est,
3249 5339 3484 5393 liberata

1914 5467 2016 5513 εει.

1989 5545 2098 5609 VII,
2131 5543 2241 5596 4-6.
2278 5536 2730 5600 Proinde,{ratres
2750 5531 2871 5592 mei,
2898 5543 2984 5580 vos
3013 5538 3212 5595 quoque
3232 5514 3467 5609 mortifi-

1916 5639 2020 5691 cati
2045 5607 2163 5689 estis
2193 5634 2292 5702 legi
2325 5647 2414 5700 per
2445 5643 2630 5696 corpus
2657 5623 2871 5685 Clit-isti,
2898 5628 2954 5672 ut
2987 5615 3159 5670 essetis
3185 5610 3360 5669 alteri;
3402 5607 3486 5660 ni-

1920 5730 2112 5782 mirum
2144 5727 2188 5777 εἰ
2217 5725 2303 5790 qui
2347 5740 2377 5774 τι
2410 5719 2625 5772 mortuis
2671 5715 2953 5769 resurrexit
2981 5724 2998 5762 :
3035 5714 3089 5759 ut
3115 5701 3491 5774 [ructiﬁcemus

1923 5819 2048 5874 Deo.
2087 5817 2214 5872 Cum
2242 5815 2380 5868 enim
2411 5826 2636 5865 essemus
2677 5808 2731 5860 in
2770 5816 2953 5867 carne,
3005 5798 3217 5868 aﬁ‘ectns
3252 5800 3478 5864 peccato»
