4196 6468
161 415 219 478 4-2
232 416 266 478 9

1233 417 1621 478 COMMENT.
1665 417 1746 477 ΙΝ
1787 418 2022 477 ΕΡΙὸΤ.
2067 420 2166 478 AD
2205 418 2392 478 ROM.

3307 424 3416 490 450

163 523 332 592 νόμῳ,
365 523 502 576 ἀλλά
532 523 696 577 καινὰ.
730 524 826 578 καὶ
857 525 952 579 νέα
980 526 1438 596 παραγγέλματα,
1466 529 1559 580 καὶ
1588 527 1739 598 φιλο-

1845 526 1899 579 in
1946 526 2130 580 littera
2165 528 2280 582 sive
2325 527 2381 580 in
2425 527 2545 597 lege
2585 527 2726 581 :sed
2771 544 2911 584 nova
2965 539 3096 586 sunt
3124 547 3420 606 praecepta,

165 613 473 687 σοφώτερα,
508 617 640 670 ὡσεὶ
689 613 866 682 εἶπεν,
890 619 1009 670 Ἵνα
1059 618 1398 688 δουλεύωμεν
1443 621 1553 682 τοῖς
1605 620 1744 682 νέοις

161 707 272 766 τοῖς
293 709 356 756 ἐκ
387 705 480 758 τοῦ
519 706 836 775 Πνεὺματος
860 710 1166 775 ὲπιταγεῖσι
1189 724 1204 739 ο
1234 709 1327 761 καὶ
1359 709 1465 780 γὰρ
1502 711 1613 771 τοῖς
1648 711 1745 778 μὲν

167 797 417 866 ἀρχαίοις
448 797 510 850 τὸ
547 798 622 870 μὴ
651 799 914 867 φονεύειν,
947 801 1076 868 ἡμῖν
1105 799 1162 854 δὲ
1201 799 1260 853 τὺ
1296 802 1369 870 μὴ
1404 801 1740 870 ὀργίζεσθαι*

162 887 392 951 ἐκείνοις
454 889 527 959 μὴ
568 892 866 961 μοιχεύειν,
909 894 1038 962 ἡμῖν
1068 893 1213 945 δὲτὸ
1259 893 1389 962 μηδὲ
1434 893 1744 964 περιέργως

163 982 295 1050 ὁρᾷν
327 983 702 1035 ἐπιτέτακται.
724 1001 740 1032 t
767 984 874 1035 Καὶ
894 984 953 1036 οὑ
985 984 1304 1053 παλαιότητι
1331 987 1689 1055 γραμματο;;
1717 1005 1736 1036 ι

163 1075 279 1126 Οὐκ
303 1075 384 1124 ἔτι
415 1075 523 1142 γὰρ
547 1077 573 1125 6
602 1073 765 1143 νόμος
794 1077 1100 1138 ἐπιτάσσει,
1127 1076 1260 1127 ἀλλὰ
1291 1077 1350 1128 το
1380 1075 1618 1146 πνεῦμα.
1657 1078 1745 1129 Ei.-

163 1163 282 1216 πὼν
317 1165 398 1229 δὲ,
439 1184 458 1215 ι
495 1165 843 1234 [Ιαλαιότητι,
873 1184 892 1217 ι
929 1165 1097 1231 ἔδειξε
1135 1166 1192 1218 τὸ
1235 1167 1432 1238 σαθρὸν
1456 1167 1549 1219 τοῦ
1580 1168 1742 1237 νόμον

163 1259 258 1308 καὶ
297 1258 540 1326 ἀχρεῖον.
571 1258 682 1309 Πᾶν
718 1260 826 1326 γὰρ
855 1258 934 1319 τὸ,
969 1275 987 1308 ι
1028 1258 1448 1328 παλαιούμενον,
1474 1261 1627 1328 φησι,
1654 1260 1746 1312 καὶ

161 1351 470 1417 γηράσκον,
503 1350 668 1415 ἐγγὺς
696 1350 1025 1418 ἀφανισμοῦ.
1059 1369 1075 1399 ι
1117 1382 1175 1391 -
1199 1369 1216 1400 ι
1246 1352 1309 1404 Τί
1330 1349 1423 1405 οὖν
1453 1353 1738 1421 ἐροῦμεν.»

175 1437 399 1506 Ἐπειδὴ
458 1433 634 1500 εἶπεν,
709 1456 726 1488 ι
787 1438 902 1491 Ἱνα
952 1438 1292 1510 δουλεύωμεν
1359 1441 1417 1493 ἐν
1467 1441 1744 1508 καινότητι

163 1531 505 1597 πνεύματος,
549 1549 567 1580 ι
612 1529 685 1591 ὡς
717 1530 809 1581 τοῦ
851 1530 949 1598 μὲν
989 1530 1298 1600 πνεύματος
1337 1531 1619 1596 σώζοντος,
1653 1533 1744 1585 τοῦ

159 1621 216 1674 δὲ
256 1622 429 1690 νόμον
465 1621 537 1690 μὴ
567 1620 852 1684 σώζοντος,
881 1620 1035 1690 φησί.
1068 1621 1133 1672 Τί
1179 1619 1294 1684 οὖν,
1345 1623 1489 1674 εἴποι
1523 1640 1627 1685 τις,
1665 1624 1745 1676 ὅτι

163 1714 191 1764 ό
229 1713 402 1782 νόμος
452 1712 776 1782 ἁμαρτωλός
833 1715 1003 1773 ἐστιν,
1054 1711 1086 1783 ἢ
1147 1713 1414 1782 ἁμαρτίας
1447 1715 1742 1784 πρόξενος;

160 1806 237 1858 Οὐ
277 1804 461 1867 τοῦτο,
496 1805 648 1873 φησὶ,
687 1804 854 1872 λέγω,
890 1803 1006 1856 ἀλλ’
1042 1806 1123 1858 ὅτι
1183 1805 1442 1877 πρόξενος
1499 1823 1590 1876 μοι
1651 1807 1744 1858 τοῦ

159 1898 378 1966 γνῶναι
442 1897 539 1967 τὴν
601 1899 909 1967 ἁμαρτίαν·
948 1897 1143 1950 οὐκοῦν
1203 1900 1296 1950 καὶ
1358 1901 1619 1969 χειρόνως
1664 1917 1747 1950 τι-

163 1989 522 2059 μωρηθῆναι,
564 1989 645 2039 ὅτι
679 1990 735 2040 ἐν
764 1987 965 2055 γνώσει
986 1986 1172 2039 λοιπὸν
1202 1988 1522 2058 ἁμαρτάνω.
1558 1989 1747 2058 ὐμως

160 2085 309 2134 κατα
349 2081 548 2150 μικρὸν
575 2082 813 2132 δείκνυσι
843 2079 934 2132 τὸν
997 2079 1160 2148 νόμον
1190 2083 1280 2131 καὶ
1313 2097 1747 2132 κατασκευαστι-

159 2175 259 2225 κὸν
306 2175 402 2240 τῆς
439 2171 733 2240 ἁμαρτίας,
766 2171 827 2222 οὺ
863 2170 970 2240 μὴν
1005 2172 1154 2240 παρὰ
1187 2174 1286 2239 τὴν
1326 2171 1530 2224 οἰκείαν
1567 2170 1747 2238 φύσιν,

160 2264 308 2314 ἀλλὰ
339 2262 495 2330 παρὰ
525 2263 621 2330 τὴν
645 2261 823 2313 αὐτῶν
859 2259 1078 2314 κακίαν.
1104 2262 1218 2314 Οὐκ
1251 2255 1393 2323 εἶπε,
1426 2264 1489 2312 Τί
1529 2258 1653 2326 οὗν;
1708 2265 1749 2312 Ο

161 2357 332 2423 νόμος
357 2354 650 2418 ἀπέθανεν,
677 2353 709 2424 ἦ
735 2355 1080 2423 κατήργηται
1110 2353 1290 2422 (τοῦτο
1315 2355 1422 2422 γὰρ
1442 2354 1745 2424 ὲϐούλετο);

159 2447 282 2502 ἀλλ’
315 2448 454 2515 ὅπερ
506 2446 625 2497 οὐδὲ
671 2444 820 2512 αὐτῷ
873 2444 1070 2497 ἐδόκει.
1115 2474 1186 2482 -
1218 2442 1417 2515 [ΦΩΤ.]
1474 2465 1490 2493 ι
1527 2445 1589 2496 Τί
1618 2441 1744 2510 οὗν;

163 2543 358 2612 φησὶν,
413 2542 441 2592 6
470 2540 632 2608 νόμος
677 2537 954 2607 ἁμαρτία;
995 2556 1014 2590 ι
1054 2535 1147 2589 Διὸ
1173 2539 1390 2605 ἐπάγει,
1447 2556 1463 2587 ι
1503 2538 1594 2608 Μὴ
1652 2537 1744 2606 γέν

161 2636 354 2687 veno!
397 2651 416 2683 ι
453 2635 566 2700 ἅμα
610 2629 895 2697 κάκείνους
947 2628 1195 2693 λεαίνων,
1224 2629 1317 2682 καὶ
1360 2631 1420 2681 τὸ
1454 2629 1618 2681 αὑτοῦ
1649 2631 1748 2684 οὐκ

164 2729 292 2777 ima:
306 2725 434 2793 ρῶν.

236 2819 318 2867 Οὐ
349 2818 460 2884 γαρ
489 2817 535 2867 εἰ
567 2815 639 2885 μὴ
672 2815 816 2868 ἔστιν
842 2814 1108 2885 ἁμαρτία,
1147 2815 1248 2884 ἤδη
1274 2815 1374 2866 οὐκ
1409 2813 1679 2867 ἀπέθανεν
1715 2814 1746 2884 ἢ

160 2911 224 2959 οὐ
259 2913 634 2976 κατῇργτβαι,
659 2910 796 2976 ὅπερ
819 2909 1025 2970 ἐκεῖνος
1062 2909 1154 2959 καὶ
1187 2907 1428 2958 ἐδείκνυε
1470 2909 1562 2958 καὶ
1591 2905 1746 2957 ἐϐού-

161 3001 311 3054 λετο.
352 3019 368 3049 ι
414 2999 471 3051 Ὀ
519 2999 678 3066 νόμος
724 2999 998 3068 ἁμαρτία;
1036 3017 1054 3050 ›
1093 2999 1447 3068 Μετετράπη.
1482 2998 1668 3067 φησὶν,
1722 2999 1750 3048 ὁ

163 3097 333 3159 νόμος
386 3093 486 3161 τὴν
526 3094 706 3158 ᾳύσιν,
747 3093 839 3142 καὶ
871 3092 1094 3158 γέγονεν
1135 3091 1212 3152 εἰς
1244 3089 1518 3158 ἁμαρτίαν
1559 3089 1748 3153 ὼοῶν;

1849 617 2132 687 magisque
2181 618 2342 686 plena
2390 618 2696 687 sapientia;
2737 634 2800 673 ac
2833 620 2876 674 si
2909 621 3138 678 dixisset
3166 639 3179 676 :
3208 623 3278 680 Ut
3309 640 3425 681 ser-

1844 711 2061 764 viamus
2105 710 2262 764 novis
2309 711 2594 780 praeceptis
2621 726 2744 780 qua:
2779 713 2981 766 dantur
3009 729 3039 767 a
3067 714 3298 784 Spiritu.
3334 715 3428 772 Si-

1845 802 2068 872 quidem
2118 801 2360 870 antiquis
2412 813 2748 872 praeceptum
2804 811 2922 856 erat
2981 818 3089 856 non
3147 805 3422 868 occidere.

1847 894 2008 947 nobis
2039 904 2221 947 autem
2259 909 2367 946 non
2402 894 2560 948 irasci
2595 911 2608 946 :
2647 894 2756 949 illis
2795 911 2905 949 non
2953 896 3238 962 mtechari,
3263 896 3426 952 nobis

1848 997 1976 1034 vero
2008 999 2186 1051 neque
2236 983 2454 1035 curiose
2496 983 2785 1036 intueri".
2832 1003 2849 1034 ι
2888 985 2952 1038 Ει
2985 1000 3092 1039 non
3137 1001 3235 1056 per
3264 999 3424 1042 vetu-

1849 1082 2041 1126 statem
2074 1076 2286 1129 liuet-te.
2329 1094 2348 1125 ι
2387 1074 2506 1128 Non
2546 1076 2693 1128 enim
2728 1076 2815 1129 lex
2851 1077 3089 1146 amplius
3115 1078 3294 1148 jubet,
3326 1079 3423 1134 sed

1849 1161 2096 1230 Spiritus.
2145 1163 2338 1217 Dicens
2375 1173 2582 1228 autem,
2631 1183 2650 1215 ι
2700 1166 3064 1229 Vestutatem.
3115 1187 3135 1221 ι
3181 1170 3426 1226 ostendit

1848 1251 1984 1319 legis
2031 1253 2470 1321 antiquationem
2517 1271 2581 1309 ac
2621 1256 3001 1311 inutilitatem.
3042 1258 3178 1313 Nam
3215 1278 3235 1310 ‹
3273 1261 3423 1329 quod

1848 1344 2167 1412 antiquatur
2191 1360 2256 1398 ac
2289 1347 2548 1410 senescit,
2582 1347 2784 1417 inquit,
2827 1349 2881 1401 in
2916 1350 3226 1420 propinquo
3255 1362 3340 1407 est
3361 1361 3422 1406 ut

1848 1437 2228 1491 evanescat“.
2266 1456 2282 1487 ι
2314 1467 2380 1476 -
2419 1457 2436 1487 ι
2472 1437 2613 1504 Quid
2638 1455 2769 1510 ergo
2795 1441 3080 1495 dicemus?
3105 1460 3123 1492 ι
3152 1441 3424 1508 Quoniam

1848 1525 2098 1580 dixerat:
2126 1548 2144 1579 ι
2183 1529 2250 1585 Ut
2292 1530 2597 1584 serviamus
2638 1546 2737 1600 per
2780 1534 3080 1588 novitatem
3107 1537 3357 1603 spiritus,
3397 1555 3416 1588 ι

1848 1620 2002 1688 quasi
2036 1622 2280 1675 salvante
2305 1623 2524 1690 spiritu,
2551 1623 2669 1692 lege
2705 1638 2836 1678 vero
2868 1641 2976 1679 non
3010 1629 3280 1693 salvante,
3301 1629 3379 1683 ait
3406 1646 3420 1683 :

1849 1709 1990 1775 Quid
2019 1726 2171 1780 ergo,
2205 1712 2405 1766 dixerit
2434 1716 2729 1784 quispiam,
2773 1732 2906 1770 num
2951 1719 3036 1772 lex
3067 1730 3294 1789 peccato
3325 1721 3426 1777 ob-

1851 1803 2010 1857 noxia
2039 1812 2122 1857 est
2150 1813 2244 1858 aut
2271 1805 2480 1873 peccati
2507 1808 2894 1862 conciliatrix?
2915 1810 3032 1864 Non
3066 1811 3190 1877 hoc,
3221 1814 3422 1884 inquit,

1782 1875 1820 1926 Β
1849 1893 1974 1948 dico
2002 1895 2126 1949 :sed
2155 1896 2300 1964 quod
2326 1898 2706 1954 conciliaverit
2730 1900 2863 1954 mihi
2895 1902 3146 1957 notitiam
3171 1875 3379 1974 peccati

1849 1986 2080 2054 proinde
2097 1988 2320 2056 gravius
2334 1988 2500 2042 etiam
2529 1991 2748 2060 puniar.
2767 1992 2914 2061 quod
2938 1993 3201 2066 deinceps
3220 1997 3422 2064 sciens,

1849 2092 2076 2145 peccare
2115 2079 2447 2145 convincar;
2495 2081 2899 2150 aliquantulum
2950 2093 3134 2140 tamen
3181 2089 3427 2145 ostendit

1850 2167 2024 2236 legem
2058 2169 2346 2237 cooperari
2390 2170 2458 2224 ad
2499 2183 2808 2240 peccatum,
2849 2191 3198 2247 nequaquam
3225 2194 3291 2234 ex
3325 2193 3443 2236 sua"

1852 2268 2064 2324 natura,
2108 2262 2201 2315 sed
2234 2271 2460 2332 propter
2493 2265 2736 2334 ipsorum
2773 2267 3060 2323 malitiam.
3104 2269 3223 2324 Non
3261 2270 3422 2337 dixit,

1850 2351 1990 2419 Quid
2021 2354 2192 2424 ergo?
2216 2354 2327 2408 Lex
2351 2365 2568 2410 mortua
2601 2367 2704 2421 est,
2737 2368 2834 2413 aut
2863 2360 3129 2416 dissoluta
3163 2363 3287 2418 est?
3312 2362 3426 2420 Hoc

1847 2447 1994 2501 enim
2021 2455 2076 2500 et
2104 2447 2218 2516 ipsc
2245 2448 2539 2514 sentiebat,
2567 2449 2662 2503 sed
2697 2451 2748 2504 id
2783 2452 2929 2521 quod
2961 2469 3030 2509 ne
3061 2455 3165 2525 ipsi
3199 2457 3424 2526 quidem

1850 2538 2161 2592 videbatur.
2177 2569 2243 2580 —
2266 2559 2283 2591 ι
2309 2540 2448 2604 Quid
2478 2556 2609 2610 ergo
2628 2541 2651 2594 ?
2667 2541 2776 2597 Lex
2802 2554 3087 2614 peccatum
3112 2548 3236 2604 est?
3253 2567 3273 2602 ι
3294 2549 3426 2607 Ideo

1850 2630 2130 2701 subjungit
2177 2647 2190 2684 :
2227 2649 2245 2682 ι
2293 2631 2483 2686 Absit!
2525 2651 2542 2684 ι
2579 2633 2742 2688 simul
2780 2643 2836 2690 et
2871 2638 2995 2694 illos
3046 2640 3324 2712 mitigans,
3369 2652 3427 2700 et

1850 2717 1994 2787 quod
2022 2733 2181 2770 suum
2217 2730 2336 2771 erat
2365 2735 2472 2772 non
2505 2720 2784 2778 auferens.
3324 2775 3326 2779 .

1920 2809 2082 2878 287
2101 2809 2288 2878 Neque
2300 2810 2445 2863 enim
2463 2812 2506 2864 si
2523 2812 2607 2868 lex
2621 2823 2905 2881 peccatum
2920 2831 3029 2871 non
3040 2826 3144 2883 est,
3160 2821 3427 2879 continuo

1850 2904 2100 2971 sequitur
2131 2915 2404 2957 mortuam
2430 2918 2540 2957 non
2571 2920 2694 2960 esse
2725 2915 2821 2961 aut
2843 2909 3098 2972 solutam.
3129 2913 3276 2980 quod
3309 2914 3426 2984 ipso

1850 2993 2268 3048 demonstrabat
2289 3004 2343 3049 et
2371 2996 2714 3051 intendebat.
2745 3017 2763 3049 ι
2797 2999 2908 3053 Lex
2940 3012 3225 3070 peccatum
3251 3007 3372 3060 est‘?
3402 3028 3420 3060 ι

1854 3088 2104 3152 Mutavit,
2139 3089 2339 3156 inquit,
2373 3090 2456 3141 lcx
2483 3099 2760 3156 naturam,
2787 3102 2843 3146 et
2865 3094 3006 3149 facta
3032 3105 3115 3151 est
3143 3099 3209 3152 ad
3241 3115 3429 3170 pecca-

164 3185 330 3253 Οιχὲ,
365 3184 553 3252 φησίν.
591 3184 722 3243 Ἰδε,
757 3183 871 3243 πῶς
906 3181 1180 3250 πανταχοῦ
1213 3181 1313 3250 τῆς
1331 3181 1605 3250 ἁμαρτίας
1634 3181 1747 3250 ἐχε-

1858 3189 1969 3232 tum
1996 3179 2326 3250 impellens?
2357 3183 2494 3246 Non,
2536 3182 2732 3252 inquit.
2776 3185 2940 3240 Vides
2963 3203 3073 3256 quo
3100 3197 3261 3259 pacto
3299 3191 3425 3246 ubi-

164 3296 278 3336 ται,
317 3279 411 3328 τὸν
433 3278 595 3344 νόμον
625 3276 978 3330 ἀπαλλάττων
1009 3275 1342 3344 κατηγορίας
1373 3275 1625 3342 ἁπάσης-ς
1659 3273 1749 3324 Διὸ

168 3372 263 3421 καί
299 3370 577 3437 ἐπήγαγε,
609 3369 816 3433 λέγων·
853 3385 871 3417 ι
911 3367 1073 3418 Ὥστε
1117 3370 1142 3418 ὁ
1174 3367 1335 3434 νόμος
1389 3366 1564 3432 ἅγιος,
1595 3366 1687 3416 καὶ
1719 3367 1750 3434 ἡ

167 3460 364 3530 ἐντολὴ
395 3459 529 3526 ἁγία
559 3461 652 3510 καὶ
682 3458 883 3527 ἀγαθή.
919 3476 936 3507 ι
987 3457 1122 3509 Ἀλλ’
1151 3459 1200 3508 εἱ
1229 3456 1503 3526 βούλεσθε,
1533 3459 1624 3508 καί
1647 3455 1754 3508 τῶν

171 3551 634 3622 παραποιούντων
664 3553 761 3611 τας
792 3548 1077 3618 ἐξηγήσεις
1107 3549 1308 3612 ταύτας
1341 3555 1417 3609 εις
1456 3550 1621 3617 μέσον
1661 3548 1752 3599 τὸν

167 3646 330 3708 λόγον
363 3644 661 3712 ἀγάγωμεν
711 3641 856 3694 οὓτω
872 3642 981 3711 γὰρ
1004 3641 1314 3710 σαςέστερα
1343 3641 1412 3693 τὰ
1437 3642 1566 3710 παρ’
1597 3641 1752 3709 ὴμῶν

166 3738 468 3806 λεγόμενα·
511 3735 666 3796 Τινὲς
720 3734 829 3800 γὰρ
882 3732 1138 3793 ἐνταῦθα,
1191 3732 1251 3783 οὐ
1293 3730 1420 3800 περὶ
1463 3731 1554 3782 τοῦ
1589 3732 1752 3797 νόμου

168 3829 456 3888 Μωῦτέως
478 3827 638 3877 αὐτόν
669 3840 802 3893 φασι
828 3824 1006 3890 λέγειν
1029 3823 1093 3872 τὰ
1123 3821 1410 3887 λεγόμενα,
1434 3820 1548 3870 ἀλλ’
1582 3820 1631 3870 οἱ
1657 3818 1753 3886 μὲν

171 3921 303 3988 περὶ
340 3917 435 3968 τοῦ
472 3915 726 3982 φυσικοῦ,
756 3915 904 3968 ἄλλοι
938 3914 993 3964 δὲ
1027 3915 1154 3982 περὶ
1188 3913 1286 3979 τῆς
1321 3911 1540 3979 ἐντολῆς
1573 3913 1670 3978 τῆς
1700 3914 1754 3961 ὲν

168 4011 246 4079 τῷ
277 4008 600 4077 παραδείσῳ
640 4007 906 4074 δοθείσης.
941 4007 1049 4058 Καὶ
1095 4005 1202 4071 μὴν
1234 4001 1508 4069 πανταχοῦ
1551 4001 1752 4061 σκοπὸς

168 4104 248 4170 τῷ
305 4101 508 4168 Παύλῳ
559 4099 746 4152 τοῦτον
801 4097 1105 4165 ἀναστῆσαι
1147 4095 1238 4145 τὸν
1289 4093 1469 4162 νόμον.
1524 4092 1665 4160 Πρὸς
1700 4091 1755 4143 δὲ

170 4196 447 4256 ἐκείνους,
472 4192 665 4244 οὐδένα
697 4191 854 4257 λόγον
876 4189 1011 4259 ἔχει,
1049 4187 1143 4240 καὶ
1172 4187 1316 4255 μάλα
1347 4187 1590 4248 εἰκότως.
1623 4184 1754 4237 ’1ὀῦ-

172 4303 266 4336 τον
302 4288 414 4354 γὰρ
461 4282 702 4336 Ἰουδαῖοι
741 4281 1037 4340 δεδοικότες
1074 4281 1168 4331 καὶ
1209 4279 1523 4346 τρέμοντες,
1579 4276 1755 4345 ἐφιλο-

175 4382 394 4431 νείκουν
421 4381 488 4444 τῇ
523 4378 728 4444 χάριτι.
761 4373 873 4438 Τὴν
902 4372 957 4423 δὲ
989 4369 1208 4436 ἐντολὴν
1245 4369 1342 4436 τὴν
1376 4369 1424 4419 ἐι
1462 4366 1538 4436 τῷ
1574 4384 1757 4436 παρα-

175 4473 365 4538 δλτῳ,
389 4469 512 4520 οὐδὲ
537 4470 696 4534 νόμον
722 4467 849 4515 ποτε
873 4464 1124 4530 φαίνεται
1149 4460 1403 4520 καλέσας.
1435 4459 1542 4510 οὐδ’
1573 4459 1754 4520 αὐτὸς,

1855 3289 1960 3341 que
1992 3283 2215 3342 peccato
2245 3291 2562 3340 occurrens,
2583 3276 2756 3344 legem
2793 3276 2942 3331 omni
2971 3279 3168 3335 liberet
3195 3297 3423 3338 accusa-

1857 3364 2045 3416 tione?
2071 3365 2196 3418 Ideo
2222 3365 2385 3418 etiam
2409 3365 2656 3436 adjunxit
2682 3384 2694 3419 :
2733 3385 2751 3417 ι
2780 3367 2969 3438 Itaque
2995 3370 3079 3424 lex
3105 3381 3293 3427 sancta
3313 3381 3423 3439 est,

1852 3465 1907 3509 ct
1963 3465 2296 3526 praeceptum
2336 3465 2608 3521 sanctum,
2647 3459 2970 3529 justumque
3022 3475 3084 3515 ac
3129 3461 3357 3517 bonum.
3397 3482 3417 3516 ›

1854 3547 2077 3610 Verum,
2099 3549 2142 3600 si
2166 3547 2361 3616 placet,
2384 3547 2602 3600 illorum
2630 3564 2850 3618 quoque
2882 3564 3190 3605 sermonem
3224 3551 3275 3605 in
3303 3569 3420 3608 tne-

1855 3638 2004 3690 dium
2050 3638 2410 3706 proferamus,
2447 3639 2540 3707 qui
2589 3640 2687 3695 has
2727 3649 3049 3709 pervertunt
3109 3649 3419 3707 enarratio-

1855 3745 1952 3782 nes
1980 3748 1990 3780 :
2030 3730 2102 3783 ita
2131 3731 2273 3783 enim
2303 3732 2670 3784 manifestiora
2699 3731 2829 3785 fient
2849 3748 3016 3801 quaea
3046 3734 3204 3788 nobis
3227 3737 3421 3790 dicun~

1856 3830 1962 3874 tur.
1991 3819 2123 3872 Nam
2153 3820 2376 3888 quidam
2414 3821 2500 3873 hic
2533 3837 2639 3873 non
2669 3821 2738 3875 de
2766 3823 2895 3876 Mosi
2927 3823 3042 3893 lege
3070 3825 3257 3880 dicere
3291 3842 3419 3882 eum

1852 3920 2104 3964 asserunt
2140 3927 2259 3979 quae
2293 3911 2572 3973 dicuntur,
2602 3913 2694 3965 sed
2727 3913 2778 3966 lii
2814 3914 3035 3982 quidem
3068 3915 3136 3969 de
3172 3917 3289 3987 leg‘e
3320 3935 3421 3972 na-

1855 4003 2038 4059 turali.
2103 4002 2192 4056 alii
2247 4017 2375 4054 vero
2417 4002 2484 4056 de
2541 4013 2812 4073 praecepto
2859 4005 3004 4074 quod
3051 4006 3106 4060 in
3158 4008 3418 4064 Paradiso

1855 4095 2039 4147 datum
2064 4105 2163 4146 est.
2193 4093 2354 4162 Atqui
2379 4110 2575 4163 scopus
2603 4095 2805 4164 ubique
2840 4097 3006 4150 Paulo
3036 4107 3118 4151 est
3144 4099 3283 4154 hanc
3312 4101 3422 4154 ele-

1856 4203 1982 4239 vare
2021 4187 2233 4254 legem;
2267 4185 2409 4238 circa
2449 4187 2568 4239 illas
2594 4195 2776 4240 autem
2815 4203 2882 4242 ne
2932 4189 3158 4243 verbum
3199 4192 3420 4260 quidem

1856 4277 1982 4330 facit
2017 4278 2187 4330 ullum
2226 4295 2238 4328 :
2275 4277 2437 4346 idque
2475 4279 2601 4347 jure
2635 4282 2865 4348 optimo.
2905 4279 3040 4334 Nam
3086 4282 3227 4345 hanc
3259 4284 3421 4338 veriti

1854 4370 2025 4424 Judaei
2086 4386 2148 4422 ac
2194 4380 2511 4435 trementes,
2556 4373 2964 4427 contendebant
2998 4374 3259 4430 adversus
3299 4392 3425 4446 gra-

1859 4463 2009 4514 tiam.
2067 4461 2405 4529 Prreceptum
2450 4462 2579 4515 item
2633 4463 2778 4531 quod
2825 4465 2880 4516 in
2927 4464 3189 4520 Paradiso
3238 4465 3424 4520 datum

323 4561 484 4621 ἄλλος
512 4557 704 4618 οὐδεὶς.
737 4555 854 4608 Ἵνα
898 4554 954 4606 δὲ
983 4553 1080 4606 καὶ
1110 4551 1290 4604 αὐτῶν
1316 4550 1423 4601 τῶν
1453 4549 1749 4619 εἰρημένων

1859 4565 1963 4615 est,
1988 4569 2265 4621 nunquam
2293 4563 2387 4606 aut
2416 4553 2504 4606 hic
2531 4554 2831 4622 Apostolus
2867 4565 2960 4608 aut
2989 4556 3130 4610 alius
3155 4557 3425 4626 quispiam

177 4653 340 4705 τοῦτο
367 4654 701 4717 σαφεστερον
721 4646 963 4713 γένηται,
989 4643 1363 4710 ἐπεξέλθωμεν
1391 4645 1500 4703 τοῖς
1529 4643 1756 4710 ῥήματι,

182 4748 380 4816 pug/3v
434 4745 693 4809 ἀνωτέρω
740 4741 830 4792 τὸν
886 4738 1046 4807 λόγον
1095 4738 1413 4803 ἀγαγόντες.
1470 4737 1603 4805 Περὶ
1653 4736 1758 4801 γὰρ

182 4838 458 4890 πολιτείας
493 4832 753 4903 ἅκρ.6οὖς
793 4833 975 4892 αὐτοῖς·
1022 4828 1344 4897 δ.αλεκθεὶς,
1390 4828 1636 4894 ἐπήγαγε
1672 4827 1757 4879 λέ-

179 4945 312 4997 γων’
345 4946 363 4976 ε
387 4928 455 4978 "ll
491 4927 752 4991 ἁγνιείτε,
779 4923 1020 4990 ἀδελφοὶ,
1049 4922 1127 4972 ὅτι
1161 4924 1187 4972 6
1212 4920 1370 4986 νόμος
1401 4917 1640 4987 κυριεύει
1662 4916 1757 4969 τοῦ

182 5022 498 5087 ανθρώπου.
552 5020 633 5085 ἐφ’
675 5017 798 5068 δῖον
841 5015 1028 5084 χρόνον
1076 5013 1178 5080 ζῇς
1243 5011 1408 5064 Ὥστε
1455 5012 1548 5061 καὶ
1598 5009 1758 5074 ὑμεῖς

183 5111 566 5178 ἐθανατώθητε
612 5109 686 5176 τῷ
719 5108 886 5175 νόμῳ.
933 5124 950 5156 ι
1001 5101 1210 5157 Οὐκοῦν
1241 5104 1287 5153 εί
1318 5103 1444 5170 περὶ
1474 5099 1564 5152 τοῦ
1597 5116 1754 5166 φυσι-

185 5204 280 5255 κοῦ
308 5202 482 5254 ταῦτα
511 5203 746 5268 εἰρηται,
774 5195 1180 5267 εὑρεθησόμεθα
1216 5195 1288 5264 μὴ
1338 5195 1549 5260 ἔχοντες
1592 5193 1754 5260 νόμον

186 5297 438 5363 φυτικόν.
496 5294 556 5344 Εἰ
602 5292 659 5344 δὲ
699 5290 853 5342 τοῦτο
907 5288 1122 5357 ἀληθὲς,
1171 5287 1276 5338 τῶν
1325 5284 1534 5350 ἀλόγων
1592 5283 1756 5352 ἐσμὲν

185 5389 556 5458 ἀνοητότεροι.
605 5383 745 5436 Ἀλλ’
778 5384 875 5435 οὐκ
905 5382 1020 5432 ἔστι
1048 5379 1237 5432 ταῦτα.
1272 5378 1401 5446 Περὶ
1443 5377 1550 5445 γὰρ
1577 5376 1670 5426 τοῦ
1702 5375 1758 5425 ὲν

187 5481 264 5547 τῷ
292 5477 613 5548 παραδείσῳ
661 5473 777 5528 οὐδὲ
810 5472 1132 5541 φιλονεικεῖν
1182 5469 1498 5533 ἀναγκαῖον,
1532 5465 1619 5517 ἵνα
1681 5463 1757 5534 μὴ

190 5573 442 5640 περιττὸν
487 5565 872 5636 ἀναδεξώμεθα
900 5565 1061 5617 πόνον
1092 5563 1226 5632 πρὸς
1260 5560 1331 5613 τὰ
1362 5557 1758 5628 ὡμολογημένα

193 5664 575 5733 ἀποδυόμενοι.
621 5660 742 5722 Πῶς
783 5656 898 5721 οὖν,
932 5675 948 5706 ‹
987 5656 1113 5724 Τὴν¹
1138 5653 1412 5724 ἁμαρτίαν
1439 5650 1536 5703 οὐκ
1568 5650 1737 5717 ἔγνων

263 5842 302 5869 ¹⁹
330 5839 520 5892 Matth.
553 5854 583 5890 v
609 5879 622 5898 .
662 5838 722 5890 2i
757 5852 908 5905 seqq.
1001 5837 1043 5864 “
1074 5834 1238 5887 llebr.
1278 5847 1390 5888 \‘lll.
1430 5831 1513 5882 l3.

1857 4646 2029 4714 legem
2071 4645 2287 4697 videtur
2333 4644 2658 4713 appellasse.
2716 4642 2786 4698 Ut
2825 4649 3027 4698 autem”
3061 4645 3166 4700 hoc
3218 4663 3314 4716 per
3362 4663 3426 4701 ea

1855 4739 2018 4792 etiam
2074 4753 2194 4804 qua:
2247 4738 2388 4790 dicta
2437 4746 2566 4791 sunt
2618 4738 2710 4791 ﬁat
2753 4737 3121 4798 manifestius.
3175 4753 3427 4793 sermone

1857 4833 2017 4897 paulo
2066 4831 2228 4884 altius
2284 4829 2537 4898 repetito,
2592 4829 2777 4883 verbis
2835 4844 3256 4898 prosequamur.
3322 4829 3424 4884 Ubi

1855 4923 2002 4977 enim
2059 4925 2125 4974 de
2177 4906 2353 4990 proba.
2399 4922 2824 4975 conversatione
2885 4921 2992 4974 illis
3046 4921 3426 4986 disseruisset,

1857 5013 2138 5082 subjunin
2162 5012 2352 5066 dicens
2383 5030 2395 5059 :
2439 5033 2456 5063 ι
2492 5013 2570 5065 An
2599 5011 2881 5080 ignoratis,
2917 5012 3134 5073 fratres,
3167 5014 3310 5079 quod
3342 5012 3430 5065 lex

1864 5106 2180 5159 dominetur
2220 5104 2430 5157 homini
2458 5113 2664 5172 quanto
2699 5112 2944 5170 tempore
2994 5103 3165 5156 vivit?
3194 5103 3429 5155 Proinde

1866 5213 1963 5252 vos
1991 5212 2209 5266 quoque
2241 5194 2550 5248 mortificati
2573 5195 2706 5248 estis
2738 5194 2864 5263 legi.
2901 5213 2918 5244 ι
2954 5194 3140 5261 itaque
3162 5193 3205 5246 si
3237 5192 3305 5246 de
3338 5209 3433 5246 na-

1869 5287 2027 5341 turali
2056 5287 2172 5355 lege
2207 5285 2322 5337 hac
2363 5285 2510 5337 dicta
2541 5293 2690 5348 sunt,
2733 5283 3082 5336 inveniemur
3125 5280 3431 5334 naturalem

1869 5391 1976 5428 non
2007 5374 2208 5428 habere
2231 5373 2402 5442 legem
2435 5390 2450 5426 :
2476 5371 2620 5441 quod
2643 5371 2687 5423 si
2724 5371 2828 5423 ltoc
2857 5384 3050 5423 verum
3080 5377 3184 5432 est,
3213 5369 3432 5423 irratio-

1868 5466 2086 5520 nalibus
2107 5463 2513 5532 insipientiores
2540 5475 2730 5514 sumus
2753 5476 2768 5512 :
2796 5460 2888 5513 sed
2916 5459 3032 5512 haec
3051 5473 3158 5512 non
3185 5459 3258 5512 ita
3279 5466 3428 5512 sunt.

1867 5559 1940 5612 De
1961 5573 2024 5610 ea
2058 5572 2188 5609 vero
2223 5570 2344 5623 qme
2379 5554 2430 5605 in
2475 5551 2737 5605 Paradiso
2778 5549 2903 5604 data
2940 5559 3046 5615 est,
3084 5563 3152 5601 ne
3183 5561 3433 5601 necessa-

1871 5650 2013 5702 rium
2037 5647 2257 5718 quidem
2287 5654 2370 5699 est
2399 5644 2733 5699 contendere
2757 5659 2772 5697 :
2802 5659 2870 5698 ne
2899 5640 3236 5712 superfluum
3256 5638 3433 5696 susci-
