4196 6468
750 426 844 489 «Ital

1804 423 2199 485 (ECUMENII
2236 421 2529 482 TRICCIE
2560 418 2900 481 EPISCOPI

3897 413 4011 475 452

748 541 963 610 piamus
1006 538 1273 603 laborem,
1322 538 1468 593 circa
1523 553 1586 594 ea
1622 553 1743 607 qua:
1782 538 1838 591 in
1870 538 2124 593 confesso
2164 546 2314 601 sunt,

2454 538 2572 607 ἰμὴ
2617 535 2705 588 διὰ
2734 536 2939 605 νόμου;
2981 552 2994 586 ι
3037 534 3113 587 Οὐ
3159 534 3258 604 τὴν
3302 532 3527 587 καθόλου
3577 532 3749 601 λέγων
3780 533 4011 601 ἄγνοιαν

749 631 903 684 illum
932 628 1327 698 aggredienles.
1361 628 1644 694 Quomodo
1677 644 1808 699 ergo
1830 629 1907 683 ait
1934 648 1945 680 :
1981 648 1998 680 ι
2030 630 2320 683 Pcccatmn

752 737 860 775 non
898 721 1126 789 cognovi
1159 720 1261 773 nisi
1285 720 1622 789 perlegem?
1656 739 1672 771 ι
1722 720 1860 775 Cum
1894 722 1999 773 hoc
2030 719 2187 783 dicit,
2215 735 2326 773 non

752 812 1126 866 omnimodam
1173 812 1407 865 intendit
1439 812 1824 880 ignorantiam,
1864 812 1960 865 sed
1993 813 2326 867 exactiorem

754 902 1146 972 cognitionem.
1199 902 1334 955 Nam
1382 903 1424 956 si
1459 903 1525 955 de
1554 903 1789 956 naturali
1822 903 1940 972 lege
1982 903 2085 958 hoc
2119 904 2325 957 dictum

750 1004 855 1056 est,
900 996 1175 1063 quomodo
1220 993 1275 1047 in
1323 994 1683 1061 sequentibus
1722 994 1869 1047 hunc
1907 995 2071 1047 habet
2120 1007 2330 1046 sermo-

752 1100 878 1137 nem
914 1105 924 1138 :
967 1103 984 1133 t
1022 1084 1137 1153 Ego
1172 1091 1355 1137 autem
1392 1085 1641 1137 vivebam
1666 1084 1940 1153 quondam
1975 1084 2093 1137 sine
2120 1083 2276 1153 lege?
2304 1102 2323 1135 ι

757 1178 946 1246 Neque
972 1178 1116 1229 enim
1144 1176 1316 1229 Adam
1350 1190 1531 1244 neque
1565 1178 1706 1230 alius
1733 1176 2025 1244 quisquam
2062 1177 2227 1228 homo
2254 1176 2333 1229 vi-

754 1270 917 1321 detur
955 1282 1195 1336 unquam
1228 1268 1348 1322 sine
1392 1269 1627 1321 naturali
1665 1269 1865 1322 vixisse
1906 1270 2045 1338 lege.
2088 1269 2222 1322 Natu
2261 1267 2334 1321 si-

756 1361 870 1413 mul
926 1368 985 1412 ut
1043 1361 1197 1413 illum
1252 1360 1510 1413 formavit
1555 1360 1716 1422 Deus,
1769 1361 1935 1414 etiam
1994 1376 2113 1414 eam
2160 1362 2331 1428 ipsam

752 1451 925 1516 legem
991 1448 1067 1501 illi
1138 1449 1412 1516 imposuit,
1476 1447 1838 1502 domesticum
1923 1451 2331 1502 munimentum

756 1542 905 1593 omni
965 1554 1175 1594 natura:
1225 1541 1587 1594 constituens.
1635 1542 1903 1595 Pra-tcrea
1946 1557 2164 1610 quoque
2196 1558 2331 1596 nus-

758 1648 921 1701 quam
974 1634 1193 1686 videtur
1212 1634 1385 1703 legem
1412 1634 1714 1686 naturalem
1734 1648 1957 1687 vocasse
1978 1644 2332 1702 prteceptum,

762 1726 930 1794 283
974 1726 1113 1778 hanc
1160 1734 1342 1778 autem
1386 1706 1441 1778 ei
1486 1735 1817 1793 praeceptum
1861 1725 1997 1778 dicit
2038 1736 2092 1778 et
2126 1727 2335 1795 justum

761 1826 1125 1881 sanctumque
1177 1821 1354 1875 vocat,
1406 1828 1469 1865 ac
1519 1814 1695 1882 legem
1756 1814 2116 1881 spiritualem.
2173 1833 2189 1861 ι
2230 1814 2335 1866 Sed

2428 630 2585 684 τοῦτο
2607 629 2775 696 λέγει,
2810 628 2945 680 ἀλλὰ
2973 628 3071 697 τὴν
3100 627 3502 696 ἀκριϐεστέραν
3538 626 3758 695 γνῶσιν.
3804 627 3865 680 Ei
3894 628 4012 698 γὰρ

2428 722 2556 793 περὶ
2586 720 2679 773 τοῦ
2712 738 2820 789 φυσ
2846 720 2941 774 κοῦ
2971 721 3127 773 τοῦτο
3150 722 3385 791 εἴρηται,
3411 722 3527 782 πῶς
3550 719 3613 773 ἀν
3644 720 3704 771 τὺ
3731 719 3855 788 ἑξῆς
3888 720 4014 789 ἔχει

2427 816 2621 884 λόγονς
2659 835 2676 866 ι
2727 814 2869 883 Ἐγὼ
2902 815 3010 882 γὰρ
3046 815 3185 878 ἔζων
3212 814 3381 883 χωρὶς
3418 814 3586 883 νόμου
3620 812 3773 866 ποτέ.
3812 832 3828 863 ι
3864 812 4014 866 Οὔτε

2429 910 2538 979 γὰρ
2592 908 2782 977 ⁹Λδάμ,
2823 906 2945 960 οὔτε
2991 907 3149 969 ἄλλος
3198 907 3482 979 ἄνθρωπος
3522 906 3717 968 οὐδεὶς,
3751 905 4016 958 οὐδέποτε

2432 1001 2601 1072 χωρὶς
2628 1001 2790 1068 νόμου
2820 1000 3052 1069 φυσικοῦ
3095 1001 3342 1069 φαίνεται
3376 1001 3565 1070 ζήσας.
3615 999 3784 1067 Ὁμοῦ
3813 1016 3869 1051 τε
3895 1000 4017 1069 γὰρ

2432 1097 2605 1163 αὐτὴν
2635 1094 2871 1148 ἔπλασεν
2907 1097 2934 1149 ὁ
2965 1095 3118 1158 Θεὸς,
3153 1094 3244 1147 καὶ¹
3280 1095 3486 1147 ἐκεῖνον
3519 1094 3681 1147 αὑτὸν
3719 1091 3885 1145 ἐτίθει
3916 1092 4017 1145 τὲν

2432 1186 2598 1253 νόμον
2629 1185 2801 1253 αὐτῷ,
2830 1186 3076 1239 σύνοικον
3102 1184 3320 1255 ἀσφαλῆ
3352 1184 3769 1254 παρακαθιστάς
3805 1184 3870 1252 τῇ
3909 1180 4019 1249 φύ-

2434 1292 2517 1329 σει
2553 1277 2723 1348 πάσῃ.
2756 1278 2940 1343 Χωρὶς
2964 1277 3020 1329 δὲ
3046 1276 3257 1341 τούτου,
3286 1275 3523 1345 οὐδαμοῦ
3570 1276 3821 1342 φαίνεται
3860 1275 4022 1324 ἐντο-

2435 1368 2531 1439 λὴν
2560 1370 2651 1419 τὸν
2681 1370 2909 1436 φυσικδν
2934 1369 3097 1437 νόμον
3130 1370 3386 1431 καλέσας.
3420 1368 3620 1420 Τοῦτον
3648 1367 3704 1419 δὲ
3730 1367 3824 1419 καὶ
3855 1368 4016 1417 ἐντο-

2434 1458 2532 1528 λὴν
2573 1460 2667 1511 καὶ
2687 1459 2904 1511 δικαίαν
2933 1461 3026 1511 καὶ
3068 1459 3228 1526 ἁγίαν
3255 1459 3410 1511 καλεῖ
3443 1458 3537 1511 καὶ
3564 1459 3728 1525 νόμον
3768 1473 4022 1523 πνευμα-

2436 1551 2607 1603 τικόν.
2638 1570 2656 1602 ι
2700 1551 2860 1603 ’Δλλά
2880 1550 2976 1621 τὴν
3002 1552 3276 1620 ἁμαρτίαν
3299 1553 3399 1603 οὐκ
3426 1550 3614 1617 ἔγνων.
3648 1568 3665 1601 ι
3698 1549 3810 1601 υύκ
3836 1543 4020 1607 εἶπεν,

2452 1641 2612 1695 ’Λλλά
2663 1642 2762 1712 τὴν
2813 1643 3090 1714 ἁμαρτίαν
3133 1644 3232 1694 οὐκ
3282 1642 3535 1711 ἐποίησα,
3580 1640 3628 1692 εί
3667 1640 3741 1709 μὴ
3797 1638 3884 1690 διὰ
3927 1640 4023 1689 νὸ-

2444 1752 2570 1802 μου,
2636 1735 2775 1798 ἀλλ’,
2831 1754 2849 1786 ι
2886 1736 2998 1788 Οὐκ
3028 1736 3217 1801 ἔγνων,
3276 1752 3293 1784 ι
3345 1734 3508 1785 Ὥστε
3542 1734 3602 1785 ού
3673 1730 3763 1784 τοῦ
3814 1730 4020 1791 ποιεῖν,

2441 1826 2576 1877 ἀλλὰ
2604 1826 2697 1878 τοῦ
2723 1826 3104 1893 διαγινώσκειν
3134 1826 3232 1895 τὴν
3263 1827 3559 1894 ἁμαρτίαν,
3591 1825 3619 1877 ὁ
3644 1824 3801 1892 νόμος
3821 1823 3965 1875 αἵτιο
3986 1842 4020 1881 ν,

760 1916 1041 1972 pet-catum
1070 1920 1177 1957 non
1213 1904 1462 1973 cognovi.
1496 1922 1512 1953 ι
1541 1904 1658 1957 Νοη
1691 1903 1828 1956 dixit
1864 1920 1877 1954 :
1912 1904 2017 1957 Sed
2047 1901 2333 1972 peccatum

2454 1919 2793 1983 παιδευτικὸς
2819 1918 2916 1981 ὢν,
2950 1920 3042 1972 καὶ
3076 1920 3149 1988 μὴ
3184 1918 3483 1989 συγχωρῶν
3523 1916 3612 1969 διὰ
3641 1917 3736 1986 τῆς
3768 1915 4023 1982 ἀγνοίας,

763 2020 869 2057 non
904 2006 1003 2058 feci
1038 2005 1141 2059 nisi
1180 2023 1275 2074 per
1308 2008 1501 2074 legem,
1551 2004 1667 2066 sed,
1700 2018 1722 2054 ν
1768 2005 2057 2059 Peccatum
2100 2020 2207 2057 non
2244 2020 2335 2059 coo

2444 2011 2523 2072 εἰς
2554 2013 2649 2080 τὴν
2679 2012 2789 2064 τῶν
2819 2012 3031 2079 ἀλόγων
3058 2012 3350 2063 ἐκπίπτειν
3386 2011 3569 2079 φύσιν.

761 2098 954 2164 guovi;
990 2118 1007 2147 ι
1053 2098 1235 2166 itaque
1256 2099 1341 2150 lex
1366 2112 1472 2149 non
1515 2095 1752 2149 faciendi
1780 2098 1876 2150 sed
1902 2098 2270 2166 cognoscendi
2298 2105 2509 2169 peccati
2578 2121 2743 2160 causa
2790 2115 2896 2171 est,
2939 2121 3063 2160 cum
3104 2106 3380 2177 paedagogi
3426 2106 3546 2160 vice
3600 2104 3875 2174 fungatur,
3919 2115 4029 2154 nec

765 2190 1045 2257 permittat
1083 2199 1139 2241 ut
1169 2205 1263 2256 per
1296 2188 1659 2257 ignorantiam
1693 2187 1759 2241 ad
1792 2189 2191 2243 irrationalium
2224 2199 2479 2248 naturam
2523 2197 2892 2253 declinemus.

838 2305 948 2369 VII,
980 2304 1136 2359 8-H.
1168 2303 1449 2357 Occasione
1472 2313 1649 2357 autem
1683 2314 1918 2373 accepta,
1952 2318 2219 2373 peccatum
2245 2324 2337 2376 per

764 2405 1079 2466 praeceptum
1110 2402 1383 2467 operatum
1417 2404 1489 2446 est
1520 2394 1575 2444 in
1619 2410 1699 2445 me
1732 2410 1937 2446 onmem
1968 2397 2339 2465 concupiscen-

767 2488 918 2538 tiam.
938 2482 1205 2552 Siquidem
1231 2482 1550 2551 ubsquelege
1579 2492 1850 2549 peccatum
1885 2493 2150 2535 mortuum
2181 2492 2296 2537 erat
2324 2500 2341 2539 :

767 2592 858 2644 ego
895 2584 1068 2626 autem
1112 2575 1343 2625 vivebam
1378 2572 1490 2624 sine
1536 2572 1647 2640 lege
1682 2574 1970 2641 quondam.
2011 2574 2179 2628 Porro
2226 2592 2344 2627 cum

769 2665 989 2718 venisset
1030 2670 1365 2730 praceptum,
1418 2662 1601 2713 revixit
1648 2672 1918 2729 peccatum
1955 2679 1973 2716 :
2021 2679 2113 2733 ego
2168 2674 2345 2716 autem

774 2764 1008 2808 mortuus
1030 2770 1147 2805 sum
1176 2770 1193 2805 :
1222 2760 1269 2804 et
1296 2762 1556 2821 repertun:
1590 2761 1666 2806 est
1696 2761 2015 2823 pra-ceptum
2056 2756 2195 2824 quod
2233 2764 2348 2807 erat

775 2850 843 2900 ad
883 2850 1044 2899 vitam
1078 2847 1247 2915 ipsum
1279 2847 1403 2898 mihi
1443 2846 1623 2898 cedere
1662 2846 1729 2898 ad
1778 2856 2018 2900 mortem.
2065 2846 2349 2899 Peccatum

772 2941 907 2991 enim
943 2940 1211 2991 occasione
1236 2945 1451 3006 accepta
1481 2953 1574 3006 per
1595 2947 1915 3006 prtcceptum
1943 2937 2143 3008 decepit
2174 2954 2275 3003 me,
2300 2950 2350 2991 et

771 3047 865 3101 per
898 3030 1030 3083 illud
1059 3031 1263 3083 occidit.

847 3142 965 3196 Non
1007 3142 1115 3206 lex,
1164 3142 1260 3207 ait,
1309 3158 1472 3197 causa
1524 3152 1609 3197 est
1652 3144 1885 3212 peccati,
1922 3143 2017 3198 sed
2061 3153 2348 3213 peccatum
2377 3148 2419 3210 C
2526 3176 2637 3243 οὖν
2668 3176 2697 3227 ὁ
2726 3176 2888 3246 νόμος

775 3250 874 3303 per
923 3243 1277 3302 przcceptum,
1332 3234 1477 3303 quod
1525 3244 1613 3288 est
1661 3235 1769 3298 lex,
1807 3234 2025 3289 seduxit
2068 3251 2175 3289 me.
2213 3236 2347 3290 Vide

774 3326 1052 3394 quomodo
1075 3325 1336 3393 paulatim
1366 3324 1610 3378 ostendit
1633 3326 1979 3379 occasionem
1998 3326 2209 3395 peccati
2229 3342 2349 3381 esse

776 3419 988 3488 legem;
1024 3419 1117 3470 sed
1156 3417 1440 3471 manifeste
1478 3432 1588 3481 non
1622 3418 1776 3482 dicit,
1810 3434 1879 3472 ne
1919 3419 2068 3487 ipsos
2097 3419 2348 3473 oﬂ‘ende-

780 3517 883 3563 ret.
933 3510 1227 3563 Peccatum
1287 3518 1469 3562 autent
1527 3508 1746 3561 videtur
1804 3508 1991 3562 dicere
2047 3508 2349 3562 diabolum.

777 3599 1248 3665 Quemadmodum
1312 3600 1458 3653 enim
1527 3598 1810 3668 Scriptura
1861 3598 2201 3653 Salvatorem
2253 3616 2353 3653 no-

778 3702 955 3741 Struln
1002 3689 1177 3741 Vitam
1220 3690 1460 3757 appellat
1511 3704 1576 3743 ac
1616 3689 1917 3753 Justitiam,
1952 3690 2097 3759 quod
2146 3690 2271 3743 vita:
2301 3699 2356 3744 et

778 3779 1005 3848 iustitiae
1027 3793 1190 3831 causa
1223 3779 1292 3830 sit
1330 3796 1342 3829 :
1379 3778 1453 3829 ita
1492 3786 1548 3831 et
1586 3777 1919 3831 contrariam
1952 3778 2256 3847 potentiam
2288 3794 2356 3831 ex

784 3869 1007 3937 proprio
1026 3868 1248 3931 cll'cctu,
1287 3869 1564 3921 interdum
1594 3870 1817 3937 quidem
1854 3879 2141 3937 peccatum
2177 3879 2355 3934 vocat,

784 3959 1116 4028 quandoque
1145 3973 1276 4011 vero
1307 3957 1652 4010 mendacium
1676 3972 1739 4010 ac
1776 3966 2031 4009 mortem.
2060 3956 2144 4009 Ita
2173 3964 2357 4009 autem

786 4060 841 4103 et
882 4050 936 4102 in
982 4048 1347 4118 sequentibus
1384 4047 1619 4100 dicens:
1660 4065 1677 4096 ι
1726 4046 2019 4100 Peccatum
2065 4046 2285 4105 revixit,
2336 4065 2353 4095 ι

788 4141 1065 4193 diabolum
1112 4138 1402 4209 signiﬁcat.
1465 4138 1652 4206 Itaque
1713 4136 1967 4190 diabolus
2013 4138 2361 4191 occasionem

790 4247 886 4300 per
927 4239 1256 4298 praeceptum
1302 4228 1533 4297 accepit,
1575 4229 1703 4297 quia
1753 4227 1889 4297 legis
1927 4240 2197 4297 praecepta
2244 4237 2364 4281 tan—

790 4336 954 4390 quam
998 4335 1110 4375 sua:
1155 4320 1365 4373 techna:
1410 4320 1692 4373 materiam
1734 4328 1974 4379 struens,
2022 4318 2086 4371 ad
2128 4318 2177 4371 id
2218 4320 2363 4387 quod

794 4413 1079 4482 praeceptis
1105 4419 1225 4465 erat
1264 4411 1622 4469 contrarium.
1659 4409 1938 4462 hominem
1980 4408 2222 4477 impulit.
2253 4408 2360 4461 Ma-

797 4502 1053 4556 nifestum
1104 4512 1189 4557 est
1231 4512 1413 4554 autem
1457 4500 1603 4570 quod
1647 4499 1940 4568 Apostolus
1988 4515 2086 4567 per
2124 4499 2365 4567 seipsum
2395 4506 2446 4566 Ι)

796 4610 1143 4649 communem
1171 4594 1420 4663 designat
1452 4592 1729 4647 hominem
1764 4592 1881 4645 sive
1912 4600 2081 4644 totam
2113 4600 2364 4643 naturam

796 4688 1113 4740 humanam.
1168 4703 1187 4733 ι
1241 4686 1466 4737 Omnem
1498 4682 2023 4751 concupiscentiam.
2067 4701 2083 4731 ι
2130 4681 2196 4734 Et
2226 4680 2366 4733 bene

796 4790 1055 4839 omnem;
1093 4774 1363 4843 siquidem
1394 4773 1558 4826 etiam
1590 4782 1715 4826 ante
1740 4772 1914 4840 legem
1948 4779 2067 4823 erat
2108 4771 2368 4837 concupi-

801 4866 1030 4919 scentia.
1062 4864 1240 4928 Quare
1266 4864 1412 4915 enim
1439 4862 1705 4915 diluvium
1758 4860 1961 4913 factum
1999 4869 2083 4912 est
2117 4858 2371 4910 Sodoma-

801 4973 909 5026 que
942 4955 1261 5024 perierunt?
1301 4954 1408 5008 Sed
1442 4968 1610 5015 nunc,
1655 4954 1851 5020 inquit,
1891 4959 1943 5003 ct
1972 4965 2108 5019 quas
2144 4964 2250 5001 non
2290 4948 2372 4999 vi-

802 5051 987 5102 deram
1017 5046 1206 5105 didici,
1228 5058 1283 5098 et
1305 5046 1551 5115 cognitas
1575 5053 1831 5113 operatus
1862 5057 2001 5095 sum.
2033 5060 2049 5090 ι
2084 5041 2372 5094 Peccatum

804 5148 1082 5192 mortuum
1114 5146 1250 5188 erat.
1293 5155 1310 5186 ι
1353 5137 1463 5189 lloc
1490 5144 1574 5189 est
1605 5137 1721 5188 sine
1753 5135 1975 5187 ellectu.
2003 5132 2138 5185 Nam
2167 5131 2209 5183 si
2249 5137 2375 5181 ante

807 5230 979 5296 legem
1011 5242 1228 5296 quoque
1263 5227 1613 5294 operabatur,
1648 5235 1702 5278 at
1734 5240 1841 5278 non
1876 5224 1929 5275 in
1963 5231 2197 5275 tantum.
2236 5222 2376 5274 Dor-

808 5320 966 5380 mire,
1018 5318 1115 5381 ait,
1176 5317 1507 5369 videbantur
1550 5316 1706 5383 plura
1761 5324 1982 5382 peccata
2052 5328 2116 5366 ac
2162 5319 2376 5364 mortua

806 5426 927 5464 esse
965 5425 977 5461 :
1014 5409 1181 5460 multa
1226 5408 1371 5460 enim
1406 5423 1514 5459 non
1552 5422 1811 5459 noveram
1855 5413 1950 5457 :et
1984 5404 2037 5457 in
2072 5402 2376 5472 ignorantia

809 5501 1034 5557 faciens.
1073 5515 1180 5551 non
1208 5499 1346 5552 adeo
1370 5497 1684 5566 peccabam.
1722 5497 1909 5565 Itaque
1949 5504 2224 5548 mortuum
2264 5502 2381 5547 erat

810 5601 1114 5659 peccatum.
1151 5589 1316 5658 289
1346 5604 1446 5658 ego
1493 5597 1673 5641 autem
1714 5586 1989 5647 vivebam,
2029 5593 2089 5638 ut
2134 5584 2227 5653 qui
2272 5598 2379 5635 non

813 5682 1142 5735 molestabar
1165 5695 1345 5748 neque
1364 5680 1709 5744 stimulabar,
1731 5687 1824 5732 aut
1843 5678 1911 5731 ab
1935 5692 2001 5731 eo
2023 5675 2382 5730 mortiﬁcatus

812 5789 985 5828 erant.

884 5865 1165 5932 Quomodo
1190 5880 1319 5933 ergo
1353 5864 1483 5917 illul
1522 5862 1709 5915 rcvivit
1743 5865 1763 5913 1'
1814 5862 1918 5913 Per
1975 5861 2168 5928 legem.
2224 5855 2373 5923 Quo-

2528 2314 2822 2384 Ἀρορμὴν
2852 2314 2920 2368 δὲ
2946 2316 3219 2369 λαϐοῦσα
3254 2318 3290 2384 ἡ
3322 2316 3575 2383 ἁμαρτία
3603 2314 3699 2368 διὰ
3724 2313 3829 2381 τῆς
3853 2316 4031 2368 ἐντο-

2446 2407 2585 2476 λῆς,
2644 2409 3074 2479 κατειργάσατο
3124 2410 3193 2462 ἐν’
3237 2410 3364 2477 ἐμοὶ
3423 2408 3629 2463 πᾶσαν
3679 2410 4031 2477 ἐπιθυμίαν,

2408 2556 2415 2563 ,
2449 2501 2636 2567 Χωρὶς
2662 2504 2771 2570 γὰρ
2808 2504 2997 2569 νίζαου
3041 2504 3295 2569 ἁμαρτία
3345 2503 3547 2568 νεκρά.
3608 2502 3745 2570 Ἐγὼ
3777 2502 3844 2555 δὲ
3880 2503 4037 2562 ἔζων

2452 2595 2632 2660 χωρὶς
2683 2593 2872 2660 νόμου
2907 2594 3072 2647 ποτέ.
3120 2595 3454 2661 Ἐλθούσης
3487 2594 3554 2647 δὲ
3586 2594 3693 2662 τῆς
3742 2593 4035 2660 ἐντολῆς,

2454 2686 2491 2751 ἠ
2543 2686 2795 2752 ἁμαρτία
2842 2684 3152 2751 ἀνέζησεν,
3192 2686 3305 2752 ἐγὼ
3342 2686 3410 2737 δὲ
3442 2686 3765 2749 ἀπέθανον,
3798 2688 3891 2739 καὶ
3933 2690 4039 2739 εί·-

2443 2777 2598 2842 ρέθη
2624 2794 2726 2842 μοι
2754 2778 2790 2844 ἡ
2820 2777 3059 2845 ἐντολὴ,
3092 2778 3127 2843 ἡ
3153 2782 3240 2842 εις
3268 2776 3439 2844 ζωὴν,
3465 2780 3613 2844 αῦτη
3639 2782 3724 2844 εἰς
3745 2779 4035 2835 mirarer.

2464 2868 2521 2921 Ἠ
2546 2868 2655 2936 γὰρ
2687 2868 2941 2936 ἁμαρτία
2988 2870 3265 2938 ἀφορμὴν
3296 2871 3571 2923 λαϐοῦσα
3597 2870 3694 2923 διὰ
3724 2870 3832 2937 τῆς
3858 2871 4033 2923 ἔντυ’

2453 2961 2572 3031 λῆς
2605 2961 2954 3030 ἐξηπάτησέ
2975 2980 3072 3031 με,
3108 2963 3204 3016 καί
3235 2962 3310 3016 δι’
3341 2962 3529 3030 αὐτῆς
3558 2963 3890 3016 ἀπέκτεινε.

2918 3175 3110 3237 αἴτιος,
3160 3175 3312 3244 φησι,
3366 3173 3466 3243 τῆς
3507 3172 3800 3243 ἁμαρτίας,
3840 3170 3957 3224 ἀλλ’
3998 3173 4036 3239 ἠ

2457 3270 2701 3337 ἁμαρτία
2758 3269 2846 3321 διὰ
2893 3271 2990 3337 τῆς
3024 3267 3244 3336 ἐντολῆς
3273 3268 3308 3336 ἣ
3343 3268 3497 3319 ἐστιν
3528 3269 3554 3319 ὁ
3588 3266 3772 3335 νόμος,
3823 3264 4039 3333 ἐξηπὰο

2458 3363 2590 3430 τησέ
2623 3377 2711 3429 με.
2743 3360 2887 3428 Ὅρα
2934 3359 3053 3422 πῶς
3104 3358 3288 3429 ἡρέμα
3336 3358 3576 3411 δείκνυσι
3611 3358 3883 3427 πρόφασιν
3930 3356 4041 3423 τῆς

2460 3454 2730 3524 ἁμαρτίας
2760 3454 2853 3505 τὸν
2896 3452 3078 3520 νόμον.
3125 3451 3381 3521 Φανιρῶς
3426 3450 3485 3503 δὲ
3515 3451 3577 3503 ού
3613 3449 3782 3517 λέγει,
3824 3449 3913 3500 ἵνα
3956 3449 4039 3517 μὴ

2462 3548 2669 3615 προστῇ
2706 3546 2910 3605 αὐτοῖς.
2959 3543 3256 3614 Ἀμαρτίαν
3302 3543 3359 3596 δὲ
3395 3542 3537 3595 ἔοικε
3584 3541 3764 3607 λέγειν
3793 3540 3883 3593 τὸν
3925 3540 4048 3593 διά·

2460 3634 2635 3688 ϐολον.
2673 3635 2878 3705 Ὠσπερ
2914 3630 3005 3687 οὖν
3034 3635 3125 3686 τὸν
3156 3634 3382 3704 Σωτῆρα
3421 3633 3566 3702 ζωὴν
3597 3634 3629 3701 ἡ
3658 3631 3850 3701 Γραφὴ
3876 3631 4047 3683 καλεῖ

2463 3727 2558 3777 καὶ
2599 3725 2977 3794 Δικαιοσύνην,
3023 3724 3102 3793 τῷ
3147 3724 3292 3793 ζωῆς
3338 3725 3432 3776 καὶ
3476 3723 3821 3792 δικαιοσύνης
3863 3724 4045 3775 αἴτιον

2466 3813 2629 3880 εἶναι,
2659 3818 2831 3878 οὕτως
2862 3818 2960 3869 καὶ
3007 3815 3107 3886 τὴν
3155 3816 3407 3868 ἐναντίαν
3452 3814 3683 3884 δύναμιν
3717 3816 3781 3866 ἐκ
3808 3814 3907 3881 τῆς
3955 3816 4045 3866 oi-

2466 3910 2618 3970 κεξας
2643 3908 2946 3977 ἐνεργείας,
2982 3907 3113 3960 ποτὲ
3152 3907 3250 3975 μὲν
3278 3906 3575 3977 ἁμαρτίαν,
3604 3904 3732 3956 ποτὲ
3759 3904 3814 3956 δὲ
3836 3902 4043 3971 ψεῦδος

2467 4003 2559 4055 καὶ
2599 4002 2828 4054 Θάνατον
2848 4000 3022 4052 καλεῖ.
3058 3998 3215 4052 Οὕτω
3248 3999 3303 4050 δὲ
3337 3999 3429 4051 καὶ
3454 4001 3513 4049 ὲν
3552 3999 3662 4059 τοῖς
3691 3997 3816 4065 ἑξῆς
3842 3997 4043 4061 εἰπὼν,

2475 4114 2493 4145 ι
2537 4094 2600 4146 'II
2626 4092 2869 4161 ἁμαρτία
2900 4091 3152 4160 ἁνέζησε,
3197 4110 3214 4141 ι
3244 4090 3336 4143 τὸν
3362 4090 3608 4143 διάϐολον
3645 4088 3811 4157 δηλοῖ.
3836 4088 4049 4141 Λοιπὸν

2470 4186 2561 4239 οὖν
2582 4186 2669 4239 διὰ
2694 4186 2793 4254 τῆς
2826 4183 3043 4253 ἐντολῆς
3077 4184 3334 4252 ἀφορμὴν
3367 4182 3395 4234 ὁ
3429 4182 3673 4242 διάϐολος
3708 4180 3923 4243 ἐλαϐεν,
3958 4182 4050 4234 δτι

2471 4279 2538 4331 τὰ
2569 4278 3007 4347 παραγγέλματα
3033 4274 3129 4328 τοῦ
3158 4276 3324 4344 νόμου
3366 4275 3441 4338 ὡς
3473 4274 3605 4345 ὓλην
3633 4274 3756 4327 τινα
3785 4273 3883 4341 τῆς
3916 4275 4055 4327 ἑαυ-

2471 4369 2565 4421 τοῦ
2591 4369 2783 4439 τέχνης
2830 4368 3220 4438 ποιησάμενος,
3252 4368 3331 4428 εἰς
3359 4366 3419 4418 τὸ
3450 4367 3691 4418 ἐναντίον
3721 4368 3842 4426 ταῖς
3887 4366 4051 4417 ἐντο-

2476 4461 2591 4523 λαῖς
2642 4460 2971 4530 περιέτρεπε
3014 4459 3105 4510 τὸν
3158 4458 3463 4528 ἄνθρωπον.
3518 4456 3685 4524 Δῆλον
3728 4456 3785 4508 δὲ
3836 4457 3917 4507 ὅτι
3975 4456 4051 4508 δι’

2470 4552 2664 4607 ἑαυτοῦ
2716 4555 2743 4604 ὁ
2788 4551 3130 4613 ’Δπόστο).ος,
3180 4550 3271 4601 τὸν
3317 4549 3492 4601 κοινὸν
3539 4547 3822 4615 ἄνθρωπον
3869 4546 4050 4612 δῆλοι.

2477 4664 2493 4694 t
2529 4645 2714 4697 Πᾶσαν
2749 4642 3061 4711 ἐπιθυμίαν.
3088 4661 3107 4693 ι
3145 4640 3337 4701 Καλῶς
3366 4640 3447 4703 τὸ,
3480 4641 3677 4691 πᾶσαιν
3706 4635 3775 4708 ἦν
3808 4639 3916 4706 γὰρ
3952 4642 4053 4690 καὶ

2471 4737 2578 4806 πρὸ
2629 4735 2725 4790 τοῦ
2780 4738 2944 4806 νόμον
2972 4735 3261 4803 ἐπιθυμία.
3310 4734 3482 4795 Ἐπεὶ,
3517 4732 3719 4784 διατίὸ
3772 4732 4051 4783 κατακλυ-

2475 4828 2608 4897 σμδς
2658 4829 2868 4896 γέγονε.
2902 4828 2993 4881 καὶ
3028 4829 3095 4880 τὰ
3140 4827 3351 4903 Σόδομα
3393 4825 3673 4887 ἀπώλετος
3735 4824 3893 4876 ’Λλλὰ
3926 4824 4051 4878 νῦν.

2477 4923 2631 4989 φησὶ,
2682 4922 2777 4973 καὶ
2822 4921 2887 4982 ἃς
2917 4922 3017 4972 οὐκ
3064 4920 3212 4989 ᾔδειν
3263 4918 3556 4984 ἐπιθυμίας
3603 4914 3803 4983 ἔμαθον
3838 4917 3901 4966 ἐκ
3956 4915 4052 4965 τοὶ

2476 5016 2662 5081 νόμου,
2715 5014 2808 5064 καὶ
2859 5012 3043 5081 μαθὼν
3099 5012 3349 5079 ἐποίησα.
3404 5030 3420 5059 ι
3466 5010 3734 5077 Ἀμαρτία
3778 5008 3974 5076 νεκρά..
4028 5031 4041 5053 ι

2478 5105 2768 5155 Τουτέστιν
2796 5103 3175 5169 ὰνενὲργητος.
3212 5101 3269 5151 Ei
3302 5101 3406 5167 γαρ
3440 5101 3655 5166 ἐνήργει
3688 5098 3780 5148 καὶ
3815 5096 3924 5162 πρὸ
3953 5113 4013 5145 τι.¹

2479 5198 2665 5262 νόμου,
2702 5195 2816 5245 ἀλλ’
2854 5196 2914 5244 οὐ
2946 5192 3228 5248 τοσοῦτον.
3259 5190 3553 5261 musae,
3584 5189 3820 5245 ἐδόκουν,
3856 5192 3979 5252 φης’
4046 5234 4049 5237 ,

2479 5291 2532 5340 al
2563 5289 2777 5345 πλείους
2803 5285 3066 5355 ἁμαρτίαι
3100 5285 3191 5336 καὶ
3234 5282 3505 5334 τεθνάναι.
3540 5281 3613 5331 Οὐ
3651 5279 3757 5344 γὰρ
3786 5278 3931 5344 ᾔδειν
3956 5284 4057 5338 τας

2482 5381 2723 5442 πλείους,
2771 5380 2864 5430 καὶ
2897 5380 2955 5429 ὲν
2986 5375 3177 5443 ἀγνοίᾳ
3207 5377 3482 5442 πρὰττων,
3519 5372 3615 5438 οὐχ
3651 5369 3819 5428 οὕτως
3866 5368 4058 5434 ήμὰρο

2478 5489 2659 5525 τανον.
2698 5472 2761 5524 Ἥ
2801 5471 2897 5539 μὲν
2926 5465 3020 5522 οὖν
3066 5467 3305 5537 ἁμαρτία
3341 5466 3530 5533 νεκρὰ,
3576 5463 3683 5529 ἐγὼ
3731 5461 3785 5512 δὲ
3818 5462 3875 5511 ἐν
3912 5460 4055 5527 ζωῇ,

2484 5564 2578 5615 ἁτε
2618 5564 2689 5633 μὴ
2721 5560 3126 5631 ἐνοχλούμενος,
3162 5558 3295 5628 μηδὲ
3336 5554 3698 5624 νεκρούμενος
3733 5551 3821 5603 ὑπ’
3858 5549 4054 5617 αὲτῆς.

2558 5849 2675 5909 Πῶς
2731 5849 2823 5899 οὖν
2875 5842 3136 5907 ἀνέζησεν
3186 5840 3402 5906 ἐκείνης
3436 5834 3530 5887 Διὰ
3572 5833 3662 5885 τοῦ
3706 5818 3889 5903 vinea.
3923 5831 4055 5881 Τίνα
