4196 6468
163 421 274 484 453

1202 417 1589 478 COMMENT.
1633 415 1711 475 ΙΝ
1752 415 1992 475 EPIST.
2024 417 2121 474 AD
2152 413 2335 474 ROM.

3326 420 3427 479 iiii

154 535 356 604 τρόπον
378 549 392 597 ;
412 530 535 584 Ὀτι
570 528 663 583 τοῦ
694 528 855 599 νόμου
875 526 1138 596 δοθέντος,
1173 530 1570 600 μᾶλλονέκείνη
1602 528 1726 597 πρὸς

1840 543 1963 581 nam
1996 529 2196 596 pacto?
2227 528 2352 595 quia
2386 524 2517 579 illud
2549 525 2673 580 data
2707 525 2823 597 lege
2854 528 3024 598 magis
3058 528 3123 581 ad
3186 526 3422 583 invasio-

155 624 404 678 ἐπίθεσιν
439 623 790 693 παρωξύνθη.
835 627 925 679 καὶ
961 622 1070 679 οἷον
1112 622 1416 693 ἐπηρεάσαι
1452 621 1730 690 ὥρμησεν,

153 719 250 771 ἇτε
283 718 346 784 δὴ
402 717 497 769 καὶ
550 718 942 785 στεφανοῦσθαι
992 715 1252 786 μέλλοντα
1289 714 1381 764 τὸν
1426 713 1735 779 φυλάξαντα

150 807 251 874 τὴν
291 806 514 875 ἐντολὴν
562 808 1016 877 ὑπολογιζομένη,
1065 808 1160 859 καὶ
1202 804 1288 857 διὰ
1339 803 1495 855 τοῦτο
1537 804 1735 871 μᾶλλον

149 898 637 950 διαϐασκαὶνουσα.
672 900 780 950 Καὶ
812 898 921 964 ἐγὼ
972 898 1129 950 πάλιν
1168 897 1327 962 γνοὺς
1354 895 1439 946 διὰ
1466 895 1561 961 τῆς
1588 896 1734 945 ἐντο-

150 991 246 1058 λῆξ
278 991 373 1059 τὴν
409 991 707 1060 ἁμαρτίαν.
739 991 813 1052 ὡς
846 992 903 1042 ἐν
944 989 1142 1057 γνώσει
1175 989 1428 1057 πράττων
1458 986 1493 1038 ἃ
1518 985 1735 1052 φεύγειν

148 1082 280 1142 ἔδει,
331 1083 534 1150 μᾶλλον
587 1083 730 1134 κατὰ
778 1082 935 1135 τοῦτο
983 1081 1319 1151 ἡμάρτανον,
1390 1080 1484 1129 καὶ
1534 1078 1734 1145 μᾶλλον

150 1172 324 1240 αὐτὴν
356 1172 477 1223 καθ’
511 1171 704 1225 ἐαυτοῦ
733 1170 1129 1243 ἐπερῥώννυον.
1175 1169 1351 1238 ’ἰσχὺν
1370 1170 1505 1238 αὐτῇ
1528 1167 1615 1220 διὰ
1638 1168 1734 1235 τῆς

149 1266 293 1316 κατα
357 1264 561 1329 γνῶσιν
614 1265 816 1316 ἀτόπου
890 1263 1145 1328 πράξεως
1199 1262 1576 1331 ἐπιχορηγῶν,
1644 1263 1734 1311 καὶ

146 1349 259 1405 οἶον
292 1353 499 1421 ἀσθενῆ
546 1356 639 1406 καὶ
690 1357 1101 1423 νενεκρωμένην
1143 1348 1309 1405 οὖσαν
1344 1350 1608 1420 ἐνισχύων
1645 1352 1736 1403 καὶ

146 1443 553 1513 ἀναζωπυρῶν.
603 1445 663 1496 Ἡ
696 1444 749 1496 δὲ
799 1443 1035 1511 ζήσασα,
1072 1443 1170 1511 ἐμὲ
1202 1442 1491 1509 ἐνέκρωσε.
1527 1440 1637 1507 Πρὸ
1680 1440 1734 1491 δὲ

148 1533 242 1584 τεῦ
279 1534 554 1601 ἀναζῆσαι
608 1535 843 1603 ἐκείνην,
897 1534 1007 1601 ἐγὼ
1047 1533 1184 1596 ἔζων
1218 1532 1439 1600 μᾶλλον.
1471 1531 1642 1583 Τοῦτο
1678 1530 1732 1581 δὲ

146 1620 210 1696 ἦν
241 1628 348 1694 πρὸ
398 1626 493 1678 τοῦ
520 1626 682 1693 νόμου
722 1625 934 1695 καὶτῆς
974 1625 1211 1693 ἐντολῆς.
1254 1625 1413 1676 Ὥστε.
1445 1625 1493 1676 εί
1531 1623 1624 1675 καὶ
1660 1623 1733 1692 μὴ

146 1720 172 1767 ὁ
212 1716 383 1784 νόμος
425 1719 689 1787 ἁμαρτία,
735 1718 849 1771 ἀλλ’
902 1714 995 1769 οὖν
1029 1717 1237 1768 ἐκείνου
1277 1716 1543 1778 δοθέντος,
1593 1718 1733 1767 κατα

144 1806 240 1859 δύο
276 1809 510 1876 τρόπους
547 1811 582 1877 ή
625 1810 868 1877 ἁμαρτία
903 1808 1187 1876 ἀνέζησεν,
1223 1808 1391 1875 αὐτῆς
1423 1824 1480 1860 τε
1517 1809 1730 1875 ἐκείνης

147 1901 355 1967 μᾶλλον
388 1902 519 1970 πρὸς
553 1902 796 1953 ἐπίθεσιν
840 1900 1256 1970 ἀνακινηθείση;
1291 1902 1384 1953 καὶ
1427 1900 1730 1970 διεγερθεί-

148 2009 270 2060 σης,
307 1995 402 2044 καί
438 1994 593 2061 ἡμῶν
624 1996 687 2063 τῇ
729 1994 864 2046 κατᾶ
893 1993 1092 2060 γνῶσιν
1136 1993 1352 2062 ἐκτόπῳ
1404 1994 1602 2062 πράξει
1650 1994 1728 2043 ἐν.

147 2088 493 2152 ισχυσαντων
542 2086 733 2155 αὐτὴν,
786 2090 878 2137 καὶ
912 2087 1009 2156 τὴν
1056 2083 1178 2136 καθ’
1232 2085 1387 2155 ἡμῶν
1440 2085 1730 2154 ἐπιϐουλὴν

149 2176 247 2223 συν
316 2174 604 2242 παρρησία
662 2176 1117 2245 παρασχομένων.
1191 2174 1332 2227 Ἀλλ’
1397 2174 1576 2243 ἐκείνη
1632 2175 1730 2243 μὲν

146 2263 438 2330 ἀνέζησεν,
494 2263 603 2329 ἐγὼ
650 2264 705 2316 δὲ
756 2266 1043 2320 ἀπέθανον.
1101 2268 1311 2330 «Ἔζων
1366 2267 1530 2335 χωρὶς
1566 2266 1725 2334 νόμον

146 2354 336 2403 ποτέ.ι
390 2354 525 2405 Πότε
581 2354 716 2418 ἔζων
755 2360 921 2428 χωρὶς
963 2360 1161 2427 νόμου;
1217 2359 1329 2428 Πρὸ
1374 2360 1468 2410 τοῦ
1513 2358 1728 2425 δοθῆναι

144 2445 243 2512 τὴν
276 2447 497 2515 ἐντολὴν
532 2452 640 2508 τοῖς
675 2450 1140 2519 πρωτοπλάστοις,
1177 2454 1275 2522 τὴν
1322 2454 1381 2503 ἐν
1420 2451 1729 2521 παραδείσῳ

147 2536 318 2605 ζωήν.
361 2540 431 2589 ’Ἠ
474 2541 577 2608 πρὸ
621 2541 862 2604 Μωσέως
900 2543 1143 2612 δηλονότι
1180 2544 1339 2607 ἔζων,
1397 2547 1595 2612 φησίν·
1630 2546 1728 2597 οὐκ

145 2626 298 2693 ἤμην
341 2629 532 2696 νεκρὸς
579 2629 657 2697 τῷ
693 2631 883 2699 πλήθει
938 2634 1046 2684 τῶν
1084 2634 1388 2703 ἁμαρτιῶν.
1432 2636 1562 2687 Τότε
1620 2636 1727 2705 γαρ

148 2715 315 2780 μόνον
352 2714 498 2783 εἶχον
539 2725 842 2787 κᾳτήγορον
883 2722 973 2771 τὸν
1020 2724 1248 2789 φυσικὸν
1295 2723 1476 2793 νόμον,
1527 2726 1640 2778 νυνὶ
1673 2726 1728 2777 δὲ

145 2808 241 2857 καὶ
274 2806 366 2857 τὸν
399 2811 658 2877 γραπτόν.
711 2811 872 2880 Ὁρᾷς
904 2812 1020 2874 πῶς
1060 2818 1121 2865 ἐκ
1159 2816 1532 2884 περιστάσεως
1565 2818 1725 2869 ἐὸλα-

144 2897 247 2964 τίεν
279 2900 307 2948 ὁ
330 2899 491 2965 τόμος
522 2918 534 2965 ;
572 2920 589 2950 t
615 2902 899 2971 Ἐλθούσης
923 2904 979 2955 δὲ
1010 2904 1108 2973 τῆς
1141 2907 1382 2975 ἐντολῆς.
1411 2927 1428 2957 t
1479 2909 1726 2978 Ἐντολίιν

146 3006 281 3056 φησι
321 2990 411 3041 τον
453 2993 633 3060 νόμον.
674 2995 852 3047 Εἰπὼν
878 2996 954 3059 δὲ,
998 3014 1015 3047 ι
1040 2998 1374 3067 Ἀνέζησεν,›
1406 3001 1604 3066 ἔδειξεν
1646 3003 1727 3054 ὅτι

144 3078 209 3151 ἦν
243 3083 345 3149 μὲν
388 3086 418 3153 ἠ
470 3085 736 3154 ἁμαρτία,
784 3088 895 3140 ἀλλ’
943 3090 1235 3159 ἡσύχαζεν,
1270 3092 1297 3142 ὁ
1331 3093 1385 3143 δὲ
1439 3094 1599 3161 νόμος
1650 3094 1725 3156 ὡς

145 3175 475 3241 εὐεργετῶν,
514 3176 856 3246 ἐφανέρωσεν
889 3181 1056 3249 αὐτὴν
1097 3181 1182 3233 ἵνα
1235 3183 1494 3249 φύγωμεν
1535 3185 1723 3253 αὐτὴν,

144 3266 259 3317 ἀλλ’
292 3269 325 3334 ἡ
376 3268 696 3335 περίστασις
741 3273 864 3333 τοὺς
922 3272 998 3341 μὴ
1047 3274 1312 3340 φυγόντας
1365 3276 1615 3344 ἔϐλαψεν.
1660 3279 1723 3329 Ἠ

142 3354 235 3409 οὖν
261 3360 341 3419 εἰς
371 3359 519 3427 ζωήν
573 3377 663 3427 μοι
686 3360 901 3414 δοθεῖσα
971 3363 1163 3428 (οὕτως
1195 3366 1301 3435 γὰρ
1346 3361 1455 3436 εἶχε
1490 3369 1722 3437 φύσεως)

144 3456 220 3508 εἰς
250 3448 483 3500 θάνατόν
517 3468 607 3517 μοι
652 3451 839 3518 γέγονε
881 3453 968 3505 διὰ
998 3459 1096 3524 τὴν
1126 3458 1397 3525 ἡμετέραν
1429 3460 1721 3528 ῥαθυμίαν,

143 3538 197 3587 εὖ
233 3536 327 3587 διὰ
357 3539 453 3605 τὴν
485 3539 653 3605 αὐτῆς
696 3541 871 3607 φύσιν.
922 3561 939 3592 ι
966 3542 1026 3594 Ἡ
1058 3546 1164 3612 γὰρ
1201 3546 1442 3613 ἁμαρτία
1474 3550 1725 3616 ἀφορμὴν

142 3628 406 3679 λαϐοῦσα.
436 3648 453 3678 ι
492 3630 659 3680 Παλιν
710 3634 776 3683 τὰ
808 3632 947 3684 αὑτᾶ
985 3635 1244 3697 ποικίλως
1299 3642 1721 3702 κατασκευάζει,

144 3723 231 3771 καὶ
262 3719 515 3779 εἰκότως.
564 3720 822 3787 Μεγάλην
855 3722 958 3789 γὰρ
987 3718 1095 3790 εἶχε
1139 3724 1293 3788 δόξαν
1324 3727 1350 3776 ὁ
1385 3727 1563 3793 νόμος.
1602 3729 1721 3777 Δεί-

143 3829 333 3863 κνυσιν
380 3807 473 3862 οὖν
519 3812 679 3862 αὑτὸν
726 3814 889 3881 μηδὲν
920 3814 1251 3879 ὠφελοῦντα,
1310 3816 1423 3866 ἀλλ’
1467 3819 1528 3867 ἐκ
1564 3834 1719 3886 περι-

144 3904 390 3961 σταεεως
436 3898 731 3968 βλάψαντα.
772 3902 921 3952 Ποιεῖ
962 3902 1015 3952 δὲ
1046 3901 1223 3965 τοῦτο,
1269 3904 1353 3954 ἵνα
1416 3906 1717 3973 εὐπαραόε-

148 4010 271 4054 κτος
317 3993 543 4059 γένηται
589 3992 877 4060 κηρύσσων
906 3992 996 4045 τοῦ
1048 3996 1261 4060 ἀφεῖναι
1296 3996 1395 4065 μὲν
1422 3998 1509 4049 τὸν
1537 3999 1719 4067 νόμον,

146 4084 523 4151 προσδραμεῖν
575 4083 631 4134 δὲ
680 4088 741 4151 τῇ
783 4084 961 4134 πίστει
1006 4085 1261 4154 Χριστοῦ.
1305 4089 1583 4158 ’Δνωτέρω
1616 4093 1723 4159 γὰρ

143 4177 337 4235 εἰπὼν,
358 4178 439 4227 ὅτι
457 4175 732 4245 ’Δ-ςορμὴν
746 4175 980 4227 λαϐοῦσα
1002 4178 1032 4245 ἡ
1056 4178 1296 4248 ἁμαρτία
1326 4183 1721 4250 κατειργάσατο

145 4273 202 4319 ἐν
225 4269 352 4337 ἐμοὶ
400 4270 578 4319 πᾶσαν
615 4266 928 4335 ἐπιθυμίαν,
961 4270 1177 4334 ἐπάγει,
1209 4270 1288 4321 ὅτι
1318 4271 1377 4322 οὑ
1408 4272 1566 4339 μόνον
1604 4274 1720 4323 ἐπι-

144 4360 353 4430 θυμίαν
403 4362 583 4411 πᾶσαν
632 4362 1052 4427 κατειργάσατο,
1104 4362 1239 4413 ἀλλὰ
1272 4362 1363 4413 καὶ
1415 4363 1719 4416 ἐθανάτωσε

146 4472 212 4523 με
258 4453 401 4522 αὕτη
448 4469 538 4521 μοι
586 4452 849 4521 γενομένη
906 4456 984 4514 είς
1029 4454 1272 4507 θάνατον.
1316 4451 1467 4519 Εἶτα,
1500 4457 1571 4518 ὡς
1604 4456 1723 4519 ἔθος

1843 635 1965 672 nem
1994 620 2278 673 incitatum
2308 628 2410 682 est,
2443 628 2498 673 et
2528 619 2699 673 veluti
2726 621 2989 687 impetum
3023 620 3152 675 fecit
3202 623 3269 674 ad
3321 637 3391 674 no

1838 712 2096 775 cendum,
2123 725 2378 781 tanquam
2405 720 2669 779 reputans
2694 727 2818 764 eum
2841 712 2934 781 qui
2954 714 3062 781 jam
3089 723 3422 783 praeceptum

1838 814 2112 855 servasset
2169 802 2567 865 coronaudum,
2638 804 2871 873 ideoque
2959 805 3131 873 magis
3213 806 3420 861 invuia

1843 901 2051 945 motum
2086 901 2191 943 est.
2257 893 2494 947 Rursum
2524 907 2625 961 ego
2649 909 2892 963 quoque,
2920 895 3106 964 agnito
3146 911 3246 965 per
3275 912 3419 966 pra-

1836 992 2054 1052 ccptum
2112 994 2353 1052 peccato,
2412 995 2671 1054 tanquam
2733 994 2974 1041 scienter
3032 986 3244 1042 faciens
3297 1003 3421 1057 qua!

1836 1076 2023 1145 fugere
2055 1077 2321 1144 opmtuit,
2350 1082 2650 1130 secundum
2689 1077 2792 1131 hoc
2822 1077 3039 1147 gravius
3094 1080 3413 1147 peccabam,

1837 1169 2116 1238 magisque
2151 1170 2281 1222 illud
2347 1169 2614 1223 adversus
2669 1170 2938 1238 meipsum
2971 1168 3407 1235 conﬁrmabam;

1837 1263 1948 1312 vim
1981 1260 2055 1313 illi
2088 1261 2340 1328 prtebcus
2371 1277 2469 1329 per
2491 1260 2731 1329 iniquam
2764 1261 3039 1315 actionem
3095 1277 3163 1315 ex
3216 1261 3408 1331 coguio

1837 1351 1984 1403 tione
2020 1352 2521 1419 perpetrabam:et
2580 1352 2746 1405 veluti
2811 1351 3084 1406 imbecille
3144 1368 3209 1405 ac
3263 1368 3414 1405 rnor-

1838 1443 2104 1496 tiﬁcatum
2147 1442 2451 1497 fortiﬁcans
2480 1458 2542 1496 ac
2584 1445 2886 1497 suscitans.
2926 1444 3094 1497 Porro
3128 1445 3218 1496 ubi
3282 1445 3413 1497 illul

1837 1535 2053 1597 revixit,
2118 1549 2204 1588 me
2262 1535 2425 1587 morti
2481 1534 2647 1589 dedit.
2694 1535 2829 1587 Nam
2889 1535 3205 1604 priusquam
3281 1535 3415 1588 illud

1837 1610 2214 1684 revivisceret,
2249 1641 2349 1695 ego
2378 1626 2551 1695 magis
2580 1625 2825 1678 \‘ivebam
2856 1643 2868 1677 :
2906 1625 3011 1679 hoc
3061 1633 3246 1677 autem
3295 1634 3417 1677 erat

1834 1726 1958 1770 ante
1991 1718 2163 1787 legem
2194 1734 2256 1771 ac
2282 1727 2642 1786 praeceptum.
2705 1717 2893 1785 Itaque
2954 1732 3269 1786 quanquam
3326 1717 3412 1770 lex

1833 1818 2116 1877 peccatum
2157 1824 2266 1861 non
2299 1808 2389 1871 sit,
2428 1816 2607 1861 tamen
2645 1807 2759 1875 ipsa
2784 1810 2905 1860 data
2951 1815 3234 1876 peccatum
3297 1806 3397 1859 du-

1769 1901 1806 1953 Β
1838 1901 1972 1970 plici
2001 1905 2164 1955 modo
2198 1900 2392 1955 revixit
2428 1919 2441 1953 :
2481 1910 2596 1953 tum
2637 1899 2871 1968 ipsomet
2897 1899 3068 1969 magis
3097 1899 3163 1951 ad
3217 1913 3411 1968 aggre-

1836 1993 2091 2046 diendum
2123 2003 2399 2045 commoto
2450 2002 2504 2045 et
2564 1992 2825 2055 excitato,
2888 2000 3001 2044 tum
3057 1989 3217 2042 nobis
3276 1991 3409 2043 illud

1832 2084 2289 2137 conﬁrmantibus
2318 2084 2594 2137 indecenti
2623 2083 2837 2136 actione
2894 2098 3017 2150 quae
3064 2097 3129 2135 ex
3182 2082 3411 2135 scientia

1832 2175 2184 2245 procedebat,
2220 2175 2503 2243 liberaque
2567 2175 2833 2227 adversus
2891 2175 3144 2243 nosipsos
3194 2174 3411 2229 insidiis

1832 2263 2226 2331 prtebentibus.
2268 2263 2337 2317 At
2364 2263 2496 2316 illud
2547 2262 2770 2331 quidem
2838 2262 3058 2326 revixit,
3122 2278 3224 2333 ego
3278 2278 3410 2318 vero

1830 2364 2079 2409 mortuus
2124 2371 2267 2408 sum.
2325 2373 2342 2404 ι
2382 2353 2641 2409 Vivebam
2667 2355 2786 2408 sine
2855 2354 2974 2424 lege
3034 2354 3331 2424 quondam.
3378 2376 3394 2405 ι

1829 2445 2055 2513 Quando
2095 2448 2340 2501 vivebam
2386 2447 2504 2501 sine
2526 2448 2642 2517 lege
2667 2447 2688 2499 ’ί
2718 2447 3043 2516 Priusquam
3073 2458 3405 2517 prxceptum

1829 2542 2053 2592 daretur
2080 2539 2453 2608 protoplastis,
2480 2539 2591 2593 vita
2619 2554 2738 2607 qua:
2762 2539 2815 2591 in
2849 2538 3102 2592 Paratiso
3122 2538 3406 2610 agebatur.

1828 2629 1936 2683 Ant
1953 2630 2205 2685 videlicet
2229 2640 2354 2684 ante
2371 2630 2571 2684 Mosem
2595 2631 2866 2695 vivebam,
2901 2630 3003 2684 hoc
3027 2640 3132 2696 est,
3156 2640 3409 2686 mortuus

1829 2737 1937 2775 non
1987 2738 2136 2775 eram
2192 2723 2551 2776 multitudine
2606 2732 3004 2792 peccatorum:
3069 2734 3199 2778 tunc
3236 2740 3403 2792 ,emm

1829 2815 2006 2866 solum
2077 2826 2457 2869 accusatorem
2511 2814 2778 2867 habebam
2841 2814 3144 2868 naturalem
3207 2814 3403 2885 legem,

1827 2920 1973 2959 nunc
1998 2916 2163 2959 auten
2215 2915 2270 2959 et
2320 2906 2600 2975 scriptam.
2658 2906 2821 2960 Vides
2875 2908 3149 2974 quomodo
3196 2907 3281 2960 lcx
3338 2923 3403 2963 ex

1829 2995 2089 3050 incidenti
2120 2996 2367 3051 nocuerit
2398 2997 2419 3048 ?
2453 3016 2470 3046 ι
2508 2997 2680 3050 Porro
2741 3012 2865 3050 cum
2912 2997 3153 3051 venisset
3205 3014 3406 3067 praece-

1828 3097 2004 3157 ptum.
2041 3108 2058 3139 ›
2082 3090 2417 3158 Praeceptum
2443 3091 2577 3143 dicit
2601 3090 2799 3158 legem.
2821 3089 3016 3143 Dicens
3035 3098 3216 3142 autem
3253 3108 3269 3139 ι
3301 3088 3406 3143 Re-

1830 3179 1983 3242 vixit,
2030 3198 2047 3229 ι
2089 3181 2332 3233 ostendit
2380 3180 2548 3234 fuisse
2605 3179 2828 3248 quidem
2885 3189 3044 3233 antea
3095 3188 3403 3248 peccatum,

1828 3272 1920 3323 sed
1960 3270 2012 3323 in
2042 3271 2225 3340 quiete
2258 3287 2272 3335 ;
2305 3271 2388 3323 lex
2412 3280 2593 3324 autem
2624 3278 2879 3339 tanquam
2908 3271 3234 3325 beneficium
3264 3287 3402 3341 pra:-

1827 3372 1995 3419 stans.
2030 3363 2160 3415 illud
2194 3362 2563 3415 manifestavit
2596 3370 2652 3414 ut
2676 3362 2852 3430 ipsum
2905 3363 3239 3432 fugeremus,
3305 3365 3401 3419 sed

1829 3453 1962 3522 legis
1988 3454 2299 3507 assistentia
2326 3453 2413 3506 his
2439 3453 2529 3521 qui
2592 3469 2701 3505 non
2751 3453 3009 3523 fugerunt
3070 3465 3403 3513 nocumento

1828 3542 1947 3595 fuit.
1984 3543 2138 3607 Quod
2165 3559 2295 3612 ergo
2346 3543 2477 3595 mihi
2525 3548 2709 3596 datum
2766 3556 2885 3597 erat
2913 3532 2921 3539 ’
2950 3548 3015 3597 ad
3053 3547 3221 3600 vitam
3254 3548 3401 3616 (nam

1827 3634 1878 3685 id
1905 3650 1967 3687 ex
1999 3634 2498 3698 natura-habebat),
2532 3635 2700 3689 cessit
2739 3635 2871 3687 mihi
2910 3636 2976 3688 ad
3016 3647 3241 3689 mortem
3279 3653 3402 3705 plo—

1826 3737 1943 3792 νενι-
1980 3741 2153 3778 meam
2181 3726 2488 3795 segnitiem,
2522 3742 2629 3778 non
2685 3737 2910 3794 propter
2942 3727 3091 3779 illius
3125 3738 3402 3782 naturam.

1830 3836 1845 3866 ι
1893 3816 2179 3869 Peccatum
2214 3819 2358 3868 enim
2399 3819 2687 3870 occasione
2713 3827 2957 3885 accepta.
3000 3836 3016 3867 ι
3051 3818 3251 3871 Eadem
3281 3835 3404 3873 rur-

1824 3922 1916 3961 sus
1951 3909 2100 3961 varie
2138 3908 2461 3961 conﬁrmat:
2499 3921 2551 3960 et
2590 3908 2828 3961 merito:
2857 3923 2979 3961 nam
3008 3908 3093 3961 lex
3152 3925 3400 3979 magnam

1823 3999 2106 4051 obtinebat
2130 4000 2355 4068 gloriam
2385 4018 2395 4051 :
2431 4000 2669 4051 ostendit
2694 4016 2823 4069 ergo
2850 4005 2993 4068 quod
3014 4000 3149 4052 nihil
3172 4001 3399 4069 juverit,

1824 4092 1915 4143 sed
1950 4104 2015 4143 ex
2048 4090 2307 4143 incidenti
2339 4098 2616 4153 nocuerit;
2656 4089 2759 4143 hoc
2790 4101 2970 4143 autem
2995 4090 3124 4144 facit
3149 4099 3208 4143 ut
3244 4091 3401 4146 facile

1824 4196 1861 4233 r.
1885 4181 2140 4249 cipiatur,
2176 4182 2304 4233 dum
2338 4181 2596 4249 praedicat
2623 4182 2900 4233 dimissam
2936 4197 3057 4235 esse
3100 4183 3296 4252 legem,
3345 4192 3401 4237 et

1822 4274 2219 4325 accurrendum
2244 4274 2306 4323 ad
2341 4271 2540 4324 Christi
2572 4270 2750 4323 ﬁdem.
2785 4272 2921 4325 Cum
2973 4272 3119 4325 enim
3144 4273 3403 4341 superius

1824 4363 2049 4417 dixisset
2088 4381 2099 4414 :
2132 4361 2432 4417 Occasione
2461 4369 2643 4414 autem
2684 4372 2908 4430 accepta
2958 4372 3243 4430 peccatum
3302 4377 3402 4432 per

1824 4464 2154 4523 praeceptum
2190 4462 2472 4521 operatmu
2495 4460 2579 4505 est
2616 4453 2671 4505 in
2729 4468 2816 4505 me
2854 4468 3073 4505 omnem
3133 4453 3399 4522 concupi-

144 4546 295 4614 αὖτῷ
328 4545 508 4606 αἰτίας
566 4545 768 4605 αἰτίαις
807 4544 1094 4612 συνείρειν,
1133 4546 1225 4597 καὶ
1272 4547 1370 4615 τὴν
1402 4548 1719 4600 ἀκολουθίαν

1826 4547 2110 4608 scentiam,
2143 4546 2385 4614 adjungit
2447 4544 2609 4613 290
2632 4547 2797 4612 quod,
2829 4543 2946 4596 Non
2974 4544 3153 4597 solum
3178 4558 3397 4600 omnem

142 4635 481 4686 ἐνδεικνύναι
512 4632 619 4684 τῶν
651 4635 986 4702 πραγμάτων
1021 4636 1114 4686 καὶ
1142 4636 1198 4685 ἐν
1226 4638 1337 4697 τοῖς
1368 4636 1565 4702 λόγοις,
1590 4639 1722 4689 ἀνα-

142 4728 327 4793 τρέχει
365 4724 459 4774 καὶ
504 4722 687 4790 τίθησι
717 4722 834 4783 πῶς
882 4724 1279 4791 κατειργάσατο
1324 4726 1503 4777 πᾶσαν
1530 4728 1721 4779 ἐπιθυ-

145 4818 272 4882 μίαν
314 4816 407 4865 καί
442 4830 593 4881 φησι,
626 4814 705 4865 ὅτι
746 4832 764 4863 ‹
811 4813 1087 4882 Ἀφορμὴν
1138 4815 1371 4867 λαϐοῦσα
1412 4816 1720 4886 ἐξηπάτησέ

146 4925 269 4975 με.»
321 4903 457 4958 Εἶτα
490 4906 665 4971 ἀφῆκε
698 4905 756 4956 τὸ
807 4906 1117 4974 προρρηθὲν
1166 4910 1304 4958 νοεῖν
1348 4908 1599 4971 ἐνταῦθα,
1638 4910 1719 4961 ὅτι

143 5005 207 5052 ἐκ
236 5002 432 5051 τούτου
480 4999 535 5049 δὲ
582 4997 872 5065 εἰργάσατο
916 5000 1013 5061 τὴν
1070 4997 1384 5066 ἐπιθυμίαν,
1427 4999 1513 5050 καὶ
1563 5001 1720 5051 τοῦτο

142 5095 326 5160 ἀφεὶς,
361 5095 718 5142 ἐπισυναπτει
766 5090 823 5140 τὸ
854 5089 1023 5153 τέλος,
1063 5108 1080 5137 ι
1113 5091 1218 5140 Καὶ
1246 5092 1617 5153 ἀπέκτεινεν,ι
1656 5092 1720 5143 ἶν’

141 5183 173 5258 ᾖ
211 5185 355 5237 κατά
413 5184 715 5249 συνέχειαν,
764 5184 814 5232 εί
839 5199 918 5243 τις
953 5182 1232 5246 ἀναλάϐοι,
1267 5180 1437 5243 οὕτως
1465 5182 1611 5250 αὐτῷ
1645 5184 1718 5233 εί-

145 5281 405 5347 ρημένον.
457 5274 775 5341 ι’Ᾱφορμὴν
819 5272 1055 5324 λαϐοῦσα
1108 5274 1140 5341 ὴ
1187 5273 1445 5340 ἁμαρτία,
1502 5289 1717 5342 κατειρ-

144 5374 354 5438 γάσατο
384 5371 443 5419 ἐν
472 5367 592 5435 ἐμοὶ
618 5368 792 5417 πᾶσαν
819 5364 1167 5432 ἐπιθυμίαν.»
1198 5365 1307 5431 Τὴν
1336 5363 1389 5415 δὲ
1422 5364 1717 5432 ἐπιθυμίαν

143 5461 593 5531 κατειργάσατο,
665 5458 1010 5526 ἁπατήσασα.
1074 5457 1453 5526 Ἐργασαμένη
1507 5456 1562 5507 δὲ
1617 5455 1717 5525 τὴν

145 5556 462 5619 ἐπιθυμίαν,
502 5551 787 5603 ἀπέκτεινέ
851 5567 938 5619 με.
983 5551 1165 5601 Ἔστιν
1209 5547 1358 5618 οὖνὴ
1392 5549 1596 5616 ἀπάτη,
1630 5551 1716 5601 αἰ-

146 5650 232 5700 ti:
279 5648 379 5716 τῆς
432 5644 761 5711 ἐπιθυμίας·
816 5644 849 5713 ἡ
894 5641 949 5693 δὲ
997 5640 1279 5709 ἐπιθυμία,
1332 5638 1425 5691 τοῦ
1459 5639 1711 5692 θανάτου.

147 5742 253 5807 ’ἰὴν
309 5737 369 5790 δὲ
440 5736 655 5803 ἀπάτην
720 5737 1013 5803 εἰργάσατο
1064 5731 1153 5783 διὰ
1224 5734 1323 5799 τῆς
1402 5730 1619 5800 ἐντολῆς
1678 5732 1711 5799 ἡ

148 5832 425 5890 uxoria,
502 5828 589 5881 ἴνα
650 5831 791 5891 φανῆ
846 5826 905 5877 τὸ
958 5824 1291 5891 ὑπερόἁλλον
1357 5823 1457 5891 τῆς
1513 5823 1711 5885 κακίας

1827 4639 2107 4705 οοιιευρίει
2127 4637 2332 4689 entiam
2364 4645 2646 4703 operatum
2672 4642 2776 4696 est,
2806 4638 2898 4685 sed
2932 4642 2986 4686 et
3043 4634 3245 4687 occidit
3285 4649 3393 4697 me,

1824 4729 2000 4797 ipsum
2036 4727 2166 4780 mihi
2198 4727 2398 4779 cedens
2432 4734 2497 4777 ad
2526 4734 2782 4778 mortem.
2831 4724 3058 4788 Deinde,
3121 4731 3389 4793 quemad-

1823 4795 2044 4873 modum
2082 4818 2157 4871 illi
2192 4819 2361 4871 moris
2384 4826 2467 4869 est
2496 4830 2691 4868 causas
2720 4824 3071 4877 connectere,
3106 4824 3161 4867 et
3211 4829 3397 4868 rerum

1822 4911 2267 4979 consequentiam
2333 4908 2498 4961 etiam
2552 4907 2605 4959 in
2665 4906 3015 4959 sermonibus
3079 4905 3393 4970 ostendere,

1821 5004 2076 5064 recurrit,
2109 5017 2173 5054 ac
2204 5001 2356 5069 ponit
2382 4999 2660 5068 quomodo
2692 5006 2979 5065 operatum
3041 4997 3111 5049 sit
3173 5012 3393 5049 omnem

1821 5095 2340 5163 concupiscentiam,
2372 5102 2425 5143 et
2454 5092 2564 5143 ait:
2604 5108 2621 5139 ι
2677 5088 2975 5141 Occasione
3020 5097 3243 5155 aeeepla
3298 5090 3393 5139 de-

1820 5186 1965 5254 cepit
2000 5200 2103 5238 me.
2144 5204 2161 5233 i
2191 5182 2397 5236 Deinde
2427 5184 2571 5249 quod
2606 5179 2928 5248 przedictum
2965 5186 3048 5231 est
3080 5178 3207 5229 hinc
3232 5177 3394 5229 intel-

1820 5278 1965 5347 ligen
1990 5292 2096 5328 tum
2119 5275 2359 5342 reliquit,
2386 5283 2515 5341 puta
2542 5270 2688 5339 quod
2722 5286 2788 5324 ex
2816 5270 2919 5322 hoc
2972 5278 3255 5337 operatum
3311 5276 3394 5320 est

1818 5380 2033 5419 omnem
2094 5361 2637 5430 concupiscentiam:
2694 5369 2749 5412 et
2806 5358 2911 5411 hoc
2978 5356 3170 5410 relicto
3230 5355 3392 5408 ﬁnem

1816 5452 2120 5523 conjungit,
2154 5452 2359 5515 dicens,
2422 5470 2437 5500 ι
2481 5450 2548 5503 Ει
2581 5448 2820 5511 occidit;
2866 5466 2883 5495 ›
2940 5453 3000 5498 ut
3048 5460 3115 5499 ex
3136 5460 3391 5499 consecu-

1818 5546 1964 5600 tione
1995 5543 2191 5596 sithoc
2222 5541 2385 5595 modo
2424 5540 2491 5593 ab
2528 5554 2595 5593 eo
2620 5538 2849 5603 dictum,
2879 5538 2925 5591 si
2972 5537 3094 5606 quis
3146 5536 3278 5589 velit
3300 5550 3392 5589 rc-

1818 5647 2002 5708 petere
2026 5654 2039 5690 :
2066 5655 2082 5685 ι
2119 5634 2417 5689 Occasione
2446 5642 2667 5700 accepta
2682 5641 2967 5701 peccatum
2995 5637 3281 5699 Operatum
3307 5637 3392 5681 est

1817 5732 1871 5785 in
1894 5744 1981 5783 me
2014 5743 2231 5782 omnem
2258 5724 2778 5793 concupiscentiam.
2827 5741 2845 5772 ι
2876 5719 3391 5789 Concupiscentiam

1816 5830 1999 5875 autem
2027 5829 2311 5889 operatum
2338 5824 2422 5871 est
2457 5828 2580 5869 cum
2615 5813 2920 5882 decepisset
2953 5830 2964 5864 :
3026 5826 3213 5867 vemm
3263 5825 3386 5865 cum
