4196 6468
180 436 279 499 ιιδ

1239 434 1626 496 [ῖῡλῙΜΕΝΤ.
1671 434 1747 494 IN
1785 434 2022 496 El‘iST.
2071 440 2165 498 .-\l)
2211 440 2390 498 RUM.

3332 441 3436 505 466

178 553 591 625 συμφωνοῦντα,
619 553 698 624 τῷ
741 554 947 608 ὕέλοντι
977 555 1101 623 ἐμοὶ
1157 554 1217 607 τὸ
1276 555 1461 607 καλόν.
1515 555 1624 608 Καὶ
1669 555 1748 612 τί;

1855 562 2038 608 autem
2067 556 2202 609 milii
2231 557 2568 612 eonformem
2598 553 2803 609 volenti
2840 552 2972 608 milii
3002 553 3178 608 facere
3207 552 3435 610 bonum.

179 649 324 718 χρεία
351 647 670 717 συμφωνίας
694 647 728 717 ἢ
779 646 1090 717 συμμαχίας
1117 663 1134 713 ;
1167 645 1363 718 Πολλὴ,
1385 647 1538 717 φησί.
1566 665 1584 698 ι
1607 648 1750 701 Διότι

176 739 289 808 ἐμοὶ
315 739 378 792 τὸ
421 739 599 792 κακὸν
650 739 1004 809 παράκειται,
1031 756 1050 791 ι
1107 739 1200 792 καὶ⁸
1249 739 1749 810 ἀντιστρατευεται,

176 833 261 884 καὶ
291 830 548 900 πολεμεῖ,
580 833 674 883 καὶ
707 830 854 900 ἑξῆς.
891 829 1036 884 Λύτδ
1065 828 1160 884 οὖν
1185 830 1345 884 τοῦτο
1373 830 1636 884 πλατύνει
1655 835 1750 886 καὶ

173 923 442 992 διασαφεῖ,
472 923 588 986 πῶς
622 925 950 993 συμφωνεῖὸ
976 923 1162 993 νόμος.
1197 923 1315 987 πῶς
1345 923 1648 979 ἐπιτίθεται
1695 927 1755 978 τὸ

174 1014 357 1066 κακόν.
396 1033 414 1066 ι
442 1013 746 1086 Συνήδομαι
785 1015 893 1086 γὰρ
923 1015 1001 1085 τῷ
1030 1016 1180 1086 νόμῳ
1209 1014 1311 1069 ’τοῦ
1339 1014 1500 1072 Θεοῦ.
1531 1035 1550 1069 ι
1590 1017 1752 1071 Ὥστε

175 1105 308 1156 κατᾶ
337 1104 500 1158 τοῦτο
536 1109 824 1175 συμφωνεῖ
858 1124 966 1175 μοι,
1000 1110 1093 1162 καὶ
1122 1109 1322 1178 τρόπον
1365 1108 1490 1163 τινὰ
1533 1127 1754 1182 συμμα-

173 1200 271 1265 χεῖ,
293 1199 343 1250 εἰ
375 1199 470 1251 καὶ
497 1198 738 1263 ἀσθενῶς
767 1200 879 1271 ἔχει
917 1201 1202 1272 βοηθῆσαι.
1238 1202 1754 1274 Ἀντιστρατευομέ-

173 1307 255 1341 νον
277 1290 388 1361 γὰρ
414 1291 507 1344 τοῦ
527 1292 717 1362 ἐτέρου
734 1293 925 1362 νόμου,
949 1294 1068 1365 ἢτοι
1089 1293 1183 1348 τοῦ
1211 1298 1308 1365 τῆς
1337 1296 1633 1367 ἁμαρτίας,
1660 1299 1755 1369 οὐχ

174 1381 459 1447 ὑφίσταται
493 1384 585 1434 καὶ
638 1384 941 1454 ἐπικουρεῖ,
996 1384 1174 1438 καίτοι
1207 1384 1412 1438 θέλοντι
1438 1387 1618 1449 αὑτὸν,
1665 1390 1757 1442 καὶ

175 1471 417 1542 ἡδομένῳ
455 1473 626 1545 αὐτῷ,
655 1474 791 1528 ἀλλά
825 1476 1118 1544 ἀφίσταται
1150 1477 1610 1549 καταλιμπάνων,
1663 1484 1755 1534 καὶ

176 1566 247 1638 μὴ
277 1565 582 1636 δυναμένου
613 1567 792 1638 ἐαυτῷ
822 1568 1054 1638 ἀρκέσαι
1075 1611 1091 1634 ,
1136 1571 1479 1640 αἰχμάλωτος
1514 1572 1751 1642 γίνομαι.

177 1659 268 1729 Εῖη
292 1661 340 1714 δ’
374 1662 463 1725 ἂν,
493 1663 540 1712 εί
570 1661 897 1733 συνταχθείη
943 1661 1138 1728 οὕτως,
1181 1665 1289 1717 τῶν
1323 1666 1629 1736 εἰρημένων
1658 1685 1756 1722 σα-

174 1751 460 1824 φέστερον·
512 1753 766 1824 Εὑρίσκω
798 1754 906 1826 ἄρα
947 1755 1024 1826 τῷ
1053 1756 1264 1810 Θέλοντι
1313 1759 1435 1828 ἐμοὶ
1469 1759 1528 1814 τὸ
1570 1761 1754 1825 καλὸν,

174 1847 284 1915 ἦτοι
317 1845 412 1898 τὸν
439 1847 601 1917 νόμον
633 1847 748 1918 (ὅτι
792 1849 915 1917 ἐμοὶ
945 1849 1004 1900 τὸ
1051 1849 1223 1902 κακὸν
1260 1841 1640 1923 παράκειται),
1678 1854 1756 1924 τῷ

172 1936 373 1991 θέλοντι
422 1937 544 2007 ἐμοὶ
610 1942 782 1992 ποιεῖν
828 1941 889 1992 τὸ
924 1939 1107 2006 καλὸν,
1143 1935 1255 1996 οἷον
1302 1947 1619 2017 προτροπὴν
1654 1949 1746 2002 καὶ

175 2028 484 2100 συμϐουλὴν
508 2031 840 2102 παρέχοντα.
883 2051 903 2084 ι
932 2033 1124 2087 Βλέπω
1157 2035 1215 2089 δὲ
1251 2036 1439 2106 ἕτερον
1500 2039 1684 2106 νόμον.
1723 2061 1738 2091 ι

171 2120 443 2192 Τέσσαρές
476 2123 610 2177 εἰσιν
635 2124 870 2179 ἐνταῦθα
911 2126 1089 2197 νόμοι,
1114 2129 1242 2199 περὶ
1265 2123 1339 2184 ὧν
1368 2129 1743 2201 διαλαμϐάνει.

173 2207 260 2274 Εἷς
313 2215 414 2283 μὲν
453 2216 482 2266 ὁ
524 2215 690 2286 νόμος
722 2219 816 2271 τοῦ
881 2219 1041 2285 Θεοῦ,
1077 2223 1204 2292 περὶ
1232 2217 1292 2278 οὗ
1324 2241 1479 2295 φησι·
1521 2243 1538 2277 ι
1572 2229 1748 2298 Συνή-

170 2308 325 2376 δομαι
357 2309 466 2379 γὰρ
510 2309 590 2380 τῷ
618 2310 768 2382 νόμῳ
789 2311 882 2364 τοῦ
911 2312 1044 2366 Θεοῦ
1067 2331 1080 2346 ο
1110 2332 1129 2365 ι
1179 2313 1432 2388 δεύτερος
1458 2317 1514 2370 δὲ
1546 2321 1574 2372 6
1595 2322 1746 2375 ἀντι-

172 2403 598 2469 στρατευόμενος
621 2417 636 2431 ·
665 2402 868 2474 τρίτος,
891 2405 1020 2476 περὶ
1050 2400 1112 2458 οῦ
1145 2424 1302 2478 φησι·
1327 2429 1345 2462 ι
1366 2409 1456 2482 Τῷ
1481 2413 1630 2484 νόμῳ
1650 2413 1744 2468 τοῦ

171 2491 281 2552 νοός
345 2510 467 2559 μου.
513 2513 530 2545 ι
577 2493 854 2564 Τέταρτος
910 2497 1038 2567 περὶ⁸
1077 2490 1140 2550 οῦ
1188 2498 1378 2567 λέγει,
1426 2520 1443 2552 ι
1475 2502 1564 2572 Τῷ
1595 2505 1746 2574 νόμῳ

173 2584 261 2652 τῆξ
297 2585 594 2655 ἁμαρτίας,
622 2587 702 2657 τῷ
731 2588 843 2642 δντι
886 2593 942 2642 ὲν
967 2592 1076 2653 τοῖς
1110 2592 1296 2661 μέλεσι
1331 2611 1455 2663 μου.
1482 2613 1500 2646 ι
1529 2596 1746 2650 Τούτων

171 2678 196 2728 ὁ
232 2677 471 2745 πρῶτος,
518 2678 580 2730 τὸ
629 2678 982 2748 εόαγγελικόν
1034 2683 1151 2735 ἐστι
1200 2683 1498 2752 παίδευμα,
1549 2687 1748 2752 ἔξωθεν

171 2766 254 2820 διὰ
279 2769 374 2821 τοῦ
417 2771 775 2840 κηρύγματος
804 2772 971 2826 εἰσιδν
1002 2776 1093 2828 καὶ
1117 2775 1377 2847 ῥυθμίζον
1417 2781 1514 2848 τῆν
1545 2779 1742 2852 ψυχήν.

184 2859 237 2915 ὐ
265 2864 520 2933 δεύτερος
549 2865 577 2916 6
599 2866 1174 2937 ἀντιστρατευόμενος,
1193 2871 1284 2922 καὶ
1309 2863 1464 2933 οὗτος
1481 2872 1590 2924 τῶν
1617 2874 1748 2940 ἔξω·

175 2953 259 3006 Οέν
289 2956 440 3007 ἐστιν
481 2957 834 3011 ἐπεισιόντων
878 2961 996 3012 κατ’
1028 2961 1314 3033 ἐνέργειαν
1365 2963 1459 3018 τοῦ
1503 2965 1745 3037 Πονηροῦ

172 3047 254 3099 διὰ
285 3048 398 3100 τῶν
441 3048 738 3119 λογισμῶν,
775 3051 870 3104 καὶ
920 3052 1019 3123 τὴν
1072 3054 1253 3126 ψυχὴν
1301 3058 1742 3128 αἰχμαλωτίζων.

175 3137 384 3206 Τρίτος,
407 3141 468 3192 ὃν
496 3156 630 3208 φησι
666 3141 833 3213 νόμον
878 3143 1016 3205 νοός.
1045 3137 1215 3208 οὗτος
1249 3147 1396 3199 ἐστιν
1420 3150 1448 3200 ὁ
1484 3151 1552 3220 τῇ
1585 3150 1744 3218 φύσει

1856 646 1923 700 Ει
1966 661 2087 714 qua:
2122 645 2333 702 utilitas
2382 645 2788 702 conformitatis
2838 643 2923 698 vel
2971 644 3200 699 auxilii?
3239 644 3438 708 Multa,

1858 737 2075 808 inquit;
2114 756 2131 802 ι
2167 736 2303 791 Nam
2335 737 2542 792 malum
2588 736 2723 792 mihi
2765 736 2979 807 adjacet
3016 754 3033 786 ι
3071 748 3127 792 ει
3169 745 3441 806 repugnat

1855 845 1920 885 ac
1974 828 2277 900 praeliatur,
2313 839 2423 884 etc.
2463 830 2580 885 Hoc
2628 829 2811 900 ipsum
2845 828 3058 894 dilatat,
3109 836 3166 883 et
3211 829 3434 899 planum

1855 919 1986 974 facit
2010 918 2290 990 quomodo
2324 918 2626 975 conformis
2666 921 2737 974 sit
2774 920 2882 984 lex,
2918 918 3200 990 quomodo
3232 922 3434 974 malum

1857 1013 2162 1068 immineat.
2203 1031 2221 1064 ι
2261 1012 2527 1069 Oblector
2565 1012 2712 1066 enim
2756 1013 2878 1081 lege
2924 1012 3043 1066 Dei.
3079 1031 3096 1064 ι
3136 1012 3324 1082 Itaque
3349 1028 3437 1068 sc-

1859 1107 2102 1161 cundum
2147 1106 2253 1162 hoc
2282 1105 2587 1162 conformis
2628 1113 2712 1159 est
2740 1103 2899 1166 mibi,
2931 1114 2986 1158 et
3029 1103 3438 1175 quodammodo

1858 1197 2192 1263 auxiliatur,
2251 1213 2564 1268 quanquam
2617 1195 2892 1252 imbecille
2943 1196 3082 1250 ferat
3145 1213 3193 1251 at
3223 1196 3436 1251 vilium.

1857 1287 1993 1342 Nam
2022 1294 2363 1358 repugnante
2395 1288 2568 1342 altera
2601 1288 2718 1357 lege
2747 1294 2878 1357 puta
2910 1295 3153 1355 peccato,
3182 1302 3292 1342 non
3315 1301 3438 1340 sus-

1862 1385 1998 1440 tinet
2027 1399 2131 1440 nec
2157 1383 2478 1448 auxiliatur,
2516 1383 2646 1438 licet
2670 1384 2840 1453 ipsam
2870 1383 3055 1449 velim,
3084 1399 3256 1452 eaque
3284 1382 3438 1436 oble-

1858 1485 1998 1540 eler,
2037 1479 2133 1532 sed
2177 1493 2265 1531 me
2310 1477 2504 1531 relicto
2535 1476 2788 1532 abscedit
2819 1496 2832 1531 :
2867 1490 3105 1545 cumque
3136 1491 3200 1529 ex
3229 1476 3439 1546 meipsu

1859 1567 2194 1621 Sullieientcr
2245 1567 2502 1622 resistere
2543 1583 2835 1636 nequeam,
2877 1568 3126 1638 captivus
3172 1568 3260 1621 lin.
3313 1569 3435 1622 l’la-

1862 1657 1987 1710 nius
2010 1667 2192 1710 autem
2226 1666 2372 1711 esset
2406 1659 2449 1712 si
2477 1659 2562 1712 his
2590 1675 2711 1728 qua:
2743 1659 2888 1714 dicta
2933 1668 3064 1714 sunt
3098 1659 3173 1713 ita
3203 1661 3407 1729 conjun

1859 1759 2098 1820 geretur.
2153 1749 2380 1803 Invenio
2423 1749 2590 1820 igitur
2640 1751 2843 1806 volenti
2887 1752 3022 1806 milii
3067 1753 3274 1806 bonum
3324 1753 3438 1806 sive

1859 1839 2056 1909 legem,
2091 1840 2236 1910 quod
2285 1840 2486 1894 malum
2526 1841 2660 1895 milii
2704 1843 2954 1912 adjacent
3001 1845 3204 1898 volenti
3257 1844 3436 1899 facere

1859 1932 2087 1996 bonum,
2121 1942 2377 2002 tanquam
2413 1933 2855 1990 adhortationem
2887 1951 2949 1991 ac
2977 1936 3267 1990 consilium
3295 1953 3435 2007 prze-

1856 2025 2008 2079 bens.
2057 2043 2074 2075 »
2107 2023 2212 2080 Sed
2243 2025 2402 2079 video
2429 2026 2589 2080 aliam
2623 2027 2822 2097 legem,
2849 2037 2954 2082 etc.
2984 2047 3001 2078 ι
3026 2028 3274 2094 Quatuor
3307 2039 3438 2083 sunt

1855 2120 1944 2174 llic
1990 2121 2137 2191 leges
2182 2119 2249 2176 de
2283 2121 2486 2190 quibus
2538 2121 2736 2176 asserit
2775 2140 2788 2175 :
2822 2138 2926 2176 una
2965 2123 3189 2193 quidem
3221 2124 3309 2179 lex
3339 2124 3436 2180 Dei

1855 2212 1922 2268 dc
1951 2229 2060 2284 qua
2101 2214 2178 2268 ait
2213 2229 2228 2268 :
2273 2233 2291 2265 ι
2332 2212 2596 2278 Obleetor
2621 2215 2768 2269 enim
2811 2215 2933 2286 lege
2962 2216 3094 2282 Dei;
3139 2235 3156 2268 ι
3193 2217 3434 2273 secunda

1855 2321 1987 2362 vero
2019 2322 2360 2377 repugnans,
2407 2309 2567 2363 tertia
2596 2308 2664 2362 de
2696 2324 2800 2378 qua
2831 2308 2965 2364 dicit
3006 2327 3018 2363 :
3063 2328 3081 2358 ι
3118 2308 3248 2377 Legi
3284 2326 3436 2364 men-

1856 2400 1925 2454 tis
1951 2415 2119 2465 meae;
2150 2407 2342 2468 quarta
2387 2399 2455 2454 de
2483 2415 2588 2470 qua
2624 2401 2700 2456 ait
2747 2418 2760 2454 :
2813 2420 2828 2452 ι
2882 2400 3023 2472 Lege
3057 2402 3266 2472 peccati
3313 2418 3436 2472 qua:

1852 2501 1939 2546 est
1982 2491 2036 2546 in
2067 2490 2332 2546 membris
2369 2491 2525 2546 uicis.
2565 2511 2582 2542 ι
2619 2491 2823 2547 llarum
2860 2495 3036 2564 prima
3062 2504 3148 2550 est
3180 2493 3429 2550 doctrina

1854 2582 2189 2654 evangelica,
2245 2582 2552 2638 forinsecus
2599 2599 2696 2654 per
2741 2584 3192 2654 [medicationem
3247 2586 3433 2657 ingrc-

1855 2676 2033 2741 diens,
2081 2676 2432 2744 animamque
2477 2691 2837 2744 componens.
2883 2677 3134 2733 Secunda
3173 2689 3258 2734 est
3302 2679 3434 2734 huic

1855 2783 2169 2839 repugnans
2204 2786 2216 2821 :
2251 2778 2306 2822 ct
2338 2768 2452 2824 base
2476 2768 2545 2822 ab
2577 2769 2828 2822 externis
2860 2777 2966 2833 est,
2990 2785 3111 2840 qu:e
3139 2771 3296 2842 juxta
3320 2788 3434 2825 Ina-

1857 2860 1988 2931 ligni
2021 2861 2169 2914 illius
2194 2860 2571 2930 operationem
2609 2875 2706 2929 per
2735 2861 3098 2930 cogitationes
3146 2863 3433 2932 subingre-

1855 2953 2044 3015 ditur,
2086 2953 2435 3021 animamque
2492 2952 2644 3005 ducit
2695 2953 2989 3022 captivam.
3038 2953 3224 3010 Tertia
3267 2971 3430 3026 quam

1856 3047 1989 3102 dicit
2021 3048 2196 3119 legem
2229 3048 2430 3104 mentis
2472 3061 2487 3101 :
2536 3048 2651 3103 haec
2683 3057 2767 3103 est
2796 3065 2919 3120 qua:
2948 3067 3044 3120 per
3079 3062 3329 3110 naturam
3373 3055 3430 3110 in

1857 3147 2016 3202 nobis
2044 3163 2074 3200 a
2102 3145 2364 3202 Creatore
2405 3145 2761 3200 disseminata
2793 3156 2898 3211 est,
2936 3145 3004 3201 ad
3047 3163 3112 3202 ea
3141 3149 3432 3219 impellens

176 3229 204 3296 ἡ
212 3229 324 3297 μῶν
355 3231 380 3281 ὲ
389 3247 684 3298 γκατασπα
693 3233 815 3301 paid
824 3234 972 3304 παρά
982 3234 1075 3288 τοῦ
1090 3237 1457 3307 Δημιουργοῦ.
1476 3240 1567 3291 ἐπὶ
1584 3240 1650 3294 τά
1674 3243 1749 3312 τῷ

1855 3255 1977 3310 qum
2016 3239 2128 3294 Deo
2159 3238 2334 3294 amica
2369 3247 2517 3294 sunt.
2545 3236 2748 3304 Quarta
2774 3237 2860 3293 lex
2894 3247 2980 3298 est
3011 3242 3223 3310 peccati
3264 3261 3276 3296 :
3316 3242 3430 3298 luce

171 3314 284 3384 Θεῴ
307 3318 441 3386 (pila
471 3320 847 3390 παροτρύνων.
889 3324 947 3376 Ὀ
974 3324 1253 3395 τέταρ··ος,
1289 3326 1317 3378 6
1342 3331 1442 3399 τῆς
1473 3329 1750 3402 ἁμαρτίας

171 3405 346 3474 νόμος.
376 3402 550 3471 Οὗτός
577 3411 723 3461 ἐστιν
744 3413 772 3464 ὁ
794 3412 1254 3485 φιλαμαρτήμων,
1285 3416 1344 3480 ὃς
1370 3417 1459 3473 διά
1490 3420 1590 3490 τῆς
1614 3425 1750 3495 πρὸς

170 3495 225 3548 τὸ
263 3499 437 3552 κακον
465 3500 775 3570 συνηθείας,
817 3504 1215 3577 ἐνεσκίρρωσεν
1267 3510 1401 3579 ἡμῖν
1433 3512 1530 3575 τὰς
1561 3513 1744 3587 ἀμαρ-

171 3590 302 3653 τίας.
341 3592 488 3662 Ὅρα
514 3587 608 3646 οὖν
666 3594 786 3658 πῶς
817 3597 882 3649 έκ
932 3596 1227 3671 διαμέτρου
1262 3602 1525 3668 ἐναντίοις
1582 3624 1735 3678 ’περι⁹

169 3682 558 3750 ιστοιχίσμεθα
606 3685 812 3756 νόμοις.
841 3687 904 3741 Οί
949 3689 1047 3759 μὲν
1074 3689 1183 3762 γὰρ
1219 3692 1332 3758 δύο,
1374 3693 1572 3760 ἔξωθεν
1617 3700 1747 3770 ἡμῖν

170 3771 566 3843 ἑπεισρέουσιν,
605 3775 633 3827 6
659 3776 759 3846 μὲν
803 3778 943 3848 πρὸς
983 3780 1351 3854 ἀγαθοεργίαν
1405 3789 1747 3858 προσκαλού-

173 3881 348 3933 μενος,
386 3865 671 3920 τουτέστιν
713 3871 741 3922 6
784 3870 1172 3940 εύαγγελικὸς,
1214 3877 1241 3928 6
1275 3876 1331 3930 δὲ
1360 3879 1495 3949 πρὸς
1547 3881 1746 3935 κακίαν

169 3957 524 4025 παρακαλῶν,
555 3958 582 4011 6
603 3961 1152 4034 ἀντιστρατευόμενος
1167 3965 1259 4019 τοῦ
1286 3968 1532 4040 Πονηροῦ
1561 3973 1742 4043 νόμος.

170 4049 227 4101 Οί
247 4049 302 4103 δὲ
333 4051 519 4104 λοιποὶ
549 4050 663 4116 δύο,
692 4052 840 4108 ἔνδον
871 4055 978 4109 είσὶ
1018 4057 1112 4110 καὶ
1145 4059 1242 4130 τὴν
1269 4059 1448 4132 ψυχὴν
1489 4063 1740 4134 συνέχου-

171 4158 268 4206 σιν,
295 4145 324 4195 6
361 4143 472 4214 μὲν
519 4143 611 4198 τοῦ
651 4147 962 4220 νοὸς,παρά
999 4149 1093 4203 τοῦ
1120 4153 1464 4224 Δημιουργοῦ
1490 4155 1620 4225 ἡμῖν
1651 4158 1743 4224 εγ-

169 4238 618 4307 κατεσπαρμένος
634 4238 728 4292 καὶ
749 4238 960 4310 ὁδηγῶν
977 4241 1113 4312 πρὸς
1148 4243 1216 4297 τὰ
1255 4244 1559 4314 κρείττονα.
1610 4247 1671 4300 ὐ
1688 4248 1742 4301 δὲ

167 4326 446 4399 τέταρτος,
469 4332 498 4384 6
517 4331 609 4384 καὶ
627 4333 788 4403 νόμος
806 4333 1103 4403 ἁμαρτίας,
1121 4334 1209 4388 διὰ
1225 4334 1324 4407 τὴν
1345 4338 1477 4407 πρὸς
1495 4337 1554 4390 τὸ
1577 4339 1744 4392 κακὸν

169 4420 272 4483 ἕξιν
303 4422 697 4493 ὲνσκιρῤωθεὶς
731 4425 788 4477 έν
810 4425 960 4496 ἡμῖν.
983 4425 1076 4478 Διδ
1097 4427 1336 4498 πρόσχες
1363 4428 1480 4489 πῶς
1501 4429 1744 4500 ἀκριϐῶς

169 4507 300 4564 εἵπε·
330 4531 350 4565 ι
376 4513 577 4566 Βλέπω
589 4513 668 4578 δὲ,
687 4517 874 4585 φησὶν,
916 4516 1104 4588 ἓτερον
1126 4517 1292 4588 νόμον
1329 4521 1743 4591 ἀντιστρατευό-

1851 3339 1936 3386 est
1960 3331 2168 3399 peccati
2188 3329 2442 3398 amatrix,
2473 3345 2594 3400 qua:
2619 3329 2880 3387 ("utarna
2914 3333 2981 3387 ad
3008 3334 3212 3389 malum
3239 3349 3429 3390 assue-

1850 3425 2108 3492 factione,
2159 3437 2384 3497 peccata
2430 3425 2485 3482 in
2532 3426 2694 3482 nobis
2743 3427 3057 3484 obduravit.
3102 3428 3238 3485 Vide
3293 3444 3427 3501 ergo

1849 3519 2126 3590 quomodo
2153 3518 2445 3576 contrariis
2467 3534 2534 3574 ex
2569 3520 2842 3576 diametro
2876 3521 3163 3592 cingamur
3188 3522 3422 3594 legibus.

1849 3611 2134 3682 Siquidem
2163 3612 2285 3668 dua:
2316 3613 2660 3668 extrinsecus
2693 3613 2854 3668 nobis
2883 3612 3226 3670 subinﬂuunt
3257 3634 3270 3670 :
3309 3614 3425 3672 btuc

1849 3705 2070 3775 quidem
2111 3704 2178 3760 ad
2219 3705 2350 3760 boni
2382 3708 2760 3775 operationem
2792 3721 2892 3760 nos
2921 3721 3253 3776 provocans,
3289 3716 3420 3776 puta

1847 3796 2194 3866 evangeliea;
2231 3797 2333 3852 ista
2360 3812 2490 3851 vero
2523 3797 2590 3852 ad
2623 3798 2826 3852 malum
2857 3799 3178 3864 adhortans,
3222 3814 3421 3870 nempe

1848 3901 2159 3956 repugnans
2208 3887 2356 3944 illius
2408 3888 2630 3960 maligni
2674 3890 2780 3944 lex.
2818 3890 3060 3961 Reliqua:
3101 3891 3223 3947 dua“:
3269 3893 3420 3949 intus

1847 3985 1976 4030 sunt
2015 3975 2365 4047 animamque
2407 3978 2694 4033 continent
2725 3996 2738 4034 :
2771 3980 2856 4034 lex
2885 3980 3112 4050 quidem
3157 3983 3358 4038 mentis
3389 4001 3417 4039 a

1844 4065 2109 4122 Creatore
2151 4068 2205 4122 in
2249 4069 2409 4124 nobis
2447 4069 2824 4136 disseminata,
2853 4080 2908 4126 et
2947 4073 3014 4127 ad
3051 4073 3279 4129 meliora
3318 4075 3418 4129 de.-

1847 4156 2072 4214 ducens.
2115 4159 2321 4227 Quarta
2365 4175 2520 4224 vero,
2565 4176 2687 4231 quae
2719 4170 2775 4217 et
2815 4163 2900 4217 lex
2946 4165 3153 4233 peccati
3195 4173 3418 4236 propter

1846 4247 2094 4302 habitum
2128 4247 2194 4302 ad
2242 4249 2446 4304 malum
2494 4249 2550 4305 in
2580 4250 2742 4305 nobis
2777 4250 3063 4307 obdurata.
3096 4253 3304 4309 Idcirco
3335 4265 3418 4310 at-

1847 4340 2008 4396 tende
2030 4350 2233 4410 quanta
2255 4355 2380 4396 cum
2404 4341 2684 4413 diligentia
2712 4342 2913 4398 dixerit
2943 4361 2956 4398 :
3000 4363 3017 4393 ι
3055 4345 3227 4400 Video
3253 4346 3420 4418 298

1845 4433 2008 4487 aliam
2035 4432 2208 4504 legem
2228 4441 2625 4504 repugnantem
2655 4434 2758 4505 legi
2785 4435 2984 4491 mentis
3009 4451 3164 4493 meae.
3201 4457 3220 4490 ι
3255 4439 3417 4504 Huic,

1847 4521 2094 4592 inquam,
2139 4523 2207 4576 ad
2243 4521 2474 4578 honesta
2506 4523 2703 4580 insitae.
2738 4545 2755 4576 ι
2796 4525 2865 4581 Et
2891 4529 3168 4597 captivum
3195 4544 3281 4585 me
3311 4531 3417 4584 du-

171 4619 321 4670 μενον
349 4605 433 4677 τῷ
457 4605 611 4675 νόμῳ
636 4605 728 4660 τοῦ
755 4607 872 4670 νοός
892 4625 1016 4676 μου,
1041 4633 1059 4659 ι
1099 4608 1272 4681 τούτῳ
1297 4609 1361 4680 δὴ
1391 4611 1468 4680 τῷ
1512 4612 1738 4684 ὲμφύτῳ

1855 4621 2063 4666 centem
2107 4612 2225 4682 lege
2269 4614 2502 4682 peccati,
2533 4631 2657 4684 quae
2685 4625 2770 4671 est
2801 4617 2856 4671 in
2901 4618 3164 4675 membris
3196 4622 3352 4676 meis.
3392 4644 3410 4674 ›

169 4696 296 4764 πρὶς
317 4698 385 4749 τὰ
424 4695 590 4756 καλὰ,
619 4715 637 4746 ι
664 4697 757 4749 καὶ
779 4697 1254 4767 αἰχμαλωτίζοντά
1273 4719 1338 4773 με
1363 4704 1442 4775 τῷ
1463 4705 1614 4773 νόμῳ
1645 4708 1742 4776 τῆς

167 4789 458 4856 ἀμαρτῐας,
489 4785 566 4857 τῷ
598 4786 711 4840 δντι
743 4790 800 4841 ὲν
831 4792 944 4852 τοῖς
982 4790 1171 4860 μέλεσί
1231 4810 1353 4864 μου.
1385 4813 1404 4846 ι
1449 4795 1536 4858 Ὠς
1563 4797 1612 4848 εί
1633 4797 1745 4848 ἔλε-

169 4896 269 4945 γεν·
316 4878 569 4944 Ἰίξωθεν
600 4879 863 4934 είσπνέων
905 4884 1169 4950 συτκινεῖ,
1205 4885 1297 4938 καὶ
1325 4884 1560 4957 ὲρεθίζει
1606 4889 1745 4941 πάν-

167 4991 224 5025 τα
261 4977 351 5025 τ’ν
385 4971 595 5042 ὲνὲμοὶ
623 4973 990 5044 ἀποκείμενον
1019 4976 1295 5046 κονιορτὸν
1327 4979 1420 5032 καὶ
1455 4977 1738 5050 βόρϐορον,

166 5066 218 5117 ὃν
253 5068 285 5136 ή
309 5067 450 5136 πρὸς
469 5066 749 5136 ἁμαρτίαν
776 5085 866 5138 μοι
893 5068 1006 5134 ἕξις
1034 5071 1363 5126 ένεσπίλωσε
1397 5075 1491 5127 καὶ
1515 5075 1741 5128 ἐνέκαυ-

170 5174 267 5210 σεν.
299 5190 362 5199 -ο
397 5160 509 5213 Καὶ
548 5158 769 5225 ἄλλως.
809 5160 971 5232 Τρεῖς
1003 5164 1108 5216 εἱσι
1158 5165 1334 5235 νόμοι.
1378 5164 1439 5219 '0
1473 5168 1738 5236 γραπτὺς.

167 5249 218 5302 ὃν
241 5253 404 5316 νόμον
441 5251 592 5317 λέγει
618 5250 754 5304 Θεοῦ
775 5267 788 5281 ⁸
817 5253 1068 5326 δεύτερος
1114 5258 1142 5310 ὁ
1181 5256 1444 5326 ἔμφυτος,
1478 5257 1538 5312 ὃν
1593 5258 1740 5326 λέγει

175 5344 317 5413 νόμον
351 5346 503 5408 νοός·
543 5347 746 5414 τρίτος,
787 5348 816 5400 6
843 5347 930 5400 διὰ
957 5348 1055 5416 τῆς
1099 5347 1372 5419 ἁμαρτίας
1408 5349 1466 5402 ὲν
1498 5351 1611 5412 τοῖς
1642 5350 1740 5418 μέ-

170 5439 302 5489 λεσιν
343 5438 512 5507 ἡμῶν
579 5437 805 5506 ἰσχύσας
837 5478 853 5502 ,
911 5437 970 5491 ὃν
1019 5439 1112 5491 καὶ
1185 5440 1742 5510 ἀντιστρατευόμενον

168 5526 323 5594 λέγει,
349 5531 447 5581 καὶ
472 5529 531 5580 ἓν
562 5531 674 5588 τοῖς
713 5528 930 5598 μέλεσιν
967 5530 1110 5600 ἔχειν
1139 5530 1238 5600 τὴν
1275 5531 1428 5599 ἰσχὺν
1455 5529 1550 5583 τοῦ
1592 5531 1741 5584 ἀντιη

174 5619 582 5688 ττρατεύεσοαι.
643 5619 904 5689 Νόμονδὲ
963 5620 1159 5686 τοῦτον,
1207 5621 1294 5684 ὡς,
1341 5619 1617 5690 ἰσχύοντα,
1649 5623 1741 5674 καὶ

172 5711 346 5780 ἔχοντα
374 5713 509 5774 τοὺς
546 5712 902 5780 πειθομένους
962 5713 1314 5783 αύτῷφητιν.
1354 5709 1486 5766 Εἶτα
1527 5710 1682 5774 οὗτος
1716 5717 1742 5765 ὁ

172 5803 339 5870 vius;
382 5804 578 5876 φησὶν,
607 5810 633 5857 ο
663 5805 769 5856 ἀπὸ
814 5806 913 5874 τῆς
955 5805 1227 5875 ἁμαρτίας
1263 5809 1320 5858 έν
1359 5807 1468 5868 τοῖς
1523 5806 1739 5875 μέλεσιν

173 5896 314 5960 ᾗξέὦδ
346 5897 708 5962 ζττειςελοὼν,
737 5900 762 5949 6-
797 5899 1368 5968 ἀντιπρατειιὸςιενος,
1406 5901 1732 5970 αδκειαὶωτῖν

1849 4705 1927 4757 Ac
1952 4705 1998 4758 si
2025 4704 2236 4760 diceret
2275 4721 2288 4758 :
2325 4705 2684 4762 Extrinsecus
2708 4708 2984 4779 inspirans
3007 4722 3336 4778 commovet,
3363 4723 3419 4770 et

1849 4792 2025 4848 irritat
2056 4808 2273 4847 omnem
2298 4794 2599 4863 repositum
2633 4795 2688 4850 in
2723 4813 2810 4853 me
2845 4798 3126 4868 pulverem
3155 4816 3217 4855 ac
3240 4802 3416 4858 lutum

1847 4901 1957 4956 quo
1987 4886 2208 4940 habitus
2237 4887 2304 4942 ad
2337 4896 2623 4956 peccatum
2647 4903 2733 4942 me
2760 4888 3154 4945 contaminavit
3184 4902 3235 4946 et
3270 4893 3420 4950 inus-

1847 4979 1935 5033 sit.
1959 5008 2028 5019 --
2058 4979 2175 5034 Alio
2215 4996 2418 5050 quoque
2444 4979 2612 5032 modo.
2662 4979 2798 5033 Tres
2821 4987 2949 5033 sunt
2981 4980 3164 5051 leges:
3214 4985 3417 5053 scripta

1845 5084 2008 5138 quam
2046 5069 2140 5123 Dei
2171 5070 2345 5139 legem
2379 5069 2548 5134 dicit;
2575 5069 2818 5123 secunda
2853 5069 3038 5134 insita,
3066 5087 3228 5140 quam
3261 5086 3418 5128 vocat

1845 5160 2018 5231 legem
2074 5162 2309 5226 mentis;
2353 5160 2511 5214 tertia
2545 5175 2668 5230 quze
2716 5176 2816 5229 per
2849 5169 3131 5230 peccatum
3169 5163 3319 5219 vires
3362 5165 3416 5219 iu

1847 5253 2113 5306 membris
2137 5253 2342 5307 nostris
2371 5251 2606 5320 accepit,
2643 5267 2806 5320 quam
2839 5251 2973 5306 dicit
2997 5267 3419 5323 repugnantem,

1845 5353 1900 5396 et
1957 5342 2010 5395 in
2066 5342 2325 5395 membris
2378 5343 2582 5396 nostris
2632 5341 2739 5394 vim
2785 5341 2991 5396 habere
3026 5344 3415 5412 repugnandi.-

1848 5434 1987 5489 ltanc
2025 5443 2208 5487 autem
2248 5433 2384 5485 dicit
2422 5433 2595 5502 legem
2641 5448 2708 5485 eo
2749 5432 2898 5500 quod
2935 5433 3091 5486 fortis
3126 5433 3197 5487 sit
3233 5445 3288 5488 et
3320 5435 3418 5488 ha-

1846 5528 1972 5582 beat
2001 5529 2094 5597 qui
2132 5525 2234 5580 sibi
2271 5534 2518 5596 pareant.
2549 5524 2797 5592 Denique
2848 5524 2983 5588 lucc,
3029 5525 3228 5593 inquit,
3267 5526 3356 5579 lex
3388 5542 3417 5579 a

1846 5629 2070 5689 peccato
2112 5620 2164 5672 in
2209 5617 2450 5672 membra
2502 5627 2688 5670 nostra
2743 5617 3006 5684 ingressa,
3060 5616 3419 5686 repugnando

1845 5711 1998 5766 ducit
2030 5727 2114 5765 mc
2144 5710 2441 5780 captivum.
2482 5707 2587 5763 Sed
2624 5707 2934 5777 quomodo?
2979 5707 3263 5776 Siquidem
3289 5707 3418 5777 quia

1849 5804 2266 5874 repugnantiam
2292 5802 2452 5865 dixit,
2487 5816 2556 5855 ne
2579 5799 2862 5855 existimes
2892 5799 3039 5868 quod
3074 5799 3221 5870 justc
3243 5799 3420 5869 capti--

1849 5915 1973 5950 \um
2018 5897 2168 5950 (lui-it
2199 5906 2253 5951 et
2294 5895 2410 5964 lege
2459 5894 2607 5958 belli,
2661 5891 2938 5962 subjungit
2970 5901 3024 5947 et
3060 5892 3131 5946 ait
3169 5915 3176 5944 :
3231 5911 3249 5943 ι
3277 5890 3420 5960 Lege
