4196 6468
812 408 916 475 48⁸⁷

1896 398 2289 460 MMENII
2332 396 2621 457 TIUCCJ!
2660 395 3000 456 EPISCOPI

3952 395 4064 461 488

816 520 958 571 ritus
1000 514 1221 569 auxilio.
1270 511 1535 567 Similiter
1581 519 1761 590 autem
1802 520 1856 564 et
1898 509 2136 578 Spiritus
2173 509 2248 561 tui
2286 522 2381 559 cu-

2500 505 2760 574 Βοηθείας.
2822 502 3384 576 [ΟΙΚΟΥΜΕΝΙΟΥ.]
3428 505 3701 571 Ὡσαύτως
3757 507 3814 561 δὲ
3850 512 3943 561 καὶ
4002 511 4066 562 τὸ

817 626 928 662 l‘illll
964 608 1207 665 habebit.
1242 605 1511 674 spirituali
1540 604 1790 657 videlicet
1820 601 1983 655 dnuo.
2019 621 2035 649 ι
2063 602 2174 654 Hoc
2202 603 2379 669 ipsum

815 700 963 771 quod
986 700 1196 756 oraturi
1221 699 1415 752 simus.
1438 715 1456 747 ι
1488 697 1552 751 Et
1580 695 1712 765 qttid
1744 695 1890 757 dico,
1922 695 2119 762 inquit,
2144 693 2290 761 quod
2313 692 2382 747 ad

814 792 1119 847 tolerantiae
1147 791 1520 861 operationem
1566 788 1741 843 sancti
1786 786 2024 855 Spiritus
2053 785 2257 840 auxilio
2287 800 2385 839 no-

815 884 901 937 bis
930 898 1071 953 npus
1104 882 1217 937 sit?
1249 881 1426 938 Etiam
1458 881 1511 934 in
1544 881 1629 933 liis
1664 894 1786 948 qua:
1828 877 2146 932 facilitatem
2179 876 2384 931 habere

812 974 1089 1037 videntur,
1118 972 1287 1027 veluti
1319 972 1373 1026 iu
1406 972 1680 1033 oratione,
1710 969 1852 1023 idem
1884 968 2045 1025 nobis
2075 967 2381 1037 contingit:

813 1060 1090 1117 Interdum
1111 1062 1261 1117 enim
1285 1060 1487 1116 accidit
1511 1070 1571 1113 ut
1595 1059 1811 1113 inutilia
1834 1059 2194 1129 postulamus.
2223 1075 2242 1107 ι
2265 1056 2384 1112 Non

815 1150 1088 1205 novimus.
1112 1168 1131 1201 ι
1155 1149 1333 1204 Etiam
1359 1147 1600 1219 seipsum
1626 1147 1923 1201 immiscuit
1944 1162 2011 1200 ne
2031 1161 2213 1201 sermo
2233 1145 2388 1199 odio-

812 1254 908 1295 sus
936 1239 1209 1294 videatur.
1250 1256 1268 1289 ι
1296 1238 1405 1293 Sed
1440 1239 1559 1308 ipse
1585 1237 1826 1307 Spiritus
1864 1235 2173 1291 intercedit.
2203 1254 2221 1287 ι
2243 1235 2384 1289 Olim

812 1333 962 1387 varia
996 1332 1142 1385 dona
1175 1332 1313 1385 varii
1356 1329 1720 1398 accipiebant,
1759 1327 2080 1399 prophetiae,
2112 1326 2381 1397 interpre--

813 1423 1059 1486 talionis,
1088 1422 1398 1492 linguarum
1436 1438 1450 1475 :
1486 1436 1607 1488 qua:
1639 1419 1821 1474 omnia
1856 1418 2111 1487 spiritum
2144 1418 2385 1490 appella-

812 1513 966 1575 bant,
998 1522 1253 1581 tanquam
1284 1526 1313 1564 a
1341 1509 1549 1579 Spiritu
1580 1509 1799 1565 donata.
1830 1508 2093 1563 Similiter
2116 1518 2299 1564 autem
2330 1517 2386 1561 et

814 1604 1071 1674 precandi
1114 1603 1321 1657 donum
1362 1602 1583 1672 quidam
1635 1602 1998 1673 accipiebant.
2059 1599 2194 1656 Cum
2236 1600 2383 1653 enim

815 1697 1093 1766 ignoraret
1120 1696 1316 1765 vulgus
1338 1694 1468 1765 quid
1500 1694 1632 1750 utile
1655 1703 1820 1757 esset,
1856 1692 2089 1760 ideoque
2120 1708 2227 1745 non
2262 1707 2385 1745 raro

816 1788 1030 1840 inutilia
1091 1787 1411 1855 postularet,
1471 1783 1815 1856 accipiebant
1876 1783 2123 1837 nonnulli
2179 1783 2382 1836 donum

2488 597 2709 663 Πνεῦμα
2735 596 3011 665 φροντίσει
3034 612 3149 656 σου,
3171 598 3289 664 ἤτοι
3318 596 3377 647 τὸ
3395 596 3762 666 πνευματικὸν
3788 599 4062 669 χάρισμα.

2490 704 2508 737 ι
2537 687 2611 739 Τὸ
2644 690 2752 756 γάρ
2786 688 2837 739 τί
2877 686 3289 757 προσευξόμεθα
3343 688 3478 741 καθὸ
3495 690 3594 742 δεῖ.
3625 710 3644 741 s
3672 691 3782 743 Καὶ
3802 690 3853 742 τί
3887 690 4061 757 λέγω,

2486 780 2650 847 φησιν
2682 820 2697 844 ,
2756 780 2838 835 ὅτι
2889 778 3025 848 πρὸς
3073 778 3413 848 κατόρθωσιν
3470 779 3768 849 ὑπομονῆς,
3824 778 4064 849 δεόμεθα

2486 869 2826 937 ἀντιλήψεως
2880 869 3031 940 παρά
3086 870 3188 920 τοῦ
3239 867 3396 936 ἁγίου
3457 868 3802 938 Πνεύματος;
3848 871 3956 923 Καὶ
4004 871 4069 922 ἐν

2484 965 2598 1025 τοῖς
2646 962 2889 1025 δοκοῦσι,
2953 962 3152 1031 φησὶν,
3196 961 3503 1030 εὐχερέσιν,
3565 955 3677 1019 οἷον
3709 964 3766 1013 ὲν
3800 965 3865 1031 τῇ
3901 963 4063 1032 εὐχῇ,

2486 1055 2644 1113 τοῦτο
2677 1053 2979 1124 πάσχομεν.
3016 1053 3173 1108 Ἐστι
3194 1052 3304 1122 γὰρ
3326 1053 3412 1109 ὅτε
3438 1054 3731 1123 ἀσύμφορα
3775 1055 4062 1124 αιτοῦμεν.

2492 1165 2511 1198 ι
2548 1146 2662 1199 Οὐκ
2692 1146 2935 1216 οἴδαμεν.
2974 1164 2993 1198 ι
3022 1146 3129 1199 Καὶ
3163 1144 3357 1200 ἑαυτὸν
3388 1144 3599 1213 ἔμιξεν,
3629 1146 3715 1200 ἴνα
3752 1144 3826 1215 μὴ
3858 1147 4065 1216 εὑρεθῇ

2486 1239 2749 1307 ἐπαχθής.
2816 1258 2835 1289 ι
2879 1237 3023 1290 Ἀλλῖ
3065 1237 3199 1292 αὐτὸ
3242 1235 3305 1288 τὸ
3362 1235 3585 1307 Πνεῦμα
3632 1255 3649 1287 ι
3696 1234 3770 1288 Τὸ
3808 1238 4067 1303 παλαιὸν,

2486 1331 2804 1402 χαρίσματα
2842 1330 3076 1400 διάφορα
3106 1327 3291 1384 πολλοὶ
3317 1327 3646 1397 ὲλάμδανον,
3687 1332 4063 1399 προφητειῶν.

2487 1421 2816 1491 ἐρμηνειῶν,
2874 1420 3158 1491 γλωσσῶν.
3192 1419 3371 1489 "Amp
3395 1420 3572 1476 πάντα
3609 1421 3894 1488 πνεύματα
3928 1422 4068 1473 ἑκά-

2488 1514 2632 1577 λουν,
2668 1515 2743 1577 ὡς
2787 1515 2895 1567 άπὸ
2943 1513 3259 1583 Πνεῦματος
3302 1511 3575 1581 διδόμενα.
3642 1514 3753 1567 Καὶ
3810 1514 3978 1583 εὐχῆς
4005 1514 4067 1566 δὲ

2487 1606 2733 1675 χάρισμα
2789 1603 3099 1673 ὲλάμὸανόν
3145 1619 3310 1663 τινες.
3348 1603 3566 1673 Ἐπειδὴ
3610 1605 3719 1675 γάρ
3752 1604 3981 1672 ἀγνοοῦν
4003 1606 4069 1657 τὸ

2489 1698 2691 1766 πλῆθος
2752 1700 2811 1749 τὸ
2852 1698 3174 1766 συμφέρον,
3225 1695 3345 1767 ᾔτει
3408 1696 3670 1760 πολλάκις
3729 1699 4065 1767 ἀσύμφορα,

2488 1789 2797 1858 ἐλάμϐανον
2850 1804 2993 1850 τινες
3046 1787 3293 1858 χάρισμα
3341 1787 3530 1858 εὐχῆς,
3564 1788 3658 1841 καὶ
3690 1788 3830 1859 ὑπὲρ
3860 1791 4067 1851 παντὸς

822 1875 1176 1943 precationis,
1208 1884 1266 1927 et
1296 1889 1394 1944 pro
1434 1874 1692 1926 universo
1731 1872 1930 1941 populo
1970 1871 2338 1941 precabantur
2370 1888 2383 1924 :

2500 1882 2583 1935 τοῦ
2636 1881 2767 1933 λαοῦ
2815 1879 3067 1951 ηὔχοντο,
3103 1879 3240 1950 ὅπερ
3269 1880 3362 1931 καὶ
3396 1879 3528 1932 αὐτὸ
3560 1881 3782 1950 Πνεῦμα
3821 1881 4065 1948 ἐλέγετο.

814 1964 959 2032 quod
992 1964 1196 2019 donum
1236 1965 1400 2019 etiam
1448 1963 1700 2033 spiritum
1750 1962 2116 2032 appellabant.
2159 1960 2273 2015 Hoc
2301 1970 2386 2015 est

815 2070 948 2125 ergo
994 2055 1141 2127 quod
1196 2055 1327 2109 dicit
1376 2072 1388 2107 :
1436 2055 1553 2127 Ipsa
1603 2070 1821 2123 quoque
1885 2055 2143 2123 precandi
2213 2054 2387 2124 gratia

815 2163 918 2218 pro
942 2147 1102 2202 nobis
1130 2147 1271 2219 apud
1309 2148 1478 2201 Deum
1512 2145 1806 2200 intercedit
1838 2145 2132 2215 gemitibus
2166 2145 2387 2199 inenar-

815 2240 1105 2294 rabilibus.
1135 2240 1193 2294 ld
1228 2247 1411 2294 autem
1453 2237 1610 2299 dixit,
1654 2238 1980 2291 continuare
2020 2238 2210 2289 volens
2241 2236 2386 2305 quod

817 2331 1134 2399 ignoremus
1155 2344 1390 2400 quonam
1421 2328 1582 2381 modo
1606 2342 1766 2381 orare
1797 2336 2072 2396 oporteat.
2100 2325 2208 2379 Nisi
2237 2329 2386 2380 enim

818 2421 923 2475 hoc
962 2428 1128 2484 esset,
1168 2420 1366 2489 inquit,
1397 2420 1526 2489 quid
1556 2432 1781 2474 necesse
1820 2418 1963 2472 foret
1996 2419 2263 2487 quosdam
2300 2434 2390 2473 ac-

816 2513 1001 2583 cipere
1024 2512 1231 2567 donum
1263 2511 1526 2580 precandi
1560 2526 1660 2580 pro
1688 2510 1933 2580 populo?
1963 2509 2073 2563 lloc
2105 2526 2251 2566 nunc
2277 2509 2393 2563 dia-

816 2619 993 2659 conus
1018 2604 1380 2675 supplicando
1406 2605 1665 2673 complet.
1708 2603 1827 2657 Non
1863 2602 1998 2656 dixit
2033 2611 2215 2660 autem
2250 2617 2389 2671 quo-

820 2710 1038 2765 cunque
1087 2695 1250 2749 modo
1299 2695 1639 2764 ἐντυγχάνει,
1673 2692 1727 2747 id
1772 2702 1878 2755 est,
1929 2692 2241 2755 intercedit,
2295 2692 2392 2750 sed

820 2788 1283 2857 ὑπερεντυγχάνει
1319 2802 1415 2855 per
1449 2785 1835 2855 compositum,
1888 2784 2202 2855 signiﬁcans
2230 2783 2394 2837 vehe-

821 2888 1061 2933 mentem
1108 2893 1414 2949 magnoque
1452 2877 1637 2931 studio
1672 2875 1871 2933 tactam
1913 2874 2391 2947 supplicationem.

828 2991 847 3024 ι
873 2971 978 3037 Qui
1010 2981 1193 3025 autem
1224 2979 1499 3024 scrutatur
1513 2968 1701 3024 corda.
1728 2986 1747 3022 ι
1784 2967 1903 3037 Ipse
1924 2966 2259 3029 Paracietus,
2298 2963 2392 3033 qui

820 3062 1193 3134 spiritualium
1224 3062 1509 3119 hominum
1543 3059 1711 3118 corda
1739 3059 2054 3127 investigat,
2085 3072 2277 3113 eorum
2306 3057 2397 3111 vi-

822 3154 1044 3219 delicet,
1076 3152 1169 3223 qui
1207 3150 1467 3223 precandi
1507 3150 1738 3222 gratiam
1773 3165 1839 3209 ac
1876 3149 2130 3219 spiritum
2164 3163 2396 3219 accepe-

2488 1972 2657 2025 Τοῦτο
2683 1969 2776 2027 οὖν
2805 1974 2978 2041 λέγει,
3019 1972 3100 2025 ὅτι
3133 1972 3226 2026 καί
3267 1972 3405 2043 αὐτὴ
3433 1972 3465 2042 ή
3497 1974 3658 2042 χάρις
3712 1975 3808 2042 τῆς
3873 1973 4069 2042 εὐχῆς,

2491 2066 2632 2135 ὑπὲρ
2702 2065 2857 2140 ἡμῶν
2913 2065 2989 2133 τῷ
3015 2065 3137 2135 Θεῷ
3178 2065 3495 2135 ἐντυγχάνει
3545 2067 3833 2136 μεγίστοις
3887 2084 4077 2119 στενας

2489 2161 2673 2227 γμοῖς.
2724 2158 2897 2212 Τοῦτο
2946 2157 3003 2211 δὲ
3056 2153 3231 2222 εἶπεν,
3286 2159 3553 2228 συστῆσαι
3608 2158 3931 2229 βουλόμενος
3981 2161 4072 2215 ὅτι

2490 2250 2794 2319 ἀγνοοῦμεν
2854 2249 2989 2303 καθὸ
3073 2250 3156 2301 δεῖ
3217 2249 3648 2319 προσεύξασθαι.
3712 2250 3773 2303 Εἰ
3830 2250 3939 2321 γάρ
3992 2250 4077 2321 μὴ

2490 2342 2669 2405 τοῦτο,
2716 2342 2903 2413 φησὶν,
2937 2336 3026 2411 ἦν,
3073 2340 3156 2403 τίς
3206 2342 3368 2411 χρεία
3403 2340 3586 2394 λαϐεῖν
3632 2358 3783 2404 τινας
3815 2342 4077 2413 χάρισμα

2493 2436 2571 2492 εἰς
2591 2434 2651 2485 τὸ
2677 2432 2931 2501 εὔχεσθαι
2995 2432 3138 2500 ὑπὲρ
3169 2432 3263 2484 τοῦ
3291 2430 3421 2484 λαοῦ
3447 2450 3461 2498 ;
3499 2431 3674 2485 Τοῦτο
3698 2432 3755 2485 δὲ
3789 2432 3884 2484 νῦν
3904 2434 4078 2485 aeta.

2493 2546 2647 2588 mw;
2673 2528 2873 2594 πληροῖ
2928 2526 3249 2578 λιτανεύων.
3277 2525 3393 2579 Οὐκ
3425 2522 3544 2578 εἷπε
3575 2524 3632 2577 δὲ
3687 2524 4075 2593 ἐντυγχάνει,

2494 2616 2611 2669 ἀλλ’
2638 2614 3170 2683 ὑπερεντυγχάνει,
3202 2615 3301 2684 τὴν
3328 2613 3581 2668 σύντονον
3606 2614 3699 2667 καὶ
3755 2631 4080 2669 κατεσπουο

2494 2707 2767 2777 δασμένην
2821 2706 2993 2774 δηλῶν
3046 2705 3316 2768 ἔντευξιν.
3379 2724 3398 2756 ι
3472 2704 3531 2757 Ὀ
3593 2706 3649 2760 δὲ
3686 2706 3925 2774 ἐρευνῶν
3972 2707 4084 2768 τάς

2500 2798 2728 2869 καρδίας
2781 2818 2799 2849 ι
2831 2798 2999 2860 Αὐτὸς
3027 2799 3056 2850 ὁ
3083 2795 3465 2867 Παράκλητος,
3504 2797 3532 2847 ὀ
3558 2796 3659 2860 τὰς
3690 2796 3917 2867 καρδίας
3958 2797 4085 2850 τῶν

2497 2888 2888 2955 πνευματικῶν
2950 2887 3254 2957 ἀνθρώπων
3305 2886 3631 2957 ἀνερευνῶν,
3696 2887 3805 2939 τῶν
3846 2888 3948 2954 τὴν
3976 2889 4086 2958 χά..

2499 2996 2585 3047 ριν
2611 2976 2812 3048 δηλαδὴ
2857 2979 3032 3034 καὶτὸ
3067 2977 3285 3046 πνεῦμα
3333 2976 3428 3030 τοῦ
3469 2977 3727 3049 εὔχεσθαι
3772 2978 4081 3033 λαϐόντων.

2504 3087 2522 3119 ι
2550 3068 2614 3121 Τί
2634 3070 2695 3122 τὸ
2725 3069 2980 3139 φρόνημα
2996 3068 3091 3122 τοῦ
3120 3067 3454 3137 Πνεύματος.
3484 3086 3503 3120 ι
3538 3069 3659 3122 Τῶν
3688 3072 4087 3139 πνευματικῶν

2502 3159 2826 3228 ἀνθρώπιον,
2867 3161 2977 3218 τῶν
3008 3159 3069 3213 τὸ
3095 3160 3385 3232 εἰρημένον
3439 3161 3539 3231 τῆς
3588 3163 3754 3232 εὐχῆς
3798 3162 4087 3218 λαϐόντων

827 3252 975 3298 runt.
1014 3263 1033 3293 ι
1066 3243 1228 3297 Novit
1256 3241 1380 3311 quis
1409 3241 1480 3295 sit
1509 3255 1704 3295 sensus
1731 3239 1975 3308 spiritus.
2008 3257 2026 3289 ι
2060 3238 2116 3292 ld
2144 3247 2248 3299 est.
2279 3238 2394 3307 spic

2503 3251 2723 3321 πνεῦμα
2750 3254 2845 3306 καὶ
2895 3229 3163 3325 χάρισμα.
3207 3229 3341 3307 ⁷Οἵδε
3371 3255 3432 3307 τὸ
3478 3229 3735 3326 φρόνημα
3761 3258 3929 3325 ἤγουν
3977 3259 4089 3330 τὴν

826 3336 1105 3390 ritualium
1137 3334 1446 3397 hominum,
1474 3331 1566 3401 qui
1604 3330 1809 3385 dictum
1844 3329 2101 3403 precandi
2138 3329 2393 3399 spiritum

825 3435 1182 3496 acceperunt.
1240 3424 1402 3479 Novit
1453 3438 1675 3479 sensum
1739 3423 1855 3477 sive
1920 3422 2394 3492 supplicationem.

825 3518 986 3589 313
1018 3537 1035 3569 ι
1066 3518 1334 3584 Quoniam
1363 3517 1664 3572 secundum
1690 3517 1860 3573 Deum
1892 3516 2201 3571 intercedit.
2229 3535 2247 3567 ι
2278 3515 2398 3570 Non

826 3610 1049 3675 docent,
1099 3609 1301 3679 inquit,
1351 3610 1446 3678 qui
1490 3609 1801 3680 spirituales
1853 3618 1983 3664 sunt
2032 3608 2203 3663 Deum
2242 3606 2400 3676 quasi

827 3705 1189 3773 ignorantem,
1240 3703 1392 3755 novit
1437 3702 1585 3756 enim
1636 3702 1971 3756 Paraclctus.
2022 3722 2041 3751 ι
2086 3701 2399 3755 Secundum

829 3794 996 3848 Deum
1047 3791 1358 3848 intercedit.
1394 3810 1413 3842 ι
1459 3791 1579 3845 Non
1624 3790 1927 3847 secundum
1969 3791 2206 3860 aliquam
2244 3791 2400 3848 noci-

828 3900 949 3939 vam
993 3886 1519 3954 concupiscentiam,
1562 3883 1656 3937 sed
1706 3883 2011 3942 secundum
2056 3883 2250 3948 Deum,
2296 3882 2403 3937 hoc

827 3986 933 4043 cst,
975 3978 1069 4031 Dei
1106 3977 1469 4032 voluntatem.
1514 3994 1532 4026 ι
1575 3973 1680 4031 Pro
1714 3974 1937 4029 sanctis.
1975 3992 1994 4026 ο
2044 3973 2159 4030 Hoc
2189 3981 2294 4039 est,
2336 3973 2405 4028 iis

828 4070 922 4140 qui
960 4085 1060 4139 per
1094 4069 1468 4139 precationem
1521 4066 1956 4128 sanctiﬁcantur.
1988 4066 2075 4119 vel
2126 4066 2256 4135 quia
2304 4080 2404 4133 pro

829 4162 985 4232 puris
1010 4162 1232 4231 Deoque
1258 4160 1604 4230 placentibus
1631 4158 1891 4227 operibus
1917 4157 2211 4229 petitiones
2236 4157 2365 4218 facit
2388 4176 2402 4216 :

827 4254 915 4308 vel
948 4268 1049 4322 pro
1080 4253 1400 4306 hominibus
1427 4252 1771 4306 sanctitatem
1798 4248 2265 4305 desiderantibus.

905 4344 1044 4407 VIII,
1080 4342 1269 4397 28-50.
1298 4341 1503 4397 Scimus
1528 4354 1701 4394 autem
1726 4342 1850 4410 quia
1870 4339 2202 4409 diligentibus
2239 4339 2406 4394 Deum

833 4438 1010 4491 omnia
1036 4445 1390 4503 cooperantur
1415 4435 1484 4487 ad
1511 4435 1704 4486 bonum
1725 4431 1802 4485 his
1841 4432 1931 4500 qui
1965 4431 2252 4485 secundum
2284 4448 2408 4501 pro-

2500 3343 2779 3414 ἐντυχίαν.
2841 3362 2859 3395 ι
2903 3344 3029 3398 Ὀτι
3095 3344 3237 3397 κατά
3284 3344 3419 3397 Θεὸν
3486 3346 3825 3414 ἐντυγχάνει.
3881 3365 3901 3396 ι
3961 3348 4088 3401 Οὐκ

2500 3435 2824 3504 ἀγνοοῦντα,
2884 3438 3040 3506 φησὶ,
3102 3415 3448 3490 διδάσκουσιν
3502 3437 3551 3489 οἱ
3582 3441 3947 3508 πνευματικοὶ
3987 3443 4089 3493 τὸν

2501 3528 2657 3592 Θεὸν,
2699 3527 2813 3581 ἀλλ’
2853 3523 2993 3580 οἶδεν
3036 3525 3064 3577 ὁ
3094 3526 3469 3598 Παράκλητος.
3514 3546 3532 3579 ι
3572 3529 3692 3581 ὀτι
3752 3533 3893 3582 κατά
3944 3532 4091 3584 Θεὸν

2504 3619 2842 3691 ἐντυγχάνει.
2874 3637 2893 3669 ι
2955 3618 3030 3671 Οὐ
3062 3619 3201 3671 κατά
3254 3635 3375 3672 τινα
3439 3618 3706 3688 βλαϐεράν
3751 3619 4086 3689 ἐπιθυμίαν,

2502 3711 2638 3765 ἀλλά
2691 3709 2835 3764 κατά
2895 3708 3105 3774 Θεὸν,ὃ
3135 3710 3275 3774 ἐστι,
3328 3709 3473 3763 κατὰ
3528 3710 3629 3779 τὴν
3681 3709 3939 3779 βούλησιν
3985 3714 4089 3763 τοῦ

2504 3803 2661 3858 Θεοῦ.
2700 3822 2719 3855 ι
2758 3804 2929 3873 ’Υπὲρ
2982 3804 3176 3872 ἀγίων.
3204 3822 3224 3855 ι
3260 3803 3381 3856 Τῶν
3432 3802 3521 3856 διὰ
3564 3805 3665 3874 τῆς
3712 3803 3882 3872 εὐχῆς
3923 3806 4092 3871 άγια-

2506 3890 2772 3961 ζομὲνων.
2812 3891 2884 3943 Ἦ
2952 3890 3038 3947 ὅτι
3099 3889 3240 3958 ὑπὲρ
3297 3888 3557 3959 καθαρῶν
3611 3887 3706 3940 καὶ
3767 3888 4092 3957 θεαρέστων

2507 3982 2684 4051 ἔργων
2722 3981 2819 4043 τάς
2854 3980 3104 4050 αἰτήσεις
3147 3980 3462 4053 ποιεῖται,ἢ
3496 3978 3636 4048 ὑπὲρ
3659 3977 3971 4052 ἀνθρώπων
3994 3980 4094 4039 τὸν

2510 4076 2577 4145 ἀγ
2588 4074 2786 4147 ιασμδν
2810 4073 3241 4131 ἐπιποθούντων.

2576 4337 2837 4407 Οἷδαμεν
2868 4336 2936 4390 δὲ
2966 4337 3056 4392 ὅτι
3086 4335 3209 4400 τοῖς
3242 4335 3515 4405 ἀγαπῶσι
3546 4338 3656 4390 τὸν
3690 4337 3860 4399 Θεὸν.
3890 4340 4101 4396 πάντα

2512 4429 2797 4499 συνεργεῖ
2823 4432 2911 4494 εἰς
2946 4430 3188 4497 ἀγαθὸν,
3229 4428 3353 4495 τοῖς
3402 4430 3552 4482 κατὰ
3595 4432 3886 4497 πρόθεσιν
3949 4435 4102 4501 κλη-

832 4532 1059 4599 positum
1087 4528 1259 4582 vocati
1290 4536 1434 4579 sunt.
1468 4523 1734 4589 Quoniam
1762 4538 1889 4592 quos
1916 4524 2200 4590 pra'scivit,
2240 4525 2402 4576 etiam

2513 4523 2639 4589 τοῖς
2666 4519 2869 4578 οὖσιν·
2902 4523 2992 4577 ὅτι
3021 4523 3129 4589 οὓς
3156 4524 3447 4592 προέγνω,
3487 4526 3582 4577 καὶ
3611 4526 3912 4592 προώρισε
3938 4543 4103 4597 cvp-

834 4620 1178 4691 prwdeﬁnivit
1206 4617 1499 4685 conformes
1545 4615 1794 4683 imaginis
1814 4612 1935 4667 Filii
1959 4614 2043 4667 sui
2066 4631 2085 4667 .·
2109 4622 2166 4666 ιιι
2201 4615 2267 4667 sit
2299 4616 2406 4682 ipse

2507 4619 2780 4686 μόρφους
2810 4616 2919 4683 τῆς
2948 4618 3183 4681 εἰκόνος
3210 4616 3314 4670 τοῦ
3328 4617 3461 4670 Υιοῦ
3491 4619 3697 4677 αὐτοῦ,
3719 4621 3806 4683 εις
3838 4621 3906 4673 τὸ
3938 4618 4100 4675 εἶναι

834 4710 1208 4779 primogenitus
1236 4708 1375 4760 inter
1408 4705 1596 4758 multos
1630 4705 1845 4773 fratres.
1877 4703 2017 4768 Quos
2069 4715 2249 4759 autem
2274 4721 2412 4774 prir-

833 4802 1087 4870 deﬁnieit,
1142 4800 1348 4853 eosdem
1390 4806 1440 4851 et
1488 4798 1688 4851 vocavit
1717 4813 1735 4849 :
1771 4805 1821 4848 et
1881 4812 2010 4866 quos
2054 4798 2277 4859 vocavit,
2319 4798 2411 4849 hos

834 4901 885 4944 et
906 4891 1224 4963 justiﬁcavit
1274 4905 1293 4945 :
1335 4905 1463 4960 quos
1500 4904 1623 4942 vero
1666 4887 2007 4959 justiﬁcavit,
2040 4897 2090 4939 et
2122 4903 2208 4941 eos
2251 4888 2413 4958 glori-

834 4982 1030 5050 ﬁcavit.

906 5073 1009 5135 Ita,
1048 5072 1247 5143 inquit,
1290 5072 1362 5127 ob
1414 5069 1790 5142 ignorantiam
1828 5084 1989 5138 quam
2041 5068 2094 5122 in
2141 5068 2415 5137 precando

835 5163 1097 5234 patimur,
1131 5179 1163 5219 a
1190 5162 1397 5235 Spiritu
1428 5161 1783 5230 adjuvamur,
1815 5172 1871 5211 ut
1895 5158 2059 5211 etiam
2096 5160 2231 5210 mala
2258 5158 2417 5211 nobis

836 5256 1199 5313 convcrtatin
1229 5256 1397 5308 bona.
1436 5272 1453 5303 ι
1494 5252 1692 5306 Omnia
1719 5261 2109 5320 c00perantnr.
2148 5270 2165 5299 ι
2199 5251 2415 5311 Omnia,

838 5346 1041 5416 inquit,
1066 5346 1233 5400 etiam
1295 5345 1436 5401 mala
1472 5361 1485 5397 :
1523 5344 1795 5412 siquidem
1844 5344 1956 5396 haec
1997 5360 2212 5412 quoque
2278 5345 2419 5401 licus

835 5440 1114 5492 convertit
1149 5438 1202 5491 in
1231 5437 1396 5489 bona.
1452 5436 1587 5490 Nam
1646 5435 1713 5488 ad
1742 5450 1932 5488 eorum
1984 5436 2077 5503 qui
2136 5437 2419 5504 patiuntur

835 5529 1066 5599 gloriam
1130 5537 1556 5584 convertuntur.
1612 5526 1783 5595 Majus
1837 5536 1921 5579 est
1954 5538 2138 5579 autem
2170 5528 2221 5579 in
2279 5528 2416 5583 bona

836 5618 1085 5673 converti
1137 5633 1302 5687 quam
1355 5616 1582 5673 omnino
1628 5632 1737 5669 non
1801 5616 2210 5688 supervenisse.
2251 5634 2267 5664 ι
2314 5615 2417 5679 Qui

837 5710 1139 5765 secundum
1170 5710 1535 5779 propositum.
1585 5729 1601 5758 ν
1641 5707 1779 5774 Quia
1837 5708 2157 5764 incredibile
2189 5707 2412 5761 videbao

843 5811 932 5857 tu:-
962 5802 1102 5857 mala
1130 5801 1379 5858 converti
1408 5802 1462 5856 in
1494 5802 1658 5868 bona,
1688 5800 1964 5873 proposita
1993 5800 2085 5855 Dei
2109 5800 2415 5865 vocatione,

2512 4710 2699 4762 αὑτὸν
2753 4710 3131 4775 πρωτότοκον
3187 4707 3257 4760 ἐν
3298 4708 3550 4773 πολλοῖς
3600 4709 3909 4777 ἀδελφοῖς.
3977 4714 4103 4778 Οὓς

2513 4798 2581 4851 δὲ
2604 4799 2918 4866 προώρισε,
2949 4798 3202 4862 τούτους
3220 4798 3313 4850 καί
3340 4798 3598 4851 ἐκάλεσε
3623 4816 3635 4828 ·
3687 4800 3781 4851 καί
3807 4801 3921 4866 οὓς
3957 4803 4103 4857 ἐκάη

2513 4893 2679 4953 λεσε,
2700 4890 2945 4954 τούτους
2978 4889 3075 4942 καὶ
3105 4889 3459 4945 ἐδικαίωσεν
3480 4906 3495 4919 ·
3520 4890 3628 4955 οὓς
3652 4891 3721 4943 δὲ
3751 4891 4100 4957 ἐδικαίωσε,

2517 4984 2771 5047 τούτους
2795 4982 2893 5036 καὶ
2921 4980 3203 5045 ἐδόξασε.

2592 5074 2770 5136 Οῦτω,
2802 5076 2958 5142 φησὶ,
3010 5074 3098 5126 διά
3163 5074 3264 5143 τὴν
3308 5090 3365 5127 εν
3402 5074 3477 5142 τῴ
3534 5072 3789 5136 εὔξασθαι
3844 5076 4102 5143 ἄγνοιαν,

2522 5165 2866 5235 βοηθούμεθα
2895 5164 3000 5219 ὑπὸ
3020 5164 3115 5216 τοῦ
3146 5165 3484 5232 Πνεῦματος,
3515 5167 3597 5217 ὅτι
3622 5167 3710 5217 καὶ
3737 5167 3801 5216 τὰ
3834 5172 3991 5221 κακά
4024 5174 4105 5233 είς

2520 5256 2700 5322 ἀγαθά
2786 5258 2917 5325 ἡμῖν
2982 5257 3322 5323 περιτρέπει.
3396 5276 3414 5306 ι
3482 5257 3661 5309 Πάντα
3725 5263 4043 5326 συνεργεῖν.
4084 5284 4101 5313 ο

2523 5349 2730 5406 Πάντα,
2764 5347 2919 5414 φησὶ,
2938 5344 3035 5397 καὶ
3068 5346 3135 5398 τά
3170 5346 3334 5396 κακά.
3371 5346 3479 5397 Ka‘t
3505 5346 3609 5413 γὰρ
3641 5349 3727 5396 κμὶ
3779 5347 3963 5401 ταῦτα,
4009 5369 4105 5403 πε-

2526 5438 2771 5505 ριτρέπει
2800 5437 2829 5487 ὁ
2858 5436 2991 5493 Θεὸς
3017 5437 3094 5497 είς
3119 5435 3318 5501 ἀγαθά.
3340 5436 3433 5497 Εἰς
3467 5436 3576 5506 γὰρ
3604 5436 3966 5505 εὐδοκίμησιν
3998 5442 4108 5493 τῶν

2524 5527 2865 5596 πασχόντων,
2897 5527 3338 5596 περιστρέφεται.
3387 5528 3585 5589 Μεῖζον
3614 5527 3669 5579 δὲ
3703 5528 3760 5577 τὸ
3790 5530 3870 5588 εἰς
3915 5531 4108 5596 ἀγαθὰ

2522 5617 3005 5685 περιστρέφεσθαι,
3033 5617 3127 5669 τοῦ
3168 5618 3242 5685 μὴ
3279 5618 3556 5678 παντελῶς
3605 5618 3876 5671 ἐπελθεῖν.
3914 5638 3933 5669 ι
3979 5623 4109 5685 Τοῖς

2524 5710 2665 5763 κατὰ
2692 5709 2971 5776 πρόθεσιν.
3003 5726 3021 5759 ι
3070 5707 3291 5777 Ἐπειδὴ
3338 5708 3599 5760 ἀπίθανον
3647 5705 3785 5761 εἶναι
3820 5710 4013 5765 ἐδόκει
4049 5714 4109 5764 τὸ

2527 5798 2984 5873 περιστρέφεσθαι
3029 5799 3097 5855 τὰ
3131 5799 3273 5855 κακά
3307 5801 3386 5862 εἰς
3424 5799 3627 5870 ἀγαθά.
3690 5799 3959 5871 προσθεὶς
4011 5802 4109 5877 τὴν
