4196 6468
137 407 236 470 ιω

1173 403 1563 465 COMMENT.
1596 404 1671 463 ΙΝ
1704 405 1938 464 ΕΙῚδΤ.
1987 407 2078 465 Al)
2111 404 2292 464 Ill)“.

3267 396 3365 459 illi

137 521 317 590 φησὶν,
353 520 501 589 ἡμᾶς
529 520 834 588 προήσεται
864 519 892 569 6
924 514 1146 578 ιλεὸςῶς
1181 516 1238 565 οὐ
1264 515 1423 582 p.6er
1448 514 1541 564 τ’,ῦ
1571 512 1700 565 Υίοῦ
1738 526 1774 571 Α

1738 526 1774 571 Α
1810 515 2105 583 populique
2139 532 2199 567 ae
2223 514 2482 584 praefecti,
2519 527 2705 566 omnes
2741 512 3011 581 siquidem
3033 509 3366 566 insidiaban-

134 609 295 662 αὐτοῦ
359 609 716 678 συμμόρφους
763 608 1017 675 ἐποίησεν
1083 606 1218 658 ἄλλα
1274 607 1366 656 καὶ
1420 605 1700 656 ὲδικαξωςε

136 703 221 754 καὶ
252 701 495 766 ὲδόξασε,
527 703 619 752 καὶ
646 701 704 753 οὐ
743 700 897 752 τοῦτο
924 700 1101 766 μὸνον,
1127 696 1267 749 ἀλλὰ
1318 699 1410 749 καὶ
1441 696 1532 748 τὸν
1580 698 1704 747 Ti?“

131 794 329 845 ἔδωκεν
349 794 491 863 ὑπὲρ
515 794 669 862 ἡμῶν
721 794 958 855 πάντων,
1006 792 1158 859 φησι,
1216 789 1308 841 καὶ
1343 788 1702 859 ἁμαρτωλῶν,

133 886 221 935 καὶ
243 884 519 949 τελωνῶν,
583 884 675 937 καὶ
733 884 998 954 πύρνωνς
1057 883 1116 934 Εἰ
1182 881 1269 933 τὸν
1311 881 1458 945 Υἱὸν,
1520 882 1702 949 φησὶν,

131 975 331 1026 ἔδωκεν
365 977 444 1037 είς
480 976 706 1027 θάνατον
745 976 772 1026 ὁ
836 974 1044 1042 Πατὴρ,
1067 974 1117 1024 τί
1150 972 1232 1025 δεῖ
1264 972 1390 1042 περὶ
1412 971 1519 1023 τῶν
1534 969 1707 1022 ἄλλων

132 1064 497 1129 ἀμφιεάὶὴειν
522 1082 535 1130 ;
578 1064 636 1116 'O
658 1064 764 1134 γὰρ
787 1064 846 1117 τὸ
876 1064 1015 1132 μέγα
1072 1064 1215 1125 δοὺς,
1278 1065 1369 1114 καὶ
1399 1061 1459 1114 τὸ
1489 1062 1708 1114 glutto;

131 1155 314 1206 ἰώσει.
341 1176 359 1206 ι
387 1156 481 1217 Τίς
510 1157 819 1222 ὲγκα).ἐσει;
855 1175 871 1205 ι
905 1154 1097 1207 Πολλοὶ
1134 1154 1349 1216 ἀσεϐεῖς
1402 1155 1711 1223 ἐμέμφοντο

972 1264 984 1275 ·
1015 1247 1109 1308 Τίς
1142 1245 1324 1307 ἱκανὸς
1350 1244 1645 1310 ἐγκαλέσαι
1677 1244 1708 1312 ἢ

133 1336 461 1404 μέμψασθαι
498 1342 607 1398 τοῖς
641 1338 747 1389 ὑπὸ
782 1336 918 1390 Θεοῦ
944 1336 1247 1405 ἐκλεχθεῖσι
1283 1351 1298 1400 ;
1326 1336 1435 1387 Kal.
1459 1336 1583 1403 ὅρα,
1610 1336 1711 1387 οὐκ

132 1421 290 1476 εἶπεν
323 1426 539 1489 Δούλοις
565 1426 720 1492 Θεοῦ,
755 1428 787 1496 ἢ
814 1429 1055 1488 Πιστοῖς,
1086 1426 1223 1478 ἀλλὰ
1258 1444 1275 1476 ι
1319 1426 1647 1491 Ἐκλεκτοίς,
1687 1446 1703 1476 ι

132 1517 378 1586 ἐπαίρων
411 1518 469 1570 τδ
488 1518 721 1588 ἀξίωμα.
767 1538 783 1567 ι
825 1518 954 1582 Θεὸς
989 1520 1017 1571 6
1047 1518 1293 1571 δικαιῶν.
1338 1537 1357 1569 ι
1387 1519 1501 1570 Οὐκ
1538 1514 1709 1581 εἶπεν,

142 1608 201 1661 Ὀ
235 1610 395 1675 ἀφεὶς
428 1611 723 1678 ἁμαρτίας,
768 1610 903 1663 ἀλλὰ
935 1610 994 1661 τὸ
1023 1610 1223 1678 μεῖζον,
1258 1626 1274 1659 ι
1325 1607 1381 1660 ’0
1418 1608 1661 1661 δικαιῶν.
1690 1628 1706 1659 ι

130 1248 240 1307 τοῖς
266 1246 603 1299 πιστεύοντι.
639 1248 808 1316 Φησὶ-ι
844 1241 936 1297 οὖν

130 1731 196 1743 --
228 1718 247 1750 ι
292 1701 389 1761 Τίς
416 1704 441 1753 6
479 1703 825 1771 κατακρίνων
860 1718 874 1765 ;
917 1720 933 1751 ι
973 1702 1143 1753 Ὀταν
1170 1703 1276 1771 γὰρ
1306 1705 1333 1755 ὀ
1362 1702 1502 1764 Θεὸς
1545 1703 1713 1772 ψήφῳ

132 1795 255 1845 τινα
298 1794 478 1862 οἰκείᾳ
531 1794 817 1863 δικαιώσῃ,
852 1793 934 1855 τίς
962 1795 990 1845 6
1019 1795 1365 1864 κατακρίνων
1392 1810 1406 1857 ;
1443 1794 1507 1844 Τί
1535 1793 1589 1846 δὲ
1621 1796 1715 1846 καὶ

134 1885 486 1952 κατακρίνω]
541 1885 783 1951 ὠφελεῇ
831 1885 891 1936 τὸ
956 1886 1010 1937 δὲ
1072 1884 1442 1951 κατακρίνων
1485 1885 1559 1947 ὡς
1623 1887 1715 1936 ἐπὶ
1750 1856 1788 1908 Β

130 1977 528 2045 ἁμαρτήμασι.
579 1996 595 2027 ι
639 1978 872 2044 Χριστὸς
935 1974 1243 2032 ἀποθανών.
1284 1995 1302 2027 ι
1350 1977 1482 2029 Κατ’
1514 1977 1720 2045 ἐρώτη·

134 2083 218 2117 σιν
250 2068 386 2118 αὐτὸ
447 2072 701 2135 προάγει,
770 2068 845 2130 ὡς
896 2068 1310 2138 ἀναντιρῤήτων
1368 2067 1557 2120 ὄντων.
1599 2085 1615 2117 ι
1662 2068 1719 2119 'U

134 2158 454 2211 ἀποθανὼν.
490 2178 508 2209 ι
549 2160 669 2223 Τίς,
721 2160 909 2227 φησὶν,
966 2161 993 2210 6
1045 2159 1416 2229 κατακρίνων,
1460 2158 1553 2210 τοῦ
1620 2159 1718 2227 μὲν

137 2248 460 2316 Πνεύματος
530 2251 1169 2319 συναντιλαμὸανομένου
1222 2253 1343 2311 ταῖς
1416 2249 1719 2311 ἀσθενείαις

138 2336 321 2403 ἡμῶν,
397 2338 493 2389 τοῦ
546 2338 601 2390 δὲ
667 2340 877 2406 Πατρὸς
924 2338 1280 2403 δικαιοῦντος,
1337 2338 1433 2390 τοῦ
1494 2338 1550 2390 δὲ
1591 2338 1717 2390 Υἱοῦ

136 2426 282 2498 ὑπὲρ
309 2428 469 2498 ἡμῶν
516 2430 879 2491 ἀποθανόντος
913 2446 927 2494 ;
980 2428 1086 2491 Οὓς
1121 2430 1229 2498 γὰρ
1265 2430 1485 2499 ἡΤριὰς
1530 2430 1719 2482 ἀπεδι·

136 2521 370 2584 καίωσε,
428 2522 510 2583 τίς
535 2524 561 2573 6
598 2522 945 2590 κατανρίκων
978 2537 993 2583 ;
1028 2548 1089 2558 ---
1129 2518 1563 2589 [VUIKOYMEN]
1614 2518 1720 2572 Kal.

138 2610 281 2663 οὕτω
311 2611 446 2682 δύνῃ
481 2612 689 2680 νοῆσαι,
721 2613 795 2675 ὼς
823 2614 959 2683 πρὸς
979 2613 1038 2664 τὸ
1069 2611 1206 2663 κατὰ
1238 2610 1371 2661 πόδα
1388 2610 1481 2662 τοῦ
1513 2609 1676 2680 ῥητοῦ
1702 2625 1719 2642 ο

138 2699 198 2752 EE
219 2703 278 2753 τὸ
297 2703 546 2772 Πνεῦμα,
568 2704 754 2773 φησιν,
778 2702 1248 2771 ἀντιλαμϐάνεται,
1281 2703 1329 2754 εί
1350 2704 1377 2754 6
1403 2702 1589 2772 Πατὴρ
1610 2701 1720 2754 ἔδι-

136 2784 371 2855 καέωσε,
396 2797 480 2857 τίς
501 2796 528 2847 6
562 2796 886 2863 κατακρϊναι
919 2794 1249 2863 δυνάμενοςς
1303 2792 1715 2856 ἰ’ττολείπεται,

140 2883 327 2953 φησὶν,
354 2886 381 2935 6
412 2885 568 2943 Υίῦς.
612 2885 671 2938 Ὀ
706 2885 827 2947 Υἱὸς
851 2881 966 2948 οὖν,
999 2884 1185 2953 φησὶν,
1220 2883 1331 2952 ἔχει
1372 2884 1718 2951 κατακρῖναι,

139 2974 319 3026 καίτοι
354 2974 610 3028 τοσοῦτον
655 2977 864 3046 ἀγαπᾷ,
890 2977 964 3040 ὡς
989 2977 1083 3029 καὶ
1115 2975 1344 3028 Θάνατον
1385 2974 1721 3044 αἱρήσασθαι

141 3067 281 3137 ὑπὲρ
317 3067 501 3136 ἡμῶν,
533 3071 625 3121 καὶ
655 3070 729 3123 ὣν
763 3072 820 3121 ἐν
841 3068 990 3139 δεξιᾷ
1025 3068 1120 3121 τοῦ
1152 3067 1385 3133 Πατρὶς,
1414 3067 1605 3128 καὶείς
1622 3066 1722 3135 τὴν

144 3156 281 3210 ἰδίαν
346 3159 662 3212 ἐπανελθὼν
709 3160 892 3224 δόξαν,
950 3161 1048 3212 οὐκ
1104 3156 1379 3210 ἐπαύσατο
1430 3157 1529 3225 τῆς
1587 3156 1721 3226 πρὸς

142 3248 290 3314 ἡμᾶς
345 3248 591 3318 ἀγάπης,
654 3250 791 3302 ἀλλὰ
852 3250 943 3302 καὶ
1009 3249 1319 3317 παρακαλεῖ
1365 3248 1455 3300 τὸν
1500 3248 1717 3314 Πατέρα

143 3338 284 3404 ὑπὲρ
308 3340 487 3409 ἡμῶν.
509 3341 680 3394 Τοῦτο
700 3342 808 3411 γᾶιρ
832 3342 889 3393 τὸ
908 3338 1375 3410 ἐντυγχάνουσι.
1393 3338 1503 3406 Τὴν
1526 3338 1580 3391 δὲ
1608 3354 1712 3391 πα-

145 3431 417 3500 ράκλησιν
465 3432 634 3495 οὕτως
686 3434 795 3486 νόει
824 3451 841 3467 ο
894 3433 1042 3503 αὐτῷ
1098 3431 1175 3501 τῷ
1216 3432 1712 3503 ἐνηνθρωπηκέναι,

142 3525 462 3592 παρακαλεί
505 3528 594 3578 τὸν
655 3528 872 3593 Πατέρα
903 3526 1040 3594 ὑπὲρ
1061 3524 1236 3593 ἡμῶν.

1810 618 1896 659 tur
1920 606 2208 668 ﬁdelibus;
2245 608 2377 661 dicit
2416 606 2561 676 quod
2601 614 2795 674 potens
2838 617 2921 660 est
2952 606 3096 660 Deus
3151 602 3374 657 insidias

1808 712 1926 763 qum
1958 695 2383 750 suntadvcrsum
2416 712 2516 750 nos
2546 694 2759 749 edicere
2785 696 3100 749 occasiones
3128 694 3374 762 prretniu-

1812 801 1929 838 rutn
1966 787 2187 840 :nullus
2228 801 2359 855 ergo
2393 795 2584 839 contra
2642 800 2745 840 nos
2773 784 2897 838 erit.
2939 803 2956 835 ι
3011 784 3114 850 Qut
3149 783 3375 853 proprio

1814 875 1947 927 Filio
2004 892 2108 929 non
2148 876 2409 946 pepercit.
2447 895 2463 924 ι
2495 875 2779 941 Quomodo
2807 890 2958 945 ergo,
2997 874 3192 944 inquit.
3242 874 3377 944 abji-

1810 969 1918 1021 ciet
1952 984 2049 1021 nos
2072 971 2230 1032 Deus,
2257 969 2349 1037 qui
2382 984 2490 1021 non
2549 969 2711 1022 modo
2738 967 3051 1022 conformes
3086 967 3222 1021 Filio
3277 984 3376 1021 suo

1814 1061 2073 1123 reddidit,
2111 1076 2295 1114 verum
2332 1060 2497 1115 etiam
2546 1060 2865 1129 justificavit
2892 1070 2947 1113 et
3000 1058 3323 1130 glorificavit
3362 1079 3373 1111 :

1813 1168 1914 1205 nec
1950 1153 2002 1205 id
2047 1153 2246 1213 solum,
2272 1153 2443 1205 sedet
2474 1152 2669 1206 Filium
2703 1167 2800 1220 pro
2824 1153 2978 1206 nobis
3009 1150 3266 1206 omnibus
3291 1152 3377 1204 de-

1815 1243 1895 1296 dit
1944 1256 2000 1297 et
2047 1242 2359 1313 publicanis
2408 1252 2464 1297 et
2505 1244 2894 1313 peccatoribus
2928 1259 2992 1297 ac
3027 1243 3378 1297 fornicariis?

1813 1333 1969 1399 Quod
2003 1337 2048 1388 si
2083 1335 2307 1399 Filium,
2358 1334 2556 1403 inquit,
2590 1334 2741 1389 dedit
2788 1334 2855 1387 ad
2912 1343 3140 1388 mortem
3198 1332 3377 1394 Pater,

1814 1426 1943 1495 quid
1968 1426 2035 1479 de
2065 1427 2289 1496 reliquis
2318 1427 2597 1495 ambigrre
2622 1437 2840 1493 Oportet
2865 1426 2888 1478 ?
2924 1424 3025 1491 Qui
3058 1425 3204 1478 enim
3232 1425 3380 1480 dedit

1815 1519 1963 1586 quod
2000 1533 2252 1587 magnum
2286 1527 2390 1581 est,
2419 1519 2571 1571 dabit
2605 1518 2793 1585 utique
2814 1525 2870 1571 et
2894 1517 3041 1587 quod
3069 1517 3250 1571 minus
3275 1527 3375 1571 est.

1824 1630 1841 1660 ε
1877 1610 2009 1676 Quis
2040 1609 2359 1663 accusabit?
2388 1629 2404 1658 ι
2438 1608 2590 1661 Multi
2621 1606 2772 1676 impii
2797 1606 3124 1660 accusabant
3149 1607 3378 1661 creden-

1819 1713 1920 1759 tes.
1955 1704 2099 1757 Dicit
2154 1716 2322 1771 ergo:
2356 1699 2492 1765 Quis
2540 1700 2770 1753 idoneus
2808 1708 2892 1754 cst
2930 1708 2989 1752 ut
3030 1708 3251 1754 accuset
3290 1711 3383 1753 aut.

1818 1794 2110 1862 rcdarguat
2139 1807 2234 1846 eos
2263 1792 2355 1861 qui
2392 1807 2419 1845 a
2443 1791 2553 1844 Deo
2577 1800 2705 1844 sunt
2753 1789 2910 1843 electi
2938 1789 2961 1842 ?
2986 1789 3050 1844 Et
3077 1788 3202 1843 vide
3238 1790 3381 1858 quod

1818 1901 1928 1939 non
1951 1884 2149 1938 dixerit
2183 1902 2194 1937 :
2230 1883 2430 1937 Servos
2464 1882 2581 1944 Dei,
2615 1888 2709 1933 aut
2743 1881 3049 1944 credentes,
3082 1880 3177 1935 sed
3209 1898 3228 1931 ι
3264 1879 3383 1933 Ele-

1819 1984 1957 2039 ctos,
1999 1993 2016 2025 t
2055 1974 2377 2044 dignitatem
2410 1972 2696 2026 extollens.
2735 1991 2751 2021 ι
2789 1971 2932 2027 Deus
2960 1978 3045 2025 est
3071 1968 3386 2040 quijustiﬁ-

1820 2077 1927 2122 cat.
1981 2087 1998 2118 ι
2048 2067 2285 2120 Rursum
2323 2080 2430 2118 non
2460 2066 2535 2118 ait
2569 2082 2581 2116 :
2611 2063 2712 2130 Qui
2760 2071 2981 2132 peccata
3034 2061 3261 2125 dimisit,
3291 2063 3383 2115 sed

1818 2160 1966 2229 quod
2000 2160 2174 2229 majus
2227 2167 2332 2220 est,
2369 2176 2386 2205 ι
2427 2156 2530 2221 Qui
2572 2154 2852 2224 justiﬁeat.
2901 2173 2919 2205 ι
2952 2183 3023 2193 -
3057 2171 3075 2203 ι
3110 2151 3244 2218 Quis
3294 2151 3386 2205 ille

1817 2251 1908 2320 qui
1935 2248 2311 2305 condemnet?
2349 2267 2364 2296 ι
2397 2246 2531 2301 Cum
2551 2247 2699 2300 enim
2734 2247 2877 2300 Deus
2906 2245 3125 2315 propria
3158 2253 3373 2300 senten-

1821 2343 1893 2397 tia
1925 2341 2238 2411 quetnpiam
2273 2339 2682 2410 justiﬁeaverit,
2723 2338 2846 2406 quis
2869 2337 3021 2390 illum
3055 2335 3390 2391 condemna-

1820 2434 1941 2489 bit?
1978 2433 2134 2499 Quod
2170 2432 2215 2485 si
2247 2432 2412 2484 etiam
2438 2429 2906 2496 condcmnaverit,
2933 2427 3065 2498 quid
3100 2427 3390 2498 proderit!

1818 2526 1922 2591 Qui
1976 2525 2308 2579 condemnat
2361 2531 2583 2585 autent,
2650 2530 2907 2591 tanquam
2968 2535 3069 2591 pro
3123 2521 3382 2590 peccatis.

1827 2638 1843 2669 ι
1884 2618 2136 2672 Christus
2168 2616 2260 2685 qui
2290 2626 2542 2668 mortuus
2592 2622 2696 2668 est.
2732 2634 2749 2664 ι
2781 2611 3094 2667 Secundum
3142 2612 3387 2668 interro-

1820 2710 2092 2778 gationem
2123 2707 2265 2762 idem
2288 2706 2562 2776 producit,
2601 2714 2861 2773 tanquam
2911 2704 2965 2759 in
2995 2704 3083 2759 his
3107 2719 3229 2775 qua“.
3259 2712 3391 2758 sunt

1824 2799 2242 2869 irrel‘ragabilia.
2279 2817 2295 2849 ι
2331 2797 2435 2862 Qui
2468 2805 2718 2851 mortuus
2747 2804 2851 2850 est.
2905 2814 2922 2847 ι
2973 2795 3127 2862 Quis,
3185 2794 3387 2864 inquit.

1822 2891 1932 2954 ille,
1986 2891 2079 2959 qui
2119 2890 2447 2943 condemnet
2480 2902 2606 2942 cum
2642 2886 2880 2956 Spiritus
2913 2886 3209 2940 auvilielur
3238 2884 3388 2939 inﬁr-

1822 2979 2107 3033 mitatibus
2124 2978 2345 3040 nostris,
2377 2978 2538 3032 Pater
2559 2988 2741 3031 autem
2759 2975 3040 3047 justiﬁcet,
3068 2975 3239 3031 Filius
3259 2990 3389 3030 vero

1822 3087 1923 3141 pro
1952 3071 2112 3126 nobis
2140 3081 2394 3126 mortuus
2427 3070 2499 3125 sit
2526 3072 2549 3124 ?
2582 3071 2714 3124 Nam
2752 3086 2890 3139 quos
2919 3069 3161 3125 Trinitas
3186 3069 3386 3140 justiti-

1826 3164 1990 3226 cavit,
2022 3162 2275 3231 quisnam
2307 3162 2742 3216 condemnabit?
2770 3162 2930 3215 Potes
2957 3169 3013 3214 et
3070 3160 3177 3215 hoc
3225 3160 3389 3215 modo

1827 3254 2153 3324 intelligere,
2194 3262 2253 3307 ut
2278 3254 2344 3307 ad
2366 3254 2417 3307 id
2456 3254 2602 3323 quod
2628 3253 2790 3307 modo
2820 3254 3026 3307 dictum
3050 3260 3135 3307 est
3163 3266 3387 3321 respon-

1825 3344 1952 3398 deat
1989 3363 2000 3398 :
2035 3344 2088 3398 Si
2122 3345 2359 3414 Spiritus
2400 3347 2714 3410 auxiliatur,
2762 3346 2806 3398 si
2841 3346 3001 3400 Pater
3045 3343 3387 3414 justiﬁcavit.

1826 3435 1950 3502 quis
1982 3444 2177 3503 potens
2205 3445 2289 3488 est
2335 3436 2749 3489 condemnare?
2782 3435 3152 3504 Relinquitur,
3186 3434 3385 3503 inquit,

1827 3525 2017 3587 Filius,
2049 3525 2217 3579 Filius
2258 3525 2423 3594 igitur
2477 3527 2846 3581 condemnare
2882 3534 3082 3596 potest.
3133 3524 3296 3594 Atqui
3332 3526 3386 3578 in

144 3623 362 3668 tantum
408 3618 601 3671 dilexit
635 3627 694 3671 ut
729 3632 829 3685 pro
880 3616 1043 3670 nobis
1096 3622 1326 3668 mortem
1379 3614 1655 3683 elegerit:
1695 3630 1930 3684 cumque
1962 3616 2123 3669 modo
2154 3617 2225 3670 sit
2262 3618 2316 3670 iu
2375 3617 2597 3672 dextera
2662 3618 2839 3672 Patris
2862 3626 2919 3673 et
2980 3618 3048 3672 ad
3114 3620 3389 3688 propriam

144 3713 375 3765 redieit
431 3713 687 3782 gloriam.
735 3712 906 3766 nostri
959 3710 1309 3765 dilectionem
1365 3726 1712 3778 nequaquam
1750 3710 1995 3778 reliquit,
2026 3710 2121 3764 sed
2181 3720 2237 3765 et
2295 3714 2435 3781 apud
2487 3714 2701 3767 Patrem
2736 3729 2834 3784 pro
2878 3714 3041 3769 nobis
3076 3714 3386 3771 intercedi.

144 3804 277 3856 Nam
320 3804 427 3857 hoc
463 3805 715 3873 estquod
742 3804 993 3873 sequitur
1014 3802 1346 3871 ἐντυγχάνει.
1410 3802 1571 3872 317
1631 3802 1720 3858 Sic
1796 3814 1978 3859 autem
2031 3802 2481 3860 intercessionem
2519 3806 2633 3861 sive
2670 3807 3082 3861 advocationem
3127 3808 3388 3880 intellige.

146 3910 201 3951 ut
232 3914 331 3967 per
371 3898 477 3951 hoc
498 3900 643 3967 quod
670 3898 1070 3952 humanitatem
1128 3897 1453 3966 susceperit,
1482 3898 1696 3952 Patrem
1791 3900 2144 3968 interpellare
2194 3901 2410 3955 dicatur
2473 3916 2571 3971 pro
2628 3902 2806 3956 nobis.

220 4012 240 4043 ι
282 3996 379 4054 ὐς
406 3995 501 4045 καὶ
546 3994 692 4045 ἔστιν
746 3994 803 4044 ὲν
845 3993 996 4063 δεξιᾷ
1043 3992 1135 4045 τοῦ
1177 3992 1332 4044 Θεοῦ.
1375 4011 1394 4042 ι
1442 3993 1557 4045 Ἵνα
1610 3996 1717 4064 γὰρ

148 4085 221 4153 μὴ
280 4083 581 4137 ἐλάττωσιν
623 4085 720 4152 τὴν
782 4084 1031 4151 ἐντυχίαν
1093 4083 1349 4153 νομίσῃς,
1412 4083 1522 4143 θεὶς
1574 4086 1721 4153 πρῶ-

148 4193 234 4227 τον
290 4178 390 4245 τὴν
440 4175 730 4244 ἰσοτιμίαν,
779 4176 839 4228 1:6
881 4172 1021 4227 εἶναι
1078 4177 1133 4227 ἐν
1196 4176 1348 4245 δεξιᾷ
1404 4174 1497 4227 τοῦ
1562 4175 1720 4239 θεοῦ,

148 4268 316 4328 ait»;
400 4263 525 4319 εἷπε
614 4268 674 4319 τὸ
721 4268 1110 4335 ἐντυγχάνει,
1162 4268 1332 4332 δεῖξαι
1392 4267 1558 4319 θέλων
1624 4267 1722 4337 τὴν

148 4358 411 4426 διάπυρον
443 4360 683 4427 ἀγάπην.
714 4360 788 4410 06
812 4360 918 4429 γὰρ
952 4360 1026 4421 ὡς
1060 4359 1219 4419 αὐτὸς
1255 4358 1496 4411 ἀσθενῶν
1528 4366 1721 4424 σῶσαι,

149 4448 318 4500 δεῖται
340 4448 434 4500 τοῦ
473 4450 702 4518 Πατρὸς.
728 4452 927 4515 ἄπαγε.
962 4467 980 4499 ι
1000 4452 1093 4512 Ὃς
1120 4452 1212 4501 καὶ
1240 4452 1552 4519 ἐντυγχάνει
1583 4453 1721 4521 ὑπὲρ

1905 4016 1921 4045 ι
1970 3996 2072 4062 Qui
2119 4006 2204 4051 est
2250 3996 2317 4050 ad
2354 3997 2631 4049 dexteram
2672 3996 2788 4050 Dei.
2834 4016 2852 4046 ι
2887 3996 2964 4049 Νο
3009 3997 3154 4050 enim
3216 3999 3360 4053 inter

1828 4092 2131 4143 cessionem
2188 4089 2477 4143 arbitreris
2546 4089 2968 4143 minorationem
3031 4090 3210 4159 posita
3278 4090 3391 4158 pri-

1830 4200 1976 4236 mum
2035 4183 2258 4235 honoris
2323 4182 2653 4249 aequalitate,
2721 4180 2956 4235 dicendo
3001 4182 3147 4251 quod
3199 4182 3271 4237 sit
3335 4183 3390 4236 in

1828 4276 2053 4328 dextera
2112 4272 2333 4337 Patris,
2396 4272 2469 4325 ita
2529 4272 2825 4342 sabjungit.
2882 4272 3223 4338 lnterccdit,
3288 4288 3388 4325 vo-

1822 4369 1940 4420 lens
1983 4366 2262 4419 ardentem
2312 4364 2599 4418 ostendere
2654 4363 3044 4417 dilectionem:
3090 4380 3198 4418 non
3242 4365 3388 4419 enim

1828 4466 2083 4525 tanquam
2112 4455 2397 4509 imbecillis
2433 4454 2497 4507 ad
2525 4453 2842 4507 salvandum
2877 4464 2999 4523 eget
3029 4455 3202 4508 Patris
3234 4457 3391 4508 auxi-

148 4539 353 4606 ἡμῶν.»
375 4538 758 4611 -[ΚΥΡ1Λ.]
822 4541 909 4603 Ὠς
936 4541 1067 4609 πρὸς
1095 4541 1525 4611 τδ“άνθρὼπινον
1562 4546 1712 4611 εἱρη-
1749 4575 1790 4625 1)

1749 4575 1790 4625 ι)
1826 4551 1919 4602 lio.
1950 4548 2123 4601 Absit.
2151 4566 2167 4598 ι
2191 4547 2292 4612 Qui
2337 4546 2501 4599 etiam
2533 4546 2835 4599 intercedit.
2869 4564 2886 4595 ι
2920 4574 2985 4585 -
3014 4545 3292 4615 Tanquam
3325 4549 3389 4600 ad

145 4644 252 4691 ται,
284 4630 369 4681 ὅτι
391 4630 681 4700 ἀρχιερεὺς
704 4626 792 4699 ἦν,
830 4650 849 4681 ι
880 4632 951 4683 Σὺ
987 4632 1163 4698 ἱερεὺς
1215 4632 1294 4692 εἰς
1336 4630 1423 4682 τὸν
1454 4633 1649 4684 αἰῶνα.
1689 4652 1706 4683 ι

144 4746 211 4755 -
238 4720 439 4790 [ΦΩΤ.]
468 4721 575 4788 Tr];
595 4720 654 4772 δὲ
689 4722 973 4790 Κυριακῆς
1017 4721 1234 4789 ἐκείνης
1268 4723 1449 4790 φωνῆς
1478 4724 1570 4774 τὸν
1590 4724 1713 4775 νοῦν

147 4812 382 4863 ὲνταῦῦα
410 4812 562 4879 δηλοῖ
618 4813 711 4863 καὶ
747 4813 1139 4876 ὑπαινίττεται,
1170 4813 1269 4881 τῆς
1296 4816 1353 4865 ἐν
1374 4813 1527 4882 τύπῳ
1553 4815 1715 4883 εὐχῆς

144 4903 219 4971 τῷ
283 4905 458 4972 Πατρὶ
510 4907 945 4977 προσαγομένης
982 4923 1000 4955 ι
1040 4906 1219 4975 Πάτερ
1249 4907 1484 4975 τήρησον
1519 4906 1716 4965 αὐτοὺς

147 4996 200 5044 ἐν
244 4999 309 5064 τῇ
360 4996 594 5066 ἀληθεία
654 5014 768 5048 του·
806 5016 823 5047 ι
872 4999 988 5059 καὶ,
1027 5016 1045 5047 ι
1095 4998 1207 5048 Ἱνα
1252 4998 1491 5066 φυλάξῃς
1522 4998 1717 5058 αὐτοὺς

145 5088 249 5136 ἀπὸ
268 5087 361 5138 τοῦ
405 5087 662 5154 πονηροῦ,
694 5108 711 5138 ι
748 5087 840 5139 καὶ
875 5089 939 5141 τὰ
982 5090 1165 5157 ὃμοια.
1198 5089 1258 5139 Εἰ
1285 5087 1378 5139 οῦν
1403 5088 1575 5149 οὕτως
1611 5090 1710 5155 κή-

144 5176 341 5230 δεταιὸ
376 5178 501 5237 Υἱὸς
553 5177 694 5230 ὥστε
750 5181 843 5231 καὶ
889 5182 1234 5248 ἐντυγχάνειν
1290 5182 1344 5249 (ἡ
1426 5180 1535 5249 γὰρ
1590 5180 1713 5231 τότε

152 5268 375 5334 ρηὓείσα
425 5269 558 5339 εὐχὴ
588 5270 854 5338 τοσαύτην
907 5270 1019 5339 ἔχει
1055 5271 1225 5339 ἰσχὺν,
1257 5270 1393 5322 ὣστε
1426 5271 1715 5333 διαπαντὸς

149 5366 375 5429 ἐνεργὴς
407 5358 569 5424 εἶναι,
620 5362 804 5414 καὶτὰ
832 5362 932 5429 τῆς
979 5363 1227 5430 ἐντυχίας
1252 5362 1596 5430 ἀπαρτίζειν)
1619 5380 1631 5392 ·
1667 5364 1715 5414 εἰ

147 5456 239 5506 οὖν
270 5457 442 5517 οὕτως
477 5454 718 5524 κήδεται,
756 5454 838 5517 τίς
886 5457 913 5505 ὁ
943 5454 1282 5522 κατακρίνων
1314 5454 1435 5514 τοὺς
1468 5455 1526 5503 ἐν
1566 5455 1714 5521 αὐτῷ

152 5548 620 5607 πεπιστευκότας
650 5547 710 5600 Ὀ
741 5546 925 5614 Πατὴρ
954 5546 1237 5597 ἐδικαίωτε
1275 5545 1367 5596 xal.
1386 5545 1624 5608 ὲδὸξασε,
1655 5545 1714 5594 τὸ

154 5640 370 5706 Πνεόμα
403 5638 972 5700 συναντιλαμϐάνεται,
1010 5639 1038 5687 6
1063 5635 1291 5698 Χριστὸς
1322 5635 1413 5685 καὶ
1447 5634 1713 5685 ἀπέθανεν

1362 5821 1403 5852 ³⁸
1430 5819 1559 5873 ibid.
1599 5820 1659 5873 l5

230 5827 265 5855 ³·
306 5824 444 5877 l‘sal.
477 5841 621 5891 cvtv,
658 5825 705 5877 3.
787 5825 829 5854 ³⁵
859 5823 1013 5876 Joan.
1038 5839 1165 5883 λιιι,
1203 5823 1284 5875 l'l.

1825 4641 2220 4694 humanitatem
2247 4639 2590 4708 respiciendo
2613 4637 2818 4691 dictum
2848 4646 2951 4702 est,
2980 4653 3047 4692 eo
3074 4639 3221 4707 quod
3255 4655 3388 4707 pnn-

1824 4732 1954 4785 tifex
1980 4740 2135 4785 erat:
2178 4750 2196 4782 ι
2233 4731 2312 4784 Tu
2338 4746 2396 4783 es
2421 4728 2689 4784 Sacerdos
2723 4729 2777 4782 in
2817 4737 3081 4782 aeternum
3106 4729 3173 4781 “.
3213 4748 3230 4779 ι
3280 4729 3387 4782 Do-

1824 4823 2039 4875 minica:
2083 4821 2229 4875 illius
2254 4819 2401 4873 vocis
2443 4819 2780 4873 intellectum
2815 4817 3124 4872 manifestat
3157 4832 3219 4871 ac
3242 4818 3389 4871 desi-

1824 4923 1973 4983 gnat,
2031 4928 2151 4981 quae
2181 4913 2234 4965 in
2294 4911 2465 4965 forma
2524 4910 2855 4979 precationis
2902 4910 3051 4962 Patri
3108 4909 3385 4963 oﬂ'ertur:

1832 5027 1848 5056 ε
1893 5006 2070 5069 Pater,
2116 5020 2271 5058 serva
2302 5018 2397 5057 eos
2453 5017 2549 5071 per
2596 5001 2880 5055 veritatem
2931 5010 3076 5053 tuam
3117 5002 3181 5062 ";
3224 5019 3240 5050 ι
3276 5012 3331 5053 et
3376 5020 3384 5051 :

1829 5116 1845 5147 ι
1878 5096 1946 5151 Ut
1973 5111 2160 5150 serves
2188 5111 2283 5149 eos
2321 5111 2350 5148 a
2382 5094 2521 5147 malo
2546 5094 2612 5155 ³⁸,
2650 5111 2668 5142 ι
2714 5108 2777 5146 ac
2808 5094 3027 5146 similia.
3070 5093 3125 5145 Si
3152 5108 3281 5161 ergo
3314 5092 3386 5146 ita

1821 5183 1992 5235 nostri
2037 5196 2224 5235 curam
2272 5182 2432 5235 habet
2484 5180 2687 5243 Filius,
2729 5190 2788 5234 ut
2829 5181 2995 5233 etiam
3043 5180 3383 5234 intercedat:

1826 5289 1949 5326 nam
1983 5281 2189 5325 tantam
2215 5272 2324 5325 vim
2361 5271 2524 5324 habet
2560 5270 2699 5324 facta
2733 5280 2860 5323 tunc
2889 5270 3133 5339 precatio
3164 5281 3225 5325 ut
3247 5287 3387 5326 sent—

1823 5380 1922 5431 per
1949 5363 2016 5416 sit
2042 5362 2252 5427 ellicax,
2281 5370 2335 5417 et
2358 5378 2479 5430 qua:
2506 5361 2558 5414 in
2590 5377 2651 5415 ea
2684 5361 3037 5415 continentur
3059 5361 3384 5432 adimpleat:

1825 5455 1866 5505 si
1906 5464 2106 5507 tantam
2132 5454 2315 5522 itaque
2342 5452 2516 5506 nostri
2554 5467 2738 5505 curam
2767 5450 2951 5515 habet,
2977 5451 3099 5520 quis
3128 5466 3223 5505 eos
3251 5467 3387 5505 con-

1822 5544 2043 5596 demnet
2064 5544 2156 5611 qui
2186 5544 2236 5595 in
2272 5542 2448 5611 ipsum
2477 5542 2868 5595 crediderunt?
2890 5542 3048 5595 Pater
3068 5542 3387 5610 justiﬁearit

1821 5647 1874 5689 et
1924 5637 2263 5707 gloriﬁcavit,
2321 5637 2556 5707 Spiritus
2614 5637 2950 5700 auxiliatur,
3000 5634 3172 5688 Filius
3221 5635 3383 5689 etiam
