4196 6468
754 423 857 484 495

1803 407 2200 470 (ECUMENll
2232 404 2523 465 TRICCJZ
2550 401 2891 462 EPISCOPI

3902 398 4013 459 496

758 548 1003 595 mortuus
1041 544 1121 588 est
1160 548 1257 602 pro
1289 530 1453 585 nobis
1496 544 1558 581 ac
1593 524 1896 580 resurrexit
1921 534 1974 576 et
2002 520 2329 583 intercedit;

2451 518 2578 586 ὅπερ
2612 516 2771 585 ἡμῶν
2803 517 2895 569 καὶ
2927 515 3123 586 ἀνέστη
3158 516 3250 567 καὶ
3283 514 3635 583 ἐντυγχάνει·
3669 513 3752 573 τίς
3777 513 3962 566 λοιπὸν
3993 518 4021 567 ὁ

754 632 880 700 quis
931 628 1095 699 igitur
1129 634 1350 679 accuset
1391 631 1482 676 aut
1519 621 1871 680 condemnet,
1913 625 2102 670 sancta
2145 613 2329 669 Trini-

758 732 867 774 tate
891 734 989 773 nos
1016 716 1152 770 adeo
1174 711 1542 785 protegente?

1337 847 1561 904 CAPUT
1605 848 1741 901 XIV.

1089 962 1165 1016 De
1186 978 1365 1016 amore
1397 962 1487 1031 qui
1522 959 1727 1015 Christo
1754 960 1989 1013 debetur.

830 1076 963 1133 V'lll.
998 1076 1188 1129 35-57.
1224 1073 1353 1139 Quis
1388 1091 1480 1127 nos
1516 1073 1779 1143 separabit
1809 1090 1841 1125 α
1884 1071 2165 1125 dilectione
2198 1070 2337 1125 Dei?

764 1172 1070 1242 afﬂictione,
1124 1186 1195 1223 an
1244 1171 1514 1236 angustia,
1567 1184 1636 1221 an
1686 1168 1995 1235 persecutio,
2043 1183 2112 1218 an
2149 1167 2331 1234 fames.

761 1280 828 1316 an
860 1263 1090 1321 nutlitas,
1130 1278 1197 1313 an
1222 1260 1532 1329 periculum,
1566 1276 1633 1311 an
1660 1257 1890 1328 gladius,
1924 1258 2058 1310 sicut
2086 1258 2337 1324 scriptum

760 1361 876 1404 est:
929 1348 1155 1418 Pmpter
1192 1358 1241 1401 te
1283 1349 1437 1401 morti
1484 1349 1750 1400 tradimur
1794 1354 1899 1399 toto
1951 1347 2070 1409 die;
2110 1345 2338 1413 reputati

758 1457 938 1494 sumus
970 1442 1105 1494 sicut
1153 1455 1267 1491 ores
1320 1441 1629 1491 mactationi
1678 1439 1978 1489 destinam.
2020 1434 2121 1487 Sed
2163 1436 2216 1487 in
2260 1436 2338 1487 his

762 1533 1003 1588 omnibus
1029 1532 1438 1600 supervincimus
1481 1546 1574 1598 per
1599 1546 1715 1581 eum
1746 1530 1834 1595 qui
1867 1528 2047 1581 dilexit
2079 1544 2193 1581 nos.

838 1734 860 1766 ι
893 1713 1027 1780 Quis
1054 1726 1153 1765 nos
1188 1708 1504 1779 separabit?
1549 1707 1763 1769 Nullus,
1798 1706 1994 1774 inquit,
2022 1721 2160 1774 quos
2191 1714 2341 1758 tanto

764 1820 948 1858 amore
983 1818 1045 1857 ac
1086 1800 1430 1872 providentia
1478 1799 1735 1867 dignatus
1787 1805 1869 1850 est
1916 1796 2078 1849 Deus.
2131 1813 2149 1845 ι
2184 1793 2339 1859 Quod

2438 608 2686 678 ἐγκαλῶν
2736 608 2768 678 ἢ
2827 608 3197 677 κατακρίνων,
3229 607 3328 676 τῆς
3363 607 3524 675 ἁγίας
3568 605 3798 677 Τριάδος
3843 606 4020 670 οὕτως

2439 699 2884 771 προασπιζούσης
2910 699 3098 770 ήμῶνς

3031 831 3281 885 ΚΕΦΑΔ.
3337 831 3432 886 ΙΔ’.

2586 947 2721 1013 Περὶ
2745 946 2855 1013 τῆς
2894 946 3287 1014 ὀφειλομένης
3335 946 3571 1015 ἀγάπης
3601 944 3877 1012 Χριστοῦ.

2517 1061 2609 1124 Τίς
2630 1058 2787 1129 ἡμᾶς
2805 1061 3044 1127 χωρίσει
3069 1058 3188 1113 ἀπὸ
3214 1058 3322 1125 τῆς
3337 1060 3577 1128 ἀγάπης
3594 1059 3698 1113 τοῦ
3726 1058 3983 1128 Χριστοῦ
4009 1099 4021 1117 ,

2442 1152 2672 1220 θλίψις,
2723 1152 2754 1217 ἢ
2803 1153 3194 1219 στενοχωρία,
3248 1152 3287 1217 ἣ
3336 1150 3609 1221 διωγμὸς.
3656 1151 3694 1217 ἣ
3743 1150 3934 1218 λιμὸς,
3985 1150 4024 1217 ἢ

2446 1246 2765 1313 γυμνότης,
2803 1243 2840 1310 ἢ
2872 1244 3178 1311 κίνδυνος,
3208 1244 3246 1312 ἢ
3267 1244 3563 1313 μάχοιρα;
3594 1244 3788 1307 καθὼς
3814 1242 4018 1312 Tenea-

2446 1353 2621 1401 πται,
2671 1336 2760 1390 ὅτι
2810 1334 3026 1389 Ἕνεκά
3076 1352 3197 1390 σου
3247 1338 3652 1405 θανατούμεθα
3704 1336 3856 1400 ὅλην
3909 1335 4023 1398 τὴν

2446 1426 2677 1493 ἡμέραν
2709 1443 2722 1456 ·
2757 1426 3160 1495 ἐλογίσθημεν
3184 1427 3259 1493 ὠς
3300 1428 3563 1495 πρόϐατα
3579 1425 3853 1495 σφαγῆς·
3882 1427 4027 1479 ἀλλ’

2445 1516 2514 1567 ἐν
2558 1516 2787 1581 τούτοις
2842 1515 3031 1571 ,πᾶσιν
3078 1515 3488 1586 ὑπερνικῶμεν
3523 1517 3620 1570 διὰ
3662 1516 3766 1569 τοῦ
3794 1516 4025 1584 ἀγαπή-

2447 1622 2671 1672 σαντος
2698 1607 2878 1673 ἡμᾶς.

2522 1696 2722 1768 [ΦΩΤ.]
2754 1717 2771 1748 ι
2806 1699 2936 1765 Ί“ίς;
2970 1718 2988 1749 ι
3024 1698 3221 1763 οὐδεὶς,
3255 1700 3409 1769 φησὶ,
3433 1701 3559 1763 τοὺς
3597 1698 3864 1767 τοσαύτης
3885 1700 4026 1765 ἁγά-

2450 1806 2558 1857 πης
2591 1787 2687 1841 καὶ
2715 1787 2970 1857 προνοίας
3008 1789 3345 1859 ἠξιωμένους
3376 1789 3527 1858 παρὰ
3561 1788 3717 1841 Θεοῦ.
3748 1787 3841 1851 Τὸ,
3874 1806 3892 1837 ι
3927 1788 4027 1848 Τίς

764 1912 911 1951 nunc
954 1896 1125 1951 dicit:
1174 1914 1192 1943 ι
1251 1893 1387 1957 Quis
1426 1906 1525 1944 nos
1558 1888 1859 1959 separabit?
1894 1908 1912 1938 ι
1957 1887 2212 1956 repetitio
2260 1896 2343 1941 est

2451 1883 2594 1950 ἡμᾶς
2642 1882 2904 1951 χωρίσας
2947 1901 2965 1932 ι
3013 1882 3127 1945 τοῦ,
3184 1901 3202 1934 ι
3266 1881 3331 1934 Τί
3393 1876 3486 1935 οὖν
3545 1882 3819 1951 ὲροῢμεν;
3860 1880 4027 1933 »ἐστι

765 1988 911 2042 illius
936 1987 1065 2041 dicti
1093 2004 1107 2039 :
1146 2005 1163 2036 ι
1207 1984 1345 2050 Quid
1375 1998 1506 2053 ergo
1532 1981 1804 2035 dicemus?
1829 1999 1845 2030 ι
1873 1978 2343 2046 Quemadmodum

763 2089 819 2134 et
846 2081 956 2133 hoc
985 2094 999 2131 :
1026 2078 1190 2147 318
1214 2096 1231 2127 ι
1271 2076 1415 2129 Deus
1431 2082 1516 2128 est
1544 2073 1636 2142 qui
1659 2070 1943 2142 justiﬁcat,
1977 2071 2101 2141 quis
2131 2070 2221 2124 ille
2250 2071 2343 2139 qui

764 2171 1092 2226 condemnet
1116 2170 1138 2222 ?
1174 2188 1191 2221 ι
1212 2169 1360 2222 illius
1375 2164 1632 2236 repetitio
1648 2173 1734 2219 est
1758 2181 1770 2216 :
1796 2183 1813 2215 ι
1836 2163 1893 2218 Si
1912 2163 2055 2217 Deus
2071 2178 2169 2233 pro
2185 2162 2346 2217 nobis

765 2263 887 2333 quis
935 2274 1127 2316 contra
1175 2261 1315 2314 nos?
1349 2279 1366 2310 ι
1424 2258 1768 2325 Frequenter
1826 2256 1972 2309 enim
2028 2255 2342 2325 huiusmodi

768 2371 899 2409 usus
924 2363 1008 2408 est
1050 2353 1348 2415 schemate,
1374 2359 1599 2421 propter
1622 2347 2030 2417 consequentia:
2050 2348 2342 2401 circuitum

765 2451 822 2496 et
847 2440 1289 2510 amplitudinem.
1326 2439 1522 2493 Nullus
1551 2435 1698 2491 enim
1744 2435 1889 2504 quod
1921 2450 2021 2504 ego
2052 2435 2220 2489 sciam
2251 2444 2347 2489 aut

768 2543 1085 2587 nostrorum
1129 2541 1223 2585 aut
1270 2528 1581 2585 exteroru‘m
1613 2526 2072 2597 quemadmodum
2118 2541 2347 2596 magnus

770 2625 860 2678 hic
884 2625 1087 2678 Paulus
1118 2623 1291 2675 forma
1327 2621 1428 2675 ista
1462 2635 1597 2674 usus
1641 2628 1744 2672 est.
1780 2618 1857 2671 Ne
1904 2632 2033 2686 ergo
2064 2617 2117 2670 in
2149 2617 2347 2671 obseu-

770 2715 987 2769 ritatem
1032 2728 1215 2769 sermo
1250 2712 1417 2765 nimis
1465 2711 1569 2780 ipsi
1600 2710 1836 2768 excidat.
1876 2708 2138 2763 adhibitis
2178 2710 2343 2763 etiam

771 2819 905 2859 usus
979 2812 1063 2858 est
1154 2801 1596 2870 repetitionibus.
1657 2800 1891 2852 Possunt
1952 2805 2133 2850 autem
2214 2806 2269 2851 et
2314 2815 2344 2853 a

774 2893 997 2961 proprio
1022 2890 1294 2961 principio
1318 2887 1529 2942 desumi
1557 2888 1638 2942 hae
1669 2886 1971 2956 particula,
2005 2898 2065 2940 ut
2092 2902 2199 2939 non
2235 2888 2345 2939 sint

772 2985 939 3039 veluti
977 2983 1335 3051 repetitiones
1365 2996 1554 3035 eorum
1600 2996 1720 3048 quas
1751 2979 1895 3033 dicta
1922 2988 2098 3032 erant.
2140 2998 2157 3029 ι
2195 2979 2349 3033 Afﬂi-

774 3076 978 3137 ctione,
1003 3091 1069 3127 an
1096 3075 1367 3143 angustia.
1399 3082 1535 3126 ietc.
1558 3071 1674 3125 Non
1691 3070 2343 3140 dixitdivitias,gloriam,

773 3175 829 3219 et
868 3179 1211 3235 quatcunque
1268 3162 1411 3231 apud
1447 3162 1699 3215 homines
1749 3160 1893 3213 bona
1942 3161 2220 3223 videntur,
2250 3161 2343 3214 sed

2449 1974 2909 2043 ἐπαναληπτικὸν,
2940 1973 3130 2043 ὥσπερ
3156 1975 3252 2026 καὶ
3282 1974 3363 2037 τὸ,
3403 1993 3420 2023 ι
3452 1972 3585 2035 Θεὸς
3608 1976 3635 2025 ὁ
3660 1971 3908 2034 δικαιῶν,
3943 1973 4029 2031 τίς

2446 2066 2473 2117 ὁ
2499 2066 2871 2136 κατακρίνων;
2906 2084 2924 2117 ι
2958 2067 3074 2130 τοῦ,
3112 2084 3129 2115 ι
3162 2066 3222 2117 El
3276 2067 3305 2117 ὁ
3356 2066 3489 2127 Θεὸς
3542 2064 3682 2133 ὑπὲρ
3728 2064 3907 2134 ἡμῶν,
3941 2065 4029 2127 τίς

2447 2159 2567 2212 καθ’
2603 2160 2793 2229 miti»;
2823 2180 2840 2209 ι
2865 2160 3132 2229 κέχρηται
3156 2158 3267 2229 γὰρ
3288 2158 3366 2228 τῷ
3397 2158 3619 2227 τοιούτῳ
3638 2158 3875 2228 σχήματι
3895 2157 4030 2208 πολ-

2446 2251 2645 2321 λαχῶς,
2678 2251 2764 2303 διὰ
2792 2253 2891 2321 τὴν
2925 2252 3208 2319 συνέχειαν
3228 2251 3323 2319 τῆς
3358 2249 3669 2320 περιϐολῆς.
3702 2250 3887 2311 Οὐδεὶς
3917 2252 4031 2319 γὰρ

2450 2342 2634 2410 σχεδὸν
2671 2343 2769 2396 ὅσα
2795 2359 2857 2407 γε
2882 2342 2980 2409 ἐμὲ
3002 2342 3221 2403 εἰδέναι,
3254 2342 3377 2394 οὔτε
3410 2341 3518 2393 τῶν
3544 2339 3669 2393 καθ’
3701 2341 3868 2410 ἡμᾶς.
3900 2340 4029 2392 οὔτε

2446 2435 2554 2485 τῶν
2595 2434 2851 2504 Θύραθεν,
2903 2438 2968 2504 τῇ
3023 2435 3138 2504 ἰδέα
3187 2434 3358 2505 ταύτῃ
3409 2434 3482 2496 ὼς
3528 2436 3555 2486 ὁ
3606 2434 3778 2501 μέγας
3814 2433 4033 2495 Παῦλος

2447 2527 2738 2596 ἐχρήσατο.
2768 2525 2885 2580 Ἵνα
2908 2522 3003 2579 οὖν
3042 2525 3118 2596 μὴ
3150 2529 3231 2590 εἰς
3253 2527 3313 2578 τὸ
3361 2526 3569 2593 ἀσαφὲς
3590 2524 3737 2587 αὐτῷ
3768 2526 4034 2578 ὲκπίπτοι

2447 2619 2566 2671 λίαν
2606 2621 2633 2671 ὁ
2662 2619 2839 2685 λόγος,
2867 2620 2959 2672 καὶ
3002 2622 3120 2681 ταῖς
3175 2617 3545 2687 ὲπαναλήψεσι
3591 2619 4032 2689 προσεχρήσατο.

2447 2710 2678 2764 Δύναται
2712 2710 2767 2762 δὲ
2799 2711 2893 2762 καὶ
2918 2711 2991 2771 ὡς
3024 2710 3131 2762 ἀπὸ
3163 2710 3293 2770 ἰδίας
3329 2710 3502 2780 ἀρχῆς
3539 2710 3605 2761 τὰ
3634 2710 3807 2779 χωρία
3853 2708 4036 2762 ταῦτα

2447 2800 2725 2869 εἰλῆφθαι,
2752 2801 2848 2853 καὶ
2886 2802 2959 2871 μὴ
3000 2801 3071 2863 ὡς
3100 2801 3518 2870 ὲπαναληπτικὰ
3558 2800 3667 2850 τῶν
3697 2799 4030 2867 εἰρημένων.

2454 2913 2472 2944 ι
2519 2894 2737 2961 Θλίψις,
2792 2893 2824 2963 ἦ
2889 2895 3239 2961 στενοχωρία,
3277 2913 3293 2941 ι
3320 2893 3414 2944 καὶ
3457 2892 3524 2944 τὰ
3564 2891 3710 2959 ἑξῆς.
3770 2891 3883 2942 Οὐκ
3906 2886 4032 2942 εἷπε

2450 2988 2728 3056 γρήματα,
2759 2986 2937 3048 δόξαν,
2975 2987 3072 3037 καὶ
3096 2987 3193 3037 ὅσα
3222 2986 3369 3053 παρὰ
3411 2987 3517 3046 τοῖς
3550 2982 3855 3052 ἀνθρώποις
3882 2984 4036 3035 δοκεί

2448 3077 2608 3135 καλὰ,
2652 3076 2768 3127 ἁλλ’
2818 3078 3006 3127 ἐκεῖνα
3042 3076 3199 3127 ᾶτινα
3231 3076 3322 3127 καὶ
3377 3074 3661 3143 βιάζεσῡαι
3691 3074 3903 3139 πέφυκε
3930 3076 4034 3141 τὴν

2451 3168 2801 3237 ἀνθρωπίνην
2842 3168 3023 3234 φύσιν.
3092 3167 3165 3219 Τὸ
3200 3167 3255 3217 δὲ
3291 3165 3388 3234 τῆς
3437 3165 3668 3233 Θλίψεως
3707 3165 3901 3232 ὄνομα,
3950 3166 4034 3226 είς

776 3257 869 3311 illa
900 3256 1081 3325 potius
1117 3270 1237 3323 qua:
1272 3254 1437 3308 etiam
1474 3251 1580 3305 vim
1610 3251 1813 3305 inferre
1851 3260 1975 3303 nata
2012 3258 2139 3302 sunt
2162 3250 2343 3303 huma-

2456 3260 2625 3311 πολλὰ
2653 3257 2927 3327 δηλοῦται,
2960 3256 3223 3323 φυλακαὶ,
3266 3255 3509 3318 ἁλύσεις,
3551 3256 3777 3325 ἐξορίαι,
3817 3258 3909 3306 καὶ
3930 3254 4033 3306 ὅσα

777 3363 861 3402 nae
904 3357 1129 3400 naturae.
1183 3345 1393 3398 Nomen
1458 3350 1639 3395 autem
1695 3340 2003 3394 amictionis
2058 3340 2111 3393 in
2163 3340 2349 3393 multis

776 3441 1193 3495 manifestatur:
1227 3435 1409 3505 qualia
1440 3442 1566 3488 sunt
1590 3448 1860 3495 carceres,
1893 3433 2136 3497 vincula,
2160 3433 2349 3487 exsilia

777 3541 834 3586 et
887 3544 1226 3599 quzecunque
1266 3536 1395 3581 sunt
1428 3525 1764 3596 huiusmodi.
1821 3543 1838 3575 ι
1883 3523 2038 3578 Sicut
2083 3527 2349 3593 scriptum

780 3631 881 3676 est.
915 3640 932 3670 ι
960 3619 1292 3675 Confusione
1311 3618 1500 3671 volens
1515 3632 1611 3672 eos
1636 3616 1938 3678 adhortari,
1976 3616 2349 3668 testimonium

780 3713 1025 3767 adduxit.
1066 3711 1197 3766 Nam
1231 3710 1275 3763 si
1311 3710 1365 3763 in
1396 3708 1570 3762 veteri
1608 3717 1935 3761 testamento
1969 3708 2019 3760 vi
2050 3723 2135 3761 am
2165 3708 2349 3777 despi-

782 3805 1022 3865 ciebant,
1062 3802 1264 3870 quibus
1316 3810 1533 3853 terrena
1582 3808 1739 3851 crant
1781 3798 2000 3867 preemia
2032 3810 2093 3852 et
2137 3814 2259 3868 qua:
2296 3800 2350 3854 in

783 3907 929 3951 terra
956 3894 1374 3964 possidebantur
1403 3909 1415 3944 :
1443 3898 1650 3960 quanto
1678 3890 1848 3958 magis
1874 3906 1972 3942 nos
2000 3891 2093 3958 qui
2123 3906 2351 3961 regnum

784 3988 1045 4041 ccelorum
1117 3985 1171 4039 in
1242 3984 1490 4037 laborum
1556 3981 1975 4034 retributionem
2046 3982 2351 4036 habemus?

793 4093 810 4126 ι
849 4076 1075 4143 Propter
1107 4083 1175 4127 te.
1214 4091 1231 4122 ι
1272 4069 1607 4125 'l‘estimonio
1677 4068 1963 4125 conﬁrmat
2018 4086 2350 4126 sermonem.

793 4182 812 4215 ι
851 4165 990 4218 Toto
1016 4164 1123 4216 die.
1148 4181 1166 4213 ι
1189 4160 1469 4229 Contingit
1491 4160 1635 4212 enim
1658 4171 1715 4213 ut
1734 4162 2015 4214 voluntate
2038 4161 2354 4229 frequenter

787 4253 841 4306 in
870 4252 959 4305 die
993 4252 1319 4304 moriantur.
1358 4249 1467 4302 Aut
1498 4257 1611 4301 toto
1645 4248 1757 4310 die,
1808 4248 1860 4300 id
1900 4258 2003 4311 est,
2036 4265 2132 4317 per
2180 4259 2353 4303 totum

785 4346 953 4402 diem.
983 4344 1095 4397 sive
1148 4359 1245 4411 per
1288 4350 1455 4395 totam
1488 4341 1680 4395 vitam.
1709 4340 1915 4394 Unicus
1962 4358 2196 4410 namque
2236 4343 2355 4397 dies

784 4446 870 4491 est
900 4436 1153 4489 universa
1210 4434 1491 4487 hominum
1534 4434 1664 4485 vita.
1721 4452 1737 4482 ι
1772 4433 2026 4501 Reputati
2060 4448 2249 4487 sumus
2282 4434 2356 4488 si-

787 4534 880 4580 cut
907 4540 1057 4579 oves.
1096 4543 1115 4575 »
1144 4522 1432 4586 Omnibus,
1481 4521 1680 4589 inquit,
1725 4522 1791 4574 ad
1844 4520 2097 4590 injuriam
2130 4524 2354 4592 exponi-

2457 3349 2701 3402 τοιαῦτα.
2762 3368 2779 3398 ι
2833 3347 3027 3410 Καθὼς
3074 3349 3404 3417 γέγραπται.
3442 3365 3459 3397 ι
3490 3346 3779 3417 Ἐντρέψαι
3833 3346 4033 3406 αὐτοῦς

2461 3441 2799 3510 βουλόμενος,
2851 3441 3025 3510 ἤγαγε
3075 3441 3173 3510 τὴν
3222 3440 3552 3509 μαρτυρίαν.
3602 3438 3666 3491 El
3713 3439 3821 3507 γὰρ
3865 3440 3923 3490 ὲν
3963 3441 4032 3506 τῇ

2458 3534 2693 3601 Παλαιᾷ,
2748 3533 2902 3601 φησὶ,
2952 3531 3095 3602 ζωῆς
3148 3533 3535 3600 κατεφρόνουν,
3581 3528 3665 3595 οἷς
3707 3531 3776 3583 τὰ
3820 3531 4033 3583 ἔπαθλα

2458 3628 2620 3691 γήϊνα
2673 3625 2765 3675 καὶ
2808 3623 2877 3675 τὰ
2933 3625 2990 3674 ἐν
3016 3625 3080 3691 τῇ
3119 3627 3189 3691 γῇ
3230 3622 3428 3688 ἀγαθὰ,
3460 3624 3608 3692 πόσῳ
3636 3622 3835 3690 μᾶλλον
3869 3623 4033 3691 ἡμεῖς

2458 3712 2745 3781 ὀφείλομεν
2766 3712 2814 3762 οἱ
2846 3711 2942 3777 τὴν
2967 3709 3245 3778 βασιλείαν
3273 3712 3378 3760 τῶν
3413 3710 3659 3778 οὐρανῶν
3682 3709 3899 3778 ἔχοντες
3920 3710 4033 3760 τῶν

2462 3803 2639 3855 πόνων
2672 3800 2946 3870 ἀμοιϐήν;
2978 3819 2994 3849 ι
3025 3799 3234 3852 Ἐνεκά
3284 3814 3398 3850 σου.
3440 3819 3458 3849 ι
3504 3800 3582 3869 Τῇ
3640 3801 3917 3869 μαρτυρξᾳ
3940 3801 4035 3850 τὸν

2460 3890 2614 3957 λόγον
2647 3889 2950 3942 πιστοῦται.
2985 3907 3002 3938 ι
3049 3887 3216 3955 Ὅλην
3262 3889 3362 3958 τὴν
3404 3887 3640 3957 ἡμέραν.
3681 3907 3700 3939 ι
3728 3888 3882 3940 Ἐστι
3920 3889 4032 3958 γὰρ

2459 3983 2525 4051 τῇ
2550 3982 2864 4051 προαιρέσει
2887 3980 3149 4042 πολλάκις
3169 3980 3262 4049 τῆς
3284 3980 3498 4049 ἡμέρας
3516 3979 3827 4033 ἀποθανεῖν.
3856 3980 3926 4032 Ἦ
3946 3983 4032 4044 τί,

2467 4091 2485 4122 ι
2516 4072 2686 4142 Ὅλην
2706 4071 2804 4143 τὴν
2835 4074 3071 4142 ἡμέραν,
3106 4091 3124 4122 ι
3151 4071 3274 4123 ἀντὶ
3291 4071 3408 4133 τοῦ,
3436 4071 3503 4124 δι’
3522 4072 3648 4140 ὅλης
3670 4070 3771 4137 τῆς
3794 4072 4032 4143 ἡμέρας,

2461 4165 2581 4234 ἢτοι
2604 4165 2670 4215 δι’
2694 4165 2817 4216 ὅλου
2870 4163 2965 4216 τοῦ
3020 4164 3155 4233 βίου.
3203 4164 3417 4233 Ἡμέρα
3459 4164 3577 4233 γὰρ»
3602 4164 3698 4231 μία
3724 4165 3842 4215 ἐστὶ
3874 4166 3983 4225 πᾶς
4008 4166 4038 4214 ὁ

2461 4256 2569 4307 τῶν
2602 4254 2904 4324 ἀνθρώπων
2938 4255 3072 4323 βίος.
3107 4274 3125 4307 ι
3155 4255 3549 4324 Ἐλογίσθημεν
3587 4255 3660 4316 ὡς
3690 4254 3963 4323 πρόϐατα.
4009 4274 4027 4305 ι

2468 4348 2631 4411 Πᾶσι,
2660 4348 2844 4417 φησὶν,
2876 4350 2955 4408 εἰς
2978 4349 3039 4399 τὺ
3076 4347 3281 4402 ἀδικεῖν
3334 4346 3692 4416 προκείμεθα,
3724 4350 3773 4399 οἱ
3799 4348 4037 4400 ἀπόστο-

2462 4436 2562 4500 λοι,
2598 4436 2756 4506 δῆλον
2783 4436 2857 4499 ὼς
2887 4437 3131 4507 πρόϐατα
3155 4436 3493 4506 σφαζόμενα.
3529 4437 3604 4507 μὴ
3634 4438 4032 4505 ἀντιλέγοντες.

2472 4545 2489 4577 ι
2513 4528 2651 4579 Ἀλλ’
2681 4530 2741 4579 ἐν
2765 4528 2975 4591 τούτοις
3000 4530 3166 4581 πᾶσιν
3184 4529 3592 4597 ὑπερνικῶμεν.
3630 4547 3647 4578 ι
3673 4528 4036 4598 Ἐπαίρειτὺν

788 4634 930 4671 mur.
965 4614 1307 4669 Manifestum
1348 4622 1431 4667 est
1460 4612 1605 4682 quod
1652 4612 1881 4681 apostoli
1931 4622 2185 4682 tanquam
2229 4630 2343 4667 ove:

2464 4617 2759 4689 ἀκροατὴν,
2816 4619 2901 4669 ἵνα
2946 4620 3020 4687 μὴ
3077 4612 3365 4690 καταπέσῃ
3426 4617 3606 4685 Θλίψιν
3654 4618 3895 4679 ἀκούσας
3944 4618 4035 4670 καῖ

787 4716 944 4762 erant
966 4723 1085 4775 quae
1117 4712 1423 4758 mactantur
1445 4704 1583 4757 nihil
1609 4703 2070 4757 contradicentes.
2102 4722 2119 4754 ι
2156 4703 2261 4758 Sed
2302 4706 2343 4758 in

2454 4708 2695 4777 διωγμὸν
2729 4708 2823 4762 καὶ
2850 4710 2952 4762 ὅσα
2974 4706 3118 4775 εἶπε,
3147 4709 3239 4761 καί
3270 4726 3409 4778 φησι
3435 4724 3448 4738 ⁶
3490 4727 3510 4759 ι
3550 4710 3774 4761 Πάντων
3802 4708 4039 4779 κρατοῦ-

791 4798 874 4850 his
906 4796 1161 4849 onmihus
1197 4793 1657 4863 supervincimus.
1692 4813 1710 4844 ι
1744 4793 2063 4847 Auditorem
2093 4794 2256 4865 erigit
2289 4812 2343 4849 nt

2459 4818 2558 4869 μεν
2582 4802 2763 4871 χάριτι
2784 4802 3045 4871 Χριστοῦ.
3074 4821 3092 4852 ι
3131 4804 3240 4855 Καὶ
3274 4802 3376 4854 οὐκ
3400 4796 3551 4864 εἶπε,
3581 4802 3859 4870 Νικῶμεν,
3898 4803 4042 4868 ἀλλ’,

789 4887 1041 4943 concidat
1063 4887 1291 4940 audiens
1317 4886 1658 4946 aliiictiones,
1686 4885 2092 4955 persecutiones
2119 4896 2176 4940 et
2207 4902 2343 4955 qua:-

2464 4910 2482 4942 ι
2532 4892 2966 4963 ⁹Υπερνικῶμεν,
3005 4913 3023 4944 ι
3052 4894 3320 4959 τουτέστι,
3347 4892 3426 4946 Δι’
3450 4887 3525 4947 ὧν
3552 4893 4059 4963 ὲπιδουλευόμεθαρ

790 4994 1007 5048 cunque
1032 4978 1189 5041 dixit,
1213 4987 1268 5031 et
1298 4978 1413 5032 ait:
1453 4996 1469 5026 ι
1511 4976 1704 5031 Omnia
1740 4992 1836 5045 per
1880 4976 2082 5032 Christi
2128 4979 2343 5047 gratian

2459 4985 2899 5053 στεφανούμεθα.
2943 4987 3034 5056 Μὴ
3083 4987 3243 5054 μόνον
3289 4987 3350 5039 οὐ
3412 4986 3833 5055 κατάπίπτομεν
3879 4987 4045 5040 πολε-

791 5085 1133 5141 superamus.
1187 5088 1205 5118 ι
1242 5069 1353 5123 Nec
1374 5069 1510 5122 dixit
1542 5069 1884 5132 :Vincimus,
1936 5069 2031 5123 sed
2062 5069 2343 5138 Supervin

2469 5076 2749 5145 μούμενοι,
2794 5079 2928 5130 ἀλλὰ
2958 5083 3050 5131 καὶ
3078 5080 3508 5147 στεφανούμεθα.
3530 5079 3592 5130 Οἱ
3620 5077 4045 5148 γὰρὲπίδουλοι,

792 5163 999 5224 cimus;
1031 5162 1137 5215 hoc
1158 5168 1261 5223 est,
1289 5176 1385 5229 per
1404 5175 1499 5213 eos
1524 5175 1553 5213 a
1585 5160 1785 5229 quibus
1810 5159 2121 5228 appetimur
2143 5159 2343 5213 insidii:

2468 5167 2715 5235 πρόξενοι
2768 5170 3048 5236 στεφάνων
3109 5171 3241 5239 ἡμῖν
3296 5172 3557 5236 γίνονται,
3595 5171 3663 5222 ἂν
3700 5170 4047 5240 εὐχαρίστως

791 5266 1119 5304 coronamur
1148 5269 1161 5303 :
1186 5251 1331 5304 bello
1354 5250 1587 5303 lacessiti
1618 5265 1728 5303 non
1753 5251 1929 5305 solum
1964 5265 2075 5303 non
2107 5265 2361 5304 suceum-
2470 5259 2747 5328 φέρωμεν,

792 5347 993 5408 bimus,
1013 5346 1107 5401 sed
1139 5347 1305 5400 etiam
1332 5362 1683 5402 coronamur.
1755 5346 1889 5400 Nam
1936 5345 2288 5399 ins:diatorc3
2355 5361 2587 5407 coronas
2646 5354 2806 5408 nobis
2881 5357 3177 5409 conciliant
3227 5357 3273 5409 si
3342 5358 3505 5411 modo
3552 5366 3707 5425 grato
3748 5357 3936 5410 animo
3964 5357 4051 5410 τοι

793 5454 1003 5492 1⁸41111115.

865 5532 995 5590 \‘lll.
1049 5530 1135 5592 '58,
1169 5529 1256 5581 39.
1285 5531 1416 5581 Nam
1456 5542 1764 5596 persuasum
1804 5524 1966 5578 habeo
2015 5524 2153 5593 quod
2196 5540 2365 5591 neque

794 5640 953 5685 mors,
988 5639 1147 5691 neque
1178 5624 1306 5683 vita,
1358 5637 1519 5688 neque
1546 5617 1757 5689 Angeli,
1802 5633 1967 5685 neque
2005 5617 2363 5687 Principatus,

795 5730 959 5784 neque
988 5714 1294 5773 Potestates,
1326 5727 1490 5780 neque
1534 5711 1807 5773 instantia,
1840 5725 2002 5778 neque
2033 5714 2235 5776 futura,
2276 5724 2367 5761 ne-

793 5822 890 5873 que
909 5805 1155 5869 altitudo,
1179 5820 1340 5872 neque
1362 5803 1716 5873 profunditas,
1743 5818 1905 5871 neque
1932 5801 2046 5855 ulla
2076 5802 2187 5855 alia
2216 5819 2369 5856 crea-

2539 5531 2864 5598 Πέπεισμιιι
2880 5533 2985 5598 γὰρ
3002 5530 3089 5583 ὅτι
3109 5532 3247 5585 οὔτε
3280 5531 3552 5596 θάνατος,
3588 5535 3724 5585 οὔτε
3746 5532 3879 5598 ζωὴ,
3904 5536 4055 5588 οὔτε

2467 5620 2730 5688 ἄγγελοι,
2754 5622 2891 5675 οὔτε
2910 5623 3109 5689 ἀλκαὶ,
3126 5624 3265 5674 οὔτε
3284 5620 3587 5691 δυνάμεις,
3617 5625 3754 5677 οὔτε
3788 5626 4027 5678 ἐνεστὼ
4043 5661 4055 5668 .

2470 5727 2561 5771 τα,
2584 5712 2722 5764 οὔτε
2747 5711 3073 5781 μέλλοντα,
3096 5715 3234 5766 οὔτε
3260 5715 3646 5783 ὒςρ·ωμιι,οῦτε
3660 5717 3872 5781 βάθος,
3906 5720 4055 5771 ου’-τε

2471 5820 2560 5867 τις
2582 5805 2777 5871 κτίσις
2806 5804 2975 5873 ἑτέρα
2997 5804 3321 5872 δυνήσεται
3348 5807 3497 5876 ἡμᾶς
3522 5812 3769 5877 χωρίσαι
3795 5810 3918 5863 ἀπὸ
3938 5811 4053 5878 τῆς
