4196 6468
789 395 893 454 48')

1859 397 2258 456 (liCUMlﬁNll
2297 397 2588 456 TlllCC.E
2628 398 2970 458 El’lStIOPl

3935 397 4045 460 500

788 509 926 562 nihil
954 523 1207 578 separare
1252 511 1744 580 potest,quum:ido
1787 514 1900 580 ipse
1933 515 2074 563 ultro
2099 509 2351 571 disredil,

2484 511 2551 560 εαὶ
2575 511 2744 562 ταῦτα
2764 512 2902 580 ὑπὲρ
2916 510 3024 563 τῶν
3046 510 3386 580 κατα“σάρκα
3407 510 3717 578 συγγενῶνς
3750 509 3844 564 καὶ
3865 509 3926 562 οὒ
3948 516 4050 579 μό⁶

792 602 955 669 ιτὶψιε
1001 610 1226 668 propter
1268 611 1530 671 cognatos
1580 600 1883 654 secundmn
1931 602 2196 654 carnem?
2250 601 2362 655 Nec

789 691 964 743 solum
993 691 1136 744 ultro
1161 700 1466 760 separatur,
1493 691 1587 745 sed
1617 701 1672 745 et
1705 692 2044 760 concupiscit
2074 708 2139 746 ac
2175 694 2358 762 requi-

793 782 862 834 rit
893 793 942 833 et
974 793 1127 851 optat
1158 783 1400 851 separari
1450 798 1478 835 a
1508 782 1602 836 Dei
1647 783 1941 836 dilectione
1970 803 1980 836 :
2035 804 2051 834 ι
2091 784 2360 854 Optat-im,

790 872 990 940 inquit,
1031 889 1130 943 ego
1166 875 1279 942 ipse
1329 874 1618 927 anathema
1655 889 1776 928 esse
1805 890 1833 926 a
1867 873 2107 929 Christo.
2148 895 2165 926 ι
2221 875 2362 941 Quid

790 965 957 1031 igitur
989 975 1070 1018 est
1120 965 1262 1017 hoc?
1296 965 1580 1030 Quomodo
1617 965 1936 1033 contingent
1973 982 2036 1018 ea
2076 982 2198 1034 qua:
2236 977 2366 1021 sunt

789 1055 1188 1124 impossibilia?
1227 1056 1467 1108 Primum
1512 1055 1732 1124 quidem
1798 1056 2031 1108 dicimus
2087 1056 2203 1110 lure
2255 1073 2364 1110 non

786 1163 906 1201 csse
933 1147 1224 1201 contraria.
1256 1148 1443 1217 Neque
1467 1150 1612 1201 enim
1637 1147 1973 1200 contrarium
1998 1159 2082 1202 est
2113 1149 2186 1201 ita
2211 1150 2366 1201 Chri-

788 1249 930 1291 stum
955 1238 1205 1308 diligere,
1243 1248 1295 1292 ut
1335 1256 1509 1308 neque
1542 1252 1638 1306 per
1674 1238 2027 1308 supplicium,
2062 1253 2238 1305 neque
2269 1252 2366 1305 per

790 1331 952 1383 ullam
997 1331 1412 1399 promissionem
1458 1331 1702 1398 separari
1735 1330 1910 1394 possis
1947 1329 2014 1382 ab
2057 1330 2176 1397 ejus
2227 1328 2364 1380 dile-

788 1425 993 1486 ctione,
1051 1433 1106 1477 et
1181 1424 1257 1477 ita
1338 1423 1569 1490 diligere
1651 1424 1980 1492 proximum,
2065 1430 2125 1473 ut
2197 1420 2368 1489 ipsius

787 1516 1021 1568 salutem
1047 1516 1310 1584 a-qnalem
1344 1515 1514 1569 ducas
1549 1515 1767 1584 proprie
1791 1513 1951 1566 saluti
1988 1513 2096 1566 imo
2120 1521 2173 1566 et
2195 1513 2368 1581 majo«

791 1625 929 1662 rem.
985 1609 1100 1663 Non
1140 1616 1268 1662 sunt
1314 1624 1446 1676 ergo
1495 1607 1608 1660 hare
1657 1607 1952 1666 contraria,
2003 1607 2135 1675 quin
2187 1607 2370 1674 potius

788 1700 894 1753 sibi
955 1700 1188 1753 invicem
1235 1700 1398 1753 etiam
1448 1697 1771 1751 conformia.
1821 1697 1955 1750 Nam
2000 1697 2093 1764 qui
2142 1696 2366 1750 fratrem

789 1808 947 1846 suum
969 1792 1162 1862 diligit,
1189 1791 1478 1844 Dominum
1504 1805 1724 1858 quoque
1751 1789 1948 1857 diligit,
1981 1797 2035 1840 et
2060 1802 2090 1840 e
2124 1788 2361 1840 diverso.

797 1903 814 1934 ι
865 1884 920 1936 ln
966 1883 1088 1945 hoc,
1115 1881 1309 1951 inquit,
1343 1887 1676 1950 cognoscent
1707 1894 1900 1933 omnes
1928 1877 2074 1948 quod
2122 1878 2228 1932 mei
2255 1877 2356 1930 dis-

791 1975 959 2043 cipuli
1000 1974 1119 2028 sitis
1167 1974 1211 2028 si
1249 1973 1558 2028 dilexeritis
1593 1972 1827 2026 invicem
1853 1972 1915 2024 ³’.
1973 1991 1988 2021 ι
2039 1969 2155 2039 Ipse
2201 1968 2366 2023 etiam

792 2067 994 2120 Paulus
1030 2066 1198 2118 dicit:
1253 2084 1270 2116 ι
1321 2064 1610 2118 Plenitudo
1651 2063 1788 2132 legis
1824 2073 1908 2116 est
1955 2062 2176 2116 dilectio
2219 2062 2284 2115 ³⁸.
2345 2081 2363 2113 ι

798 2159 1145 2226 Rursumque
1176 2159 1440 2212 Dominus
1469 2157 1535 2210 de
1563 2155 1856 2209 dilectione
1887 2154 1940 2207 in
1968 2155 2138 2208 Deum
2173 2163 2226 2207 et
2245 2169 2370 2221 pro-

793 2250 999 2302 ximum
1025 2269 1035 2302 :
1061 2268 1076 2300 ι
1111 2248 1169 2302 1η
1199 2249 1304 2311 his,
1337 2249 1534 2317 inquit,
1558 2247 1774 2300 duobus
1802 2245 2091 2315 praeceptis
2115 2244 2371 2299 universa

792 2342 879 2396 lex
911 2351 967 2395 et
1001 2342 1279 2412 propheta:
1323 2340 1562 2410 pendent
1591 2341 1656 2406 ³⁹,
1689 2360 1706 2390 ι
1751 2339 1908 2408 321
1944 2349 2004 2392 ut
2037 2355 2158 2408 qua:
2207 2349 2374 2408 caput

794 2445 922 2490 sunt
948 2436 1194 2489 oiunium
1226 2434 1483 2499 aliorum,
1515 2420 1828 2488 dilectionis
1855 2443 1910 2486 et
1944 2433 1996 2486 in
2024 2433 2193 2487 Deum
2229 2444 2284 2487 et
2316 2435 2370 2488 in

795 2529 1124 2598 proximum.

867 2619 1068 2689 Utique
1107 2619 1252 2674 dicet
1299 2617 1538 2687 aliquis:
1592 2615 1759 2684 Atqui
1810 2615 1914 2670 hoc
1971 2617 2092 2671 loco
2158 2618 2375 2672 videtur

797 2725 1116 2780 praeponere
1146 2708 1496 2763 dilectionem
1529 2707 1901 2778 proximorum
1938 2706 2217 2762 dilectioni
2245 2724 2374 2779 erga

800 2805 969 2858 lleum
1000 2822 1012 2855 :
1046 2812 1103 2857 et
1148 2802 1296 2856 hunc
1324 2809 1476 2870 optat
1506 2815 1725 2870 negare,
1773 2809 1832 2854 ut
1863 2800 1985 2854 illos
2017 2800 2324 2856 lucrifaciat
2358 2818 2373 2856 :

797 2896 1050 2950 Christus
1078 2910 1206 2950 vero
1234 2893 1402 2949 dicit:
1433 2913 1451 2942 ι
1480 2891 1581 2958 Qui
1611 2900 1756 2946 amat
1778 2902 1985 2961 patrem
2021 2901 2117 2946 aut
2146 2903 2376 2948 matrem

799 3004 966 3058 supra
997 3002 1104 3052 me,
1124 3001 1232 3040 non
1257 2995 1340 3040 est
1361 2985 1557 3054 dignus
1579 2985 1642 3037 ‘°.
1683 3002 1701 3034 ι
1726 2986 1792 3037 At
1823 2997 1931 3037 non
1961 2991 2044 3036 est
2078 2983 2181 3038 hoc
2213 2999 2379 3054 supra

798 3078 1080 3132 Christum
1102 3090 1306 3130 amare.
1333 3074 1466 3128 Nam
1495 3072 1626 3142 quid
1646 3081 1765 3125 erat
1787 3072 1907 3126 illos
1933 3073 2156 3126 amare?
2183 3086 2380 3143 nempe

2471 619 2558 652 νον
2591 602 2860 663 ἐκουσίως
2885 601 3200 671 χωρίζεται,
3230 602 3365 654 ἀλλά
3393 603 3490 655 καὶ
3519 601 3781 670 ἐπιθυμεῖ
3802 600 3899 654 καὶ
3920 602 4049 653 ἐπι-

2467 694 2642 762 ζητεῖ,
2671 694 2767 746 καὶ
2795 694 3012 764 εΰχεται
3038 695 3370 766 χωρισθῆναι
3398 694 3740 764 τῆ;’ἀγάπης
3786 691 3878 746 τοῦ
3909 693 4049 763 Χρι-

2469 785 2619 842 στοῦ.
2651 787 2942 855 «Ηίοχόμην
2965 787 3092 855 γὰρ,
3119 787 3483 855 φησὶν,μῦτὸς
3513 786 3624 853 ἐγὼ
3639 784 3882 853 ἀνάθεμα
3903 779 4046 836 εἶναι

2468 880 2574 930 ἀπὸ
2599 878 2693 930 τοῦ
2720 878 2979 947 Χριστοῦ.
3005 898 3022 928 ι
3041 875 3543 944 Τίοῦνέστιτοῦτος
3564 877 4048 945 Πῶςσυμϐήσεται

2469 970 2923 1042 τάάσὺμ6α[ν]τα
2944 989 2958 1037 ;
2979 971 3197 1039 Πρῶτον
3214 973 3312 1040 μέν
3331 988 3510 1040 φαμεν
3531 971 3614 1022 ὅτι
3631 971 3727 1022 οὐκ
3743 969 3856 1021 ἔστι
3870 967 4048 1021 ταῦτα

2469 1063 2708 1116 ἐναντία.
2752 1064 2826 1115 Οὐ
2856 1063 2964 1132 γάρ
2996 1066 3146 1115 ἐστιν
3185 1062 3426 1114 ἐναντίον
3457 1064 3516 1114 τδ
3546 1063 3767 1130 ἀγαπᾷν
3796 1060 3887 1110 τὸν
3906 1060 4048 1128 Χρι-

2472 1158 2594 1208 στὸν
2620 1154 2818 1218 οὕτως.
2846 1153 2987 1206 ὥστε
3034 1157 3168 1223 μήτε
3203 1155 3290 1207 διὰ
3317 1153 3615 1216 κολάσεως,
3652 1155 3788 1221 μήτε
3809 1153 3878 1204 δι’
3912 1152 4050 1204 ὑπο-

2471 1249 2709 1317 σχέσεως
2745 1249 2924 1316 πάσης
2956 1247 3290 1314 ἀφίστασθαι
3347 1247 3446 1316 τῆς
3478 1246 3700 1312 ἀγάπης
3727 1243 3914 1305 αὑτοῦ,
3953 1245 4051 1294 καὶ

2469 1343 2530 1394 τὸ
2558 1342 2780 1410 ἀγαπᾷν
2834 1341 2924 1392 τὸν
2969 1339 3199 1405 πλησίον
3224 1337 3419 1400 οὕτως,
3464 1337 3606 1389 ῶστε
3640 1336 3737 1406 τὴν
3773 1333 4052 1402 σωτηρίαν

2471 1435 2651 1492 αὐτῶν
2679 1434 2800 1502 ίσην
2827 1434 2921 1485 καὶ
2948 1431 3169 1500 μείζονα
3187 1433 3287 1500 τῆς
3317 1429 3451 1492 ιδίας
3469 1429 3724 1499 ἡγεῖσθαι
3750 1427 4050 1496 σωτηρίας.

2471 1527 2681 1578 Οὐκοῦν
2713 1525 2890 1579 ταῦτα
2923 1526 3162 1586 ἐναντία,
3195 1522 3332 1575 άλλά
3362 1522 3457 1574 καὶ
3488 1519 3687 1590 μᾶλλον
3727 1518 4050 1587 συνᾴδοντα.

2485 1618 2542 1672 Ὀ
2573 1617 2681 1686 γὰρ
2715 1616 2946 1683 ἀγαπῶν
2990 1616 3081 1666 τὸν
3111 1613 3342 1681 ἀδελφὺν
3375 1611 3563 1674 αὑτοῦ,
3603 1610 3793 1678 ἀγαπᾷ
3828 1608 3922 1659 καὶ
3953 1605 4049 1658 τὸν

2472 1710 2773 1776 Δεσπότην,
2798 1707 2892 1760 καὶ
2926 1706 3184 1775 ἔμπαλιν.
3225 1723 3242 1755 ι
3277 1704 3387 1756 Καὶ
3433 1705 3492 1755 ἐν
3543 1701 3720 1770 τούτῳ
3747 1699 4054 1766 γνώσονται

2473 1804 2674 1865 πάντες
2699 1799 2929 1869 ὃτιέμοὶ
2986 1796 3227 1867 μαθηταί
3269 1797 3416 1858 ἐστε,
3465 1795 3559 1846 ἐὰν
3605 1791 3852 1859 ἀγαπᾶτε
3881 1788 4054 1856 ἀλλή-

2471 1898 2616 1957 λους.
2659 1913 2676 1945 ι
2708 1893 2821 1946 Καὶ
2851 1891 3012 1951 αὐτὸς
3059 1892 3087 1942 ὁ
3139 1887 3348 1950 [Ῑαῦλὸς
3378 1902 3512 1955 φησι
3547 1899 3561 1912 ⁸
3609 1902 3627 1934 ι
3655 1883 3931 1954 Πλήρωμα
3955 1877 4054 1931 τοῦ

2473 1988 2663 2057 νόμου,
2700 1986 2734 2055 ἡ
2765 1986 2976 2052 ἀγάπη.
3027 2001 3044 2032 ι
3076 1981 3187 2033 Καὶ
3216 1979 3245 2030 ὁ
3275 1977 3480 2047 Κύριος
3503 1975 3665 2028 πάλιν
3687 1973 3814 2043 περὶ
3840 1971 3938 2040 τῆς
3974 1971 4055 2032 εἰς

2471 2081 2606 2134 Θεὸν
2631 2078 2854 2146 ἀγάπης
2877 2076 2970 2129 καὶ
2998 2073 3098 2141 τῆς
3121 2072 3198 2134 είς
3223 2071 3314 2123 τὸν
3343 2067 3593 2137 πλησίον,
3623 2085 3641 2116 ι
3677 2066 3767 2117 Ἐν
3798 2062 4054 2126 ταύταις,

2475 2173 2634 2242 φησι,
2665 2174 2787 2234 ταῖς
2819 2169 2974 2223 δυσὶν
3003 2166 3270 2228 ἐντολαῖς,
3300 2163 3419 2226 ὅλος
3443 2162 3471 2214 ὁ
3490 2160 3668 2231 ’νόμος
3699 2157 3793 2212 καὶ
3841 2159 3888 2210 οί
3920 2174 4060 2225 προ-

2475 2269 2663 2337 φῆται,
2701 2285 2719 2317 ι
2747 2265 2822 2328 ὡς
2848 2261 3146 2331 κεφάλαιον
3197 2257 3387 2319 οὔσαις
3444 2256 3552 2308 τῶν
3605 2253 3779 2308 ἄλλων
3807 2252 4056 2312 πάντων,

2475 2361 2572 2430 τῆς
2599 2377 2656 2412 τε
2684 2359 2764 2422 εἰς
2795 2356 2930 2410 Θεὸν
2959 2353 3056 2408 καὶ
3085 2352 3184 2422 τῆς
3213 2352 3288 2414 είς
3312 2349 3404 2402 τὸν
3433 2348 3660 2417 πλησίον
3684 2346 3923 2411 ἀγάπης.

2547 2625 2675 2690 Ναὶ,
2703 2623 2891 2692 φησιν,
2922 2618 3040 2673 ἀλλ’
3077 2615 3310 2669 ἐνταῦθα
3335 2611 3616 2682 προκρίνει
3649 2609 3743 2676 τὴν
3771 2607 3877 2659 τῶν
3918 2606 4062 2672 πλη-

2481 2719 2595 2772 σίον
2621 2715 2865 2784 ἀγάπην,
2903 2709 3002 2779 τῆς
3032 2706 3173 2778 πρὸς
3204 2704 3295 2756 τὸν
3325 2701 3478 2764 Θεὸν,
3506 2700 3599 2752 καὶ
3620 2697 4066 2769 εὔχεταιέκιῖνον

2477 2804 2925 2880 ἀπαρνήσασθαι,
2977 2799 3076 2853 τοῦ
3111 2796 3356 2857 ἐκείνους
3393 2791 3674 2864 κερδῆσαι.
3719 2790 3778 2843 '0
3823 2787 3878 2840 δὲ
3919 2787 4062 2855 Χρι-

2482 2905 2604 2968 στδς
2633 2902 2818 2972 φησὶν,
2853 2918 2872 2951 ι
2908 2899 2969 2951 '0
2999 2893 3170 2965 φιλῶν
3198 2890 3412 2961 πατέρα
3448 2889 3481 2957 ἢ
3518 2887 3728 2958 μητέρα
3763 2885 3902 2952 ὑπὲρ
3933 2882 4062 2951 ἐμὲ,

2488 2999 2588 3052 οὐκ
2622 2996 2739 3049 ἔστι
2797 3011 2900 3063 μου
2945 2989 3114 3056 ἄξιος.
3147 3007 3166 3038 ›
3194 2983 3338 3039 Ἀλλ’
3379 2983 3480 3035 οὐκ
3528 2980 3644 3033 ἐστι
3684 2977 3842 3031 τοῦτο
3883 2975 4065 3043 φιλεῖν

2484 3091 2624 3161 ὑπὲρ
2656 3088 2748 3141 τὸν
2797 3083 3054 3153 Χριστόν.
3097 3080 3164 3132 Τί
3196 3080 3304 3147 γὰρ
3351 3069 3419 3145 ἦν
3465 3075 3526 3128 τδ
3558 3074 3730 3142 φιλεῖν
3780 3069 4062 3161 nam)“;

801 3168 1099 3221 familiares
1154 3166 1274 3220 illos
1327 3165 1544 3219 ellicere
1603 3163 1848 3217 Christo.
1901 3163 2188 3228 Quomodo
2247 3177 2378 3233 ergo

2484 3183 2556 3235 Τὸ
2593 3157 2702 3232 οἷον
2731 3176 3012 3230 οἰκειῶσαι
3044 3171 3240 3232 αὐτοὺς
3284 3167 3362 3237 τῷ
3392 3163 3633 3236 Χριστῷ.
3667 3161 3790 3224 Πῶς
3822 3157 3914 3214 οὖν
3944 3159 4064 3212 ἐστι

807 3267 990 3329 posset
1031 3259 1156 3312 illos
1193 3273 1375 3311 amare
1427 3271 1590 3325 supra
1643 3255 1942 3318 Christum,
1989 3271 2112 3309 cum
2152 3255 2274 3309 illos
2311 3256 2377 3309 ad

803 3351 1008 3405 Christi
1043 3365 1283 3404 amorem
1314 3364 1377 3402 ac
1402 3347 1770 3401 obedientiam
1815 3347 2033 3400 trahere
2074 3347 2379 3402 studebat?

807 3442 975 3512 Magis
1008 3442 1154 3496 enim
1188 3451 1272 3495 est
1298 3441 1525 3493 verbum
1555 3440 1694 3508 ejus,
1735 3439 1826 3508 qui
1851 3439 2110 3493 eximium
2141 3439 2382 3493 ostendit

809 3551 1049 3591 amorem
1085 3551 1244 3604 quem
1273 3533 1507 3587 habebat
1530 3547 1658 3598 erga
1685 3531 1986 3594 Christum,
2018 3532 2276 3600 quoniam
2305 3532 2380 3585 si-

811 3627 1141 3680 muletalios
1177 3625 1240 3677 a.l
1267 3622 1442 3690 ipsum
1471 3621 1800 3689 impellebat.
1831 3621 2022 3682 Recte,
2057 3622 2250 3689 inquit,
2274 3620 2378 3674 nisi

813 3722 1052 3788 seipsum
1104 3733 1133 3770 a
1178 3715 1396 3768 Christo
1443 3722 1742 3780 separaret.
1789 3714 2020 3765 dicens:
2073 3732 2088 3762 ι
2137 3711 2382 3781 Optarim

810 3825 912 3878 ego
937 3809 1071 3877 ipse,
1101 3827 1117 3858 ι
1152 3818 1256 3860 etc.
1289 3805 1428 3871 Quid
1463 3819 1591 3873 ergo
1620 3803 1900 3858 dicemus?
1929 3803 2021 3857 Vel
2057 3805 2201 3871 quod
2235 3805 2385 3858 nullo

815 3907 975 3960 modo
1009 3905 1248 3973 seipsum
1293 3902 1597 3970 separabat,
1641 3913 1818 3966 neque
1858 3897 2003 3950 enim
2028 3897 2200 3951 dixit:
2245 3895 2386 3965 Opto

813 4001 915 4054 hoc
963 3997 1104 4058 fieri,
1146 3995 1240 4048 sed
1275 3995 1527 4048 ardorem
1560 3987 1885 4043 ostendebat
1921 3985 2178 4040 desiderii
2221 4001 2385 4054 quem

813 4106 939 4161 erga
981 4089 1261 4142 Christum
1303 4083 1559 4145 habebat,
1598 4097 1661 4135 ac
1699 4080 1941 4133 studium
1975 4095 2084 4147 quo
2115 4094 2171 4132 se
2203 4079 2386 4148 despi-

813 4182 1012 4241 ciebat,
1050 4189 1103 4233 ut
1140 4192 1331 4230 omnes
1361 4175 1424 4227 ad
1465 4175 1639 4242 ipsum
1682 4187 1711 4224 a
1735 4171 1998 4232 hluceret,
2045 4171 2384 4238 maximeque

811 4279 1045 4332 Judaeos.
1085 4272 1216 4325 Nam
1249 4281 1302 4324 et
1341 4268 1392 4321 hi
1430 4266 1644 4336 cognati
1689 4274 1842 4318 erant
1873 4272 1926 4317 et
1959 4263 2253 4332 plurimum
2300 4277 2386 4315 re-

814 4368 1099 4424 sistebant.
1129 4365 1251 4417 llzec
1284 4361 1450 4429 igitur
1480 4359 1669 4411 volens
1693 4357 2090 4418 demonstrare,
2115 4354 2250 4407 dicit
2283 4371 2295 4405 :
2333 4355 2390 4408 Si

815 4457 1076 4529 possibile
1115 4463 1280 4514 esset,
1312 4461 1369 4504 ut
1412 4466 1507 4518 per
1531 4463 1703 4500 meam
1729 4447 2088 4515 perditionem
2128 4443 2392 4514 gloriﬁca-

815 4558 1036 4606 caretur
1077 4546 1328 4601 Christus
1357 4552 1412 4595 ct
1438 4539 1609 4595 Judzei
1653 4538 1786 4591 salvi
1825 4536 2036 4598 fierent,
2070 4551 2247 4604 neque
2288 4534 2392 4588 hoc

817 4648 1198 4696 detrec-tarem.
1232 4633 1512 4703 Siquidem
1541 4629 1796 4698 optarim,
1831 4627 2026 4695 inquit,
2057 4628 2100 4679 si
2133 4625 2391 4694 possibile

815 4741 982 4796 esset,
1009 4731 1053 4783 si
1086 4730 1295 4787 liceret,
1331 4727 1374 4778 si
1410 4723 1540 4776 mihi
1576 4723 1690 4774 hazc
1709 4719 1860 4788 Optio
1891 4719 2115 4771 daretur
2147 4735 2158 4769 :
2196 4717 2389 4771 Utrum

817 4827 974 4896 cupis
1021 4822 1205 4876 dirimi
1244 4837 1272 4873 a
1300 4818 1543 4875 Christo,
1576 4823 1633 4867 ut
1662 4815 1841 4866 omnis
1882 4812 2034 4866 natio
2080 4811 2390 4866 Judaeorum

819 4921 1065 4978 nuiatur,
1115 4913 1479 4976 Christusque
1519 4907 1872 4978 gloriﬁcetur,
1905 4914 1957 4958 et
2003 4903 2394 4972 promissioncs

822 5010 997 5065 l‘atris
1018 5005 1397 5074 compleantur
1427 5001 1451 5052 ?
1482 5015 1547 5053 an
1587 4999 1640 5051 in
1671 4999 1774 5050 hac
1799 4994 2002 5050 unione
2032 5009 2174 5055 esse,
2229 5002 2287 5046 ut
2315 4993 2394 5046 sic

823 5109 933 5153 tota
961 5097 1108 5151 natio
1139 5089 1754 5156 Judaeorurasediliose
1795 5095 1915 5156 agat
1962 5101 2024 5139 ac
2070 5085 2395 5152 separetur?

822 5196 866 5246 si
917 5205 1048 5260 ergo
1108 5188 1223 5242 haec
1274 5192 1752 5254 proponerentur,
1807 5179 2140 5249 prmferrem,
2195 5177 2394 5245 inquit,

820 5279 1027 5337 Christi
1072 5277 1297 5348 gloriam
1340 5275 1748 5341 multorumque
1797 5269 2026 5324 salutem
2057 5283 2217 5336 quam
2269 5282 2398 5336 pro—

823 5373 1022 5442 priam.
1061 5367 1224 5421 Vides
1253 5363 1515 5419 eximium
1540 5360 1744 5416 Christi
1779 5374 2020 5412 amorem
2050 5358 2073 5410 ?
2106 5358 2398 5426 Postquam

825 5467 894 5519 ab
940 5460 1198 5514 omnibus
1240 5473 1360 5526 qua:
1401 5465 1547 5516 sunt,
1596 5452 1801 5508 Christi
1842 5466 2083 5504 amorem
2139 5449 2400 5511 ostendit,

825 5557 1076 5607 eumdem
1125 5564 1273 5604 nunc
1321 5548 1659 5602 demonstrat
1699 5544 1767 5600 ab
1812 5542 1898 5597 his
1932 5557 2053 5612 quae
2090 5555 2198 5594 non
2250 5547 2398 5602 sunt,

827 5661 921 5701 sex
947 5645 1098 5716 juxta
1130 5640 1478 5714 hypothesim
1502 5655 1596 5709 per
1623 5637 1959 5691 intellectum
1994 5641 2396 5703 supponuntur.

899 5828 940 5858 ³⁷
968 5825 1124 5882 Joan.
1161 5837 1275 5889 xm,
1306 5822 1392 5878 3L
1471 5822 1512 5855 ³⁸
1545 5823 1700 5877 llqu.
1733 5837 1843 5887 xm,
1885 5820 1965 5873 l0.

2042 5819 2086 5850 ³⁸
2118 5815 2305 5871 Matth.
2343 5831 2470 5881 situ,
2507 5815 2592 5868 l0.

2483 3273 2660 3340 φιλεῖν
2690 3269 2932 3329 ἐκείνους
2981 3264 3121 3331 ὑπὲρ
3164 3261 3256 3314 τὸν
3299 3257 3555 3328 Χριστὸν,
3601 3255 3736 3307 ὅπου
3771 3250 4066 3340 κάκείνους

2483 3337 2562 3427 είς
2593 3360 2693 3432 τὴν
2740 3357 2920 3428 φιλίαν
2957 3354 3054 3409 καὶ
3104 3350 3350 3420 ὑπακοὴν
3410 3346 3636 3401 ἑλκύσαι
3681 3339 3905 3396 ἔσπευδε
3938 3337 4066 3432 ’τοῦ

2483 3429 2756 3524 Χριστοῦς
2799 3449 3016 3503 Μᾶλλον
3063 3444 3174 3514 γὰρ
3204 3438 3604 3499 ἐπιδεικνύντος
3645 3436 3742 3504 τὴν
3782 3429 4066 3524 υπερόἀλ-

2483 3523 2679 3599 λουσαν
2709 3542 2930 3610 ἀγάπην
2958 3540 3026 3608 ἦν
3049 3531 3193 3604 εἶχεν
3218 3534 3296 3596 είς
3320 3528 3576 3601 Χριστὸν,
3603 3527 3686 3580 ὅτι
3713 3523 3806 3577 καὶ
3842 3523 4067 3590 ἐτέρους

2486 3636 2814 3706 συνήλαυνεν
2857 3633 2935 3693 είς
2975 3627 3155 3683 αὐτόν.
3210 3625 3338 3686 Ναὶ,
3379 3620 3567 3690 φησὶν,
3602 3618 3650 3670 εί
3685 3616 3759 3686 μὴ
3799 3611 4067 3706 ἐχώριζεν

2487 3730 2676 3781 ἐαυτὸν
2702 3725 2795 3779 τοῦ
2831 3720 3092 3792 Χριστοῦ,
3124 3719 3296 3784 λέγων
3315 3732 3339 3746 ·
3365 3732 3383 3764 ι
3414 3712 3671 3780 Ηὺχὸμην
3695 3708 3855 3768 αὖτὶις
3886 3704 4020 3770 ἐγὼ.
4047 3723 4064 3754 ι

2487 3819 2581 3872 καὶ
2636 3817 2783 3885 ἑξῆς.
2833 3813 2897 3864 Τί
2943 3807 3036 3863 οὖν
3069 3823 3282 3877 φαμεν;
3320 3805 3390 3858 Ἥ
3443 3803 3526 3855 ὅτι
3571 3801 3644 3870 μὴ
3681 3797 3911 3865 γένοιτο,
3967 3796 4069 3846 οὐκ

2488 3909 2780 3982 ἐχώριζεν·
2819 3905 2878 3957 οὗ
2918 3904 3029 3972 γὰρ
3066 3897 3239 3963 εἶπεν,
3296 3895 3542 3965 Εὖχομαι
3596 3889 3753 3982 τοῦτο
3787 3886 4068 3982 γενέσθαι,

2669 3999 2731 4051 τὸ
2759 3996 3022 4062 διάπυρον
3054 3990 3148 4043 τοῦ
3179 3987 3344 4041 πόθου
3372 3986 3508 4053 ὅπερ
3537 3980 3671 4051 πρὸς
3702 3978 3791 4030 τὸν
3831 3977 4073 4046 Χριστὸν

2491 4087 2658 4160 εἶχεν,
2685 4087 2781 4141 καὶ
2810 4086 2908 4156 τὴν
2940 4081 3174 4149 σπουδὴν
3203 4080 3270 4148 ἦν
3313 4074 3671 4130 κατεϐάλλετο
3707 4072 3783 4133 εἰς
3812 4069 3873 4121 τὸ
3900 4085 4073 4137 προσ-

2494 4159 2724 4248 αγαγεῖν
2757 4176 2966 4235 πάντας
2993 4170 3162 4240 αὐτῷ,
3196 4168 3289 4221 καί⁵
3319 4166 3554 4237 μάλιστα
3579 4164 3702 4224 τοὺς
3733 4159 4030 4220 Ἰουδαίους
4058 4173 4072 4186 ·

2493 4269 2639 4327 οὗτοι
2668 4271 2777 4339 γὰρ
2826 4267 2921 4320 καὶ
2951 4263 3252 4330 συγγενεῖς,
3273 4261 3369 4312 καὶ
3400 4257 3632 4327 μάλιστα
3655 4252 4076 4312 ἀντιπίπτοντες

2495 4365 2812 4433 ἐτύγχανον.
2859 4355 3043 4410 Ταῦτα
3078 4350 3172 4406 οὖν
3200 4349 3551 4420 παραστῆσαι
3584 4345 3929 4416 βουλόμενος,
3970 4360 4077 4410 φη»

2498 4457 2603 4519 σὶν,
2640 4456 2718 4506 ὅτι
2754 4451 2815 4502 Et
2851 4445 2918 4518 ἦν
2943 4445 3164 4501 δυνατὸν
3195 4443 3284 4494 διὰ
3315 4441 3414 4508 τῆς
3454 4439 3591 4506 ὲμῆς
3621 4435 3893 4495 ἀπωλείας
3919 4431 4080 4494 δοξα-

2501 4546 2694 4612 σθῆναι
2744 4542 2836 4592 τὴν
2895 4537 3128 4608 Χριστὸν
3182 4534 3273 4585 καὶ
3323 4531 3564 4598 σωθῆναι
3600 4528 3724 4588 τοὺς
3757 4525 4075 4587 Ἰουδαίους,

2500 4635 2624 4690 οὐδὲ
2668 4631 2826 4685 τοῦτο
2857 4629 2922 4682 ἂν
2962 4625 3390 4697 παρῃτησάμην.
3430 4620 3688 4689 Ηῦχὸμην
3717 4616 3844 4685 γὰρ.
3884 4617 4078 4681 φησὶν,

2500 4732 2550 4782 εἰ
2579 4723 2860 4796 ἐνεχώρει,
2902 4723 2950 4772 εἰ
2994 4718 3289 4786 ἐνεδέχετο,
3313 4715 3364 4766 εἴ
3405 4730 3485 4773 τις
3518 4728 3608 4779 μοι
3652 4709 3857 4775 ταύτην
3901 4705 4079 4757 ἐδίδου

2499 4819 2597 4887 τὴν
2634 4816 2867 4885 αἵρεσιν.
2899 4812 3132 4879 Πότερον
3154 4805 3332 4876 βούλει
3361 4802 3640 4870 διαστῆναι
3688 4797 3951 4867 Χριστοῦ,
3993 4797 4082 4848 ἵνα

2503 4912 2611 4962 πᾶν
2643 4907 2702 4960 τὸ
2743 4904 3012 4957 Ἰουδαίων
3047 4901 3198 4961 ἔθνος
3240 4896 3434 4966 ἐνωθῇ,
3487 4893 3577 4946 καὶ
3609 4889 3835 4958 δοξασθῇ
3869 4891 3897 4941 ὁ
3942 4889 4083 4957 Χρι-

2507 4999 2651 5062 στὸς,
2690 4999 2784 5049 καὶ
2804 4994 3163 5064 πληρωθῶσιν
3184 4991 3239 5042 αί
3265 4987 3590 5055 ἐπαγγελίαι
3624 4985 3715 5036 τοῦ
3755 4984 3971 5055 Πατρός
4000 5003 4015 5045 ;
4045 4986 4079 5055 ἢ

2503 5092 2561 5141 ἐν
2573 5089 2742 5155 ταύτῃ
2769 5089 2832 5156 τῇ
2850 5084 3036 5137 ἐνώσει
3056 5078 3264 5154 [sicut],
3283 5079 3368 5130 ἵνα
3389 5077 3448 5129 τὸ
3466 5075 3733 5129 Ἰουδαίων
3761 5075 3915 5136 ἔθνος
3944 5093 4083 5129 στα-

2508 5180 2672 5249 σιάζῃ
2713 5177 2805 5229 καὶ
2855 5176 3142 5235 διίσταται,
3186 5172 3279 5223 καὶ
3311 5167 3696 5238 βλασφημῆται
3741 5169 3766 5217 ὁ
3803 5167 4081 5234 Χρ;στὸς;

2505 5270 2568 5321 Εἰ
2623 5267 2716 5320 οὖν
2758 5265 2928 5318 ταῦτα
2960 5261 3256 5332 προετίθει,
3289 5257 3634 5328 προετίμησα
3677 5254 3760 5315 ἂν,
3789 5256 3943 5322 φησὶ,
3979 5256 4084 5325 τὴν

2506 5359 2664 5422 δόξαν
2703 5354 2938 5427 Χριστοῦ
2981 5354 3074 5404 καὶ
3105 5352 3202 5421 τὴν
3246 5351 3352 5402 τῶν
3397 5348 3604 5400 πολλῶν
3644 5346 3940 5415 σωτηρίαν,
3978 5347 4085 5413 τῆς

2510 5454 2663 5513 ἰδίας.
2691 5448 2841 5510 Εἶδες
2869 5444 3172 5516 ὑπερϐολὴν
3202 5443 3530 5511 ἀγαπήσεως
3552 5437 3784 5508 Χριστοῦ
3807 5455 3820 5500 ;
3853 5436 4085 5509 Ἐπειδὴ

2507 5545 2570 5595 ἐκ
2618 5541 2726 5592 τῶν
2778 5538 2946 5590 ὄντων
2975 5536 3192 5587 πάντων
3222 5534 3320 5601 τὴν
3368 5531 3588 5598 άγάπην
3619 5526 3930 5590 ἐπεδείξατο
3982 5528 4084 5582 τοῦ

2507 5633 2765 5702 Χριστοῦ,
2799 5627 2894 5680 νῦν
2946 5627 3040 5679 καὶ
3083 5628 3148 5679 ἐκ
3176 5623 3284 5677 τῶν
3317 5621 3390 5692 μὴ
3419 5621 3589 5673 ὄντων
3623 5620 3739 5688 μὲν,
3769 5616 3892 5669 καθ’
3941 5619 4084 5672 υπο-

2672 5811 2712 5842 i'
2748 5809 2937 5865 Matth.
2973 5824 3026 5872 χ,
3066 5805 3153 5860 37.
