4196 6468
194 472 348 523 θέσιν
396 472 452 524 δὲ
507 474 957 545 λαμϐανομένιιιν,
997 480 1086 532 διὰ

191 563 401 630 ταύτην
452 565 801 635 παρίστησιν,
833 569 912 622 ὅτι
949 573 1056 624 Καὶ
1088 573 1186 642 τὴν
1239 579 1378 644 ἐμὴν
1413 581 1686 648 σωτηρίαν
1717 584 1772 631 ἐν

192 653 476 715 ὑποθέσει,
510 655 650 724 ὑπὲρ
693 657 790 725 τῆς
823 657 980 729 δόξης
1027 662 1191 713 αὐτοῦ
1230 665 1452 736 καὶτῆς
1484 668 1562 729 εἰς
1611 668 1773 720 αὐτὸν

189 743 301 795 τῶν
325 743 598 798 Ἰουδαίων
621 749 983 818 ἐπιστροφῆς,
1010 754 1393 824 κατεϐαλόμην
1423 759 1504 810 ἄν.
1529 760 1636 810 Καὶ
1666 762 1773 829 γὰρ

185 836 537 903 διιστάμενος
588 839 796 900 Παῦλος
836 841 984 909 ὑπὲρ
1040 846 1140 912 τῆς
1199 847 1357 914 δόξης
1399 849 1492 900 τοῦ
1535 851 1772 919 Χριστοῦ

188 929 282 978 καὶ
314 929 416 996 τῆς
442 930 500 980 ἐν
532 932 680 1000 αὐτῷ
711 932 820 984 τῶν
847 934 1121 989 Ἰουδαίων
1149 940 1418 1005 ἐνῶσεως,
1452 945 1580 1011 ῥᾷον
1611 944 1772 996 πάλιν

187 1017 390 1084 ἠνοῦτο
427 1022 520 1072 καὶ
550 1025 874 1090 συνήπτετο,
907 1025 1095 1095 ὥσπερ
1126 1047 1208 1090 τις
1243 1031 1419 1089 πῶλος
1453 1035 1646 1102 μικρὸν
1673 1037 1770 1104 τῆς

188 1107 400 1174 μητρὸς
452 1110 826 1175 άποσπασθείς
857 1129 871 1142 ⁸
905 1117 998 1168 καὶ
1044 1117 1218 1181 οὕτως
1274 1122 1440 1172 πάλιν
1491 1124 1654 1186 αὐτὸς
1708 1143 1769 1177 τε

182 1197 447 1263 ἐσώζετο,
482 1203 577 1253 καὶ
608 1204 636 1256 ὁ
658 1205 892 1273 Χριστὸς
923 1208 1018 1259 ἐπὶ
1053 1210 1216 1261 πλέον
1250 1212 1552 1275 ἐδοξάζετο,
1583 1216 1677 1268 καὶ
1710 1217 1769 1269 τὸ

196 1288 473 1342 Ἰουδαίων
509 1292 660 1356 ἔθνος
686 1295 942 1360 ἐσώζετο,
968 1301 1062 1352 καὶ
1096 1304 1151 1354 αῖ
1176 1303 1433 1373 διαθῆκαι
1466 1309 1560 1360 καὶ
1599 1311 1772 1378 ἐπαγ-

183 1380 368 1444 γελίαι
419 1385 500 1446 είς
559 1386 731 1454 πέρας
772 1389 1022 1458 ἤρχοντο.
1071 1395 1291 1449 Μᾶλλον
1338 1397 1415 1463 δὲ,
1461 1399 1632 1464 οὕτως
1677 1404 1770 1456 καὶ

177 1473 274 1524 ἐπὶ
311 1474 526 1536 τούτοις
568 1476 933 1548 διιστάμενος,
984 1484 1044 1536 οὐ
1100 1486 1371 1551 διίστατο,
1417 1491 1553 1544 ἀλλὰ
1608 1493 1767 1545 πλέον

179 1564 398 1628 ήνοῦτο.
439 1566 510 1618 Ἦ
545 1568 605 1620 οὐ
654 1570 801 1622 δοκεῖ
848 1589 930 1625 σοι
974 1575 1061 1627 ὅτε
1093 1577 1356 1646 Τιμόθεον
1419 1583 1766 1652 περιέτεμεν,

175 1653 266 1706 ὅτε
317 1657 483 1720 αὐτὸς
537 1661 818 1727 ἡγνίσατο,
846 1665 935 1716 ὅτε
977 1666 1045 1720 τά
1101 1669 1195 1720 τοῦ
1248 1670 1417 1739 νόμου
1465 1675 1636 1726 ἐτέλει
1668 1679 1768 1741 τὴν

176 1748 346 1815 χάριν
389 1751 704 1818 κηρύσσων,
735 1756 817 1808 δτι
876 1757 1080 1826 τρόπον
1123 1761 1244 1813 τινὰ
1288 1765 1424 1833 πρὸς
1457 1767 1556 1833 τὴν
1606 1770 1766 1837 χάριν

1265 375 1647 438 COMMENT.
1689 378 1766 438 IN
1816 380 2052 441 EPIST.
2093 384 2191 443 AD
2231 385 2414 447 ROM.

1133 484 1224 534 τοῦ
1257 487 1529 554 νοήματος
1584 491 1761 541 τοῦτοι

1881 492 2050 547 Meam
2077 498 2240 550 etiam
2266 501 2520 566 salutem,
2565 503 2741 573 inquit
2774 507 2826 559 in
2871 506 3159 576 hypothesi
3182 506 3254 562 ob
3286 508 3459 578 ipsius

3355 402 3460 462 5οΞ

1880 587 2105 653 gloriam
2126 602 2181 641 et
2199 590 2512 648 Judteorum
2537 594 2602 648 ad
2634 595 2813 665 ipsum
2833 600 3250 654 conversionem
3273 603 3457 655 omni-

1880 692 1951 729 no
1977 680 2328 748 negligerem.
2376 683 2593 739 Etenim
2629 699 2913 756 separatus
2938 689 3139 746 Paulus
3173 708 3272 760 pro
3296 693 3459 747 Chri-

1877 767 1946 820 sti
1972 769 2145 837 gloria
2172 781 2224 824 et
2245 773 2559 828 Judmorum
2577 778 2630 830 in
2655 780 2775 848 ipso
2797 781 3022 843 unione,
3053 781 3210 836 facile
3234 800 3452 839 rursum

1878 858 2129 912 nniretur
2179 875 2241 914 ac
2289 867 2752 941 conjungeretur,
2789 870 2952 940 322
2991 873 3453 940 quemadmodum

1876 949 2057 1015 pullus
2086 952 2284 1020 aliquis
2312 953 2590 1024 paululum
2627 975 2654 1012 a
2678 971 2849 1014 matre
2881 963 3178 1018 distraetus
3216 981 3229 1017 :
3275 975 3332 1020 et
3378 966 3453 1022 ita

1876 1054 2095 1095 rursum
2145 1044 2260 1112 ipse
2303 1047 2485 1101 salvus
2519 1049 2693 1111 ﬂeret,
2730 1067 2792 1105 ac
2813 1052 3065 1108 Christus
3087 1055 3259 1124 magis
3289 1057 3456 1126 glori-

1874 1141 2122 1209 caretur,
2144 1151 2428 1207 genusque
2467 1141 2781 1195 Jndzeorum
2829 1145 3172 1200 salvaretur:
3205 1157 3260 1202 et
3288 1157 3454 1202 testa-

1873 1231 2119 1276 mentum
2168 1240 2230 1279 ac
2269 1230 2659 1296 promissiones
2699 1233 2765 1285 ad
2817 1232 2975 1287 linem
3021 1236 3450 1290 deducerentur.

1871 1308 2013 1374 Quin
2046 1313 2230 1380 potius
2255 1316 2326 1369 ita
2355 1327 2410 1372 et
2446 1329 2669 1388 propter
2700 1322 2814 1376 haec
2842 1322 3072 1384 divisus,
3103 1341 3210 1378 non
3241 1326 3452 1379 divide-

1872 1409 2045 1465 retur,
2105 1406 2198 1456 sed
2252 1409 2422 1476 magis
2468 1411 2758 1465 'uniretur.
2816 1415 3009 1467 Annon
3079 1417 3177 1470 tibi
3231 1418 3451 1470 videtur

1869 1495 2092 1560 quando
2131 1496 2478 1554 Timotheum
2529 1503 2895 1566 circumcidit,
2944 1507 3166 1574 quando
3200 1510 3452 1577 expiatus

1865 1592 1973 1644 est,
2008 1586 2230 1652 quando
2256 1604 2318 1641 ea
2345 1604 2465 1657 qua:
2494 1592 2626 1660 legis
2654 1604 2781 1645 sunt
2816 1596 3131 1662 perliciebat
3164 1613 3288 1651 cum
3331 1615 3451 1666 gra-

1870 1675 2000 1728 tiam
2053 1678 2395 1744 przedicaret,
2455 1683 2858 1748 quodammodo
2905 1687 3171 1741 adversus
3219 1689 3447 1752 gratiam

1869 1766 2081 1819 divisus
2096 1782 2216 1822 esse
2238 1769 2551 1834 videbatur,
2575 1775 2789 1843 sibique
2818 1791 3122 1846 repugnare
3145 1781 3158 1832 l
3184 1779 3254 1832 At
3271 1794 3449 1848 neque

175 1838 360 1891 ἐδόκει
416 1841 748 1911 διίστασθαι,
804 1849 898 1900 καὶ
949 1851 1127 1920 ἐαυτῷ
1178 1855 1590 1924 έναντιοῦσθαις
1628 1861 1761 1911 Ἀλλ*

1871 1857 2082 1912 divisus
2110 1870 2246 1920 erat.
2282 1876 2461 1931 neque
2497 1863 2600 1917 sibi
2633 1838 2732 1933 ipsi
2767 1838 3179 1922 adversabatur.
3211 1870 3294 1924 Oh
3321 1838 3448 1939 gra-

174 1930 300 1982 οὖτε
325 1931 584 1998 διίστατο,
617 1936 743 1991 οὔτε
778 1941 958 2011 ἐαυτῷ
982 1945 1318 2012 ἠναντιοῦτο.
1342 1949 1512 2019 ’Υπὲρ
1546 1955 1650 2020 7&9
1671 1954 1768 2020 τῆς

175 2023 426 2094 χάριτος,
443 2030 536 2080 καὶ
557 2029 650 2082 τοῦ
688 2040 1060 2104 προσαγαγεῖν
1079 2040 1287 2104 πάντας
1309 2043 1386 2112 τῷ
1410 2045 1648 2115 Χριστῷ,
1676 2049 1768 2100 καὶ

179 2118 359 2170 ταῦτα
405 2121 501 2172 καὶ
527 2124 594 2173 τὰ
629 2124 764 2176 ἀλλα
799 2127 1092 2196 σύμπαντα
1130 2132 1387 2204 ἔπραττε.
1416 2136 1583 2190 Τοῦτό
1621 2141 1768 2190 ἐστιν

172 2208 398 2278 ἀγάπης
428 2211 587 2274 ἀξίας
621 2213 880 2282 Χριστοῦ,
906 2217 1062 2270 τοῦτό
1094 2221 1214 2273 ἐστι
1236 2221 1414 2291 ψυχῆς
1433 2223 1561 2293 ὅλης
1589 2225 1766 2278 διόλου

172 2298 251 2361 είς
283 2299 377 2351 τὸν
419 2301 583 2356 πόθον
617 2305 1064 2378 ἀναφλεγομένης
1100 2312 1193 2364 τοῦ
1224 2314 1487 2384 Χριστοῦ.

246 2390 466 2455 ’Λλλως
498 2412 556 2447 τε
588 2396 666 2460 δὲ,
689 2399 808 2452 οὐδὲ
839 2400 985 2469 λέγει
1025 2403 1274 2474 ἀνάθεμα
1311 2408 1583 2475 γενέσθαι,
1611 2427 1764 2463 τουτ-

173 2484 326 2536 έστιν
355 2486 470 2538 ἀπὸ
503 2487 599 2540 τοῦ
653 2489 748 2542 νῦν
801 2492 968 2545 αὑτοῦ
1021 2496 1360 2566 χωρισθῆναι
1411 2497 1601 2566 (τοῦτο
1653 2502 1762 2572 γὰρ

173 2575 641 2649 ἀπευκτότατον),
674 2581 810 2635 ἀλλὰ
835 2582 1084 2654 ἀνάθεμα
1116 2583 1274 2650 εἶναι,
1313 2590 1559 2643 τουτέστι
1583 2610 1761 2663 κεχω-

176 2667 435 2734 ρισμένος
478 2669 560 2722 ἔτι
601 2667 764 2738 εἶναι,
824 2675 916 2728 καὶ
985 2679 1152 2746 μήπω
1195 2679 1276 2748 τῷ
1323 2681 1544 2751 Χριστῷ
1587 2702 1758 2755 προσ-

173 2758 368 2812 ελθεῖν.
400 2761 603 2824 Τοῦτο,
638 2767 828 2834 φησὶν,
857 2769 1106 2838 ηὐχόμην
1135 2772 1221 2834 ἂν,
1261 2771 1316 2824 τὸ
1355 2775 1454 2842 ἐμὲ
1489 2776 1650 2828 αὑτὸν
1682 2779 1756 2847 μή

173 2866 254 2901 πω
286 2854 610 2920 προσελθεῖν
653 2856 730 2924 τῷ
773 2859 1015 2930 Χριστῷ,
1053 2862 1168 2913 ἀλλ’
1198 2862 1281 2916 ἔτι
1340 2870 1754 2938 κεχωρισμένον

172 2945 340 2996 αὐτοῦ
380 2940 550 3013 εἶναι,
584 2951 633 3002 εί
665 2950 825 3004 τοῦτο
855 2953 936 3016 είς
991 2953 1091 3024 τὴν
1121 2955 1395 3026 ὑμετέραν
1429 2959 1634 3013 εῖσοδον
1665 2962 1757 3016 καὶ

169 3034 356 3088 πίστιν
388 3037 490 3107 τὴν
535 3040 615 3102 είς
656 3042 818 3094 αὐτὸν
855 3045 1150 3099 συνετέλει.
1187 3047 1278 3117 Μὴ
1308 3049 1414 3118 γάρ
1467 3051 1550 3104 ὄτι
1586 3069 1753 3122 προσ-

168 3126 328 3192 ῆλθον
357 3129 606 3198 Χριστῷ,
631 3132 718 3185 διά
741 3133 899 3188 τοῦτο
930 3136 1025 3190 καὶ
1057 3137 1202 3207 ὑμᾶς
1225 3156 1294 3208 με
1327 3142 1751 3208 προσκαλεῖσθαι
1779 3170 1823 3230 C

167 3215 465 3286 νομίσητε,
516 3221 692 3290 φησι,
745 3224 841 3276 καὶ
900 3226 1008 3296 πρὸ
1056 3227 1191 3294 ἐμοῦ
1241 3230 1386 3299 ὑμᾶς
1451 3232 1752 3304 ἐϐουλόμην

167 3308 542 3378 προσδραμεῖν
571 3312 740 3380 αὐτῷ.
777 3311 910 3368 Εἶτα
951 3317 1079 3386 ἑξῆς
1110 3317 1257 3385 λέγει
1293 3321 1389 3373 καὶ
1419 3324 1520 3385 τὰς
1549 3324 1747 3386 αἰτίας.

173 3417 190 3447 ι
222 3400 394 3462 Αὐτὸς
425 3402 557 3468 ἐγώ.
587 3421 605 3454 ι
634 3405 746 3475 Οὐχ
772 3407 1012 3476 ἐτέρους,
1035 3411 1190 3478 φησὶ,
1221 3415 1577 3482 προτιμῶμαι
1611 3416 1750 3484 ὑπὲρ

169 3492 308 3559 ὑμᾶς
347 3494 430 3555 είς
467 3493 531 3545 τὸ
563 3497 884 3564 προσελθεῖν
924 3499 1001 3567 τῷ
1045 3502 1289 3571 Χριστῷ,
1334 3503 1448 3555 ἀλλ’
1493 3506 1614 3559 οὐδέ
1650 3507 1750 3576 ἐμὲ

166 3582 347 3638 αὐτόν.
380 3585 625 3656 Εῖλόμην
650 3589 758 3659 7&9
787 3590 852 3642 ἂν
908 3593 1078 3662 μήπω
1123 3597 1444 3666 προσελθεῖν
1477 3600 1644 3670 αὐτῷ,
1683 3604 1750 3656 ἂν

166 3675 250 3727 διὰ
289 3677 489 3731 τούτου
523 3680 682 3749 ὑμεῖς
720 3675 1120 3755 προσήρχεσθε.
1160 3709 1179 3739 ι
1215 3675 1489 3762 Ἀνάθεμα
1528 3691 1681 3754 εῖναι.
1725 3717 1742 3749 ι

167 3773 326 3823 Δοκεῖ
358 3773 462 3841 μὲν
495 3773 704 3826 ἐθέλειν
733 3777 874 3847 ὑπὲρ
905 3778 1016 3841 ¹τῶν
1065 3781 1312 3848 ἀδελφῶν
1354 3785 1581 3838 καὶτῶν
1614 3803 1747 3856 συγ-

168 3861 338 3923 γενῶν
393 3863 825 3935 ἀλλοτριωθῆναι
879 3870 1140 3938 Χριστοῦ.
1193 3871 1366 3926 Τοῦτο
1413 3877 1523 3948 γὰρ
1572 3880 1603 3947 ἡ
1649 3881 1746 3934 τοῦ

166 3951 509 4022 ἀναθέματος
573 3955 824 4027 δύναμις.
884 3961 1074 4030 Ὅμως
1126 3965 1372 4034 ἀκριϐῶς
1427 3968 1739 4041 θεωροῦντι,

169 4045 471 4113 φανήσεται
530 4048 672 4118 ὑπὲρ
720 4052 822 4119 τῆς
875 4053 1100 4125 ἀγάπης
1148 4058 1244 4110 τοῦ
1284 4060 1523 4130 Χριστοῦ
1571 4065 1745 4121 ταῦτα

165 4133 424 4202 εἰρηκώς.
465 4136 618 4201 Πῶς;
661 4139 1059 4226 Ἐπειδὴ-ἐώρα
1079 4147 1171 4200 τὸν
1223 4149 1460 4219 Χριστὸν
1493 4152 1743 4226 βλασφη-

169 4229 438 4298 μούμενον
469 4233 575 4283 ὑπδ
621 4235 729 4285 τῶν
773 4224 1062 4302 Ἰουδαίων,
1096 4243 1197 4303 ὅτι,
1244 4245 1432 4313 φησὶν,
1471 4246 1664 4319 Ἢμεῖς
1692 4224 1741 4304 ei

164 4319 247 4371 τὸν
271 4323 441 4389 νόμον
499 4326 592 4376 καὶ
623 4325 723 4383 τὰς
759 4329 1092 4396 ἐπαγγελίας
1121 4331 1428 4402 δεξάμενοι,
1479 4341 1567 4390 καὶ
1603 4356 1739 4409 προ-

165 4413 398 4480 πάτορες
437 4415 603 4468 αὐτοῦ
645 4416 739 4469 τοῦ
787 4420 1043 4489 Χριστοῦ,
1076 4424 1156 4486 είς
1185 4424 1278 4489 οὓς
1317 4422 1386 4498 ἦν
1474 4430 1734 4494 υἱοθεσία,

1872 1948 1999 2003 tiam
2029 1952 2201 2013 enim,
2236 1963 2405 2022 utque
2431 1970 2626 2009 omnes
2653 1958 2877 2013 Christo
2906 1960 3227 2025 adduceret,
3259 1963 3373 2016 haec
3395 1973 3450 2016 et

1870 2042 1972 2095 alia
2027 2045 2211 2098 omnia
2264 2046 2520 2101 faciebat.
2569 2048 2681 2101 Hoc
2725 2059 2811 2105 est
2858 2051 3174 2107 dilectionis
3223 2052 3448 2108 Christo

1867 2133 2042 2202 dignae
2073 2151 2085 2199 ;
2127 2137 2230 2190 hoc
2257 2146 2342 2191 est
2371 2138 2566 2192 anima:
2605 2141 2877 2197 universa:
2905 2143 2960 2196 in
2986 2142 3190 2198 Christi
3223 2144 3440 2199 deside-

1867 2221 2012 2274 rium
2036 2223 2254 2278 abunde
2279 2224 2648 2282 inﬂammatae.

1933 2398 2170 2468 Alioqui,
2226 2417 2404 2472 neque
2445 2405 2598 2469 dicit,
2655 2409 2947 2465 anathema
2994 2410 3134 2478 fieri,
3179 2413 3284 2468 hoc
3330 2424 3440 2479 est,

1863 2504 2010 2541 nunc
2042 2490 2110 2543 ab
2144 2491 2262 2560 ipso
2289 2496 2556 2573 separari,
2585 2497 2638 2550 id
2666 2498 2811 2552 enim
2834 2515 3181 2572 nequaquam
3202 2505 3446 2574 optabile

1864 2577 2082 2631 videtur
2113 2597 2124 2632 :
2165 2582 2257 2634 sed
2305 2565 2598 2647 anathema
2633 2602 2775 2650 esse,
2809 2588 2862 2643 id
2890 2565 2996 2655 est,
3028 2565 3315 2661 separat-us
3346 2595 3446 2648 ad-

1863 2668 1972 2722 huc
2000 2685 2120 2723 esse
2148 2681 2202 2724 et
2231 2674 2472 2727 nondum
2506 2677 2574 2730 ad
2605 2676 2886 2734 Christum
2916 2682 3150 2738 venisse.
3187 2684 3325 2748 Hoc,
3357 2685 3445 2738 itt-

1859 2760 2001 2828 quit,
2051 2762 2308 2828 optarim,
2343 2765 2611 2834 meipsum
2646 2769 2890 2823 nondum
2933 2771 2997 2824 ad
3025 2771 3306 2828 Christum
3347 2790 3443 2827 ve-

1862 2848 2029 2912 nisse,
2068 2849 2163 2902 sed
2206 2851 2388 2906 adhuc
2419 2857 2487 2907 ab
2519 2871 2586 2910 eo
2611 2867 2925 2927 separatum
2967 2877 3111 2925 esse,
3147 2863 3192 2916 si
3228 2863 3336 2919 hoc
3374 2867 3441 2919 ad

1860 2945 2104 2990 vestrum
2139 2940 2445 3010 ingressum
2476 2961 2540 3000 ac
2572 2946 2734 3002 tidem
2768 2949 2823 3003 in
2847 2950 3024 3020 ipsqu
3041 2953 3340 3010 conferret.
3363 2955 3444 3011 Ne

1859 3043 1968 3092 me,
2005 3029 2206 3099 inquit.
2252 3033 2596 3092 arbitremini
2629 3041 2700 3094 ob
2733 3041 2786 3095 id
2816 3058 3015 3098 vocare
3057 3060 3155 3099 vos
3182 3047 3247 3099 ad
3275 3046 3441 3101 Cbri-

1859 3129 2026 3182 stum,
2061 3123 2207 3190 quod
2245 3139 2346 3195 ego
2383 3129 2450 3181 ad
2485 3145 2611 3184 eum
2638 3136 2890 3190 venerim
2919 3155 2932 3190 :
2967 3136 3080 3192 imo
3111 3137 3276 3192 etiam
3312 3146 3443 3192 ante

1858 3226 1944 3264 me
1975 3228 2232 3282 cuperem
2263 3233 2361 3303 vos
2391 3219 2459 3273 ad
2496 3221 2675 3290 ipsum
2704 3230 3031 3285 accurrisse.
3066 3229 3274 3288 Deinde
3308 3244 3441 3285 con-

1853 3315 2148 3373 sequentcr
2179 3310 2333 3378 ponit
2365 3322 2421 3367 et
2449 3330 2667 3370 causas.
2713 3337 2731 3368 ι
2772 3321 2884 3392 Ego
2913 3322 3049 3392 ipse.
3092 3345 3110 3376 ι
3148 3327 3267 3388 Non
3301 3331 3439 3387 alios

1853 3399 2011 3454 vobis
2039 3413 2315 3473 antepono
2343 3409 2489 3477 quod
2528 3411 2593 3466 ad
2625 3413 2904 3470 Christum
2951 3425 3309 3489 accesserint,
3336 3428 3438 3481 sed

1852 3489 2032 3560 nequé
2065 3509 2150 3548 me
2179 3495 2379 3565 ipsum.
2425 3501 2697 3572 Eligerezn
2745 3509 2894 3562 enim
2920 3512 3165 3568 nondum
3205 3516 3273 3569 ad
3305 3533 3430 3572 eum

1853 3584 2090 3648 venisse,
2135 3587 2178 3638 si
2217 3602 2318 3656 per
2351 3589 2457 3645 hoc
2487 3607 2584 3648 vos
2621 3597 3018 3655 accessissetis.
3073 3621 3092 3654 ι
3124 3603 3430 3661 Anathema

1852 3689 1989 3728 esse.
2032 3699 2048 3727 ι
2105 3679 2330 3734 Videtur
2360 3685 2586 3752 quidem
2629 3704 2728 3755 pro
2771 3690 3038 3767 fratribus
3079 3710 3144 3750 ac
3185 3701 3434 3767 cognatis

1851 3767 2150 3823 abalienari
2173 3787 2203 3824 a
2230 3771 2472 3840 Christo,
2500 3794 2623 3832 nam
2653 3781 2704 3833 id
2725 3766 2976 3852 désignat
3001 3805 3016 3834 ι
3043 3766 3363 3842 Anathema.
3404 3809 3421 3839 ι

1851 3855 2106 3912 Altamen
2137 3874 2327 3918 exacte
2361 3866 2593 3922 intuenti
2624 3875 2910 3940 apparebit
2955 3875 3026 3929 ob
3059 3876 3261 3933 Christi
3291 3878 3427 3932 dile-

1849 3949 2085 4003 ctionem
2118 3951 2233 4008 hazc
2251 3953 2473 4011 dixisse.
2494 3957 2739 4024 Quonam
2764 3964 2963 4016 modo?
2984 3967 3119 4018 Cum
3143 3965 3428 4021 Christum

1851 4041 2206 4111 Idasphemiis
2236 4050 2418 4116 appeti
2447 4051 2658 4107 videret
2686 4070 2714 4108 a
2757 4056 2980 4117 .ludmis.
3015 4067 3205 4127 utpote
3233 4060 3426 4114 dicen-

1849 4132 1996 4187 tibus
2022 4153 2034 4186 :
2060 4135 2168 4190 Nos
2204 4139 2296 4206 qui
2341 4140 2513 4209 legem
2548 4161 2611 4197 ac
2642 4148 2936 4216 prophetas
2965 4152 3299 4220 accepimus,
3331 4153 3426 4221 qui

1847 4225 2066 4279 Christo
2093 4231 2473 4298 progenitores
2515 4235 2741 4300 fuimus,
2771 4256 3006 4306 quorum
3033 4250 3153 4295 erat
3175 4243 3424 4312 adoptio,

1846 4317 2002 4386 ejr-eti
2037 4335 2228 4374 sumus
2254 4363 2268 4385 ,
2308 4333 2365 4378 et
2406 4325 2528 4380 loco
2574 4335 2759 4400 nostri
2797 4333 3131 4388 introierunt
3171 4335 3424 4391 homines

1849 4411 2012 4465 modo
2065 4415 2134 4468 ab
2187 4415 2299 4470 aris
2349 4432 2414 4472 ac
2465 4419 2656 4474 nidore
2707 4423 3103 4477 sacrificiorum
3148 4425 3422 4479 idolorum

165 4503 567 4572 ἐκδεδλήμεθα,
624 4508 976 4578 άντεισῆλθον
1019 4512 1075 4565 δὲ
1126 4513 1404 4584 ἄνθρωποι
1451 4519 1577 4587 ἄρτι
1628 4522 1736 4575 τῶν

1858 4507 2073 4574 egressi.
2109 4508 2248 4575 Quia
2281 4510 2447 4580 igitur
2485 4513 2599 4566 hate
2629 4515 2876 4570 dicentes
2907 4528 3150 4578 noverat,
3177 4534 3247 4573 ne
3276 4526 3424 4573 esset

168 4592 367 4660 βωμῶν
400 4596 496 4647 καὶ
526 4597 624 4664 τῆς
659 4597 884 4667 κνίσσης
906 4601 1230 4667 ἐξελθόντες.
1267 4606 1418 4658 Ἐπεὶ
1445 4604 1538 4660 οὖν
1565 4611 1739 4665 ταῦτα

163 4684 417 4751 λέγοντας
443 4686 581 4756 ᾔδει,
613 4689 751 4759 ὑπὲρ
779 4690 872 4742 τοῦ
909 4693 981 4761 μὴ
1011 4689 1151 4746 εἶναι
1181 4697 1451 4765 πρόφασιν
1491 4700 1737 4772 βὶασφη-

168 4777 285 4841 μίας
319 4778 467 4828 κατὰ
509 4779 605 4830 τοῦ
641 4780 800 4844 Θεοῦ,
833 4782 1096 4851 ἠϐούλετο
1128 4788 1455 4860 ἐπιστρέψαι
1489 4795 1581 4845 καὶ
1612 4796 1740 4858 τοὺς

174 4868 490 4932 Ἰουδαίους,
540 4870 618 4932 ὼς
653 4873 748 4924 καὶ
790 4874 1040 4945 ἀνάθεμα
1094 4877 1235 4950 ὑπὲρ
1287 4881 1480 4934 τούτου
1531 4884 1738 4939 ἐθέλειν

164 4961 432 5026 γενέσθαι,
472 4962 609 5033 ὅπερ
648 4964 918 5019 δεητικόν
950 4969 1066 5022 ἐστι
1100 4971 1202 5037 τῆς
1227 4975 1449 5044 ἀγάπης
1485 4977 1576 5032 τοῦ
1603 4979 1736 5048 Χρι-

167 5053 304 5105 στοῦ.
343 5055 445 5105 ’ον
480 5054 589 5123 γάρ
621 5056 846 5126 οὐδεμία
893 5060 1070 5124 κτίσις
1106 5065 1338 5132 χωρίσαι
1370 5066 1575 5134 ἴσχυσε,
1621 5071 1736 5134 πῶς

166 5147 225 5195 ἂν
251 5144 523 5215 ἐχώρισεν
552 5148 744 5218 ἀγάπη
777 5153 1054 5218 συγγενῶν
1091 5157 1183 5208 καὶ
1206 5157 1483 5225 ἀδελφῶν;
1524 5182 1542 5211 ι
1566 5163 1736 5227 Αὐτὸς

167 5236 287 5303 ἐγώ.
316 5257 335 5288 ι
371 5239 432 5290 Ὀ
451 5237 786 5306 διδάσκαλος,
810 5245 964 5313 φησὶ,
995 5246 1230 5311 πάντων,
1260 5251 1287 5301 ὁ
1312 5252 1540 5320 μυρίους
1571 5271 1738 5323 προσ-

167 5328 332 5381 δοκῶν
372 5331 692 5397 στεφάνους,
725 5335 754 5386 ὁ
794 5336 1014 5388 πάντων
1042 5339 1206 5390 αὑτοῦ
1229 5341 1324 5410 τὴν
1348 5342 1571 5412 ἀγάπην
1602 5363 1736 5416 προ-

169 5420 353 5486 τιμῶν.
383 5440 406 5472 ι
442 5422 578 5474 Ἀπὸ
623 5425 717 5477 τοῦ
750 5426 1012 5496 Χριστοῦ,
1042 5447 1063 5481 ι
1100 5431 1198 5484 Διά
1243 5434 1344 5502 τὴν
1377 5435 1600 5505 ἀγάπην
1639 5437 1734 5490 τοῦ

171 5510 400 5576 Χριστοῦ
430 5511 588 5565 τοῦτο
643 5511 815 5568 εἶπεν.
874 5517 1166 5574 Ἠδούλετο
1210 5524 1318 5593 γὰρ
1375 5527 1536 5578 αὑτὸν
1585 5529 1736 5598 παρὰ

173 5601 382 5654 πάντων
421 5602 762 5669 δοξάζεσθαι,
805 5608 941 5663 ἀλλὰ
973 5611 1046 5680 μὴ
1092 5613 1413 5682 βουλόμενος
1440 5617 1734 5687 δημοσιεῦ-
1763 5673 1767 5677 ,

175 5707 256 5743 σαι
304 5694 364 5744 τὸ
419 5696 667 5763 χάρισμα
703 5698 970 5767 (χάρισμα
1017 5705 1147 5772 γὰρ,
1200 5706 1259 5757 τὸ
1310 5707 1481 5771 οὕτως
1515 5713 1734 5781 ἀγαπᾷν

173 5787 257 5837 τὸν
286 5787 559 5851 Χρ,στὶνὶ,
602 5793 725 5854 τοὺς
769 5798 1047 5862 συγγενεῖς
1094 5798 1312 5869 ἀγαπᾷν
1356 5801 1518 5852 αὐτὸν
1574 5801 1734 5856 πλέον

1845 4598 1952 4652 ulla
1993 4599 2345 4671 blasphemiae
2382 4607 2647 4659 adversus
2677 4607 2954 4661 Christum
2987 4610 3229 4675 occasio,
3258 4612 3420 4680 323

1842 4690 2120 4758 Cupiebat,
2154 4702 2208 4747 et
2235 4693 2452 4748 Judaeos
2487 4713 2782 4752 conversos
2813 4715 2954 4758 esse.
2995 4701 3134 4755 adeo
3167 4712 3225 4754 ut
3253 4704 3418 4755 etiam

1842 4785 2128 4838 anathema
2157 4785 2226 4837 ob
2254 4786 2357 4840 hoc
2383 4787 2499 4840 ﬁeri
2537 4791 2718 4846 vellet.
2751 4793 2894 4859 quod
2928 4791 3421 4847 demonstrativum

1841 4888 1924 4933 est
1951 4881 2266 4936 dilectionis
2297 4883 2521 4936 Christi.
2543 4885 2728 4948 lQuem
2769 4887 2915 4938 enim
2953 4887 3100 4939 nulla
3125 4887 3300 4954 potuit
3327 4904 3419 4941 se-

1842 4989 2035 5042 parare
2084 4984 2355 5034 creatura,
2403 4977 2680 5042 quomodo
2731 4987 3038 5044 separasset
3065 4978 3289 5033 dilectio
3329 4997 3420 5032 co-

1842 5075 2131 5135 gnatorum
2169 5081 2233 5119 ac
2259 5067 2487 5118 fratrum
2514 5067 2572 5118 ?t
2605 5067 2718 5135 Ego
2755 5067 2890 5136 ipse.
2923 5086 2942 5118 ι
2980 5069 3306 5138 Praeceptor,
3336 5072 3420 5122 in—

1841 5158 1981 5225 quit,
2036 5157 2304 5220 omnium,
2365 5158 2458 5226 qui
2511 5159 2661 5212 mille
2713 5170 2970 5228 exspecto
3019 5176 3268 5223 coronas,
3325 5167 3417 5231 qui

1843 5251 1989 5302 illius
2043 5248 2394 5303 dilectionem
2443 5249 2657 5302 eunetis
2715 5251 2878 5304 rebus
2937 5262 3233 5322 antepono.
3298 5273 3315 5303 ι
3367 5255 3418 5308 Δ

1841 5339 2086 5392 Christo.
2128 5359 2144 5388 ι
2194 5341 2426 5407 Ρτοιιιοι·
2451 5341 2655 5394 Christi
2689 5357 2932 5395 amorem
2970 5344 3073 5397 hoc
3101 5345 3236 5398 dixit
3270 5363 3282 5407 ;
3317 5362 3415 5399 ett—

1844 5432 2029 5500 piebat
2056 5432 2202 5485 enim
2236 5432 2413 5498 ipsqu
2446 5433 2513 5486 ab
2541 5432 2798 5486 omnibus
2831 5435 3145 5502 glorificari,
3179 5436 3272 5489 sed
3317 5452 3416 5491 no-

1843 5523 1962 5575 lens
1994 5523 2340 5575 manifestum
2373 5523 2487 5575 ﬁeri
2518 5523 2622 5577 hoc
2649 5523 2855 5577 donum
2894 5526 3186 5594 (siquidem
3209 5527 3416 5583 donum

1841 5627 1926 5671 est
1953 5618 2026 5670 ita
2051 5618 2330 5671 Christum
2360 5618 2629 5687 diligere),
2662 5628 2924 5688 cognatos
2950 5637 3007 5673 se
3031 5623 3268 5690 amplius
3293 5626 3419 5678 dili-

1843 5726 1972 5779 gere
1989 5711 2226 5763 simulat.
2253 5729 2270 5759 ι
2300 5711 2404 5763 Pro
2422 5710 2682 5764 fratribus
2705 5711 2860 5764 meis.
2879 5713 3204 5768 .Osten-Jere
3227 5718 3418 5771 Volens

1845 5803 2171 5856 immensum
2200 5817 2359 5855 suum
2394 5817 2635 5855 amorem
2660 5818 2720 5857 ac
2743 5803 2986 5857 studium
3023 5821 3148 5872 erga
3173 5807 3410 5869 Ju-lzeos.
