4196 6468
753 339 859 399 503

1808 349 2201 407 (ECUMENII
2240 351 2531 410 'I‘RICCJS
2555 349 2896 409 EPISCOPI

3898 351 4010 415 SOI

751 452 897 506 illico
945 453 1035 507 ubi
1081 454 1311 509 dixisset
1343 475 1353 508 :
1384 478 1397 506 ι
1440 458 1582 510 Nihil
1617 474 1701 511 me
1737 470 1917 528 potest
1949 478 1977 514 a
2011 463 2104 515 Dei
2140 479 2325 516 amore

2437 466 2808 534 ὑποκρίνεται.
2848 483 2866 516 ι
2919 464 3090 532 ’Υπὲρ
3137 463 3245 516 τῶν
3301 464 3544 531 ἀδελφῶν
3597 481 3718 532 μου.
3759 484 3776 516 ι
3826 465 4013 521 Θέλων

753 561 1028 615 separare,
1076 567 1092 598 ›
1125 548 1405 620 subjungit
1449 570 1459 603 :
1503 572 1519 602 ι
1555 551 1624 605 At
1652 569 1748 621 pro
1787 554 2050 609 fratribus
2101 557 2258 621 meis,
2303 577 2321 609 ι

753 635 798 688 si
845 636 952 690 illis
979 638 1112 692 utile
1157 649 1297 694 esset
1336 641 1400 694 ad
1437 656 1626 696 eorum
1657 645 1942 710 auxilium,
1974 648 2208 717 Optarim
2237 663 2325 702 se-

750 728 930 796 parari
958 747 970 782 :
1001 730 1106 784 hoc
1142 732 1287 785 enim
1309 733 1580 803 signiﬁcat
1610 755 1627 780 ε
1651 737 1962 792 anathema.
1991 759 2008 788 ι
2051 771 2104 780 -
2139 761 2156 790 ι
2183 740 2329 805 Quo-

751 832 872 870 rum
903 829 988 873 est
1023 819 1268 888 adoptio,
1306 841 1324 873 ι
1365 835 1470 877 etc.
1508 821 1759 879 Ostendit
1809 827 1978 882 Deum
2015 829 2150 882 nihil
2183 845 2324 898 prae-

745 909 1046 964 termisisse
1093 911 1160 965 ad
1192 912 1505 968 Judzeorum
1538 915 1956 972 beneficentiam
1998 937 2010 972 :
2045 919 2145 988 ipsi
2198 936 2328 974 vero

744 998 967 1065 propria
1024 999 1417 1070 ingratitudine
1450 1020 1514 1058 ac
1563 1005 1912 1076 improbitate
1957 1009 2026 1062 ab
2070 1011 2329 1065 omnibus

742 1089 1085 1144 exciderunt.
1112 1092 1238 1146 Ideo
1263 1095 1430 1150 etiam
1464 1097 1561 1151 Dei
1586 1099 1724 1151 dona
1751 1113 2057 1166 enumerat,
2083 1101 2330 1170 adoptio-

745 1195 892 1241 nem,
923 1182 1174 1251 gloriam,
1213 1187 1634 1257 legislationem,
1667 1206 1728 1244 ac
1762 1192 1993 1262 reliqua.
2041 1214 2058 1243 ι
2108 1193 2209 1259 Qui
2242 1204 2328 1248 est

745 1287 912 1341 super
967 1277 1151 1330 omnia
1206 1279 1367 1334 Deus.
1432 1300 1449 1331 ι
1520 1281 1620 1335 IIic
1675 1285 2022 1352 apertissime
2082 1287 2328 1342 nominat

743 1364 1036 1432 Apostolus
1090 1369 1367 1426 Christum
1425 1374 1616 1430 Deum.
1677 1376 1970 1436 Erubesce.
2020 1381 2326 1436 miserrime

675 1469 684 1474 ·
745 1454 890 1520 Arie,
946 1459 1178 1515 audiens
1211 1479 1238 1515 a
1279 1464 1447 1520 Paulo
1491 1467 1782 1538 gloriﬁcari
1827 1468 2106 1524 Christum
2155 1473 2324 1526 Deum

744 1561 957 1603 verum.
1002 1570 1019 1601 ι
1049 1551 1376 1611 Benedictus
1408 1559 1460 1611 in
1489 1561 1704 1614 saecula.
1745 1580 1761 1612 ›
1793 1561 1912 1631 Ipse
1944 1579 2044 1631 pro
2071 1565 2326 1619 omnibus

743 1645 1041 1709 gratiarum
1079 1650 1350 1706 actionem
1398 1656 1600 1709 retulit.
1644 1658 1721 1711 Ae
1760 1657 1804 1712 si
1842 1659 2088 1714 diceret:
2139 1662 2323 1727 Quan-

743 1749 906 1800 quam
961 1737 1131 1793 Judaii
1187 1757 1316 1812 erga
1368 1745 1544 1814 ipsum
1581 1747 1692 1801 sint
1724 1748 2066 1818 blasphemi:
2117 1760 2172 1804 at
2200 1769 2322 1823 ego,

747 1824 962 1896 inquit,
998 1832 1089 1899 qui
1123 1849 1318 1888 arcana
1349 1838 1494 1902 novi,
1530 1840 1757 1910 ejusque
1795 1843 2195 1910 providentiam
2228 1861 2324 1899 eo-

741 1935 965 1986 gnosco.
985 1927 1109 1978 novi
1131 1929 1276 1996 quod
1308 1931 1502 1998 dignus
1525 1934 1596 1986 sit
1615 1934 1934 2002 gloriﬁcari,
1961 1945 2148 2006 utpote
2177 1939 2324 1993 Deus

741 2011 994 2069 tLhristus
1027 2032 1192 2089 super
1221 2021 1402 2074 omnia
1439 2022 1492 2076 in
1521 2026 1737 2078 saecula.

2429 553 2598 618 δεῖξαι
2639 554 2737 623 τὴν
2780 554 2986 622 ἄφατον
3018 553 3182 608 αὐτοῦ
3226 555 3459 624 στοργὴν
3505 559 3593 608 καὶ
3628 557 3866 626 σπουδὴν
3911 561 4014 628 τὴν

2432 647 2571 714 ὑπὲρ
2604 648 2714 699 τῶν
2752 648 3045 708 Ἰουδαίων.
3113 648 3314 701 αὐτίκα
3379 649 3517 717 μετὰ
3568 649 3629 701 τὸ
3686 651 3883 713 εἰπεῖν,
3928 654 4013 705 ὅτι

2437 759 2454 789 ι
2485 739 2650 793 Οὐδέν
2687 758 2752 810 με
2785 741 3006 794 δύναται
3055 743 3288 812 χωρίσαι
3331 743 3441 796 ἀπὸ
3492 743 3594 812 τῆς
3638 744 3860 814 ἀγάπης
3911 743 4011 797 τοῦ

2429 832 2586 894 Θεοῦ,
2618 855 2635 886 ι
2666 836 2884 902 ἐπάγει,
2912 854 2928 884 ι
2956 834 3092 887 Ἀλλ’
3115 835 3254 906 ὑπὲρ
3274 837 3381 888 τῶν
3401 834 3646 903 ἀδελφῶν
3662 854 3843 906 μονα
3869 839 3920 889 εἰ
3945 834 4014 906 ἦν

2428 926 2589 978 τοῦτο
2616 925 2900 979 συντελοῦν
2933 929 3012 989 εἰς
3049 928 3237 998 ὄνησιν
3276 927 3474 992 αὐτῶν,
3511 927 3763 998 ηὐξάμην
3801 928 3867 981 ἂν
3899 947 4015 998 χω-

2431 1018 2704 1087 ρισθῆναι.
2734 1019 2905 1072 Τοῦτο
2934 1021 3043 1090 γὰρ
3067 1020 3125 1073 τὸ
3160 1039 3179 1072 ι
3212 1019 3485 1088 Ἀνάθεμα
3519 1039 3536 1071 ι
3572 1021 3848 1089 σημαίνει.
3880 1015 4014 1072 ιἿὶν

2429 1110 2463 1179 ἡ
2501 1110 2761 1170 υἱοθεσία,
2803 1129 2822 1162 δ
2857 1110 2951 1163 καὶ
2977 1112 3045 1162 τὰ
3099 1111 3246 1180 ἑξῆς.
3282 1112 3460 1175 Δεῖξαι
3491 1110 3653 1176 θέλει,
3683 1113 3767 1164 ὅτι
3803 1114 3832 1164 6
3874 1111 4013 1174 Θεὸς

2430 1201 2585 1255 οὐδὲν
2611 1201 2862 1271 παρῆκεν
2907 1205 2987 1266 εἰς
3033 1202 3132 1273 τὴν
3182 1203 3292 1256 τῶν
3345 1203 3617 1256 Ἰουδαίων
3661 1203 4012 1272 εὐεργεσίαν.

2429 1292 2593 1346 Αὐτοὶ
2625 1293 2702 1355 δὲ,
2732 1295 2910 1364 οἰκείᾳ
2950 1295 3314 1365 ἀγνωμοσύνῃ
3349 1297 3566 1349 πάντων
3602 1295 3879 1362 ἐξέπεσον.
3924 1294 4018 1346 Διδ

2431 1385 2525 1438 καὶ
2547 1385 2835 1453 καταλέγει
2857 1385 3192 1456 τὰςξδωρεὰς
3215 1386 3308 1438 τοῦ
3329 1387 3484 1449 Θεοῦ,
3505 1387 3796 1449 υἱοθεσίαν,
3827 1387 4014 1450 δόξαν,

2430 1477 2773 1546 νομοθεσίαν,
2789 1477 2992 1541 καὶτὰς
3020 1478 3233 1541 λοιπάς.
3255 1499 3271 1529 ι
3296 1479 3352 1529 Ὀ
3378 1478 3453 1530 ὣν
3470 1480 3560 1530 ἐπὶ
3586 1478 3800 1530 πάντων
3816 1477 3973 1540 Θεὸς.
3993 1497 4011 1526 ι

2443 1566 2705 1620 Ἐνταῦοα
2749 1568 3109 1637 λαμπρότατα.
3139 1568 3273 1620 Salv
3305 1569 3396 1620 τὸν
3433 1568 3668 1637 Χριστὸν
3697 1567 3960 1637 ὀνομάζει
3993 1570 4020 1619 6

2441 1659 2784 1722 Ἀπόστολος.
2834 1659 3184 1728 Αἰσχύνθητι,
3229 1660 3505 1728 τρισάθλιε
3560 1662 3762 1729 Ἀρειε,
3796 1661 4018 1712 ἀκούων

2429 1752 2579 1822 παρὰ
2609 1753 2819 1804 Παύλου
2847 1752 3296 1820 δοξολογούμενον
3322 1753 3413 1805 τὸν
3443 1753 3677 1822 Χριστὸν
3713 1751 3846 1804 Θεὸν
3873 1754 4021 1820 ἀλη-

2435 1842 2602 1895 θινόν.
2641 1861 2658 1892 ι
2713 1842 3020 1913 Εὑλογητδς
3079 1844 3158 1905 εἰς
3189 1845 3315 1904 τοὺς
3361 1843 3582 1904 αἰῶνας,
3625 1864 3641 1894 ι
3697 1843 3869 1906 Abi;
3915 1843 4018 1912 τὴν

2434 1933 2576 2003 ὑπὲρ
2610 1935 2828 1988 πάντων
2854 1935 3132 2004 ἀνήγαγεν
3163 1936 3533 2005 εὐχαριστίαν,
3566 1935 3770 1988 εἰπών⁸
3807 1938 3869 1988 Εἰ
3903 1937 4016 2004 γὰρ

2435 2026 2531 2078 καὶ
2557 2026 2825 2086 Ἰουδαῖοι,
2885 2028 3039 2094 φησὶ,
3092 2027 3504 2097 βλασφημοῦσιν
3545 2030 3624 2090 εἰς
3676 2030 3856 2087 αὑτὸν,
3895 2028 3998 2078 ἀλλ

741 2103 872 2170 ἐγὼ,
911 2109 1097 2176 φησὶν,
1123 2113 1150 2163 6
1193 2112 1261 2164 τὰ
1301 2116 1593 2185 ἁπόρῤητα
1633 2117 1808 2179 εἰδὼς,
1862 2119 1957 2173 καὶ
1984 2120 2081 2189 τὴν
2125 2121 2382 2190 πρόνοιαν
2421 2118 2586 2171 αὑτοῦ
2627 2120 3012 2187 ἐπιστάμενος,
3047 2117 3164 2174 οἶδα
3196 2121 3278 2173 ὅτι
3319 2119 3714 2187 ὃοξολογεῖσθαι
3774 2121 4016 2190 ὑπάρχει

739 2195 911 2261 ἄξιος,
965 2194 1050 2252 οἷα
1083 2201 1236 2266 Θεὸς,
1290 2207 1316 2256 6
1363 2207 1596 2274 Χριστὸς
1647 2210 1741 2260 ἐπὶ
1791 2212 2009 2263 πάντων
2057 2214 2135 2272 εἰς
2181 2212 2306 2266 τοὺς
2346 2210 2568 2272 αἰῶνας.

813 2291 902 2354 IX,
939 2293 1051 2348 6-9.
1087 2295 1203 2350 Non
1236 2309 1412 2353 autent
1439 2309 1546 2354 ἠως
1574 2303 1686 2355 dico
1718 2306 1856 2373 quod
1890 2307 2029 2359 velut
2070 2308 2316 2360 exciderit

739 2397 911 2436 sermo
951 2384 1064 2439 Dei.
1115 2384 1230 2441 Non
1271 2394 1407 2444 enim
1439 2408 1617 2448 omnes
1656 2399 1744 2464 qui
1784 2407 1908 2450 sunt
1942 2415 2004 2450 ea:
2043 2399 2232 2463 Israel,
2266 2400 2317 2451 lii

739 2482 864 2526 sunt
898 2473 1093 2542 Israel,
1127 2495 1293 2548 neque
1326 2486 1620 2555 quicunque
1657 2498 1780 2540 sunt
1821 2506 1994 2542 semen
2023 2491 2316 2554 Abraham,

742 2579 920 2620 omnes
949 2579 1071 2622 sunt
1093 2571 1195 2638 lilii
1221 2592 1237 2626 :
1267 2575 1375 2639 sed,
1399 2577 1499 2630 Per
1529 2578 1684 2632 Isaac
1712 2583 1980 2635 vocabitur
2006 2585 2098 2636 tibi
2118 2601 2316 2643 semen.

742 2655 837 2708 hoc
883 2667 992 2720 est,
1046 2678 1147 2714 non
1185 2670 1274 2732 qui
1325 2665 1428 2732 ﬁlii
1478 2672 1672 2731 rarnis,
1704 2672 1756 2724 lii
1784 2681 1905 2724 sunt
1949 2673 2046 2739 ﬁlii
2077 2673 2192 2736 Dei,
2230 2677 2319 2728 sed

739 2746 841 2808 ﬁlii
881 2755 1241 2817 promissionis
1286 2769 1600 2828 reputantur
1625 2764 1677 2815 in
1704 2781 1900 2818 semen.
1949 2766 2321 2823 Promissionis

741 2841 882 2893 enim
919 2859 1090 2897 sermo
1120 2849 1200 2900 hic
1229 2859 1340 2903 est:
1384 2853 1445 2904 In
1477 2861 1708 2923 (corpore
1745 2858 1840 2908 hoc
1875 2858 2097 2920 veniam,
2138 2870 2184 2912 et
2226 2864 2322 2914 erit

744 2927 897 2986 Sorte
927 2933 1096 3001 ﬁlius.

809 3115 974 3188 324
1003 3118 1166 3187 Ecce,
1195 3125 1391 3193 inquit,
1420 3127 1586 3178 etiam
1612 3127 1899 3180 anathema
1935 3129 2048 3181 fieri
2075 3132 2240 3200 cupio
2265 3143 2324 3185 nt

738 3205 914 3269 Judaei
946 3215 1195 3275 credant,
1232 3225 1288 3269 et
1322 3231 1388 3269 ne
1436 3216 1687 3269 videatur
1717 3219 1945 3272 mendax
1985 3220 2149 3274 fuisse
2183 3222 2326 3278 Dens

744 3304 797 3358 in
831 3306 918 3360 his
946 3322 1068 3376 qua:
1100 3308 1390 3376 promisit:
1434 3319 1672 3362 attamen
1708 3312 1750 3364 si
1777 3322 1964 3366 exacte
2008 3315 2326 3370 considera-

741 3398 1006 3459 verimus,
1043 3413 1221 3468 neque
1249 3415 1396 3454 nunc
1424 3401 1629 3454 excidit
1659 3417 1873 3455 sermo:
1914 3419 2015 3458 nec
2045 3407 2198 3461 irrita
2225 3408 2327 3464 fuit

742 3488 840 3542 Dei
864 3491 1176 3559 promissio.
1209 3491 1342 3547 Nam
1375 3492 1489 3549 haec
1511 3493 1644 3557 dixi,
1681 3510 1787 3548 non
1819 3498 1964 3565 quod
1997 3499 2146 3552 velut
2171 3503 2323 3555 exei-

747 3579 892 3634 derit
918 3593 1099 3636 sermo
1133 3583 1230 3637 Dei
1261 3602 1273 3636 :
1323 3583 1427 3638 hoc
1460 3595 1563 3645 est,
1613 3601 1718 3640 non
1745 3590 1871 3654 quia
1901 3591 2102 3646 excidit
2148 3609 2326 3648 sermo

747 3672 866 3736 Dei,
920 3675 1014 3729 sed
1047 3691 1156 3744 quo
1195 3675 1545 3731 dilectionem
1581 3694 1706 3748 erga
1739 3681 1862 3734 illos
1903 3684 2211 3740 ostendam.
2251 3688 2328 3740 Ac

745 3763 1012 3835 deinceps
1041 3767 1285 3821 ostendit
1323 3784 1434 3838 quo
1467 3779 1628 3838 pacto
1656 3771 1748 3824 Dei
1785 3789 1965 3826 sermo
2000 3790 2063 3829 ac
2093 3779 2327 3845 promis—

745 3853 830 3907 sio
875 3855 971 3908 Dei
1010 3857 1077 3909 ad
1111 3856 1385 3912 Abraham
1418 3875 1525 3913 non
1557 3861 1847 3914 exciderit.
1891 3864 2198 3928 Qumnam?
2243 3869 2326 3922 vel

746 3945 894 4016 quod
941 3964 1128 4004 semen
1160 3952 1280 4020 ejus
1309 3952 1462 4019 juxta
1504 3954 1928 4021 promissionem
1968 3958 2162 4026 arqnali
2203 3975 2326 4014 cum

748 4038 912 4092 astris
954 4055 1192 4094 numero
1234 4041 1480 4097 futurum
1522 4055 1684 4099 esset.
1739 4046 1936 4101 Semen
1978 4058 2160 4103 autem
2208 4053 2329 4120 ejus

747 4129 1050 4184 secundum
1088 4133 1512 4200 promissionem
1546 4147 1629 4190 est
1661 4137 1922 4203 lidelium,
1960 4141 2055 4209 qni
2085 4158 2114 4196 a
2145 4143 2327 4197 divina

751 4219 1103 4278 Providentia
1156 4239 1264 4278 non
1317 4226 1662 4283 exciderunt.
1715 4248 1732 4280 ι
1769 4230 1886 4284 Non
1915 4233 2105 4286 veluti.
2140 4255 2156 4284 ι
2209 4235 2329 4289 Νοη

753 4311 953 4376 solum,
1004 4315 1217 4384 inquit,
1256 4333 1362 4371 non
1397 4319 1601 4373 excidit
1634 4336 1818 4375 sermo
1854 4323 1972 4382 Dei.
2012 4326 2107 4377 sed
2152 4341 2329 4395 neque

2491 2308 2612 2373 οὐχ
2647 2300 2774 2359 οἷον
2800 2307 2868 2358 δὲ
2899 2306 2985 2359 ὅτι
3015 2307 3400 2360 ἐκπέπτωκεν
3428 2311 3457 2358 o'
3493 2309 3673 2374 λόγος
3708 2306 3810 2358 τοῦ
3841 2307 4015 2359 Θεοῦ.

2430 2400 2511 2450 Οὐ
2557 2396 2666 2465 γὰρ
2716 2398 2935 2462 πάντες
2981 2401 3033 2450 οι
3089 2399 3157 2460 ἐξ
3195 2399 3479 2464 ‘lcrpaht,
3511 2395 3672 2451 οὗτοι
3725 2399 4015 2464 ‘Iogrij'

2426 2489 2551 2541 οὐδ’
2585 2489 2718 2542 ὅσοι
2765 2491 2881 2543 εἰσί
2918 2490 3157 2558 σπέρμα
3187 2491 3466 2558 Ἀϐραὰμ,
3515 2490 3737 2556 πάντες
3789 2492 3973 2543 τέκνα
4002 2509 4013 2521 ·

2426 2581 2585 2645 ἀλλ’,
2637 2583 2738 2634 Ἐν
2769 2581 2973 2635 Ἰσαὰκ
3017 2583 3386 2648 κληθήσεταί
3409 2601 3505 2635 σει
3558 2584 3815 2650 ostenta,
3844 2600 4020 2635 revr-

2424 2671 2616 2736 ἐστιν,
2654 2675 2724 2725 οὐ
2755 2674 2822 2726 τὰ
2857 2673 3038 2725 τέκνα
3066 2674 3175 2740 τῆς
3208 2677 3454 2742 σαρκὸς,
3485 2676 3668 2728 ταῦτα
3697 2674 3876 2727 τέκνα
3906 2676 4017 2727 τοῦ

2425 2763 2608 2816 Θεοῦ·
2645 2766 2808 2818 ἀλλὰ
2832 2767 2904 2818 τὰ
2937 2765 3120 2818 τέκνα
3158 2766 3268 2832 τῆς
3303 2767 3685 2834 ἐπαγγελίας,
3715 2766 4014 2835 λογίζεται

2423 2854 2510 2916 εἰς
2574 2855 2833 2923 σπέρμα.
2876 2856 3273 2926 Ἐπαγγελιάς
3322 2859 3431 2924 γὰρ
3486 2863 3516 2910 o’
3569 2859 3751 2926 λόγος
3805 2854 4011 2923 οὗτος·

2427 2945 2588 2998 Κατὰ
2636 2947 2741 2999 τὸν
2781 2947 2992 3015 καιρὸν
3039 2949 3253 3002 τοῦτον
3288 2949 3650 3017 ἐλεύσομαι,
3701 2949 3797 3003 καί
3837 2949 4016 3002 ἔσται

2427 3034 2500 3102 τῇ
2536 3038 2732 3105 Σάρῤᾳ
2768 3040 2918 3104 υἱός.

2504 3128 2658 3193 Ἰδοὺ,
2697 3132 2855 3199 φησὶ,
2887 3133 2982 3184 καὶ
3021 3132 3270 3202 ἀνάθεμα
3305 3133 3452 3202 ζητῶ
3473 3133 3724 3200 γενέσθαι
3749 3133 3892 3201 ὑπὲρ
3916 3135 4015 3187 τοῦ

2429 3220 2718 3271 πιστεῦσαι
2779 3221 3087 3284 Ἰουδαίους,
3143 3224 3240 3274 καὶ
3296 3223 3385 3276 ἵνα
3453 3222 3527 3292 μὴ
3567 3222 3693 3292 δόξῃ
3744 3223 4013 3290 ἐψεῦσθαι

2429 3310 2456 3359 6
2497 3311 2628 3374 Θεὸς
2660 3311 2744 3377 ἐφ’
2781 3307 2864 3376 οἷς
2901 3314 3259 3384 ἐπήγγελται.
3310 3315 3422 3368 Καὶ
3469 3317 3616 3382 ὅμως
3668 3315 3761 3367 ἐὰν
3811 3317 4017 3383 ἴδωμεν

2430 3403 2694 3473 ἀκριϐῶς,
2737 3403 2863 3457 οῦτε
2894 3405 2991 3458 νῦν
3037 3406 3294 3471 ἐξέπεσεν
3335 3408 3361 3459 6
3400 3406 3575 3473 λογος,
3628 3408 3780 3476 καὶὴ
3836 3409 4015 3476 ἐπαγ-

2431 3495 2590 3562 γελία
2632 3495 2727 3549 τοῦ
2761 3496 2898 3549 Θεοῦ
2947 3497 3049 3550 οὐκ
3096 3497 3381 3567 ἐψεύσατο.
3418 3498 3602 3551 Ταῦτα
3654 3499 3785 3568 γὰρ,
3823 3502 4012 3570 φησὶν,

2432 3581 2604 3648 εἷπον,
2637 3587 2736 3656 οὑχ
2793 3581 2905 3640 οἷον
2963 3587 3046 3640 ὅτι
3071 3589 3428 3641 ἐκπέπτωκεν
3458 3590 3484 3640 6
3515 3588 3669 3655 λόγος
3713 3587 3806 3641 τοῦ
3851 3589 4010 3647 Θεοῦ,

2434 3677 2732 3739 τουτέστιν,
2765 3678 2864 3730 υξιιι
2890 3678 3077 3748 ἐπειδὴ
3102 3680 3459 3733 ἐκπέπτωκεν
3491 3681 3517 3731 6
3547 3680 3702 3745 λόγος
3730 3679 3825 3731 τοῦ
3848 3679 4011 3740 Θεοῦ,

2434 3768 2548 3820 ἀλλ’
2581 3769 2669 3822 ἵνα
2695 3769 2794 3838 τὴν
2842 3770 2980 3839 πρὸς
3009 3769 3207 3832 αὐτοὺς
3250 3772 3472 3841 ἀγάπην
3519 3771 3862 3838 ἐνδείξωμαι.
3905 3772 4012 3822 Καὶ

2433 3859 2620 3913 λοιπὸν
2658 3861 2899 3916 δείκνυσι
2929 3861 3046 3926 πῶς
3080 3864 3107 3915 6
3134 3863 3294 3930 λόγος
3341 3863 3434 3917 τοῦ
3463 3863 3621 3927 Θεοῦ,
3662 3864 3755 3915 καὶ
3797 3864 3829 3932 η
3872 3864 4015 3930 πρὸς

2445 3954 2698 4023 Ἀϐραὰμ
2735 3954 3038 4022 ἐπαγγελία
3061 3953 3154 4007 τοῦ
3179 3955 3316 4009 Θεοῦ
3371 3957 3469 4009 οὐκ
3493 3955 3834 4008 ἐκπέπτωκε.
3876 3955 4014 4008 Ποία

2433 4047 2565 4115 δῆτα
2589 4063 2603 4112 ;
2637 4045 2701 4097 Ἦ
2724 4045 2783 4098 τὸ
2812 4046 2932 4098 κατ’
2966 4047 3301 4114 ἐπαγγελίαν
3326 4045 3490 4100 αὑτοῦ
3525 4046 3746 4115 σπέρμα
3773 4045 4013 4111 λέγουσα

2437 4137 2727 4206 ἰσάριθμον
2765 4137 2988 4191 ἔσεσθαι
3041 4143 3147 4200 τοῖς
3197 4139 3440 4209 ἄστροις.
3481 4139 3620 4190 Κατ’
3673 4137 4012 4202 ἐπαγγελίαν

2433 4229 2490 4282 δέ
2522 4229 2687 4282 αὐτοῦ
2714 4228 2958 4298 σπέρμα,
2986 4229 3046 4281 τὸ
3075 4229 3183 4282 τῶν
3212 4229 3441 4291 πιστῶν,
3477 4229 3570 4281 καὶ
3599 4228 3697 4280 οὐκ
3721 4228 4012 4279 ἐκπεπτω-

2435 4323 2609 4374 κότων
2651 4321 2750 4392 τῆς
2794 4321 2947 4384 θείας
2988 4321 3265 4391 προνοίας.
3307 4341 3324 4373 ι
3359 4322 3471 4392 Οὐχ
3499 4317 3630 4374 οἷον.
3662 4340 3680 4370 ι
3707 4351 3774 4360 —-
3808 4319 4012 4391 [ΦΩΤ.]

751 4403 920 4458 veluti
964 4405 1272 4460 exciderit:
1318 4407 1422 4461 hoc
1450 4419 1552 4474 est,
1590 4409 1682 4463 sed
1719 4426 1897 4479 neque
1933 4429 2102 4482 prope
2139 4415 2241 4469 fuit
2272 4426 2325 4471 ut

2437 4415 2512 4466 Οὐ
2540 4416 2720 4483 μόνον,
2749 4417 2936 4483 φησὶν,
2966 4415 3066 4467 οὐκ
3097 4417 3459 4468 ἐκπέπτωκεν
3485 4417 3513 4467 6
3548 4414 3700 4481 λόγος
3736 4413 3830 4465 τοῦ
3852 4411 4012 4477 Θεοῦ,

750 4493 1048 4554 excideret.
1095 4498 1178 4552 vel
1214 4507 1275 4552 ut
1303 4499 1571 4554 excidisse
1601 4501 1903 4556 videretur.
1959 4523 1975 4554 ι
2015 4505 2132 4560 Non
2180 4507 2330 4562 enim

753 4601 943 4642 omnes
961 4589 1053 4658 qui
1082 4601 1293 4644 suntex
1313 4591 1498 4657 Israel,
1531 4615 1547 4644 ι
1576 4603 1682 4648 etc.
1703 4594 1771 4648 Et
1796 4599 2094 4664 quomodo,
2129 4601 2327 4669 inquit,

752 4692 861 4731 non
894 4680 1096 4734 excidit
1123 4683 1352 4737 verbum
1384 4685 1478 4738 Dei
1507 4686 1528 4738 ?
1555 4688 1830 4755 quomodo
1852 4689 1875 4740 ?
1901 4688 2038 4754 Quia
2069 4707 2176 4745 non
2209 4708 2330 4747 om-

755 4783 852 4823 nes
879 4773 973 4839 qui
1023 4783 1149 4828 snnt
1185 4791 1250 4828 ex
1287 4776 1494 4842 Israel,
1535 4777 1794 4834 Israelita:
1829 4791 1978 4836 sunt.
2019 4803 2037 4834 ι
2075 4785 2180 4838 hoc
2223 4797 2328 4850 est,

751 4877 939 4917 semen
988 4865 1283 4922 Abraham.
1327 4870 1533 4924 Deinde
1569 4871 1672 4925 hoc
1717 4875 1994 4942 explanat.
2027 4877 2144 4930 Non
2179 4878 2325 4932 enim

755 4969 824 5006 eo
853 4955 998 5024 quod
1022 4958 1134 5012 sint
1162 4960 1326 5029 aliqui
1351 4961 1447 5018 lilii
1473 4965 1719 5018 carnales
1747 4965 2042 5029 Abraham,
2065 4969 2328 5024 continuo

748 5048 861 5113 jam
909 5050 1073 5102 etiam
1115 5050 1212 5104 lilii
1257 5062 1386 5106 sunt
1434 5055 1738 5108 secundum
1786 5058 2225 5125 promissionem,
2273 5071 2330 5114 et

755 5137 956 5205 quibus
979 5143 1267 5208 promissio
1301 5143 1440 5198 facta
1470 5154 1554 5199 est
1590 5164 1602 5200 :
1634 5148 1729 5200 sed
1760 5149 1854 5217 qui
1887 5150 1996 5203 sint
2028 5149 2119 5204 lilii
2150 5152 2330 5206 Abra-

759 5226 883 5280 ham
927 5229 1076 5294 audi,
1122 5232 1318 5300 inquit,
1361 5232 1722 5303 Scripturam.
1777 5237 1913 5292 Vide
1963 5247 2145 5293 autem
2185 5244 2331 5310 quod

759 5336 867 5374 non
899 5321 1101 5376 dixerit
1132 5345 1142 5377 :
1179 5325 1255 5379 Ex
1289 5327 1477 5390 Iacob,
1513 5330 1606 5382 sed
1653 5347 1670 5377 ι
1711 5329 1787 5384 Ex
1827 5331 2013 5393 Israel,
2054 5351 2070 5381 ι
2121 5347 2219 5401 pro
2257 5335 2327 5388 si-

757 5426 863 5477 gno
891 5411 1110 5468 virtutis
1141 5431 1348 5482 ponens
1377 5418 1672 5472 dictionem
1719 5439 1737 5470 ι
1765 5421 1928 5475 Israel
1973 5441 1990 5471 ι
2037 5439 2100 5476 ac
2125 5424 2331 5478 donum

759 5516 1054 5568 supernum
1104 5509 1416 5562 ostendens.
1449 5510 1503 5565 Si
1543 5526 1652 5564 non
1685 5527 1877 5568 omnes
1905 5515 1998 5583 qui
2027 5531 2092 5568 ex
2123 5517 2332 5570 semine

759 5603 888 5648 sunt
917 5596 1210 5662 Abraham,
1252 5600 1303 5653 hi
1335 5602 1496 5654 etiam
1531 5602 1624 5657 lilii
1661 5612 1783 5657 sunt
1818 5605 2115 5670 Abraham,
2156 5609 2330 5662 mani-

759 5685 956 5742 festum
989 5701 1137 5744 certe
1173 5704 1254 5746 est
1290 5693 1456 5746 alium
1493 5709 1610 5749 esse
1640 5697 1860 5748 modum
1893 5698 1986 5766 qui
2015 5713 2112 5752 eos
2136 5699 2330 5752 reddat

761 5780 899 5835 tiiios
929 5781 1196 5837 Abraham
1228 5794 1424 5854 [muter
1454 5787 1791 5842 nativitatem
1825 5774 1946 5857 quae
1969 5789 2038 5844 ab
2063 5789 2181 5859 ipso
2217 5801 2318 5846 est.

2434 4506 2550 4560 ἀλλ’
2571 4507 2690 4560 οῦδέ
2720 4502 2831 4560 οἷον
2861 4508 3216 4560 ἐκπέπτωκεν
3240 4524 3251 4536 ·
3279 4501 3411 4568 οἷον,
3435 4507 3548 4559 ἀλλ’
3580 4506 3699 4559 οὐδὲ
3733 4508 3903 4573 ἐγγὺς
3926 4508 4018 4574 γέο

2436 4617 2561 4668 γονε
2587 4599 2680 4652 τοῦ
2713 4601 2990 4660 ἐκπεσεῖν,
3023 4599 3054 4668 ἢ
3083 4600 3258 4652 δοκεῖν
3289 4600 3723 4652 ἐκπεπτωκέναι.
3749 4617 3765 4648 ι
3799 4599 3874 4650 Οὐ
3905 4600 4016 4668 γὰρ

2436 4691 2637 4752 πάντες
2656 4693 2704 4743 οἰ
2724 4691 2782 4757 ἐξ
2803 4691 3044 4761 Ἰσραὴλ,
3077 4709 3095 4742 ›
3133 4691 3228 4744 καὶ
3251 4691 3317 4743 τὰ
3345 4691 3491 4760 ἑξῆς.
3520 4691 3630 4742 Καὶ
3663 4689 3800 4752 πῶς,
3820 4693 4010 4759 φησὶν,

2435 4783 2537 4836 οὐκ
2570 4783 2828 4847 ἐξέπεσεν
2855 4784 2883 4834 6
2916 4783 3070 4849 λόγος
3110 4783 3203 4835 τοῦ
3230 4782 3398 4846 Θεοῦ;
3431 4783 3551 4843 Πῶς
3577 4801 3589 4845 ;
3635 4783 3756 4834 ’Ὁτι
3782 4783 3842 4834 οὐ
3871 4785 4013 4837 πάν-

2435 4885 2527 4931 τες
2555 4871 2602 4922 οἰ
2634 4870 2692 4932 ἐξ
2727 4869 2965 4940 Ἰσραὴλ,
2991 4871 3324 4941 Ἰσραηλίταί
3347 4874 3475 4929 εἰσι,
3493 4873 3756 4927 τουτέστι.
3783 4871 4012 4940 σπέρμα

2450 4961 2718 5031 Ἀϐραάμ.
2747 4961 2878 5032 Εἶτα
2913 4963 3197 5032 σαφηνίζει
3226 4964 3374 5015 αὐτό.
3404 4963 3480 5015 Οὐ
3503 4964 3610 5031 γὰρ
3633 4962 3817 5031 ἐπειδὴ
3842 4979 4009 5026 τινες,

2437 5030 2593 5122 φησί,
2631 5030 2795 5105 τέκνα
2843 5030 3083 5123 σαρκικᾶ
3132 5052 3228 5107 τοῦ
3257 5053 3529 5123 Ἀϐραὰμ,
3582 5030 3684 5122 ἤδη
3718 5030 3814 5105 καί
3842 5054 4014 5107 τέκνα

2436 5146 2545 5199 εἰσὶ
2597 5148 2718 5198 κατ’
2766 5146 3118 5212 ἐπαγγελίαν,
3155 5148 3247 5198 καὶ
3276 5141 3356 5208 οἷς
3402 5148 3434 5215 ἡ
3476 5145 3776 5212 ἐπαγγελία
3826 5145 4009 5214 ἐδόθη.

2448 5238 2606 5290 Ἀλλὰ
2647 5238 2771 5289 ποῖα
2815 5239 2930 5289 ἐστι
2958 5237 3124 5290 τέκνα
3168 5237 3442 5307 Ἀϐραὰμ,
3490 5238 3676 5298 ἄκουε,
3724 5238 3877 5304 φησὶ,
3909 5239 4010 5305 τῆς

2436 5331 2678 5400 Γραφῆεο
2713 5331 2858 5398 Ὅρα
2885 5331 2940 5382 δέ
2964 5346 2977 5360 ⁸
3014 5330 3128 5382 Οὐκ
3164 5329 3420 5392 εἷπενἘξ
3449 5328 3821 5390 ’1ακὼ6,ἁλλ’,
3864 5348 3882 5380 ι
3916 5330 4010 5394 Ἐξ

2447 5425 2687 5496 Ἰσραὴλ,
2727 5444 2744 5476 i
2798 5425 2858 5477 τὸ
2904 5424 3005 5492 τῆς
3053 5425 3256 5495 ἀρετῆς
3302 5423 3590 5491 γνώρισμα
3638 5421 3895 5485 τεθεικὼς
3947 5427 4010 5476 τὸ

2444 5535 2462 5567 ι
2497 5517 2736 5586 Ἰσραὴλ,
2773 5537 2791 5568 ι
2834 5518 2926 5569 καὶ
2954 5517 3167 5578 δεικνὺς
3190 5517 3290 5586 τὴν
3322 5515 3528 5569 ἄνωθεν
3551 5514 3776 5582 δωρεὰν.
3803 5511 3864 5566 Εἰ
3887 5515 4009 5582 οὖχῖ

2439 5610 2662 5671 πάντες,
2697 5610 2884 5679 φησὶν,
2914 5609 2961 5661 οἱ
2994 5611 3055 5660 ἐκ
3089 5609 3398 5677 σπέρματος
3433 5606 3708 5673 Ἀϐραὰμ,
3739 5598 3884 5657 οῦτοι
3916 5611 4009 5659 καὶ

2436 5701 2600 5753 τέκνα
2632 5701 2905 5770 Ἀϐραὰμ,
2944 5701 3182 5768 δηλονότι
3205 5700 3358 5756 ἄλλος
3391 5701 3506 5751 ἐστὶ
3539 5700 3737 5767 τρόπος
3767 5701 3793 5750 6
3837 5699 4011 5749 ποιῶν

2433 5793 2626 5855 αὐτοὺς
2655 5794 2818 5845 τέκνα
2848 5793 2940 5845 τοῦ
2971 5792 3241 5860 Ἀϐραὰμ,
3276 5793 3369 5844 καὶ
3398 5791 3516 5858 οὖλὶ
3546 5793 3576 5858 ἡ
3605 5790 3660 5855 ἐξ
3688 5787 3854 5842 αὑτοῦ
3883 5790 4002 5856 γέν-
