4196 6468
139 369 240 430 Ξο5

1191 352 1576 412 ΟΟΞῙΜΕΝΎ.
1628 347 1700 405 IN
1746 348 1984 408 EPIS’I‘.
2031 350 2131 408 AD
2173 352 2354 409 [ωλι.

3293 352 3397 413 506

141 493 284 543 *ητις
340 474 442 526 τῖε
465 473 524 522 δὲ
555 463 741 532 οὗτος;
775 469 834 520 ὐ
867 467 964 536 τῆς
999 466 1332 532 ἐπαγγελίας
1357 482 1368 494 ·
1411 463 1710 522 τουτέστιν,

1830 465 1955 531 Quis
1977 477 2157 519 autem
2197 466 2286 520 ille
2313 475 2396 519 est
2425 465 2448 519 ?
2476 464 2894 519 Promissiouis:
2924 466 3028 520 huc
3051 476 3138 520 est
3193 466 3267 520 illi
3298 469 3396 525 ﬁlii

140 573 332 623 ἐκεῖνοι
355 569 526 619 τέκνα
555 567 718 628 εἰσίν,
746 562 798 615 ei
830 562 921 615 καὶ
949 561 1047 629 τῆς
1083 557 1416 625 ἐπαγγελίας
1458 555 1717 619 ἀξιωθέν-

138 679 244 725 τες,
275 660 373 712 καὶ
395 655 794 726 πληΟυ-ιθέντες
815 664 888 716 ως
914 653 980 705 τὰ
1014 651 1188 716 ἄστρα
1211 647 1306 702 τοῦ
1332 647 1586 717 οὐρανοῦ,
1609 641 1719 698 οἷόν

143 755 275 806 εἰσιν
300 752 354 803 οἱ
387 750 590 811 πιστοὶ,
623 747 923 809 τουτέστιν,
954 747 1014 799 οὐ
1049 752 1120 798 τὰ·
1149 744 1332 796 τέκνα.
1372 761 1390 792 ι
1430 741 1720 794 Τοντέστιν

140 846 200 895 οὐ
229 843 296 895 τὰ
327 842 498 895 τέκνα
536 841 635 910 τῆς
669 840 891 908 σαρκὸς,
927 857 945 889 ι
980 840 1073 890 καὶ
1104 838 1171 889 τὰ
1202 837 1343 905 ἑξῆς.
1383 834 1510 887 Εἶτα
1545 835 1718 902 ἑρμη-

144 933 284 986 νεὺει
324 933 428 1003 τὴν
457 930 904 996 ἀναγνωσθεῖσαν
944 930 1188 997 Γραφὴν,
1226 927 1278 978 τί
1309 929 1422 978 ἐστι
1463 926 1545 983 τδ,
1583 945 1599 976 ι
1631 925 1721 975 Ίῗν

155 1027 338 1080 Ἰσαὰκ
389 1025 722 1095 κληθήσεταί
753 1042 832 1076 σοι
877 1024 1117 1093 σπέρμα.
1161 1042 1178 1072 ›
1221 1023 1364 1083 Ὅτι,
1426 1021 1620 1088 φησὶν,
1671 1020 1717 1068 ei

147 1122 207 1170 ἐκ
241 1119 342 1186 τῆς
397 1117 729 1184 ἐπαγγελίας
775 1117 880 1169 εἰσὶ
934 1117 1120 1168 τέκνα.
1165 1114 1277 1166 Οὐκ
1328 1110 1447 1164 εἷπε
1496 1111 1574 1172 δὲ,
1617 1110 1721 1163 Τοῦ

157 1210 432 1279 Ἀδραὰμ,
479 1209 649 1272 ἀλλὰ,
696 1227 715 1259 ι
759 1207 866 1260 Τοῦ
924 1207 1081 1272 Θεοῦ,
1129 1225 1146 1257 ι
1200 1206 1412 1266 δεικνὺς
1467 1203 1586 1256 οὐδὲ
1631 1203 1723 1254 τὸν

158 1304 346 1356 Ἰσαὰκ
403 1302 589 1363 ἁπλῶς
630 1296 769 1354 εἶναι
822 1301 915 1353 τοῦ
950 1301 1224 1371 Ἀϐραὰμ,
1268 1301 1348 1353 ὅτι
1397 1298 1456 1350 οὐ
1504 1297 1724 1366 δυνάμει

150 1394 465 1462 σπέρματος
495 1393 782 1462 ἐγεννήθη,
826 1392 966 1446 ἀλλὰ
998 1393 1222 1461 δυνάμει
1273 1389 1364 1443 τοῦ
1401 1389 1726 1456 ἐπαγγειλα-

149 1484 340 1549 μένου,
371 1485 458 1536 ἵνα
494 1483 642 1555 δείξῃ
673 1486 754 1536 ὅτι
790 1485 840 1536 οῑ
874 1485 972 1551 τὴν
1003 1482 1276 1536 υἱοθεσίαν
1309 1482 1542 1551 ἔχοντες,
1575 1478 1725 1532 αὐτοί

149 1578 252 1626 εἰσι
305 1575 429 1627 κατ’
462 1575 797 1642 ἐπαγγελίαν
825 1575 990 1628 τέκνα
1036 1575 1130 1626 τοῦ
1167 1575 1438 1644 Ἀϐραάμ.

223 1685 243 1716 ι
281 1666 469 1718 Ταῦτα
500 1667 667 1720 τέκνα
700 1655 794 1719 τοῦ
824 1667 980 1720 Θεοῦ.
1008 1686 1024 1716 ι
1068 1667 1220 1719 Ἐπεὶ
1267 1665 1441 1731 τούτῳ
1478 1665 1555 1733 τῷ
1586 1665 1726 1735 λόγῳ

1822 571 1950 614 sunt
1984 559 2082 630 qui
2130 561 2292 614 etiam
2344 563 2710 632 promissione
2751 561 2898 631 digni
2935 562 3108 618 habili
3139 571 3269 616 sunt
3301 579 3315 615 :
3344 571 3400 617 et

1824 651 2166 721 multiplicati
2205 650 2460 719 tanquam
2481 661 2629 705 astra
2661 651 3000 713 cmli,veluti
3029 660 3154 705 sunt
3186 651 3398 712 ﬁdeles,

1823 745 1874 798 i:l
1918 753 2022 806 est,
2077 758 2185 797 non
2237 741 2334 795 lilii
2381 744 2644 798 carnales.
2695 764 2712 795 ι
2752 742 2867 798 Hoc
2909 752 2995 799 est
3023 759 3130 798 non
3159 744 3251 814 qui
3300 742 3397 798 ﬁlii

1825 838 2026 901 carnis,
2062 858 2078 889 ›
2113 847 2222 893 etc.
2269 838 2476 891 Deinde
2513 839 2794 892 recitatam
2822 838 3217 903 interpretatur
3249 836 3398 891 Scri-

1825 942 2062 1001 pturam,
2084 932 2216 1001 quid
2242 934 2346 987 sit:
2374 951 2390 981 ‹
2424 931 2528 985 Per
2547 931 2696 986 Isaac
2717 931 3005 986 vocabitur
3021 931 3118 985 tibi
3145 947 3391 997 semenu

1826 1040 2022 1092 nempe
2078 1026 2170 1094 qui
2212 1043 2277 1079 ex
2337 1026 2704 1094 promissione
2762 1036 2892 1082 sunt
2941 1025 3057 1080 ﬁlii.
3106 1025 3224 1080 Non
3261 1025 3401 1079 dixit

1825 1126 2008 1170 autem
2043 1134 2055 1168 :
2105 1117 2281 1185 Ipsius
2327 1119 2624 1178 Abraham,
2654 1117 2748 1172 sed
2801 1137 2818 1168 ‹
2855 1119 2946 1172 Dei
2977 1136 2990 1181 ;
3028 1137 3045 1168 ›
3101 1117 3400 1171 ostendens

1828 1224 2006 1279 neque
2064 1210 2212 1264 Isaac
2257 1212 2582 1281 simpliciter
2634 1212 2808 1281 ipsius
2871 1211 3142 1265 Abraham
3193 1210 3398 1274 fuisse.

1825 1307 1952 1374 quia
1982 1321 2090 1358 non
2113 1305 2315 1357 virtute
2358 1303 2585 1358 seminis
2614 1312 2776 1359 natus
2797 1312 2902 1367 est,
2934 1302 3028 1358 sed
3057 1304 3174 1373 eius
3197 1304 3400 1357 virtute

1825 1399 1918 1466 qui
1973 1398 2345 1464 promiserat;
2397 1405 2456 1448 ut
2517 1395 2830 1449 ostenderet
2875 1393 3021 1464 quod
3051 1394 3401 1463 adoptionem

1827 1486 2114 1548 habentes,
2175 1487 2228 1541 hi
2278 1497 2405 1542 sunt
2470 1485 2774 1542 secundum
2834 1485 3256 1554 promissionem
3307 1483 3404 1538 ﬁlii

1830 1582 2126 1637 Abraham.

1909 1696 1925 1727 ι
1948 1678 2010 1732 Hi
2032 1685 2159 1731 sunt
2186 1676 2279 1730 ﬁlii
2299 1676 2416 1732 Dei.
2437 1694 2453 1726 ι
2479 1675 2639 1745 325
2659 1675 2796 1742 Quia
2829 1675 2932 1728 hoc
2959 1687 3214 1728 sermone
3237 1671 3403 1725 etiam

147 1760 235 1809 καὶ
252 1761 304 1811 οἱ
321 1759 610 1828 Ἰδουμαῖοι
630 1759 812 1828 ἐπειδὴ
827 1759 1081 1826 ἀπόγονοι
1101 1754 1241 1830 ἦσαν
1259 1759 1512 1830 Ἀϐραὰμ
1527 1760 1649 1811 ὅσον
1668 1758 1726 1811 τὺ

1830 1769 2073 1830 Idumaei,
2093 1768 2184 1837 qui
2204 1783 2268 1822 e.\
2283 1765 2554 1820 Abraham
2569 1762 3162 1831 trahebantoriginem,
3176 1757 3404 1831 quod‘ad

149 1850 288 1902 κατᾶ
317 1853 520 1918 σάρκα.
557 1850 785 1917 ὦςειλον
817 1848 953 1904 εἶναι
980 1853 1147 1904 τέκνα
1174 1852 1266 1903 τοῦ
1297 1851 1454 1913 Θεοῦ,
1482 1851 1594 1904 ἀλλ’
1625 1852 1725 1902 οὐκ

148 1942 268 1993 εἰσί.
297 1943 454 1994 Κατὰ
479 1943 655 2012 σάρκα
673 1932 779 2012 γὰρ
795 1943 947 1994 αὐτοὶ
972 1943 1192 2012 σπέρμα
1206 1942 1297 1995 τοῦ
1319 1943 1587 2012 ’Λϐραὰμ,
1609 1942 1722 1994 ἀλλ’

147 2037 307 2103 ἡμεῖς
329 2037 500 2105 ὲσμεν
528 2036 690 2086 τέκνα
718 2034 809 2086 τοῦ
850 2035 1122 2105 Ἀδραὰμ,
1155 2039 1202 2088 οἱ
1247 2037 1344 2105 τῆς
1376 2036 1544 2105 αὐτῆς
1577 2036 1728 2104 αὐτῷ

150 2129 384 2188 πίστεως
404 2127 810 2190 κοινωνοῦντες,
831 2128 1100 2180 καὶτέκνα
1120 2128 1212 2179 τοῦ
1233 2128 1368 2180 Θεοῦ
1398 2129 1485 2180 διὰ
1513 2129 1609 2196 τῆς
1636 2145 1729 2180 κο·

149 2219 468 2288 λυμεήθρας
487 2219 581 2272 τοῦ
617 2218 763 2271 θείου
801 2220 1198 2289 βαπτίσματος.
1236 2241 1250 2270 ι
1280 2221 1437 2272 Ἀλλὰ
1467 2221 1534 2274 τὰ
1563 2225 1727 2274 τέκνα

151 2312 612 2378 τῆςὲτταγγελίας.
641 2332 658 2362 ι
695 2312 871 2372 ”Οσοι,
901 2313 1058 2381 φησὶ,
1095 2315 1235 2366 κατά
1269 2314 1356 2364 τὸν
1390 2313 1574 2366 Ἰσαὰκ
1608 2331 1731 2380 γεν-

150 2406 408 2474 νηθῶσιν,
426 2399 573 2458 οὗτοί
594 2422 612 2456 ε
625 2408 696 2456 is:
716 2406 1042 2475 κα¹σσπέρμα
1069 2405 1322 2476 Ἀϐραὰμ
1338 2408 1430 2458 καὶ
1449 2407 1553 2459 υἱοὶ
1567 2406 1728 2462 Θεοῦ.

160 2497 215 2549 Ὀ
236 2499 346 2564 γὰρ
378 2498 586 2558 Ἰσαὰκ,
619 2499 676 2548 οῦ
694 2498 1008 2564 κατα-δόμον
1040 2499 1304 2568 ἐγεννήθη
1337 2499 1573 2567 φάσεως,
1595 2499 1732 2552 ἀλλὰ

152 2591 290 2640 κατὰ
343 2589 576 2655 δύναμιν
630 2587 982 2653 ἐπαγγελίας.
1040 2588 1249 2640 Οὐκοῦν
1304 2589 1352 2640 οἱ
1402 2589 1732 2658 γεννώμενοι

153 2682 346 2738 οῦ;ω;,
397 2682 500 2732 υἱοὶ
530 2679 783 2748 ’Λὸραὰμ
832 2680 988 2732 εἰσιν.
1033 2679 1219 2740 Οῦτως
1250 2680 1306 2732 δὲ
1341 2682 1502 2749 ἡμεῖς
1530 2680 1730 2748 γεννὼο

155 2771 290 2840 μεθα
323 2772 412 2823 6:.‘1
446 2771 544 2837 τῆς
582 2768 987 2838 κολυμϐήθρας.
1035 2769 1274 2839 Ῥήμασι
1307 2771 1415 2839 γὰρ
1453 2774 1544 2823 καὶ
1573 2773 1732 2840 ἡμεῖς

155 2865 487 2932 ἐπαγγελίας
529 2861 844 2930 γενώμεθα
877 2879 888 2890 ·
945 2863 1154 2931 ῥήμασι
1225 2862 1362 2929 μὲν,
1412 2862 1498 2914 διὰ
1541 2864 1600 2915 τὸ
1653 2866 1733 2928 εἰς

153 2960 324 3027 Caua
360 2959 468 3010 Πατ
483 2955 570 3024 pb;
611 2955 708 3007 καὶ
740 2954 867 3006 Υίοῦ
901 2955 994 3006 καὶ
1025 2954 1182 3020 ἁγίου
1233 2954 1548 3022 Πνεῦματος
1587 2955 1734 3022 γίνε-

159 3051 278 3103 σθαι
312 3051 412 3112 τὰς
446 3051 503 3100 ὲν
534 3051 598 3118 τῇ
634 3046 995 3116 κολυμϐήθρᾳ
1025 3047 1344 3109 καταδύσεις
1372 3064 1384 3075 ·
1435 3049 1734 3120 ἐπαγγελίᾳ

155 3143 229 3207 δὲ,
262 3141 403 3194 καθὸ
429 3142 477 3192 οἱ
512 3139 790 3208 προφῆται
834 3139 938 3207 πρὸ
970 3137 1178 3190 πολλῶν
1201 3140 1408 3208 χρόνων
1450 3141 1508 3191 τὸ
1541 3143 1734 3208 βάπτι-

158 3251 265 3300 σμα
293 3232 744 3301 εὐηγγελίσαντο.
791 3229 877 3291 Ὠς
901 3231 978 3292 τί),
1021 3248 1038 3279 ι
1071 3230 1348 3283 Λοὺσασθε
1384 3231 1476 3283 καὶ
1505 3232 1731 3303 καθαροὶ

156 3327 396 3392 γένεσθε.
437 3343 454 3372 ι

223 3423 308 3473 Οὐ
336 3423 530 3487 μόνον
565 3419 652 3483 δὲ,
685 3419 845 3472 ἀλλὰ
876 3420 970 3472 καὶ
1015 3417 1317 3481 Ῥεϐέκκα,
1349 3417 1417 3482 ἐξ
1449 3417 1587 3481 ἐνὸς
1618 3417 1735 3469 κοί-

161 3527 266 3574 την
291 3512 549 3578 ἔκαυσα,
573 3511 780 3564 Ἰσαὰκ
816 3511 919 3564 τοῦ
946 3509 1169 3578 πατρὸς
1201 3509 1383 3576 ἡμῶν.
1417 3510 1606 3576 Maiae)
1631 3509 1736 3577 γὰρ

161 3603 474 3674 τεννηθέντ
491 3621 594 3663 ων,
624 3603 778 3672 μηδέ
815 3601 1173 3671 πραξάντων
1201 3619 1254 3654 τι
1292 3601 1516 3668 ἀγαθὸν
1561 3602 1593 3668 ἢ
1631 3617 1736 3654 κα-

161 3699 286 3758 κὸν,
315 3697 420 3749 ἵνα
448 3697 485 3762 ἡ
513 3694 638 3746 κατ’
663 3695 926 3762 ἐκλογὴν
948 3694 1055 3747 τοῦ
1082 3693 1227 3746 Θεοῦ
1256 3695 1540 3759 πρόθεσις
1563 3691 1733 3762 μένῃ,

159 3793 264 3844 οὐκ
299 3789 371 3852 ἐξ
410 3787 620 3854 ἔργων,
667 3789 801 3840 ἀλλ’
853 3787 920 3840 ὲκ
974 3787 1080 3840 τοῦ
1119 3786 1472 3851 καλοῦντος.
1517 3785 1734 3854 ἐρῤήθη

160 3881 334 3949 αὐτῇ,
381 3881 472 3933 ὅτι
530 3882 592 3933 Ὀ
648 3879 863 3948 μείζων·
916 3881 1235 3934 δουλεύσει
1293 3877 1374 3943 τῷ
1420 3878 1734 3932 ἐλάσσονι.

163 3976 365 4039 Καθὼς
388 3975 748 4041 γέγραπταν
792 3973 910 4026 Τὸν
931 3971 1141 4027 Ἰακὼϐ
1172 3971 1481 4042 ἠγάπησα,
1527 3972 1633 4025 τὸν
1669 3971 1738 4024 δὲ

181 4065 364 4120 Ἡσαῦ
387 4064 673 4132 ἐμίσησα.

229 4158 340 4210 Καὶ
368 4155 447 4219 τί,
473 4157 624 4225 φησὶ,
659 4154 994 4222 θαυμαστὸν,
1023 4156 1236 4208 ὅτιτῶν
1265 4155 1534 4209 Ἰουδαίων
1558 4156 1606 4208 οἱ
1641 4155 1738 4222 μὲν

166 4247 565 4307 πιστεύσαντες
598 4246 677 4307 εἰς
709 4247 930 4314 σπέρμα
961 4243 1218 4316 Ἀϐραὰμ
1244 4245 1571 4314 λογίζονται,
1603 4246 1653 4297 οἱ
1683 4245 1739 4298 δὲ

168 4339 384 4390 ἄπιστοι
415 4336 520 4388 οὐκ
555 4334 673 4397 ἔτις
705 4333 876 4387 Τοῦτο
912 4334 1021 4405 γὰρ
1070 4337 1166 4388 καὶ
1216 4337 1308 4388 ἐπὶ
1357 4335 1460 4387 τῶν
1496 4334 1740 4387 παλαιῶν
1787 4333 1795 4340 ’

167 4432 437 4499 εὑρήσεις.
463 4427 575 4479 Καὶ
601 4427 753 4495 γάρὸ
773 4427 959 4479 Ἰσαὰκ
981 4425 1255 4492 λογίζεται
1286 4428 1444 4495 μόνος
1470 4428 1548 4488 είς
1574 4426 1742 4493 σπέρ-

1833 1877 2052 1914 carnem
2075 1860 2294 1919 attinet,
2317 1856 2716 1911 deberentesse
2731 1854 2960 1918 ﬁliiDei,
2994 1854 3088 1909 sed
3119 1869 3227 1908 non
3252 1861 3405 1909 sunt.

1835 1954 1967 2006 Nam
1984 1952 2037 2004 lii
2054 1965 2240 2003 semen
2260 1949 2534 2003 Abraham
2554 1957 2683 2002 sunt
2702 1947 3006 2002 secundum
3031 1962 3250 2001 carnem
3276 1961 3403 2000 :ve-

1830 2060 1951 2096 rum
1970 2059 2070 2095 nos
2089 2057 2280 2095 sumus
2299 2039 2390 2094 lilii
2411 2039 2819 2108 Ahraham,qui
2844 2040 2897 2093 in
2919 2040 3092 2107 ipsius
3121 2037 3225 2091 lide
3252 2053 3405 2090 eom-

1831 2133 2174 2186 municamus
2208 2146 2331 2184 cum
2367 2131 2518 2200 ipso,
2564 2144 2664 2197 per
2703 2129 2978 2182 lavacrum
3015 2128 3186 2182 divini
3225 2127 3407 2197 bapti-

1830 2225 2038 2278 smatis.
2063 2243 2079 2274 ι
2113 2223 2219 2277 Sed
2246 2223 2339 2276 ﬁlii
2370 2223 2767 2292 promissionis.
2796 2242 2812 2272 ι
2836 2221 3183 2290 Quicunque,
3209 2222 3405 2290 inquit,

1830 2319 1897 2372 ad
1943 2318 2164 2370 modum
2214 2317 2361 2369 Isaac
2387 2315 2498 2369 nati
2532 2313 2735 2368 fuerint
2762 2354 2776 2376 ,
2813 2315 2864 2367 hi
2895 2329 3081 2368 semen
3134 2313 3406 2367 Abraham

1831 2420 1960 2465 sunt
1988 2420 2043 2464 et
2073 2409 2168 2463 ﬁlii
2198 2409 2314 2463 Dei.
2357 2410 2504 2463 Isaac
2534 2409 2680 2462 enim
2721 2423 2832 2461 non
2859 2407 3160 2462 secundum
3201 2423 3408 2468 natura;

1833 2503 2005 2573 legem
2035 2512 2194 2556 natus
2222 2510 2324 2563 est,
2353 2500 2447 2554 sed
2475 2500 2774 2555 secundum
2797 2503 3057 2557 virtutem
3085 2504 3404 2572 promissio-

1835 2597 1937 2650 nis.
1985 2595 2176 2664 Ilaque
2209 2594 2302 2664 qui
2335 2595 2409 2648 ita
2441 2604 2764 2656 nascuntur,
2813 2595 2908 2648 ﬁlii
2950 2606 3079 2651 sunt
3108 2597 3403 2651 Abraham.

1833 2689 2020 2757 Itaque
2043 2696 2097 2741 et
2120 2702 2221 2740 nos
2245 2701 2342 2755 per
2378 2687 2653 2740 lavacrum
2680 2686 2978 2751 nascimur,
3007 2687 3276 2757 siquidem
3307 2702 3409 2741 nos

1833 2778 2000 2834 etiam
2037 2777 2220 2831 verbis
2256 2776 2641 2846 promissionis
2675 2778 2954 2832 nascimur
2987 2795 3000 2832 :
3053 2777 3239 2832 verbis
3286 2778 3409 2847 qui-

1835 2871 1982 2934 dem,
2005 2871 2149 2940 quod
2191 2870 2244 2924 in
2279 2868 2502 2924 nomine
2535 2870 2712 2924 Patris
2739 2879 2794 2925 et
2831 2871 2955 2925 Filii
2986 2879 3041 2925 et
3075 2871 3248 2925 sancti
3289 2870 3408 2940 Spi-

1837 2965 1979 3017 ritus
2028 2963 2157 3016 liant
2207 2963 2259 3015 in
2313 2963 2532 3016 lavacro
2572 2963 2949 3017 demersiones
2986 2981 3000 3028 ;
3045 2961 3411 3031 promissione

1837 3073 1988 3117 vero,
2015 3055 2160 3124 quod
2190 3055 2468 3124 propheta:
2489 3054 2674 3108 multis
2706 3063 2833 3108 ante
2871 3053 3210 3123 temporibus
3238 3053 3416 3122 bapti-

1764 3137 1805 3193 C
1840 3166 1956 3206 sma
1986 3149 2786 3211 annuntiaverint,veluticum
2818 3147 3039 3211 dicitur,
3067 3167 3084 3199 ι
3107 3145 3413 3211 Lavamini,

1842 3243 2034 3296 mundi
2069 3250 2245 3295 estote
2269 3242 2332 3294 ".
2375 3261 2391 3289 ι

1911 3423 2002 3486 IX,
2035 3421 2222 3474 10-15.
2257 3419 2373 3473 Non
2403 3418 2574 3472 solum
2613 3424 2787 3471 autem
2827 3418 2941 3479 hoc,
2975 3417 3066 3470 sed
3101 3425 3148 3469 et
3193 3415 3416 3470 Rebecca

1843 3533 1906 3569 ex
1930 3533 2032 3568 imo
2063 3514 2355 3582 concipiens
2386 3513 2541 3566 Isaac
2571 3521 2720 3581 patre
2740 3520 2938 3565 nostro.
2965 3511 3096 3563 tium
3120 3511 3258 3563 enim
3287 3526 3418 3562 non-

1844 3607 1969 3660 dum
2004 3607 2116 3658 nati
2147 3613 2335 3664 essent,
2382 3619 2544 3672 neque
2593 3603 2712 3655 boni
2749 3602 3034 3672 quidquam
3071 3601 3290 3670 egissent
3325 3609 3418 3652 aut

1844 3698 1972 3750 mali
2006 3713 2024 3749 :
2072 3706 2129 3748 ut
2159 3695 2444 3749 secundum
2479 3695 2777 3747 electionem
2811 3696 3132 3762 propositum
3172 3691 3265 3744 Dei
3298 3708 3418 3743 ma-

1845 3799 2012 3851 neret,
2033 3806 2137 3842 non
2170 3804 2234 3842 ex
2255 3787 2516 3854 operibus,
2543 3787 2633 3838 sed
2649 3801 2711 3838 ex
2736 3796 2952 3838 vocante
2981 3785 3174 3837 dictum
3207 3791 3279 3835 est
3304 3782 3418 3836 illi:

1845 3882 2021 3950 Major
2056 3883 2242 3934 serviet
2281 3880 2491 3933 minori.
2525 3878 2979 3944 Quemadmodum
2999 3879 3250 3946 scriptum
3292 3885 3368 3929 est
3400 3891 3418 3928 :

1843 3974 2004 4030 Iacob
2020 3974 2202 4038 dilexi,
2233 3973 2379 4028 Esau
2409 3989 2528 4028 vero
2565 3973 2683 4025 odio
2709 3971 2887 4024 habui.

1918 4153 1984 4206 Et
2034 4149 2166 4221 quid
2205 4151 2430 4210 mirum,
2467 4149 2666 4219 inquit,
2703 4150 2848 4218 quod
2882 4147 3196 4204 Iudaeorum
3228 4147 3285 4202 hi
3317 4145 3417 4201 soli

1847 4245 1900 4298 in
1924 4258 2113 4296 semen
2141 4240 2414 4296 Abraham
2448 4249 2775 4308 reputentur
2800 4241 2894 4311 qui
2926 4241 3304 4303 crediderunt,
3333 4240 3422 4293 in-

1846 4338 2054 4394 creduli
2102 4353 2231 4391 vero
2261 4353 2369 4390 non
2399 4337 2469 4390 ita
2498 4338 2521 4389 ?
2548 4337 2679 4390 Nam
2704 4347 2759 4390 et
2795 4337 2899 4390 hoc
2934 4336 2987 4390 in
3019 4337 3305 4391 veteribus
3341 4337 3422 4390 in-

1846 4429 2057 4484 venies.
2093 4427 2377 4497 Siquidem
2422 4427 2571 4481 Isaac
2606 4437 2893 4496 reputatur
2925 4427 3076 4481 solus
3117 4429 3169 4481 in
3207 4443 3418 4492 semen,

172 4538 261 4588 μα,
304 4520 487 4572 καίτοι
522 4517 694 4569 ὄντων
723 4518 818 4569 καὶ
848 4517 957 4569 τῶν
988 4517 1096 4570 ἀπὸ
1125 4516 1454 4585 Χεττούρας.
1481 4519 1555 4570 Οὐ
1581 4517 1732 4585 μόνον

1846 4528 2172 4575 cumtamen
2203 4519 2293 4572 alii
2317 4526 2551 4572 essenta
2576 4516 2836 4572 Chettura
2863 4517 2979 4571 ﬁlii.
3000 4517 3111 4571 Nec
3144 4519 3194 4570 id
3220 4518 3420 4578 solum,

166 4611 220 4663 δὲ
266 4610 456 4672 τοῦτο,
493 4609 682 4678 φησὶν,
726 4608 862 4660 ἀλλὰ
915 4610 1010 4661 καὶ
1066 4609 1327 4662 Ῥεϐέκκα
1387 4609 1444 4673 ἐξ
1490 4609 1606 4671 ἐνὸς
1646 4609 1739 4661 τοῦ

179 4703 367 4756 Ἰσαὰκ
397 4702 623 4770 σπέρμα
648 4699 869 4769 ἔχουσα,
891 4704 987 4752 καὶ
1015 4699 1109 4754 δύο
1135 4703 1460 4770 γεννήσασα,
1491 4701 1588 4754 οὐκ
1615 4701 1740 4769 ἔσχε

170 4795 289 4857 τοὺς
345 4791 443 4844 δύο
499 4791 801 4858 ἀρέσαντας
850 4790 998 4860 Θεῷ,
1051 4792 1169 4844 οὐδὲ
1218 4792 1606 4862 λογιζομένους
1664 4795 1745 4855 εἰς

172 4887 389 4954 σπέρμα
419 4881 696 4950 Ἀϐρααμ.
733 4880 924 4934 Καίτοι
987 4883 1154 4951 μήπω
1220 4882 1572 4951 γεννηθέντες
1619 4883 1746 4934 οὔτε

174 4979 331 5031 καλὸν
365 4974 610 5044 ἔπραξαν
656 4973 781 5027 οὔτε
833 4973 1022 5029 κακόν.
1056 4973 1232 5036 Οὕτω,
1279 4976 1435 5043 φησὶ,
1468 4977 1562 5028 καὶ
1609 4975 1746 5029 ’1ου-

169 5070 326 5132 balet,
361 5069 409 5120 οἱ
443 5066 543 5134 μὲν
579 5065 780 5130 πιστοὶ,
818 5065 912 5117 καὶ
943 5065 1164 5134 σπέρμα
1189 5064 1446 5133 Ἀϐραάμ
1470 5067 1598 5131 εισι,
1651 5067 1746 5118 καὶ

178 5160 461 5224 σώζονται,
490 5157 540 5209 οἱ
567 5157 625 5208 δὲ
671 5155 891 5208 ἄπιστοι
919 5155 1021 5207 οὐκ
1087 5157 1187 5209 ἔτι.
1229 5175 1248 5208 ι
1281 5155 1370 5222 Ἐξ
1401 5157 1521 5220 ἑνὸς
1559 5157 1744 5226 κοίτην

175 5256 387 5321 ἔλουσα.
425 5269 443 5301 ι
482 5247 576 5312 Ἐξ
608 5241 682 5300 ὧν
732 5248 834 5300 οὐκ
879 5247 1042 5316 ἔσχε,
1085 5249 1255 5318 φησὶ,
1305 5249 1430 5308 τοὺς
1476 5248 1569 5301 δύο
1617 5249 1746 5318 ἀρέ-

180 5360 424 5405 σκοντας.
476 5360 494 5392 ι
532 5341 718 5410 Μήπω
788 5339 899 5411 γὰρ
935 5339 1324 5409 γεννηθέντων.
1363 5359 1382 5392 ι
1420 5339 1527 5393 Τοῦ
1570 5340 1740 5393 Ἠσαῦ

179 5437 269 5486 καὶ
289 5433 386 5486 τοῦ
413 5431 632 5484 Ἰακώϐ.

253 5544 270 5574 ι
300 5525 422 5576 Ἵνα
452 5524 486 5591 ἡ
528 5522 649 5573 κατ’
679 5521 909 5592 ἐκλογὴν
941 5521 1197 5589 πρόθεσις
1237 5523 1329 5576 τοῦ
1360 5522 1496 5574 Θεοῦ
1535 5523 1690 5593 μένῃ.
1721 5540 1737 5571 ι

181 5615 492 5677 Τουτέστιν,
518 5614 550 5680 ἠ
574 5612 711 5664 κατὰ
743 5613 1051 5680 πρόγνωσιν
1083 5613 1298 5682 ἐκλογή.
1337 5612 1538 5674 Εἰπὼν,
1567 5632 1582 5656 ι
1611 5612 1744 5681 [Ιρόα

251 5795 290 5824 ³³
328 5793 426 5849 lsa.
461 5811 498 5860 t,
547 5793 631 5850 l5.

1848 4615 1942 4670 sed
1973 4624 2028 4668 et
2055 4614 2304 4667 Rebecca
2347 4627 2414 4665 ex
2445 4627 2553 4666 uno
2585 4611 2733 4666 Isaac
2760 4620 2986 4680 accepto
3029 4611 3260 4672 semine.
3296 4627 3421 4666 cum

1850 4707 1988 4761 duos
2036 4705 2360 4774 peperisset,
2397 4720 2504 4758 non
2553 4703 2745 4758 habuit
2785 4706 2923 4758 diros
2955 4705 3046 4774 qui
3091 4705 3203 4758 Deo
3240 4706 3423 4775 place-

1850 4807 1991 4859 rent,
2028 4806 2123 4851 aut
2155 4799 2208 4851 in
2254 4812 2441 4851 semen
2474 4797 2747 4851 Abraham
2781 4805 3170 4866 rcputarenlur
3207 4817 3233 4851 ε·
3256 4797 3421 4865 idque

1849 4907 1970 4945 cum
2009 4890 2256 4944 nondum
2301 4899 2486 4944 essent
2526 4891 2657 4951 nati,
2703 4906 2882 4959 neque
2928 4892 3132 4944 bonum
3180 4893 3423 4961 egissent

1848 4992 1942 5034 aut
1971 4981 2193 5034 malum.
2225 4979 2314 5034 Sic
2339 4987 2393 5033 et
2420 4977 2621 5032 Judreis
2647 4995 2660 5031 :
2689 4977 2876 5033 ﬁdeles
2901 4979 3122 5047 quidem
3150 4989 3203 5032 et
3233 4994 3421 5032 semen

1849 5071 2123 5126 Abraham
2157 5079 2284 5124 sunt
2311 5079 2366 5123 et
2393 5069 2528 5123 salvi
2556 5069 2711 5134 liunt,
2744 5069 2993 5124 inﬁdeles
3024 5085 3154 5124 vero
3183 5086 3290 5122 non
3318 5070 3418 5123 ita.

1859 5181 1876 5212 ι
1927 5163 2004 5216 Ex
2043 5178 2152 5216 uno
2199 5161 2540 5229 concipiens.
2591 5182 2609 5214 ι
2663 5162 2774 5216 Nec
2825 5174 3006 5217 tamen
3061 5161 3131 5215 ob
3177 5163 3230 5216 id
3282 5164 3422 5219 duos

1853 5251 2044 5305 habuit
2078 5252 2168 5319 qui
2211 5251 2322 5304 Deo
2353 5251 2650 5318 placerent.
2691 5271 2709 5302 ι
2739 5252 2874 5306 Cum
2907 5253 3148 5306 nondum
3189 5255 3300 5308 nati
3331 5270 3420 5310 es-

1850 5356 1990 5398 sent.
2029 5363 2046 5395 ι
2085 5345 2224 5398 Esau
2261 5343 2515 5398 videlicet
2549 5353 2603 5396 et
2631 5342 2820 5398 Jacob.

1916 5519 2080 5589 326
2113 5537 2128 5568 ι
2169 5517 2237 5573 Ut
2268 5519 2569 5572 secundum
2599 5521 2923 5576 electionem
2959 5523 3294 5592 propositum
3328 5525 3420 5579 Dei

1857 5619 2118 5665 maneret.
2156 5630 2172 5661 ι
2213 5609 2267 5664 Id
2303 5620 2405 5669 cst.
2439 5612 2636 5665 electio
2656 5629 2777 5682 qua:
2807 5618 3105 5672 secundum
3139 5617 3421 5672 scientiam
