4196 6468
739 378 839 438 τιοἹ

1805 377 2202 436 (ECUMENH
2247 378 2540 436 TRICCJS
2579 376 2917 436 EPISCOPI

3881 371 3996 430 508

734 500 840 544 est.
892 487 1128 544 Dicendo
1161 504 1174 540 :
1213 507 1230 539 ι
1268 485 1611 556 Propositum
1655 485 1773 550 Dei,
1815 507 1832 537 ι
1871 487 2160 540 consilium
2195 490 2312 556 ejus

2453 506 2565 539 ετιν
2593 489 2682 540 τοῦ
2703 489 2861 550 θεοῦ,
2897 509 2914 540 ι
2945 491 3042 557 τὴν
3075 489 3265 557 {dou/ip)
3287 487 3450 538 αἰτοῦ
3476 487 3760 554 Ξδήλωσεν.
3779 487 3992 548 Εἰπὼν,

733 578 1095 649 signiﬁcavit;
1127 577 1319 631 dicens
1337 591 1501 629 vero:
1537 596 1552 625 ι
1582 575 1894 629 Secundqu
1913 577 2259 636 electionem,
2288 595 2304 627 ι

735 669 975 724 Ostendit
1008 669 1153 738 quod
1186 684 1215 722 a
1246 683 1302 721 sc
1336 668 1573 721 invicem
1599 667 1901 720 diﬁ'errent.
1941 668 2136 722 Nullus
2165 668 2311 720 enim

737 761 966 814 alterum
1000 775 1114 827 prie
1139 759 1312 810 altero
1346 759 1517 828 eligit,
1544 759 1646 812 nisi
1681 758 1784 811 hoc
1811 757 1878 811 ab
1909 758 2016 811 alio
2047 759 2102 811 in
2129 757 2315 826 aliquo

739 830 1263 904 dissideat.'Diceus
1297 835 1532 903 autem.-
1594 869 1611 900 ι
1669 849 1787 904 Non
1838 863 1904 902 ex
1955 847 2237 917 operibus,
2293 866 2310 898 ι

740 941 1045 994 vocationis
1083 955 1146 993 ac
1179 942 1365 1009 gratia:
1407 928 1580 1010 ipsius
1609 939 2040 1008 magnitudinem
2085 939 2316 992 demon-

738 1032 969 1095 stravit;
1007 1047 1132 1084 nam
1159 1032 1322 1085 etiam
1355 1045 1479 1084 cum
1517 1031 1652 1084 nihil
1678 1029 1887 1098 operati
1920 1029 2050 1094 sint,
2081 1030 2233 1098 eligit
2261 1039 2318 1082 et

739 1124 974 1178 asciscit.
992 1124 1191 1178 Verum
1219 1123 1287 1184 si,
1311 1139 1435 1176 cum
1456 1122 1601 1180 ,nihil
1627 1122 1837 1191 operati
1867 1122 2182 1191 sint,eligit,
2207 1137 2318 1191 quo

741 1227 899 1285 pacto
932 1199 1132 1284 eligit?
1169 1215 1327 1269 nobis
1352 1215 1555 1268 etenim
1591 1215 1788 1268 electio
1819 1215 1874 1267 ﬁt
1917 1214 1966 1267 in
1997 1213 2084 1268 his
2115 1229 2237 1284 quae
2265 1214 2320 1268 in

739 1309 924 1377 aliquo
948 1308 1243 1372 diﬁ'erunt;
1267 1308 1357 1383 qui
1381 1316 1564 1361 autem
1591 1307 1726 1360 nihil
1747 1306 1957 1376 operati
1983 1308 2113 1371 sint,
2134 1307 2187 1361 in
2211 1320 2320 1376 quo

721 1400 1008 1454 a-diﬁ‘erunt
1038 1401 1062 1454 ?
1099 1399 1348 1453 Maxime.
1391 1398 1654 1452 Humanis
1689 1415 1926 1468 namque
1958 1400 2158 1462 oculis,
2193 1414 2319 1451 cum

743 1491 882 1545 nihil
915 1491 1151 1558 egerint,
1186 1489 1242 1542 in
1279 1489 1428 1542 nullo
1456 1489 1721 1542 ditTerunt
1752 1510 1762 1540 :
1806 1490 1989 1542 divina
2022 1496 2206 1542 autem
2237 1488 2323 1541 fu-

746 1585 856 1637 turi
910 1582 1356 1652 praeognitione,
1393 1581 1693 1649 plurimum
1738 1581 2022 1634 diﬁ‘erunt.
2064 1579 2199 1634 Nam
2232 1579 2323 1633 ille

744 1674 972 1742 quidem
1019 1684 1206 1743 gratus
1265 1672 1367 1725 luit
1407 1673 1537 1734 Deo,
1585 1672 1677 1726 hic
1719 1681 2071 1725 autemnon.
2115 1671 2319 1724 lilectio

729 1763 932 1829 itaque
960 1780 1064 1815 non
1101 1778 1166 1815 ex
1192 1763 1457 1830 operibus
1493 1762 1630 1815 facta
1662 1770 1764 1824 est,
1801 1771 1856 1815 et
1881 1777 1910 1814 a
1944 1761 2229 1815 vocatione
2269 1768 2324 1815 et

2426 599 2442 626 ι
2481 579 2614 629 Κατ’
2648 579 2896 648 ἐκλογὴν,
2937 598 2954 628 ι
2991 577 3190 640 ἔδειξεν
3216 580 3295 630 ὄτι
3327 579 3417 629 καῖ
3446 577 3690 645 διέρερον
3717 577 3993 647 ἀλλήλων.

2417 670 2604 730 Οὐδεὶς
2663 671 2772 740 γὰρ
2821 671 3106 736 ἐκλέγεται
3139 669 3326 736 ἓτερον
3363 669 3455 736 ἀφ’
3491 667 3697 735 ἐτέρου,
3745 669 3792 718 εί
3827 669 3900 735 μή
3940 684 3999 718 τι

2417 759 2583 811 αὑτοῦ
2607 761 2938 814 διαλλάσσοι.
2971 759 3157 813 Εἰπὼν
3179 759 3256 824 δὲ,
3294 780 3310 809 ι
3340 759 3452 810 Οὐκ
3488 757 3544 820 ἐξ
3573 759 3767 826 ἔργων,
3797 773 3813 804 ι
3847 773 4000 823 παρ-

2417 850 2546 919 έστη
2557 868 2613 903 σε
2634 851 2690 903 τὸ
2716 850 2942 919 μέγεθος
2959 851 3056 919 τῆς
3076 850 3320 918 κλήσεως
3338 849 3541 916 καὶτῆς
3559 847 3780 916 χάριτος
3798 844 3997 906 αὑτοῦ,

2417 944 2498 996 ὅτι
2521 946 2610 996 καὶ
2631 944 2795 1013 μηδὲν
2810 943 3132 1013 πραξάντων
3144 943 3452 1009 ,ἐκλέγεται
3470 939 3943 1008 καὶπροσκαλεῖτα
3955 957 3995 987 ι.

2420 1035 2558 1088 Ἀλλ’
2579 1038 2626 1088 εί
2650 1036 2815 1106 μηδὲν
2847 1035 3172 1105 πραξάντων
3201 1035 3504 1100 ἐκλέγεται,
3529 1032 3645 1092 πῶς
3667 1031 3953 1096 ἐκλέγεται
3978 1046 3997 1092 ;

2427 1129 2452 1192 ἡ
2490 1129 2587 1195 μὲν
2639 1132 2746 1198 γὰρ
2777 1129 2976 1198 ἐκλογὴ
3023 1128 3252 1180 ἐπὶτῶν
3299 1127 3442 1178 κατά
3470 1143 3523 1176 τι
3565 1124 3773 1191 γίνεται
3803 1122 4001 1186 διαζε-

2426 1219 2628 1288 ρόντων
2649 1235 2661 1247 ·
2695 1223 2743 1274 οί
2783 1221 2840 1273 δέ
2875 1221 3044 1291 μηδὲν
3073 1219 3396 1289 πράξαντες.
3427 1219 3479 1270 τί
3510 1216 3854 1286 διαφέρουσις
3886 1215 4004 1266 Ναὶ

2421 1309 2586 1363 πάνυ.
2625 1312 3013 1380 ’Λνθρωπίνοις
3069 1312 3166 1381 μὲν
3191 1313 3299 1382 γάρ
3334 1311 3634 1378 ὀψοαλμοῖς
3672 1309 3794 1361 ἐπεὶ
3845 1309 4004 1384 οιῖδέν

2423 1399 2688 1473 ἔπραξαν,
2726 1405 2881 1456 οὐδὲν
2920 1405 3258 1474 διαφέρουσι,
3299 1404 3419 1472 θείᾳ
3470 1405 3524 1456 δὲ
3571 1403 3871 1473 προγνώσει
3905 1401 4004 1453 τοῦ

2431 1493 2738 1563 μέλλοντος,
2775 1497 2944 1550 πολλὰ
2991 1497 3259 1566 διαφέρει.
3294 1498 3403 1549 Καὶ
3437 1498 3544 1562 γάρ
3587 1498 3613 1546 ὁ
3663 1495 3759 1561 μὲν
3808 1494 4010 1562 εὐηρέ-

2430 1603 2596 1655 στησε
2619 1588 2696 1656 τῷ
2722 1587 2863 1656 Θεῷ,
2893 1591 2920 1642 ὁ
2949 1589 3006 1642 δέ
3039 1591 3139 1642 οὐκ
3168 1591 3268 1642 ἔτι.
3301 1591 3459 1642 Ὥστε
3483 1590 3516 1658 ἡ
3551 1585 3748 1655 ἐκλογὴ
3778 1587 3869 1637 καὶ
3905 1586 4010 1636 οὐκ

2429 1678 2489 1741 ἐξ
2530 1679 2706 1746 ἔργων
2764 1681 2976 1747 γέγονε,
3025 1683 3117 1732 καὶ
3165 1681 3272 1732 ἀπὸ
3311 1683 3410 1748 τῆς
3463 1680 3708 1747 κλήσεως
3769 1676 3863 1727 καὶ
3908 1677 4010 1740 τῆς

2433 1770 2656 1840 χάριτος
2681 1772 2895 1840 γέγονε.
2932 1773 3040 1825 Καὶ
3071 1773 3253 1825 δικαία
3277 1773 3520 1838 γέγονεν,
3553 1769 3688 1821 ἀλλά
3717 1768 3776 1820 τὸ
3797 1767 4013 1819 δίκαιον

746 1856 918 1924 gratia
946 1855 1084 1908 facta
1120 1861 1227 1908 est.
1265 1855 1330 1908 Et
1351 1854 1498 1922 juste
1528 1852 1667 1906 facta
1702 1862 1822 1906 est:
1866 1851 1961 1906 sed
1988 1853 2200 1921 justitia
2231 1851 2329 1904 ho-

2446 1861 2562 1921 τοὺς
2617 1861 2939 1931 ἀνθρώπους
2985 1862 3293 1915 ἐλάνθανεν.
3346 1863 3557 1930 Ὥσπερ
3595 1860 3757 1912 πλέον
3795 1863 3888 1911 καὶ
3929 1857 4014 1908 ἔτι.

751 1939 928 1998 mines
951 1946 1174 2000 latebat.
1209 1943 1683 2010 Quemadmodum
1719 1959 1854 1998 sane
1890 1953 1945 1998 et
1974 1959 2120 1998 nunc
2150 1945 2332 1998 adhuc

746 2037 954 2105 iustitia
989 2037 1121 2090 latet
1147 2053 1267 2104 quae
1289 2036 1392 2090 fuit
1424 2038 1476 2090 in
1504 2037 1722 2090 illorum
1756 2037 2030 2090 occisione
2061 2035 2154 2105 qui
2180 2037 2323 2089 vitu-

746 2129 860 2182 lum
913 2126 1244 2182 fecerant“.
1278 2127 1414 2181 Cum
1463 2125 1610 2180 enim
1659 2140 1850 2179 onmes
1887 2126 2120 2180 vitulum
2171 2124 2333 2179 fecis-

748 2228 894 2284 scnt,
925 2235 1033 2272 non
1057 2234 1249 2274 omnes
1273 2219 1586 2288 interempti
1614 2225 1760 2272 sunt.
1788 2218 1990 2272 Verum
2020 2232 2332 2287 quanquam

748 2309 805 2364 in
832 2311 1027 2364 borum
1063 2310 1447 2366 interiectione
1471 2311 1686 2382 justitia
1715 2309 1958 2372 latuerit,
1998 2318 2176 2363 tamen
2199 2308 2330 2362 uni-

749 2419 1033 2458 versorum
1064 2402 1246 2461 Judici
1281 2412 1471 2458 exacte
1505 2413 1561 2458 ct
1605 2402 1812 2471 absque
1854 2403 1968 2456 ullo
2009 2416 2196 2456 errore
2241 2415 2334 2455 co-

751 2497 903 2566 gnita
951 2506 1056 2552 est.
1095 2494 1186 2551 Sic
1227 2504 1282 2551 et
1315 2498 1367 2550 iu
1410 2496 1532 2549 aliis
1565 2495 1914 2549 innumeris:
1960 2493 2126 2547 veluti
2167 2493 2220 2546 in
2254 2493 2339 2547 his

750 2588 922 2642 etiam
981 2605 1102 2658 qua:
1162 2587 1412 2658 quotidie
1471 2587 1747 2642 accidunt.
1812 2585 2093 2655 Siquidem
2164 2584 2335 2639 multa

754 2679 970 2747 ignotas
1000 2678 1162 2733 nobis
1182 2678 1441 2732 habentia
1474 2692 1688 2738 causas,
1719 2684 1774 2728 et
1804 2691 1925 2743 qua:
1954 2674 2340 2744 insipientibus

754 2769 874 2821 sine
905 2767 1115 2822 ratione
1155 2767 1273 2821 ﬁeri
1306 2767 1582 2829 videntur,
1618 2767 1772 2836 juxta
1808 2764 1913 2817 hoc
1943 2765 2105 2818 oculo
2139 2780 2338 2826 causae,

756 2857 868 2910 imo
891 2858 1136 2910 omnium
1169 2856 1462 2926 inspectori
1490 2858 1847 2924 omniumque
1871 2855 2067 2926 judici,
2097 2856 2248 2926 juste
2281 2864 2340 2910 et

757 2948 898 3002 facta
932 2962 1054 3003 esse
1083 2957 1382 3002 censentur
1427 2957 1483 3002 et
1530 2963 1718 3002 revera
1767 2956 2120 3017 peraguntur.
2172 2946 2343 3002 Divus

757 3050 941 3095 autem
973 3040 1176 3095 Paulus
1196 3041 1272 3094 ait
1306 3057 1319 3094 :
1370 3041 1525 3107 Quod
1555 3041 1597 3093 si
1629 3039 1794 3094 etiam
1828 3039 1977 3092 nulla
2010 3039 2221 3092 occulta
2259 3055 2342 3092 ra-

759 3132 836 3186 tio
862 3130 951 3186 his
986 3147 1108 3200 qua:
1139 3132 1276 3184 ﬁunt
1315 3133 1518 3186 inesset
1548 3149 1560 3185 :
1597 3147 1663 3186 ne
1698 3131 1770 3184 ita
1796 3131 2018 3199 quidem
2054 3138 2340 3199 oporteret

759 3224 1028 3290 quosdam
1076 3225 1316 3292 graviter
1357 3224 1501 3278 ferre
1541 3239 1603 3277 ac
1647 3224 1887 3276 divinam
1932 3224 2337 3278 Providentiam

759 3329 1040 3377 accusare,
1077 3329 1176 3369 cur
1225 3316 1316 3370 hic
1358 3317 1460 3369 isto
1500 3316 1683 3379 modo,
1739 3315 1830 3369 ille
1871 3329 2000 3368 vero
2046 3316 2139 3368 illo
2179 3315 2340 3368 modo

727 3407 927 3485 lvitam
983 3407 1268 3476 transigat.
1331 3407 1508 3461 Habet
1554 3407 1702 3461 enim
1763 3414 2085 3476 potestatem
2145 3406 2343 3475 ﬁgulus

760 3509 926 3568 prout
955 3501 1190 3554 voluerit
1221 3499 1500 3570 efﬁngere.
1532 3499 1645 3553 Hoc
1675 3507 1856 3553 tamen
1887 3515 1954 3553 ex
1986 3497 2342 3563 abundantia,

763 3591 968 3661 inquit,
1013 3600 1097 3646 est
1145 3609 1158 3644 :
1200 3591 1646 3660 quandoquidem
1687 3590 1950 3660 praedicto
1986 3606 2206 3660 quoque
2254 3606 2343 3644 re-

765 3681 1081 3749 sponsionis
1108 3683 1271 3735 modo
1309 3674 1503 3743 utitur,
1533 3698 1656 3736 cum
1691 3682 1766 3735 ait
1793 3680 2131 3750 Scripturam
2164 3680 2346 3736 dicere

767 3771 1039 3826 Pharaoni
1075 3790 1086 3824 :
1131 3792 1148 3822 ί
1187 3773 1245 3826 In
1273 3773 1378 3827 hoc
1408 3774 1586 3843 ipsum
1621 3773 1854 3828 excitavi
1891 3781 1941 3826 te
1965 3773 2032 3834 ",
2067 3791 2086 3824 ι
2122 3782 2226 3826 etc.
2249 3771 2349 3827 llic

769 3867 938 3927 enim,
967 3866 1430 3934 quemadmodum
1463 3866 1620 3928 dicit,
1656 3865 2026 3939 irrationabile
2057 3866 2242 3918 multis
2265 3866 2348 3918 vi-

771 3972 892 4011 sum
938 3968 1022 4012 est
1057 3957 1394 4012 Pharaonem
1440 3958 1736 4011 excitatum
1786 3973 1906 4011 esse
1958 3973 2021 4011 ac
2073 3973 2348 4027 regnasse,

774 4065 899 4103 cum
931 4051 1069 4103 adeo
1111 4049 1396 4113 scelestus,
1430 4050 1670 4104 crudelis
1699 4065 1762 4103 ac
1797 4049 2127 4103 inhumanus
2151 4059 2295 4103 esset
2335 4069 2348 4103 :

769 4154 962 4193 verum
996 4138 1304 4208 Scriptura,
1342 4139 1435 4193 ubi
1461 4155 1679 4192 causam
1709 4138 1916 4196 docuit.
1947 4138 2092 4206 quod
2137 4138 2355 4192 irratio-

773 4231 953 4284 nabile
991 4230 1284 4283 videbatur
1314 4230 1381 4284 ad
1419 4229 1741 4283 rationabile
1783 4230 2082 4283 transtulit.

843 4323 1004 4392 327
1034 4324 1199 4392 Atqui
1240 4325 1344 4378 hoc
1387 4324 1566 4392 ipsum
1609 4323 1755 4392 quod
1801 4323 2127 4376 rationabile
2150 4333 2234 4376 est
2295 4331 2352 4376 et

775 4414 1114 4468 diﬁicultatis
1140 4414 1367 4475 solutio,
1425 4429 1645 4466 rursum
1709 4413 2074 4466 ltmsitantiam
2121 4422 2353 4466 conten—

774 4506 933 4560 tiosis
962 4521 1025 4559 ac
1054 4505 1282 4574 perﬁdis
1331 4520 1524 4574 parere
1586 4511 1786 4573 potest.
1836 4504 2161 4558 Dicentibus
2196 4505 2346 4557 enim

775 4597 920 4664 quod
957 4606 1246 4665 propterea
1290 4597 1628 4650 Pharaonem
1678 4596 1732 4649 in
1765 4611 1951 4665 regem
1985 4596 2352 4659 excitaverit,

779 4698 838 4739 ut
868 4702 1069 4741 nomen
1109 4685 1272 4740 suum
1305 4685 1726 4754 gloriﬁcaretur,
1784 4686 1876 4738 ubi
1915 4686 2066 4740 illum
2109 4686 2358 4739 inaudito

781 4777 1032 4845 miroque
1084 4775 1358 4844 supplicio
1408 4776 1676 4843 punisset,
1712 4775 1863 4828 illico
1894 4775 2160 4829 dicetur:
2216 4774 2357 4839 Quid

782 4882 922 4936 ergo
950 4867 1136 4920 adhuc
1196 4868 1593 4935 conqueritur,
1654 4866 1764 4920 imo
1804 4867 1987 4937 potius
2056 4883 2155 4922 cur
2195 4869 2361 4921 etiam

787 4960 966 5026 ipsum
1030 4956 1299 5025 punivit?
1355 4956 1488 5010 Nam
1551 4971 1675 5009 cum
1729 4958 1998 5025 peccavit,
2044 4957 2110 5010 ad
2172 4957 2346 5026 ipsius

785 5056 1014 5123 gloriam
1054 5051 1332 5121 peccavit;
1382 5052 1483 5104 nisi
1513 5052 1983 5119 cnimpeecasset,
2018 5067 2364 5120 nequaquam

788 5147 1016 5214 punitus
1091 5144 1322 5206 fuisset;
1367 5143 1513 5210 quod
1582 5143 1626 5197 si
1683 5144 1911 5211 punitus
1977 5158 2084 5196 non
2137 5144 2366 5208 fuisset,

789 5251 1133 5305 nequaquam
1177 5234 1516 5302 gloriﬁcatus
1573 5235 1783 5288 fuisset.
1828 5236 1997 5290 Porro
2036 5236 2140 5289 huc
2187 5236 2368 5288 inten-

788 5312 973 5388 debat;
1008 5346 1024 5375 ι
1049 5327 1115 5379 Ut
1136 5325 1665 5415 (istetldattt.it|qttit,
1689 5327 1741 5379 in
1762 5335 1812 5380 te
1828 5327 2087 5379 virtutem
2104 5341 2314 5390 meam;
2342 5345 2359 5376 ι

789 5419 1007 5487 quodsi
1043 5418 1281 5479 volebat,
1338 5421 1464 5484 quis
1519 5419 1641 5486 ejus
1722 5419 1980 5472 resistere
2038 5429 2218 5488 potest
2275 5434 2368 5470 vo-

791 5501 989 5565 luntati
1024 5512 1046 5564 ?
1079 5510 1242 5564 Vides
1295 5509 1440 5576 quod
1476 5509 1844 5566 dubitationis
1888 5517 2112 5576 solutio,
2169 5527 2374 5565 causaa-

794 5621 899 5674 que
949 5602 1186 5658 redditio
1225 5599 1311 5654 his
1342 5602 1436 5668 qui
1478 5603 1674 5670 perﬁdi
1707 5616 1836 5660 sunt
1863 5606 2223 5659 h:esitantiam
2264 5619 2371 5657 nou

872 5791 916 5821 ⁸³
942 5789 1113 5844 Exod.
1151 5806 1319 5854 xxx”,
1363 5790 1380 5843 ί
1415 5803 1568 5857 seqq.
1651 5786 1694 5814 "
1732 5783 1902 5837 Εκυά·
1941 5799 2015 5845 νίν
2059 5782 2140 5835 I6-

2435 1952 2532 2004 νῦν
2566 1952 2817 2006 λανθάνει
2850 1954 2908 2006 τὸ
2945 1953 3154 2006 δίκαιον
3183 1954 3244 2007 τὸ
3290 1956 3380 2006 ἐπὶ
3409 1957 3506 2022 τῆς
3542 1952 3870 2021 ἀναιρέσεως
3902 1949 4014 2002 τῶν

2439 2046 2979 2117 μοσχοποιησάντων.
3031 2046 3257 2099 Πάντων
3317 2047 3424 2112 γάρ
3474 2045 4012 2114 μοσχοποιητάντων,

2437 2141 2497 2192 οὐ
2537 2141 2736 2202 πάντες
2770 2139 3132 2212 ἀνῃρέθησαν.
3163 2137 3303 2191 Ἀλλ’
3343 2138 3389 2189 εί
3418 2138 3509 2189 καὶ
3535 2140 3659 2198 τοὺς
3695 2136 4016 2206 ἀνθρώπους

2437 2233 2497 2284 τὸ
2546 2233 2604 2284 ἐν
2631 2235 2697 2302 τῇ
2742 2232 2950 2285 τούτων
2998 2231 3278 2301 ἀναιρέσει
3311 2232 3619 2299 ἐκπέφευγε
3658 2228 3888 2285 δίκαιον,
3937 2225 4020 2294 τῷ

2437 2327 2615 2396 Κριτῇ
2635 2323 2744 2377 τῶν
2775 2325 2912 2378 ὅλων
2945 2324 3190 2394 ἀκριϐῶς
3220 2324 3312 2376 καὶ
3348 2322 3698 2383 ἀδιαπτώτως
3723 2322 4016 2387 ἔγνωσται,

2441 2420 2536 2472 καὶ
2563 2419 2654 2471 ἐπὶ
2689 2420 2898 2488 μυρίων
2932 2417 3129 2482 ἄλλων,
3149 2417 3224 2476 ὡς
3255 2416 3348 2468 καὶ
3375 2417 3464 2468 ἐπὶ
3497 2416 3604 2467 τῶν
3634 2414 3751 2466 καθ’
3779 2415 4020 2480 ἑκάστην

2445 2514 2878 2584 συμϐαινόντων.
2918 2511 3094 2564 Πολλά
3131 2511 3237 2582 γὰρ
3293 2511 3603 2577 ἀγνώστους
3637 2511 3769 2578 ἡμῖν
3825 2507 4022 2578 ἔχοντα

2440 2604 2568 2666 τοὺς
2597 2603 2809 2671 λόγους,
2841 2605 2933 2655 καὶ
2963 2604 3074 2663 τοῖς
3105 2600 3384 2662 ἀσυνέτοις
3423 2601 3591 2668 ἄλογα
3624 2597 3903 2660 δοκοῦντα,
3930 2598 4024 2650 διὰ

2439 2691 2624 2750 τοῦτο’
2657 2696 2735 2766 τῷ
2791 2695 3148 2766 παντεπόπτῃ
3197 2694 3294 2746 καὶ
3333 2693 3658 2763 παντειρόρῳ
3706 2696 3804 2762 τῆς
3861 2692 4024 2760 δίκης

2442 2788 2731 2860 ὀφθαλμῷ,
2765 2789 2990 2850 δικαίως
3021 2788 3118 2841 καὶ
3145 2788 3390 2856 κρίνεται
3424 2785 3752 2854 γεγενῆσθαι
3786 2786 3879 2837 καὶ
3905 2785 4029 2837 δια-

2445 2883 2769 2953 πράττεται.
2813 2882 2872 2936 ⁹Ο
2903 2880 2959 2933 δὲ
3003 2880 3146 2943 θεῖος
3201 2879 3410 2943 Παῦλος
3463 2897 3647 2946 φησιν,
3702 2879 3783 2930 ὃτι
3835 2878 3883 2929 εἰ
3930 2878 4031 2928 καὶ

2447 2976 2636 3048 μηδεὶς
2681 2975 2837 3043 λόγος
2880 2975 3194 3045 ἀπόρρητος
3242 2973 3370 3042 ἐνῆν
3431 2974 3542 3033 τοῖς
3593 2970 4030 3039 πραττομένοις,

2445 3069 2554 3122 οὐδ’
2597 3067 2772 3131 οὕτως
2817 3067 2984 3137 ἐχρῆν
3011 3083 3163 3127 τινας
3203 3065 3515 3135 ἀδημονεῖν,
3564 3064 3659 3116 καὶ
3716 3062 4031 3123 ἐπικαλεῖν,

2447 3161 2590 3214 διατί
2619 3163 2646 3213 ὁ
2683 3161 2781 3230 μέν
2820 3159 3014 3224 οὕτως,
3049 3159 3077 3210 ὁ
3110 3160 3168 3212 δέ
3201 3157 3376 3220 οὕτως
3417 3157 3507 3208 τὸν
3560 3156 3675 3226 βίον
3702 3156 4004 3224 διαπορεύε

2448 3271 2559 3305 ται.
2599 3252 2882 3318 Ἐξουσίαν
2922 3252 3030 3320 γὰρ
3063 3252 3175 3320 ἔχει
3220 3251 3248 3302 ὁ
3278 3250 3522 3318 πλάστης
3566 3249 3924 3317 δημιουργεῖν
3954 3247 4035 3309 ὡς

2455 3339 2727 3418 βούλεται.
2765 3349 2936 3401 Τοῦτο
2964 3347 3040 3412 δὲ,
3071 3348 3134 3399 ἐκ
3179 3345 3522 3415 περιουσίας,
3559 3343 3743 3412 φησὶν,
3777 3342 3900 3392 ἐπεὶ
3936 3342 4037 3391 καὶ

2451 3441 2542 3493 τὸν
2567 3441 2968 3512 προειρημένον
2997 3439 3201 3510 τρόπον
3223 3438 3321 3506 τῆς
3350 3435 3668 3501 ἀπολογίας,
3693 3435 3748 3484 ἐν
3775 3428 3854 3494 οἷς
3881 3431 4035 3496 λέγει

2452 3533 2534 3586 ὅτι
2563 3533 2593 3602 ἡ
2625 3532 2815 3604 Γραφὴ
2849 3531 3000 3599 λέγει
3054 3531 3132 3600 τῷ
3165 3527 3382 3599 Φαραὼ,
3416 3529 3497 3582 ὃτι
3537 3547 3554 3576 ι
3586 3526 3678 3587 Εἰς
3716 3524 3847 3576 αὐτὸ
3873 3523 4039 3576 τοῦτο

2454 3625 2714 3696 ἐξήγειρά
2743 3643 2824 3690 σε,
2859 3646 2876 3677 ι
2907 3627 3000 3678 καὶ
3033 3620 3476 3693 ἐξῆς.⁹⁹ΕνταῦΘα
3499 3620 3625 3687 γὰρ,
3648 3617 3808 3671 οἱονεέ
3842 3634 4034 3683 φησιν,

2456 3720 2539 3772 ὅτι
2572 3719 2802 3786 ’Δλογον
2856 3718 2922 3771 ἂν
2954 3717 3100 3782 ἔδοξε
3140 3718 3252 3777 τοῖς
3288 3714 3502 3774 πολλοῖς
3533 3712 3595 3764 τὸ
3626 3710 3910 3778 ὑψωθῆναι
3943 3708 4038 3792 τδν

2457 3811 2660 3880 Φαραὼ
2701 3810 2794 3862 καὶ
2826 3810 3168 3880 βασιλεῦσαι,
3206 3807 3400 3876 μιαρὸν
3428 3805 3599 3866 οὕτως
3632 3804 3724 3855 καὶ
3751 3802 3902 3870 ὠμὸν
3942 3801 4038 3853 καὶ

2457 3903 2826 3972 ἀπάνθρωπον
2855 3902 3002 3965 ὄντα,
3023 3901 3138 3954 ἀλλ’
3165 3903 3197 3968 ἡ
3216 3899 3405 3970 Γραφὴ
3429 3896 3688 3960 διδάξασα
3714 3896 3806 3963 τὴν
3827 3895 4038 3956 αἰτίαν,

2463 3997 2545 4057 εἰς
2575 3994 2800 4062 ὠλογον
2836 3994 3161 4064 μετενήνοχε
3197 3991 3256 4044 τὸ
3285 3991 3501 4058 ἄλογον.

2533 4317 2748 4378 Καίτοι,
2778 4315 2931 4385 φησὶ,
2980 4311 3076 4365 καὶ
3105 4310 3236 4364 αὐτὸ
3267 4309 3333 4368 ,τὸ
3375 4307 3617 4375 εὔλογον.
3673 4310 3765 4361 καὶ
3813 4311 3845 4376 ἡ
3882 4309 4041 4371 λύσις

2463 4412 2666 4480 ἀπορία
2698 4409 2858 4462 πάλιν
2883 4410 2995 4469 τοῖς
3027 4405 3348 4474 φιλονείκοις
3376 4405 3470 4455 καὶ
3504 4402 3782 4470 ἀγνώμοσι
3811 4402 4044 4455 δύναται

2463 4504 2660 4555 τεκεῖν.
2727 4499 2940 4568 Ἐροῦσι
2994 4497 3124 4563 γὰρ,
3160 4496 3242 4546 ὃτι
3293 4493 3392 4546 Διά
3433 4491 3589 4543 τοῦτο
3645 4491 3896 4559 ἐξήγειρε
3950 4493 4046 4543 τὸν

2460 4591 2658 4663 Φαραὼ
2684 4592 2762 4653 εἰς
2794 4589 3038 4660 βασιλέα,
3076 4587 3164 4641 ἵνα
3185 4587 3248 4638 τὸ
3280 4585 3449 4655 ὄνομα
3477 4582 3642 4636 αὑτοῦ
3673 4583 3765 4635 τοῦ
3791 4599 4044 4650 τιμωρη-

2465 4685 2700 4750 σαμένου
2739 4683 2902 4735 αὑτὸν
2934 4679 3174 4750 τιμωρίᾳ
3223 4677 3514 4746 παραδόξῳ
3572 4677 3666 4726 καὶ
3723 4675 4041 4743 θαυμαστῇ,

2465 4775 2778 4843 ἐνδοξασθῇ.
2815 4773 2879 4825 Τί
2922 4771 3017 4824 οὖν
3060 4770 3140 4822 ἐτι
3175 4769 3453 4838 μέμφεται
3498 4767 3697 4828 αὐτόνς
3728 4765 3929 4833 μᾶλλον
3962 4766 4046 4825 δὲ,

2465 4867 2516 4920 τί
2569 4867 2648 4918 ἔτι
2697 4864 3081 4932 ἐτιμωρήσατο
3131 4861 3328 4921 αὑτὸν;
3369 4859 3430 4909 Ἀ
3489 4857 3596 4925 γάρ
3643 4858 3912 4925 ἥμαρτεν,
3962 4859 4047 4918 εἰς

2464 4959 2621 5024 δόξαν
2649 4955 2813 5012 αὐτοῦ
2851 4957 3120 5024 ἥμαρτεν.
3162 4952 3222 5004 Ei
3266 4950 3341 5020 μὴ
3391 4950 3498 5017 γάρ
3525 4950 3790 5018 ἥμαρτεν,
3835 4949 3938 4999 οὐκ
3981 4948 4050 5000 ἀν

2468 5049 2868 5122 ἐτιμωρήσατο·
2903 5051 2952 5100 εἰ
2986 5047 3059 5116 μὴ
3083 5045 3485 5114 ἐτιμωρήσατο,
3517 5043 3616 5093 οὐκ
3651 5041 3718 5092 ἂν
3756 5038 4047 5106 ἐδοξάσθη.

2482 5143 2643 5198 Ἀλλά
2665 5142 2821 5195 τοῦτο
2851 5138 3124 5193 ἐϐούλετο.
3164 5155 3183 5186 ι
3205 5136 3392 5194 Ὅπως
3420 5134 3548 5200 γάρ,
3579 5131 3765 5198 φησὶν,
3799 5129 4049 5193 ἐνδείξω‹

2475 5255 2592 5307 μαι.
2639 5254 2657 5286 ι
2693 5235 2786 5286 καὶ
2815 5233 2961 5300 ἑξῆς.
3001 5231 3061 5282 Εἰ
3091 5230 3147 5281 δὲ
3195 5226 3466 5284 ἐϐούλετο,
3501 5224 3577 5280 τίς
3611 5221 3928 5289 ἀντιστῆναι
3953 5221 4051 5272 δύο

2476 5343 2632 5381 ναται
2667 5324 2833 5378 αὑτοῦ
2868 5322 2945 5392 τῷ
2977 5320 3312 5388 βουλήματι;
3357 5317 3518 5385 Ὁρᾷς
3555 5315 3670 5374 πῶς
3706 5315 3740 5379 ἡ
3779 5313 3877 5379 τῆς
3907 5314 4051 5364 ἀπο-

2479 5423 2600 5491 ρῖας
2634 5418 2785 5480 λύσις
2819 5418 2912 5468 καὶ
2969 5414 3068 5481 τῆς
3117 5411 3292 5473 αἰτίας
3333 5410 3612 5470 ἀπόδοσις,
3647 5407 3749 5457 οὐκ
3793 5403 3952 5456 Eluas
3994 5405 4057 5455 τδ

2478 5510 2850 5578 ἀπορούμενον
2881 5507 2991 5566 τοῖς
3028 5501 3358 5571 ἀγνώμοσιν,
3392 5499 3526 5551 ἀλλὰ
3570 5498 3662 5548 καὶ
3693 5497 3885 5564 ἐτέρας
3912 5497 4052 5545 απο-

2479 5604 2601 5675 ρίας
2652 5597 2875 5670 ἀιρορμὴ
2914 5597 3125 5664 γέγονε.
3169 5593 3258 5646 Διὸ
3310 5591 3529 5661 ἄμεινον
3589 5588 3662 5657 μὴ
3710 5585 3896 5654 ζητεῖν
3955 5588 4056 5647 τάς
