4196 6468
165 358 266 422 509

1227 373 1612 436 COMMENT.
1655 375 1735 436 IN
1776 378 2016 444 EPIST.
2057 387 2156 447 AD
2199 389 2383 454 ROM.

3303 401 3410 466 510

161 467 418 532 τοιαύτας
475 471 656 538 αίτίας
681 515 696 539 ,
735 474 768 545 ἦ
801 476 1122 546 ζητοῦντας.
1188 483 1451 550 μειζόνων
1498 486 1742 558 ἀποριῶν

1852 489 2102 560 absolvit,
2132 498 2265 566 quin
2295 501 2481 569 potius
2529 501 2758 560 alterius
2797 507 3175 578 ambiguitatis
3208 515 3425 570 occasio

162 562 336 624 αἰτίας
364 563 467 627 τὰς
499 565 684 629 λύσεις
710 569 1000 624 ποιεῖσθαι.
1045 572 1215 626 Τοῦτο
1249 576 1354 646 γὰρ
1382 577 1740 647 εὖγνωμόνωι

162 653 501 723 πλασμάτων
546 659 640 710 καὶ
664 658 886 726 δούλων,
918 661 994 732 μὴ
1024 663 1120 726 τὰς
1156 665 1334 729 αἰτίας
1362 668 1610 723 ἀπαιτεῖν
1651 671 1740 723 τὸν

161 748 505 816 Δημιουργὸν
537 750 630 802 καὶ
668 752 968 823 Δεσπότην,
1003 756 1118 808 ἀλλ’
1168 758 1262 811 ἐπὶ
1293 762 1426 813 πᾶσι
1463 765 1571 824 τοῖς
1597 780 1741 828 γινο-

167 839 351 904 μένοις
393 840 738 909 εὐχαριστεῖν
796 845 944 914 αὑτῷ
977 886 990 909 ,
1026 849 1127 900 κᾶν
1176 849 1235 901 οὐ
1289 852 1581 922 κατείληφε
1618 856 1742 916 τοὺς

164 931 353 996 λὸγους
389 932 457 984 δι’
487 934 581 997 οὓς
635 937 872 1003 γίνεται,
913 938 1112 1008 μᾶλλον
1162 943 1218 994 δὲ
1269 945 1362 996 καὶ
1415 947 1507 998 ἐπὶ
1537 946 1744 1000 τούτων

163 1023 325 1076 πλέον
355 1026 648 1096 ὀφείλομεν
678 1030 1046 1099 εὐχαριστεῖν.
1084 1034 1251 1103 Δῆλον
1299 1036 1407 1106 γὰρ
1455 1037 1528 1102 ὼς
1560 1032 1633 1090 ὧν
1668 1039 1744 1108 μὴ

163 1117 600 1186 κατειλήφαμεν,
635 1122 726 1173 ἐπὶ
751 1122 954 1177 τούτων
981 1127 1201 1195 μείζους
1230 1129 1367 1180 εἰσιν
1393 1130 1443 1182 οξ
1477 1129 1624 1197 λόγοι
1650 1132 1745 1185 καὶ

163 1207 514 1275 θαυμασιὼτε
526 1228 632 1280 ροι,
661 1214 753 1264 καὶ
778 1215 874 1283 τῆς
900 1216 1056 1285 ἡμῶν
1098 1219 1484 1290 ὑπερκείμενοι
1511 1220 1748 1292 καταλή-

159 1298 329 1366 ψεως.
370 1299 537 1352 Ὥστε
577 1301 797 1368 μείζους
842 1304 924 1357 δεῖ
973 1308 1065 1360 καὶ
1094 1308 1192 1372 τὰς
1225 1309 1546 1379 εὐεργεσίας
1577 1328 1748 1381 προσ-

159 1390 420 1447 άγεσθαι.
473 1393 647 1458 Αὐτὸς
686 1394 742 1447 δὲ
778 1396 1003 1467 προῖὼν,
1053 1400 1150 1451 καὶ
1178 1401 1277 1468 τῆς
1329 1401 1585 1472 δευτέρας
1609 1404 1749 1456 ἀποο

163 1482 287 1550 ρίας
315 1483 496 1553 τίθησι
533 1485 634 1554 τὴν
678 1486 852 1545 λύσιν.
892 1505 910 1538 ι
948 1489 1054 1542 Τὸν
1097 1491 1288 1545 Ἰακὼὸ
1336 1495 1620 1564 ἠγάπησα,
1654 1494 1748 1548 τὸν

163 1572 217 1623 δὲ
258 1573 434 1626 Ἣσαῦ
467 1576 727 1646 ἐμίσησα.
773 1597 791 1630 ι
823 1581 912 1651 Μή
964 1598 1051 1632 πω
1092 1583 1199 1652 γάρ
1246 1602 1295 1636 τι
1326 1586 1608 1652 πράξαντα
1657 1585 1748 1638 τὸν

172 1665 394 1728 Ἰακὼϐ,
447 1666 706 1720 ἐκάλεσεν
749 1670 1076 1738 ἀγαπητόνο
1137 1692 1155 1724 ι
1197 1673 1299 1726 Τὸν
1345 1690 1455 1745 γαρ
1523 1675 1742 1740 Ἰακὼϐ,

161 1756 351 1823 ςησὶν,
386 1757 668 1826 ἠγάπησα,
702 1758 793 1811 τὸν
820 1759 876 1812 δὲ
920 1761 1087 1814 Ἢσαῦ
1116 1763 1373 1832 ἐμίσησα.
1407 1783 1427 1817 ι
1459 1796 1529 1808 --
1554 1785 1572 1818 ι
1622 1766 1747 1838 Ἐρ-

1843 583 1986 639 facta
2010 596 2116 642 est.
2166 589 2461 660 Propterea
2492 607 2718 664 praestat
2750 598 3065 668 hujusmodi
3096 620 3293 660 causas
3313 623 3425 662 non

1844 677 2132 746 requirere
2174 697 2188 735 :
2235 683 2442 752 alioqui
2487 687 2835 756 iuquirentes
2866 689 3104 746 eﬂieient
3137 693 3283 763 ipsas
3329 710 3424 751 so-

1843 766 2083 823 lutiones
2108 783 2301 825 causas
2340 787 2462 827 esse
2511 778 2776 847 majorum
2831 779 3240 838 ditlicultatum.
3285 785 3422 840 Nam

1845 859 1951 913 hoc
1988 871 2266 930 gratarum
2317 875 2694 924 creaturarum
2749 886 2813 926 ac
2873 886 3161 927 servorum
3212 884 3342 942 est,
3392 891 3426 931 a

1845 954 2200 1012 Creatoreae
2241 957 2474 1010 Domino
2507 973 2700 1014 causas
2743 979 2851 1017 non
2908 976 3187 1035 expetere,
3227 966 3324 1022 sed
3369 967 3457 1033 in.

1845 1045 2105 1100 omnibus
2128 1064 2248 1116 quae
2297 1049 2440 1104 ﬁunt
2497 1051 2702 1120 gratias
2749 1054 2828 1107 illi
2874 1071 3062 1125 agere,
3108 1071 3426 1126 quanquam

1846 1138 2085 1193 rationes
2103 1155 2206 1192 uun
2225 1143 2693 1210 comprehendant
2710 1155 2936 1215 propter
2956 1164 3092 1218 quas
3116 1148 3246 1203 ﬁant
3278 1164 3428 1203 zma-

1845 1227 1930 1294 gis
1965 1237 2147 1280 autem
2174 1230 2339 1281 etiam
2369 1245 2534 1298 super
2565 1231 2650 1288 his
2672 1233 2939 1288 debemus
2967 1237 3204 1305 amplius
3227 1238 3430 1308 gratias

1847 1329 2030 1383 agere.
2063 1315 2197 1369 Nam
2233 1317 2584 1373 manifestum
2602 1333 2686 1376 est
2721 1324 2866 1392 quod
2901 1339 3097 1379 eorum
3153 1344 3273 1396 qua:
3316 1345 3426 1382 non

1846 1403 2336 1474 deprehendimus,
2376 1410 2649 1480 majorum
2674 1423 2802 1468 sunt
2828 1430 3010 1471 causa:
3033 1421 3316 1488 magisque
3333 1421 3404 1474 ad

1850 1496 2134 1559 mirandi».
2177 1507 2232 1550 et
2261 1515 2384 1569 quae
2407 1510 2624 1556 nostras
2645 1504 2914 1559 excedant
2931 1509 3427 1577 apprehensiones.

1847 1585 2034 1657 Itaque
2085 1593 2322 1659 majores
2374 1595 2540 1647 etiam
2591 1597 2892 1664 gratiarum
2925 1599 3170 1654 actiones
3211 1609 3433 1668 oportet

1848 1678 2070 1732 oﬂ‘erre.
2123 1682 2420 1750 Apostolus
2445 1691 2623 1738 tamen
2665 1686 2720 1738 in
2749 1689 3111 1757 sequentibus
3141 1689 3306 1743 etiam
3340 1705 3432 1745 se-

1850 1771 2045 1824 cunda:
2071 1771 2410 1828 ditlieultatis
2440 1777 2972 1845 ponitsolutionem.
3003 1801 3021 1833 ι
3047 1781 3216 1837 Jacob
3239 1782 3430 1848 dilexi,

161 1847 304 1915 ρἠη
332 1849 496 1918 αὐτῇ,
552 1869 571 1902 ι
605 1852 775 1922 ἤγουν
818 1856 882 1923 τῇ
935 1853 1226 1924 Ῥεϐέκκα,
1259 1874 1275 1904 ι
1316 1857 1397 1908 ὅτι
1433 1857 1492 1909 ’0
1541 1834 1746 1926 μείζων

1852 1860 1995 1914 Esau
2027 1879 2158 1917 vero
2183 1865 2312 1918 odio
2342 1834 2527 1919 habui.
2575 1888 2591 1918 ι
2656 1869 2791 1923 Nam
2834 1834 3004 1926 Jaeob
3051 1834 3168 1942 qui

157 1936 441 1992 δουλεύσει
483 1941 557 2010 τῷ
589 1943 858 1996 ἐλάσσονι.
897 1963 914 1995 ι
946 1946 1008 1996 ΟΞ
1040 1944 1139 2014 μὲν
1170 1945 1278 2016 γὰρ
1306 1945 1582 2016 ἄνθρωποι
1618 1947 1748 2012 ἴσως

163 2030 306 2096 μετὰ
344 2031 406 2082 τὸ
435 2033 711 2098 γενέσθαι,
740 2037 769 2088 6
805 2034 860 2088 δὲ
890 2036 1021 2096 Θεὸς
1088 2037 1184 2104 τρὸ
1214 2038 1486 2106 γενέσεως
1515 2041 1748 2096 ἐπίστα-

160 2135 254 2170 ται
289 2119 358 2172 τὰ
410 2123 466 2174 ἐν
494 2122 573 2192 τῷ
605 2124 898 2196 ἀνθρώπῳ.

158 2211 340 2266 mines
367 2211 622 2269 fortassis
665 2226 788 2285 post
808 2215 1151 2273 nativitatem
1175 2259 1190 2285 ,
1221 2220 1366 2277 Deus
1396 2237 1528 2280 vero
1562 2225 1728 2280 etiam

160 2317 336 2354 nunc.

233 2392 305 2448 Τί
329 2389 446 2450 οὖν
475 2395 766 2466 ἐροῦμεν;
797 2399 893 2467 Μὴ
923 2400 1125 2456 ἀδικία
1173 2405 1332 2472 παρὰ
1357 2405 1436 2472 τῷ
1461 2406 1624 2475 Θεῷ;
1651 2412 1746 2478 Μὴ

1848 1961 2057 2021 egerat,
2091 1956 2700 2024 appellavitdilectum.
2727 1979 2743 2012 ι
2778 1963 2969 2028 Jacob,
3004 1965 3204 2034 inquit,
3238 1966 3433 2030 dilexi,

1848 2041 1991 2098 Esau
2017 2061 2149 2100 vero
2183 2047 2308 2102 odio
2337 2048 2521 2104 habui.
2563 2071 2582 2103 ι
2623 2083 2690 2096 -
2729 2054 2978 2110 «Dictum
3008 2067 3093 2110 est
3123 2057 3225 2119 illi.
3261 2076 3278 2109 ι
3304 2067 3437 2128 puta

1848 2136 2128 2194 Rebeccae.
2160 2160 2177 2191 ι
2213 2141 2382 2212 Major
2415 2145 2621 2200 serviet
2667 2146 2891 2202 minori.
2925 2168 2942 2201 ι
3007 2149 3288 2220 Siquidem
3320 2151 3436 2206 ho-

1803 2239 1930 2285 ante
1987 2232 2332 2287 nativitatem
2383 2235 2538 2290 novit
2598 2253 2719 2306 qua:
2778 2238 2965 2296 futura
3017 2252 3148 2297 sunt
3192 2245 3249 2298 in
3326 2245 3430 2302 ho-

1917 2411 2010 2472 ΙΧ.
2048 2411 2228 2466 14-18.
2262 2411 2400 2474 Quid
2421 2431 2541 2485 ergo
2561 2417 2836 2474 dicemus?
2860 2420 3002 2475 Nam
3045 2424 3311 2492 injustitia
3360 2434 3440 2483 est

160 2483 418 2554 γένοιτο.
483 2485 566 2547 Τῷ
603 2487 712 2554 γὰρ
754 2487 947 2556 Μωσῇ
1003 2490 1188 2559 λέγει·
1237 2493 1508 2562 Ἐλεήσω
1553 2499 1628 2552 ὃν
1671 2498 1752 2553 ἂν

1852 2508 1991 2573 apud
2027 2503 2236 2559 Deum?
2269 2506 2436 2559 Absit.
2469 2483 2602 2560 Mosi
2669 2512 2806 2564 enim
2851 2512 3012 2567 dicit:
3041 2483 3325 2571 Miserebor
3345 2534 3442 2571 cu-

161 2576 334 2634 ἐ.ιεῶ.
367 2577 465 2628 καὶ
496 2578 848 2646 οἰκτειρήσω
883 2580 958 2634 ὃν
1011 2581 1087 2634 ἂν
1125 2586 1410 2656 οἰκτείρω.
1443 2590 1592 2657 Ἀριι
1637 2587 1752 2646 οὖν

1852 2596 2137 2666 iuscunque
2173 2599 2458 2662 misereor,
2519 2610 2566 2653 et
2619 2603 3024 2658 commiscrabor
3079 2623 3441 2680 quemcunque

162 2671 234 2721 οὺ
267 2667 376 2722 τοῦ
413 2668 718 2736 θέλοντος,
749 2671 892 2725 οὐδὲ
923 2672 1030 2727 τοῦ
1064 2675 1404 2744 τρέχοντος,
1436 2681 1597 2735 ἀλλὰ
1639 2685 1748 2738 τοῦ

1852 2689 2212 2742 commiseror.
2243 2687 2414 2759 Igitur
2443 2707 2548 2743 non
2575 2691 2794 2748 volentis
2813 2705 2912 2761 est,
2937 2713 3031 2750 nec
3053 2701 3440 2766 currentis,sed

162 2758 486 2825 ἐλεοῦντος
518 2759 692 2815 Θεοῦ.
722 2763 895 2831 Λέγει
930 2765 1041 2833 γὰρ
1071 2768 1108 2834 ἠ
1145 2770 1194 2820 Γ
1189 2769 1357 2836 pagi;
1407 2770 1485 2836 τῷ
1513 2773 1744 2841 Φαραώο

165 2847 250 2898 ἔτι
290 2849 397 2913 Εἰς
434 2849 583 2902 αὐτὸ
639 2852 817 2906 τοῦτο
853 2853 1133 2924 ἐξήγειρά
1162 2872 1256 2920 σε,
1287 2858 1446 2924 ὅπως
1472 2861 1747 2928 ἐνδείξωο

161 2961 266 3013 μαι
291 2945 365 2998 ἐν
393 2946 492 2998 σοι
533 2945 650 3013 τὴν
690 2946 950 3017 δύναμίν
994 2967 1136 3016 μου,
1174 2951 1273 3004 καὶ
1315 2953 1477 3020 ὅπως
1515 2955 1746 3027 διαγγε-

163 3034 245 3100 λῇ
314 3036 383 3090 τὸ
441 3036 627 3105 ὄνομά
652 3055 770 3104 μου
800 3038 870 3090 ἐν
912 3037 1078 3107 πάσῃ
1104 3040 1179 3108 τῇ
1225 3042 1322 3111 γῇ.
1356 3046 1493 3112 Ἄρα
1525 3041 1641 3102 οὖν
1679 3047 1752 3103 ὃν

166 3126 326 3180 θέλει
355 3126 534 3188 ἐλεεῖ,
554 3127 626 3181 ὃν
645 3127 710 3180 δὲ
748 3128 905 3184 θέλει
933 3135 1283 3200 σκληρύνει.

244 3236 264 3270 ι
305 3219 400 3289 Μὴ
431 3220 616 3272 ἀδικία
650 3221 800 3292 παρα
822 3223 901 3292 τῷ
921 3223 1040 3293 Θεῷ
1066 3195 1204 3296 {Mi}
1237 3229 1467 3294 γένοιτο.
1510 3249 1528 3282 ι
1563 3231 1621 3286 '0
1652 3233 1750 3304 μὲν
1778 3195 1820 3253 c

177 3308 376 3366 Ἠσαῦ.
426 3312 611 3378 φησὶν,
649 3313 724 3375 ὡς
759 3314 928 3378 κακὸς
959 3316 1217 3386 ἐμισήθη,
1251 3320 1280 3370 6
1329 3320 1385 3373 δὲ
1436 3322 1634 3376 Ἰακὼϐ
1676 3326 1749 3388 ὡς

170 3404 334 3468 καλὸς
367 3405 657 3477 ἠγαπήθη.
697 3426 715 3458 ι
749 3407 815 3460 Τί
844 3404 978 3472 οὖνς
1022 3429 1040 3461 ι
1097 3411 1244 3464 ’Λντὶ
1271 3411 1386 3478 τοῦ,
1421 3413 1487 3466 Τί
1524 3413 1753 3484 ἐροῦμεν

169 3500 301 3568 περὶ
334 3498 446 3550 τῶν
480 3501 538 3552 ὲν
570 3503 637 3569 τῇ
671 3501 864 3571 ἐρήμῳ
909 3502 1178 3556 Ἰουδαίων
1205 3520 1220 3570 ;
1261 3505 1324 3557 οὐ
1371 3506 1572 3570 πάντες
1623 3507 1754 3578 ἐμο-

174 3589 551 3660 σχοποίησαν;
604 3591 726 3651 Πῶς
778 3586 872 3648 οὖν
919 3592 1159 3664 εἴρηται,
1217 3613 1238 3647 ι
1286 3597 1527 3666 Ἐλεήσω
1583 3599 1642 3651 ὃν
1687 3599 1755 3653 ἂν

173 3680 352 3742 iisti);
392 3698 412 3732 ι
444 3680 508 3734 Et
533 3683 644 3750 γὰρ
673 3682 856 3736 ἀδικία
891 3684 992 3738 οὐκ
1023 3685 1139 3738 ἔστι
1174 3687 1327 3757 παρα
1362 3687 1438 3756 τῷ
1473 3689 1610 3759 Θεῷ,
1661 3691 1755 3743 καὶ

173 3772 324 3840 ὅμως
373 3772 596 3824 πάντων
631 3774 1162 3844 μοσχοποιησὰντων,
1200 3794 1219 3828 ι
1267 3778 1524 3848 Ἐλεήσω,
1575 3775 1750 3844 εἶπεν,

174 3865 233 3916 ὃν
261 3863 330 3918 ἂν
356 3865 661 3935 ἑλεῶ,ιᾶρα
677 3866 927 3934 κρυφίοις
945 3867 1240 3936 ὀξθαλμοῖς
1265 3871 1290 3921 ὀ
1313 3869 1442 3932 Θεὸς
1460 3872 1752 3939 ἐμϐατεύει

173 3959 254 4020 εἰς
285 3957 385 4020 τὰς
416 3955 526 4009 τῶν
551 3957 854 4026 ἀνθρώπων
901 3959 1152 4028 καρδίας,
1195 3961 1290 4012 καὶ
1339 3960 1437 4030 οὐχ
1483 3962 1671 4032 ὧσπερ
1704 3966 1750 4015 οἱ

173 4049 478 4118 ἄνθρωποι.
519 4048 727 4104 Οὐκοῦν
759 4050 879 4103 οὐδὲ
914 4051 1142 4103 ἐπὶτῶν
1163 4051 1257 4104 νῦν
1293 4053 1562 4106 Ἰουδαίων
1581 4055 1758 4108 ἀδικεῖ

174 4144 202 4195 6
230 4142 385 4206 Θεὸς,
416 4143 550 4195 ἀλλὰ
589 4145 680 4195 καὶ
722 4143 816 4195 νῦν
845 4144 958 4197 ὅσοι
991 4144 1090 4213 μὲν
1128 4144 1284 4210 ἄξιοι,
1325 4144 1591 4208 σώζονται
1620 4163 1632 4174 ·
1668 4163 1758 4198 πι-

177 4235 431 4289 στεύουσι
464 4236 572 4306 γάρ
601 4251 612 4262 ·
648 4236 761 4287 ὅσοι
813 4236 868 4288 δὲ
900 4236 1129 4311 ἀνᾲξιοι,
1176 4236 1502 4291 ἀπόλλυνται
1527 4254 1540 4268 ⁶
1576 4239 1635 4291 οὐ
1668 4256 1757 4291 πι-

176 4327 431 4380 στεύουσι
464 4327 594 4393 γάρ.
633 4343 650 4376 ι
694 4326 930 4394 Ἐλεήσω
963 4326 1020 4378 ὃν
1061 4327 1130 4380 ἂν
1181 4327 1333 4380 ὲλεῶ.
1380 4347 1398 4378 ι
1457 4329 1545 4390 Ὠς
1593 4329 1641 4380 εἰ
1687 4325 1757 4381 εἷ-

175 4436 299 4470 πεν·
347 4417 492 4484 Ἐγὼ
520 4413 632 4469 οῖδα
677 4418 815 4479 τίνες
863 4417 1001 4482 ἄξιοι
1039 4419 1332 4487 σωτηρίας,
1381 4419 1476 4472 καὶ
1509 4420 1622 4472 ὅσοι
1658 4420 1759 4472 οὐκ

1849 2782 2142 2834 miserantis
2178 2780 2296 2834 Dei.
2349 2781 2484 2836 Dicit
2511 2785 2650 2837 enim
2696 2783 2972 2856 Scriptura
3011 2788 3320 2846 Pharaoni:
3369 2792 3438 2848 In

1848 2873 1943 2926 hoc
1981 2873 2153 2942 ipsum
2175 2875 2429 2928 suscitavi
2459 2883 2528 2938 te,
2572 2885 2629 2928 ut
2658 2879 2982 2933 ostenderem
3010 2881 3064 2934 in
3108 2889 3158 2935 te
3185 2884 3432 2938 virtutem

1853 2978 2047 3024 meam,
2077 2970 2125 3014 et
2155 2970 2211 3014 ut
2247 2965 2595 3017 annuntietur
2617 2982 2807 3019 nomen
2832 2984 3003 3022 meum
3024 2970 3078 3022 in
3111 2973 3256 3025 omni
3273 2980 3439 3027 terra-

1860 3053 2048 3122 Itaque
2076 3054 2223 3122 cuius
2256 3053 2363 3106 vult
2396 3056 2693 3122 miseretur,
2748 3075 2902 3128 quem
2960 3068 3138 3117 autem
3194 3063 3306 3117 vult
3353 3065 3441 3118 ob-

1859 3144 2043 3197 durat.

1923 3235 2090 3306 328
2124 3253 2143 3287 ι
2186 3237 2326 3291 Num
2353 3238 2623 3308 injustitia
2650 3250 2736 3295 est
2761 3243 2905 3311 apud
2954 3243 3125 3298 Deum
3153 3244 3379 3301 ?Absit.
3416 3267 3435 3300 ι

1854 3322 1998 3377 Esau
2031 3323 2179 3376 enim
2213 3333 2472 3394 tanquam
2500 3328 2679 3382 malus
2721 3329 2850 3385 odio
2893 3331 3114 3387 habitus
3133 3343 3239 3399 est,
3273 3334 3443 3390 Jacoh

1854 3426 1986 3465 vero
2027 3419 2284 3481 tanquam
2331 3413 2510 3468 bonus
2533 3414 2769 3471 dilectus
2795 3426 2881 3473 est
2909 3460 2922 3474 .
2956 3438 2974 3470 ι
3007 3419 3150 3486 Quid
3188 3424 3360 3493 ergo?
3419 3442 3439 3474 ι

1855 3502 1971 3557 Hoc
1999 3511 2102 3567 est,
2150 3503 2293 3569 Quid
2349 3504 2418 3559 de
2473 3505 2679 3564 Judmis
2710 3507 2960 3565 dicemus
2997 3511 3092 3581 qui
3136 3513 3360 3569 fuerunt
3388 3514 3442 3570 in

1855 3593 2114 3648 deserto?
2135 3594 2327 3649 Nonne
2353 3611 2548 3652 omnes
2586 3599 2818 3654 vitulum
2845 3601 3136 3658 fecerunt?
3165 3605 3445 3674 quomodo

1855 3685 2062 3739 dictum
2085 3693 2170 3738 est
2209 3703 2222 3738 :
2267 3704 2285 3737 ι
2320 3687 2620 3743 Miserebor
2649 3691 3026 3762 cujuscunque
3063 3695 3363 3750 misereor?
3421 3716 3440 3749 ι

1855 3777 1994 3831 Nam
2031 3793 2076 3831 st
2115 3777 2382 3848 injustitia
2416 3795 2526 3833 non
2564 3789 2650 3834 est
2696 3783 2838 3852 apud
2871 3785 3042 3838 Deum
3081 3826 3096 3850 ,
3140 3797 3196 3842 et
3253 3798 3436 3844 tamen

1857 3881 1948 3919 um
2037 3884 2230 3924 omnes
2254 3871 2488 3924 vitulum
2525 3871 2807 3938 fecissent,
2845 3895 2860 3926 ι
2892 3875 3214 3942 Miserehor,
3255 3879 3395 3933 dixit
3426 3921 3441 3941 ,

1859 3963 2242 4030 cujuscunque
2315 3963 2622 4018 misereor:
2656 3984 2674 4016 ι
2709 3976 2862 4022 certe
2927 3969 3226 4024 latentibus
3272 3972 3448 4027 oculis

1859 4051 2005 4106 Deus
2038 4053 2092 4107 in
2125 4053 2408 4108 hominum
2439 4055 2606 4111 corda
2655 4057 2983 4127 ingreditur,
3013 4071 3068 4115 et
3091 4079 3202 4117 non
3243 4079 3445 4132 quem-

1859 4144 2155 4199 admodum
2182 4147 2458 4203 homines.
2519 4149 2692 4219 lgitur
2720 4168 2901 4221 neque
2923 4169 3048 4207 eum
3091 4155 3296 4210 ludatis
3348 4156 3444 4225 qui

1859 4252 2008 4290 nunc
2039 4247 2166 4291 sunt
2200 4239 2405 4307 injuste
2435 4241 2546 4310 agit
2596 4243 2741 4296 Deus
2770 4261 2782 4307 ;
2820 4245 2914 4298 sed
2949 4255 3005 4298 et
3027 4262 3171 4299 nunc
3199 4248 3441 4316 quicun-

1859 4341 1966 4394 que
1992 4325 2142 4394 digni
2175 4337 2306 4382 suut
2333 4330 2636 4396 salvantur,
2671 4334 3081 4401 quiacredunt;
3117 4338 3440 4407 quicunque

1859 4433 1992 4470 vero
2031 4418 2266 4488 indigni,
2295 4429 2559 4488 pereunt,
2607 4423 2735 4492 quia
2767 4442 2876 4480 non
2930 4427 3188 4486 credunt.
3229 4449 3244 4480 ι
3282 4431 3448 4485 Mise-

175 4509 346 4573 ᾰξιοι.
381 4508 444 4559 Εἰ
487 4505 580 4560 οὖν
623 4508 846 4578 Μωσῆς,
879 4509 1066 4576 φησιν,
1092 4510 1278 4578 ἠγνόει
1305 4511 1446 4574 τίνες
1475 4512 1638 4576 ἄξιοι,
1665 4515 1752 4565 καὶ

1863 4509 2030 4564 rebor
2056 4512 2433 4581 cujuscunque
2464 4514 2746 4568 misereor.
2783 4535 2801 4566 ι
2839 4515 2916 4570 Ac
2946 4519 2990 4570 si
3017 4517 3248 4573 dixisset
3282 4536 3298 4578 :
3333 4521 3446 4591 Ego

175 4601 330 4661 τίνες
384 4600 487 4651 οὒκ
527 4599 709 4663 ἄξιοι,
773 4600 932 4669 σχολῇ
976 4602 1107 4668 γοῦν
1154 4604 1317 4673 ἡμεῖς
1352 4603 1611 4673 γνοίημεν
1663 4606 1760 4668 τὰς

173 4693 358 4754 αἰτίας
411 4693 519 4744 τῶν
559 4693 875 4760 γινομένων.
927 4694 1063 4747 Θεοῦ
1116 4696 1226 4766 γὰρ
1261 4698 1503 4766 κρίματα
1558 4701 1642 4762 τίς
1672 4700 1758 4764 ὲξ-

180 4783 417 4853 ιῃιάσει
446 4801 459 4846 ;
490 4783 607 4834 ἀντὶ
639 4783 753 4845 τοῦ,
783 4784 990 4846 Οὐδείς.
1031 4805 1050 4835 ι
1087 4787 1226 4856 Ἀρα
1245 4787 1338 4840 οὖν
1370 4791 1428 4842 οὐ
1460 4787 1552 4841 τοῦ
1577 4779 1761 4843 θέλον-

174 4892 290 4938 τος,
332 4892 352 4926 ι
385 4875 481 4926 καὶ
510 4875 576 4926 τε
603 4874 748 4940 ἑξῆς.
797 4877 888 4928 Δεῖ
935 4876 1036 4946 μὲν
1057 4876 1148 4931 οὖν
1181 4878 1356 4932 θέλειν
1388 4883 1481 4933 καὶ
1515 4883 1753 4952 τρέχειν,

177 4966 273 5018 καὶ
323 4964 425 5034 τὴν
455 4963 648 5016 ἑαυτοῦ
677 4964 906 5018 ἕκαστον
935 4964 1163 5033 δύναμιν
1190 4968 1456 5038 πληροῦν.
1498 4972 1642 5041 Πλὴν
1675 4974 1757 5026 ὅτι

177 5057 302 5124 δίχα
347 5055 548 5125 βουλῆς
600 5055 736 5108 Θεοῦ
785 5055 908 5110 οὔτε
948 5060 978 5112 6
1039 5059 1230 5125 θέλων,
1283 5060 1407 5114 οὔτε
1463 5064 1492 5114 6
1547 5065 1756 5136 τρέχων

176 5149 332 5201 ἀνύει
362 5166 414 5200 τι
440 5149 621 5211 πλέον,
660 5149 791 5220 ἄτερ
816 5151 912 5219 τῆς
947 5151 1041 5205 τοῦ
1074 5152 1207 5206 Θεοῦ
1242 5153 1512 5224 βοηθείας.
1556 5157 1755 5210 Λοιπὸν

177 5240 268 5290 τὸν
300 5237 625 5306 βουλόμενον
679 5239 970 5302 σώζεσθαι,
1005 5242 1086 5293 ὅτι
1120 5243 1212 5294 καὶ
1244 5243 1384 5295 θέλει
1414 5246 1441 5296 ὀ
1480 5245 1611 5309 Θεὸς
1662 5247 1755 5299 καὶ

181 5329 342 5380 ἐλεεῖ.
409 5327 595 5379 Ταῦτα
649 5327 704 5380 δὲ
760 5331 934 5384 πάντα
983 5328 1135 5384 εἶπεν
1181 5334 1209 5384 6
1253 5333 1405 5401 ἅγιος
1454 5338 1588 5406 πρὸς
1629 5339 1754 5399 τοὺς

179 5419 599 5481 ἀντιπίπτοντας
628 5421 723 5474 καὶ
755 5422 1030 5490 λέγοντας,
1064 5425 1129 5476 Τί
1162 5425 1224 5496 δή
1266 5443 1394 5479 ποτε
1428 5428 1752 5496 ἐκϐέϐληται

177 5516 206 5564 ὁ
245 5513 573 5582 Ἰοιιδαῖσμὸς
606 5516 755 5583 παρὰ
783 5514 860 5584 τῷ
909 5515 1046 5583 Θεῷ.
1077 5517 1410 5588 ἀντεισήχθη
1458 5521 1514 5573 δὲ
1557 5523 1584 5574 6
1619 5523 1751 5590 Χρι-

185 5604 495 5671 στιανισμὸς
526 5603 621 5655 καὶ
651 5607 682 5672 ἡ
719 5605 928 5666 πίστις;
957 5607 1137 5659 Θὲλων
1167 5604 1260 5661 οὖν
1283 5611 1430 5679 ἡμᾶς
1464 5611 1750 5664 παιδεῦσαι

192 5692 256 5760 μὴ
286 5697 540 5748 ἀπαιτεῖν
595 5695 819 5760 εὐθύνας
869 5698 959 5750 τὸν
1010 5698 1142 5751 Θεὸν
1203 5694 1279 5754 ὧν
1333 5705 1582 5770 πράττει,
1615 5705 1748 5758 ἀλλὰ

189 5785 349 5838 πάντα
391 5787 646 5855 ἡγεῖσθαι
685 5789 841 5856 καλὰ,
880 5790 982 5844 κᾶν
1027 5792 1186 5862 ἡμεῖς
1213 5793 1519 5864 ἀγνοῶμεν,
1568 5797 1736 5849 ποῖ’.λᾶ

1861 4604 1989 4656 novi
2039 4604 2131 4672 qui
2163 4604 2274 4658 sint
2302 4604 2452 4676 digni
2501 4607 2678 4662 salute
2727 4619 2784 4663 ct
2823 4609 3048 4678 quinam
3113 4613 3343 4683 indigni.
3388 4614 3445 4670 Si

1860 4694 2026 4762 igitur
2064 4695 2242 4748 Moses
2270 4697 2554 4767 ignorabat
2583 4700 2809 4768 quinam
2842 4700 2994 4772 digiti
3020 4713 3207 4756 essent
3258 4715 3313 4758 et
3349 4721 3445 4776 qui

1861 4783 2093 4854 indigni,
2130 4787 2307 4841 multo
2345 4789 2527 4842 minus
2576 4805 2679 4843 nos
2714 4806 2907 4845 eorum
2935 4808 3057 4861 qua:
3089 4791 3227 4846 (iuut
3251 4809 3449 4847 causas

1861 4891 2192 4945 cognoscere
2226 4894 2510 4948 possemus
2540 4899 2553 4944 ;
2592 4881 2685 4935 Dei
2724 4883 2869 4936 cnim
2903 4884 3108 4953 judicia
3139 4884 3263 4953 quis
3287 4899 3446 4938 scru-

1857 4966 2096 5020 tabitur?
2125 4967 2372 5036 profecto
2391 4971 2592 5025 nullus.
2627 4989 2644 5022 ι
2679 4971 2851 5040 igitur
2873 4989 2980 5026 non
3007 4973 3244 5028 volentis
3276 4981 3384 5034 est,
3420 4991 3438 5023 ι

1856 5069 1965 5114 etc.
2022 5063 2252 5128 Oportet
2284 5060 2554 5129 siquidem
2577 5061 2717 5115 velle
2755 5071 2812 5116 et
2862 5079 3110 5129 currere,
3142 5075 3196 5119 et
3243 5081 3449 5120 unum-

1863 5167 2138 5220 quemque
2173 5150 2350 5206 facere
2378 5153 2521 5220 quod
2559 5153 2612 5205 in
2645 5169 2703 5208 se
2731 5164 2846 5208 est:
2881 5165 3117 5209 attamen
3153 5157 3280 5225 quia
3315 5159 3448 5213 abs-

1863 5258 1971 5311 que
2022 5244 2119 5298 Dei
2175 5245 2410 5298 consilio
2490 5261 2673 5313 neque
2738 5246 2926 5298 volens
2972 5262 3149 5315 neque
3217 5264 3450 5303 currens

1861 5334 2164 5403 quidquam
2200 5336 2438 5403 amplius
2469 5336 2587 5389 sine
2640 5337 2732 5390 Dei
2782 5337 2990 5390 auxilio
3024 5338 3262 5406 perlicit,
3316 5341 3446 5392 reli-

1861 5440 2029 5492 quum
2063 5433 2148 5478 est
2174 5435 2233 5479 ut
2270 5427 2415 5481 Deus
2442 5444 2566 5482 eum
2604 5428 2696 5497 qui
2739 5428 2923 5482 salvus
2952 5428 3253 5499 ﬁericupit.
3277 5432 3444 5484 etiam

1860 5515 2011 5580 velit,
2050 5526 2107 5571 et
2136 5517 2256 5585 ejus
2287 5518 2639 5573 misereatur.
2673 5519 2800 5575 llmc
2841 5523 3024 5574 omnia
3089 5524 3226 5577 dixit
3277 5525 3440 5580 divus

1857 5609 2060 5663 Paulus
2106 5609 2370 5664 adversus
2407 5610 2526 5665 illos
2578 5612 2671 5680 qui
2735 5614 3015 5672 resistunt.
3075 5629 3144 5667 ac
3196 5615 3390 5670 dicunt
3428 5633 3442 5646 ·

1863 5703 2042 5766 Quare
2077 5704 2325 5770 ahjcetus
2351 5711 2434 5757 est
2482 5703 2796 5760 Judaismus
2822 5707 2962 5774 apud
2998 5707 3267 5768 Deutn,el
3314 5708 3436 5760 loco

1857 5793 2030 5860 ig-sius
2073 5793 2332 5849 inductus
2363 5805 2444 5850 est
2475 5795 2932 5851 Christianismus
2959 5795 3211 5851 aclides?
3240 5795 3440 5851 Valens
