4196 6468
778 422 876 486 511

1827 420 2221 479 (ECUMENH
2261 420 2552 480 TlllCCdi
2587 422 2921 481 EPISCUPI

3897 414 4007 478 51?.

774 534 962 602 itaque
989 545 1086 584 nos
1114 530 1386 582 instruere
1420 542 1484 580 ne
1520 542 1710 580 causas
1733 542 1759 578 a
1793 528 1901 579 Ι)ρο
1922 539 2230 596 repetamus
2251 545 2344 580 eo-

2452 531 2830 598 θεματοφορεί,
2869 528 3162 589 τουτέστιν,
3203 525 3309 578 ἀπὸ
3364 525 3571 578 πολλῶν
3628 527 4014 594 παραδειγμά·

773 637 894 675 rum
925 637 1044 690 qure
1087 629 1368 686 operatur,
1414 617 1508 671 sed
1553 625 1748 670 cuneta
1783 619 1922 671 bona
1981 619 2335 682 arbitremur,

774 713 876 766 etsi
903 726 1094 765 causas
1125 709 1458 778 ignoremus,
1483 710 1652 761 multa
1709 709 1916 775 profert
1955 709 2019 761 ad
2088 711 2335 778 preposi-

778 809 890 854 tum
925 800 1060 852 :lmc
1090 809 1195 863 est,
1222 815 1248 852 a
1288 799 1474 852 multis
1503 799 1766 866 exemplis
1793 807 1848 850 et
1884 799 2055 867 signis
2105 801 2336 854 diﬂicul-

774 900 937 945 tatem
965 891 1016 943 in
1039 892 1238 944 divinis
1264 890 1488 956 judiciis
1512 891 1881 957 eonjectandis
1905 892 2259 944 demonstrat.
2277 922 2338 931 —

775 971 906 1024 Item
935 980 982 1024 et
1010 973 1115 1024 alio
1141 973 1314 1024 modo.
1373 973 1486 1024 Non
1524 973 1759 1024 volentis
1783 974 1976 1034 solum,
2007 989 2183 1040 neque
2209 988 2332 1026 cur-

776 1062 950 1116 rentis
991 1065 1168 1115 solum
1224 1082 1237 1116 :
1302 1063 1393 1114 sed
1447 1078 1584 1130 opus
1637 1064 1798 1116 etiam
1860 1075 1943 1116 est
1989 1065 2338 1118 miseratione

774 1169 896 1222 qua‘:
917 1155 1182 1208 divinitus
1223 1155 1496 1217 adveniat,
1541 1156 1852 1222 auxilioque
1883 1157 2025 1224 quod
2057 1157 2182 1209 inde
2238 1158 2338 1210 ad-

773 1245 1139 1298 ministretur.
1194 1245 1302 1298 Aut
1333 1245 1496 1297 etiam
1529 1246 1630 1297 hoc
1677 1245 1838 1297 modo
1890 1247 2113 1316 intelligi
2160 1255 2338 1315 potest

773 1335 920 1403 quod
955 1336 1194 1389 dicitur:
1234 1355 1251 1386 ι
1289 1336 1455 1405 Igitur
1489 1351 1596 1388 non
1625 1337 1862 1389 volentis
1891 1348 1994 1396 est.
2037 1357 2054 1379 ι
2081 1345 2186 1390 etc.
2217 1337 2334 1390 Non

775 1438 836 1481 ut
870 1427 923 1480 in
955 1429 1207 1482 confesso
1233 1427 1462 1494 sit‘apud
1505 1429 1753 1481 Paulum.
1789 1427 1883 1480 sed
1945 1428 2114 1495 magis
2169 1427 2336 1480 veluti

776 1517 846 1569 ul)
876 1517 1256 1571 haesitantibus
1305 1517 1580 1585 prolatum
1618 1527 1720 1572 est.
1756 1517 1886 1570 Nam
1936 1517 1980 1569 si
2033 1518 2187 1584 cujus
2230 1518 2345 1569 vult.

2447 631 2553 665 των
2602 615 2694 664 καὶ
2737 615 3000 683 σημείων,
3033 615 3092 666 τὸ
3124 613 3531 682 δυστέκμαρτον
3587 614 3696 664 τῶν
3730 614 3822 666 τοῦ
3872 615 4014 667 Θεοῦ

2447 708 2726 773 χριμάτων
2759 706 3013 774 παριστᾷ.
3048 734 3112 743 -
3148 704 3250 756 Καὶ
3283 703 3501 769 ἄλλως.
3537 704 3729 776 [ΦΩΤ.]
3791 707 3864 758 uo
3916 707 4016 758 τοῦ

2447 792 2689 855 θέλοντος
2723 795 2897 860 μόνον,
2940 794 3059 845 οὐδὲ
3081 792 3174 844 τοῦ
3226 794 3512 861 τρέχοντος
3544 794 3721 862 μόνον,
3754 795 3889 847 ἀλλὰ
3935 796 4022 847 δεῖ

2446 886 2539 937 καὶ
2562 885 2655 937 τοῦ
2677 885 2857 936 θεόθεν
2882 885 3051 948 ὲλέον,
3087 886 3178 938 καὶ
3207 887 3306 953 τῆς
3333 885 3541 936 ἐκεῖθεν
3571 887 3908 956 συμμαχίας.
3943 888 4017 938 ΊΙ

2445 978 2538 1029 καὶ
2566 976 2738 1037 οὕτως
2777 977 3117 1044 ὲκπληπτέον
3148 975 3228 1037 τὸ,
3268 994 3286 1025 ι
3327 973 3469 1043 ’Λρα
3499 971 3592 1027 οὖν
3608 978 3668 1028 ού
3701 977 4007 1040 θέλοντος,›

2445 1067 2537 1117 καὶ
2597 1065 2758 1130 ἑξῆς·
2817 1067 2928 1117 Οὐκ
2979 1066 3124 1118 ἔστιν
3157 1067 3231 1127 ὡς
3280 1065 3477 1135 Παύλῳ
3539 1067 3969 1135 ὁμολογούμενον
4002 1109 4017 1126 ,

2446 1156 2580 1208 ἀλλὰ
2626 1156 2823 1223 μᾶλλον
2865 1156 2938 1217 ὡς
2993 1156 3141 1224 παρά
3172 1157 3280 1206 τῶν
3329 1159 3677 1226 ἀπορούντων
3730 1161 4020 1225 προτεινό-

2450 1263 2628 1316 μενον.
2663 1248 2722 1298 ΕΞ
2767 1246 2874 1316 γὰρ
2899 1247 2957 1298 ὃν
2991 1247 3155 1308 θέλει,
3185 1248 3341 1310 ἐλεεῖ,
3373 1249 3465 1300 καὶ
3490 1248 3634 1315 ἑξῆς.
3671 1249 3732 1299 Εἰ
3763 1245 3853 1300 οὖν
3883 1249 4018 1300 τοῦ-

2446 1355 2527 1401 το,
2562 1339 2713 1406 φησι,
2747 1339 2921 1407 μάτην
2964 1339 3190 1407 θέλομεν
3236 1341 3328 1391 καὶ
3365 1340 3542 1408 μάτην
3575 1341 3860 1409 τρέχομεν.
3899 1343 4016 1393 Καὶ

2448 1433 2480 1498 ἡ
2511 1431 2664 1498 ρἦις
2697 1430 2751 1480 δὲ
2791 1433 2868 1492 εἷς
2903 1431 3189 1498 βεϐαίωσιν
3218 1432 3316 1498 τῆς
3347 1433 3601 1502 ἀπορίας,
3661 1432 3773 1486 ἀλλ’
3804 1434 3904 1486 οὐκ
3939 1434 4025 1495 είς

2453 1519 2698 1570 ἐπίλυσιν
2731 1519 2873 1578 τινος
2899 1517 2984 1570 ἑτέ
2996 1534 3114 1584 ρας.

777 1611 1084 1671 miseretur,
1132 1620 1263 1673 etc.,
1294 1611 1337 1662 si
1373 1611 1495 1671 hoc,
1538 1611 1734 1677 inquit,
1771 1611 1844 1662 ita
1890 1618 1993 1670 est,
2031 1611 2082 1661 in
2132 1625 2333 1662 vanum
2372 1610 2697 1664 volumuset
2758 1613 2811 1665 in
2856 1627 3054 1665 vanum
3128 1611 3421 1663 currimus.
3466 1608 3606 1678 Ergo
3645 1608 3848 1663 dictum
3909 1609 4021 1663 hac

774 1705 837 1756 ad
859 1701 1188 1755 diﬂieultatis
1213 1703 1317 1754 erit
1339 1701 1829 1761 conﬁrmationem,
1886 1716 1994 1753 non
2025 1712 2204 1753 autem
2253 1701 2317 1752 ad
2362 1701 2600 1768 cujusvis
2629 1702 2854 1756 alterius
2885 1703 3345 1771 explanationem.

847 1791 1012 1860 329
1055 1791 1255 1844 Deinde
1294 1808 1509 1844 rursum
1545 1793 1792 1859 sequitur
1822 1791 2156 1843 diﬂicultatis
2182 1805 2333 1857 repe-

2512 1788 2640 1844 Εἶτα
2688 1794 2848 1845 πάλιν
2879 1793 3214 1860 ὲπκνᾱιληψις
3244 1794 3339 1858 τῆς
3369 1792 3599 1859 ἀπορίας
3634 1808 3646 1821 ’

775 1881 896 1934 tilio
929 1901 941 1935 :
989 1901 1004 1931 ι
1036 1882 1220 1950 Itaque
1276 1884 1432 1950 cujus
1469 1884 1581 1935 vult
1622 1883 1935 1945 miseretur,
1969 1897 2130 1949 quem
2157 1891 2339 1933 autem

777 1973 892 2025 vult
957 1971 1208 2024 obdurat.
1257 1991 1274 2022 ι
1334 1973 1685 2025 Postmodum
1735 1973 1891 2039 quasi
1963 1988 2067 2024 non
2111 1970 2342 2024 sufﬁciat

776 2060 1132 2123 diﬂicultatis,
1163 2061 1352 2129 reique
1377 2061 1624 2114 absurda:
1651 2061 2079 2126 magnitudinem
2118 2065 2343 2114 demon-

782 2162 1002 2212 strasse,
1032 2153 1150 2221 ejus
1184 2153 1542 2205 commutatio
1605 2153 1826 2219 pottitur
1873 2153 1922 2204 in
1957 2152 2008 2203 id
2067 2151 2210 2219 quod
2244 2151 2341 2204 ali-

779 2239 1002 2292 surdius
1057 2250 1142 2294 est
1197 2256 1259 2293 ac
1318 2243 1578 2308 majorem
1630 2241 1836 2293 habens
1903 2243 2337 2310 perplexitatem.

777 2329 931 2387 Nam,
970 2347 988 2382 ι
1016 2328 1154 2394 Quid
1178 2330 1357 2381 adhuc
1389 2331 1679 2397 queritur?
1709 2349 1724 2379 ι
1761 2331 1867 2394 ait;
1914 2348 2013 2382 cur
2040 2333 2147 2398 jam
2177 2332 2342 2384 sumit

776 2420 1461 2488 supplicium?voluntati
1519 2422 1666 2474 enim
1719 2422 1889 2490 ipsius
1913 2424 2037 2490 quis
2083 2423 2340 2477 resistere

775 2513 996 2580 potest?
1024 2513 1098 2565 lta
1129 2526 1285 2566 aucta
1309 2524 1363 2567 et
1393 2523 1713 2581 exasperata
1761 2515 2082 2568 diﬂieultate
2105 2517 2339 2570 solutio-

776 2618 901 2654 nem
923 2621 1019 2672 per
1059 2605 1486 2673 iucrepatioucm
1515 2607 1816 2674 subjungit,
1884 2609 2206 2660 terribiliter
2250 2608 2343 2661 ad-

780 2692 1023 2754 modum,
1058 2703 1110 2746 et
1133 2694 1535 2763 consequenter
1575 2697 1643 2749 ita
1667 2697 1858 2749 dicens
1900 2714 1911 2748 :
1958 2717 1972 2745 ε
2014 2699 2092 2750 'l'u
2125 2699 2250 2766 quis
2283 2714 2342 2751 es

777 2783 870 2848 qui
895 2798 956 2833 ex
979 2783 1210 2838 adverso
1229 2785 1527 2854 respondes
1549 2786 1700 2838 Deo?
1751 2804 1768 2836 ι
1806 2787 1960 2854 quasi
1998 2788 2167 2841 dicat:
2203 2790 2339 2853 Quid

781 2871 1004 2926 facisme
1038 2891 1099 2928 ex
1123 2881 1346 2929 adverso
1381 2876 1713 2942 reSpondens
1749 2877 1891 2928 Deo?
1915 2878 2141 2931 ltesistis
2163 2895 2224 2931 ac
2246 2895 2342 2947 op-

780 2979 992 3032 pugnas
1011 2967 1345 3021 voluntatem
1367 2968 1682 3036 faetttinqtte
1705 2969 1874 3037 ipsius
1903 2987 1969 3022 an
1998 2987 2104 3024 non
2137 2973 2158 3024 ?
2184 2972 2338 3037 Quod

781 3055 826 3106 si
859 3071 986 3114 non.
1010 3072 1109 3109 cur
1139 3059 1510 3113 conti-adicis?
1538 3075 1636 3112 cur
1671 3075 1736 3110 ex
1777 3061 2005 3111 adverso
2043 3064 2342 3129 respondes

3689 1811 3705 1841 ι
3744 1791 3887 1859 Ἀρα
3918 1791 4022 1844 οὖν

2443 1882 2502 1934 ὃν
2522 1882 2664 1934 θέλει
2703 1883 2861 1945 ἐλεεῖ,
2900 1883 2958 1935 ὃν
2993 1887 3046 1935 δὲ
3076 1885 3218 1936 θέλει
3254 1884 3559 1952 σκληρύνει.
3605 1903 3621 1932 ι
3669 1877 3798 1934 Εἶτα
3835 1885 3912 1944 ὠς
3944 1884 4025 1951 μὴ

2443 1970 2779 2042 ἐξαρκούσης
2837 1975 2934 2042 τῆς
2979 1975 3230 2043 ἀπορίας,
3284 1974 3377 2026 τοῦ
3426 1974 3628 2026 ἀτόπου
3669 1973 3729 2026 τὸ
3776 1973 4013 2040 μέγεθος

2447 2065 2810 2132 παραστῆσαι,
2865 2065 3163 2132 μετάληψις
3212 2065 3380 2132 αὐτῆς
3433 2065 3524 2116 ἐπὶ
3577 2063 3635 2114 τὺ
3689 2065 3752 2115 ἐκ
3809 2063 4022 2130 ταύτης

2443 2155 2756 2209 ἀνακύπτον
2813 2155 3156 2224 ἀτοπώτερον
3196 2156 3288 2206 ναὶ
3323 2153 3688 2222 ἀπορώτερον.
3739 2173 3757 2202 ι
3796 2154 3860 2204 Τί
3914 2154 4026 2218 γὰρ

2443 2243 2522 2295 ἔτι
2561 2243 2868 2312 μέμφεταις
2906 2263 2923 2295 ι
2959 2243 3089 2311 φησί
3122 2261 3136 2275 ο
3164 2243 3214 2295 τί
3268 2242 3452 2294 λοιπὸν
3485 2241 3735 2304 κολάζεις
3779 2241 3860 2302 τίς
3914 2241 4034 2310 γὰρ

2443 2333 2761 2403 ἀντιστῆναι
2829 2334 3053 2386 δύναται
3102 2337 3166 2402 τῇ
3230 2333 3391 2400 βουλῇ
3443 2331 3646 2394 αύτούς
3681 2331 3866 2391 Οὕτως
3920 2333 4029 2400 τὴν

2443 2425 2680 2492 ἀπορίαν
2716 2423 2956 2492 αύξήσας
2983 2428 3075 2475 καὶ
3108 2424 3402 2491 τραχύνας,
3436 2425 3628 2486 ἐπάγει
3662 2423 3727 2473 δι’
3765 2423 4033 2489 ἐπιτιμῆ-

2446 2529 2582 2572 σεως
2613 2512 2712 2580 τὴν
2765 2512 2918 2563 λύσιν
2968 2513 3172 2579 σφόδρα
3213 2512 3448 2581 δριμέως
3485 2512 3578 2562 καὶ
3614 2510 3908 2578 προσφυῶς
3939 2510 4039 2560 οὖ-

2442 2619 2518 2653 τω
2551 2602 2747 2666 λέγων·
2785 2622 2801 2652 ι
2835 2604 2906 2655 Σὺ
2936 2604 3016 2663 τίς
3039 2599 3130 2653 εἷό
3150 2586 3670 2671 ἀντᾶποκρινόμενος
3696 2600 3771 2669 τῷ
3800 2600 3920 2668 Θεῷ
3947 2616 3963 2661 ς
4006 2619 4028 2652 ι

2442 2685 2569 2742 οἷον·
2595 2693 2664 2743 Συ
2681 2692 2733 2742 τί
2746 2691 2838 2743 νῦν
2857 2695 3028 2751 ποιεῖς
3046 2693 3570 2759 ἀνταποκρινόμενος
3583 2690 3657 2756 τῷ
3677 2689 3793 2756 Θεῷ
3812 2706 3826 2750 ;
3847 2689 3977 2738 Ἀνθ
3990 2690 4038 2737 ε’

2445 2782 2748 2832 στασαικαὶ
2769 2783 3021 2850 πολεμεῖς
3042 2785 3104 2848 τῇ
3132 2782 3292 2850 βουλῇ
3319 2781 3480 2832 αὐτοῦ
3509 2781 3601 2831 καὶ
3623 2781 3685 2846 τῇ
3708 2777 3904 2845 πράξει
3930 2781 4033 2828 αὖ·

2441 2872 2556 2934 τοῦ,
2578 2872 2610 2941 ἦ
2630 2871 2689 2924 οὗ
2711 2889 2725 2935 ;
2745 2873 2804 2924 Εἰ
2829 2873 2925 2940 μὲν
2948 2872 3615 2938 γὰρούχὶβίἀντιλέγεις
3635 2861 4041 2937 τίάνταπικρί-

2443 2981 2506 3032 νῃ
2531 2962 2605 3030 τῷ
2627 2962 2762 3030 Θεῷ;
2797 2966 2842 3013 εί
2872 2964 2925 3015 δὲ
2954 2962 3268 3016 ἀνθίστασαι
3298 2962 3385 3012 διαλ
3418 2961 3712 3026 ἀντιλέγεις
3739 2961 3833 3010 καὶ
3867 2961 4040 3010 ἀνταο

2445 3056 2691 3124 ποκρίνῃ,
2709 3056 2823 3108 πῶς
2849 3056 3023 3122 λέγεις
3047 3053 3279 3120 ὅτιμτῷ
3300 3053 3405 3122 γὰρ
3438 3053 3739 3120 βουλήματι
3758 3052 3924 3103 αὑτοῦ
3950 3053 4040 3113 τίς

780 3145 1000 3198 Β.ιοῖἓί
1023 3163 1152 3199 vero
1183 3149 1390 3202 resistis
1406 3161 1459 3202 et
1483 3149 1815 3202 eontradicis
1832 3167 1892 3201 ae
1918 3167 1980 3202 ex
2012 3152 2238 3204 adverso
2261 3171 2347 3205 re-

2452 3145 2796 3213 ἀνθέστῃκεν;
2825 3164 2841 3194 ι
2870 3146 3034 3196 Ὥστε
3059 3147 3105 3196 εί
3133 3145 3229 3212 μὲν
3243 3143 3868 3210 ἀνθίστασαι,μάτηνκαὶ
3892 3147 4040 3194 κατὰ

784 3237 1041 3301 spondes,
1084 3240 1455 3306 quomodoais
1480 3259 1492 3292 :
1549 3260 1565 3290 ι
1595 3241 1871 3294 Voluntati
1902 3243 2020 3309 ejus
2045 3245 2169 3309 quis
2192 3245 2348 3297 resti-

789 3326 879 3377 tit?
905 3346 921 3376 ι
947 3327 1131 3394 Itaque
1155 3329 1197 3380 si
1239 3340 1387 3383 certe
1417 3331 1767 3392 contradicis,
1793 3331 1992 3383 frustra
2020 3340 2071 3383 et
2089 3333 2351 3387 adversus

787 3420 1022 3485 teipsmn
1047 3420 1204 3484 dicis,
1242 3439 1259 3470 ι
1286 3420 1424 3486 Quid
1451 3423 1628 3476 adlme
1655 3423 1942 3492 queritur?
1969 3442 1986 3473 ι
2020 3424 2073 3476 Si
2095 3440 2224 3478 vero
2243 3441 2352 3480 non

787 3509 1028 3572 resistis,
1064 3513 1317 3578 amplius,
1347 3513 1570 3565 omnino
1600 3530 1708 3566 non
1731 3515 1881 3568 dices
1914 3533 1927 3567 :
1960 3534 1976 3565 ι
2011 3515 2150 3580 Quid
2177 3517 2355 3572 adhuc

775 3600 1044 3664 .queritur
1081 3617 1094 3653 :
1150 3620 1165 3650 ι
1215 3617 1394 3669 neque
1429 3603 1597 3655 illud:
1627 3622 1644 3653 ι
1678 3603 1848 3672 Cujus
1881 3605 1997 3658 vult
2039 3607 2353 3670 miseretur,

790 3705 954 3756 quem
991 3700 1172 3744 autem
1226 3695 1342 3744 vult
1396 3693 1666 3756 obdurat;
1719 3713 1736 3745 ι
1785 3711 1962 3762 neque
2028 3698 2250 3751 omnino
2302 3698 2355 3750 in

792 3781 1101 3851 lmjusmodi
1173 3785 1531 3852 cogitationes
1587 3785 1906 3846 abduceris,
1966 3797 2024 3839 ut
2094 3788 2360 3841 adversus

790 3866 1104 3923 Creatorem
1136 3871 1319 3923 verbis
1349 3874 1716 3926 contendasin
1745 3874 1831 3926 his
1859 3890 1979 3942 qua:
2033 3875 2162 3943 agit,
2197 3891 2359 3928 mun-

793 3960 1035 4028 dumque
1058 3961 1346 4029 gubernat,
1380 3971 1544 4030 utque
1561 3963 1900 4016 eontradieas
1932 3964 2085 4017 illiae
2117 3965 2357 4017 resistas.

794 4053 870 4106 lla
903 4067 1034 4120 ergo
1061 4053 1151 4106 ubi
1181 4053 1378 4107 ditiusc
1410 4054 1808 4108 lizesitationem
1849 4055 2068 4117 evertit,
2137 4056 2361 4108 alteram

795 4143 1353 4198 inducitsolutiouem
1390 4145 1459 4197 ab
1492 4161 1682 4197 eorum
1717 4154 1912 4198 natura
1943 4161 2005 4198 ac
2033 4146 2364 4213 proprietate

798 4250 918 4301 quae
957 4235 1098 4302 apud
1150 4250 1250 4287 nos
1302 4234 1672 4303 eﬂinguutur:
1713 4236 1910 4303 partim
1966 4236 2191 4305 quidem
2244 4253 2366 4304 quze

798 4324 1215 4378 admonitoriam
1246 4326 1525 4378 contineat
1572 4326 2028 4379 consultationem
2083 4327 2195 4379 sive
2259 4326 2357 4379 do—

2452 3236 2829 3304 σαυτούέρεῖς,
2863 3255 2882 3284 ι
2905 3236 2968 3288 Τί
2989 3235 3067 3287 ἔτι
3088 3234 3376 3304 μέμφεται.
3408 3235 3581 3285 ιΈίόὲ
3610 3235 3683 3300 μὴ
3712 3234 4043 3285 ἀνθίστασαι

2451 3327 2632 3378 οὐκέτι
2648 3327 2788 3394 ἐρεῖς
2803 3325 3061 3388 ὄλως,ι’1’ί
3083 3325 3159 3376 ἔτι
3183 3325 3476 3392 μέμφεται,
3495 3323 3638 3374 »οὐδὲ
3663 3324 3771 3382 τδ,‹
3792 3324 3938 3391 ’Δρα
3970 3323 4032 3372 ὃν

2455 3417 2598 3470 θέλει
2632 3417 2791 3480 ἐλεεῖ,
2841 3416 2899 3469 ὃν
2941 3417 2995 3468 δὲ
3024 3416 3163 3467 θέλει
3208 3414 3519 3482 σκληρύνει,
3564 3433 3582 3464 ι
3639 3413 3747 3464 οὐδ’
3775 3413 3851 3473 είς
3882 3412 4032 3477 λογι-

2457 3511 2625 3580 σμοὺς
2663 3511 2774 3579 ἀρα
2804 3508 2940 3570 ὅλως
2970 3507 3248 3578 ὲξαχθήσῃ
3279 3505 3573 3566 τοιούτους,
3600 3502 3906 3568 λογοθετεῖν
3940 3502 4035 3550 τὸν

2458 3599 2800 3669 Δημιουργδν
2847 3597 2933 3663 ἐφ’
2962 3591 3042 3658 οἷς
3073 3594 3299 3664 πράττει
3341 3593 3437 3644 καὶ
3479 3591 3755 3656 οἰκονομεῖ
3796 3588 3891 3638 τὸν
3940 3587 4036 3637 κο-

2460 3708 2615 3760 σμον,
2650 3690 2760 3743 οὐδ’
2785 3689 3084 3755 ἀντιλέγειν
3116 3687 3259 3754 αὐτῷ
3312 3687 3406 3737 καὶ
3435 3681 3802 3736 ἀνθίστασθαι.
3835 3679 4033 3739 Οὕτως

2459 3776 2551 3831 οὖν
2575 3777 2962 3847 σπερματικῶς
2989 3774 3156 3828 εἰπὼν
3186 3775 3282 3842 τὴν
3307 3770 3618 3841 ἀνατροπὴν
3638 3770 3736 3834 τῆς
3763 3768 4036 3834 ἀπορίας,

2462 3872 2554 3922 καὶ
2586 3872 2780 3939 ἑτέραν
2812 3869 2961 3921 λύσιν
2999 3867 3106 3919 ἀπὸ
3146 3867 3242 3933 τῆς
3282 3865 3390 3916 τῶν
3428 3863 3563 3932 παρ’
3596 3865 3727 3930 ἡμῖν
3767 3862 4040 3927 δημιουρ-

2463 3960 2723 4029 γημάτων
2752 3959 2963 4027 φύσεως
2993 3957 3088 4008 καὶ
3131 3957 3388 4022 ἰδιότητος
3439 3952 3654 4018 ἐπάγει,
3698 3949 3856 4002 τοῦτο
3912 3950 4038 4015 μὲν.

2465 4047 2855 4115 παραινετικὴν
2893 4046 3252 4113 περιέχουσαν
3285 4041 3595 4111 συμϐουλὴν
3641 4039 3734 4091 καὶ
3777 4036 4044 4088 διδασκαο

2466 4139 2602 4200 λίαν,
2631 4137 2786 4190 τοῦτο
2815 4137 2888 4196 δὲ,
2915 4138 3008 4187 καὶ
3045 4134 3425 4204 ἀντιῤῥητικὸν
3459 4132 3699 4198 ἔλεγχον.
3732 4130 3838 4180 Καὶ
3864 4131 3898 4195 ἠ
3935 4129 4040 4196 μὲν

2467 4227 2825 4297 παραινετικὴ
2877 4225 3154 4295 συμϐουλὴ
3186 4225 3278 4277 καὶ
3321 4223 3636 4276 διδασκαλία
3674 4220 3930 4286 τοιαύτηο
3973 4218 4040 4269 Τί

2467 4317 2800 4383 ἀντιλέγεις;
2861 4317 2924 4367 Τί
2986 4315 3357 4383 ἀνταποκρίνῃ
3413 4312 3490 4381 τῷ
3535 4311 3754 4379 Πλάστῃ
3787 4309 3881 4360 καὶ
3928 4311 4044 4375 Δη-

800 4415 1056 4476 etrinam,
1092 4415 1290 4482 partim
1347 4416 1918 4484 veroiucrepatoriam
1972 4419 2353 4472 contradictio-

2475 4407 2750 4477 μιουργῷς
2793 4408 3042 4476 Μίμησαι
3096 4406 3164 4458 τὰ
3214 4405 3347 4458 ἄλλα
3382 4404 3699 4471 πλάσματα,
3748 4402 3776 4452 ὁ
3810 4400 4038 4466 λογικὸς

802 4521 946 4559 nem.
1007 4506 1067 4559 Et
1097 4505 1463 4559 admouitoria
1489 4507 1710 4574 quidem
1742 4509 2071 4561 consultatio
2091 4509 2206 4562 sive
2259 4509 2361 4562 do-

800 4597 978 4649 ctrina
1022 4598 1144 4649 talis
1172 4604 1256 4650 est
1289 4597 1463 4662 :Quid
1521 4597 1891 4651 eontradicis?
1923 4613 2023 4651 cur
2042 4616 2107 4652 ex
2137 4599 2368 4653 adverso

803 4687 1102 4755 respondes
1117 4687 1322 4741 Artiﬁci
1345 4703 1406 4741 ac
1423 4687 1936 4742 Creatori‘Hmitare
1959 4691 2062 4742 alia
2090 4689 2366 4758 ﬁgmenta,

803 4787 860 4828 tu
889 4776 1170 4828 rationalis
1196 4775 1552 4835 irrationalia,
1584 4778 1857 4830 animatus
1912 4778 2225 4842 iuanimata,
2275 4781 2369 4847 qui

803 4866 1036 4934 amplius
1056 4867 1318 4920 faetorem
1375 4866 1597 4921 laudare
1635 4868 1804 4921 debes
1859 4883 2022 4936 quam
2103 4885 2233 4922 suos
2280 4871 2370 4923 illa

807 4955 1018 5025 ﬁgulus.
1073 4957 1165 5009 llla
1196 4973 1303 5009 non
1331 4957 1734 5022 contradicunt,
1769 4973 1947 5026 neque
2000 4959 2181 5027 opiﬁci
2236 4961 2370 5013 resi-

807 5055 1006 5100 stunt:
1051 5049 1200 5115 atqui
1257 5057 1449 5101 natura
1512 5064 1668 5102 serva
1730 5060 1878 5110 suut,
1933 5060 2170 5103 attamen
2211 5052 2364 5119 juxta

811 5143 986 5208 ipsius
1011 5142 1350 5194 voluntatem
1405 5148 1864 5198 trausmutantur,
1919 5145 2100 5193 omnia
2165 5141 2363 5195 artiﬁci

807 5231 1090 5284 eredentia
1120 5248 1134 5284 :
1169 5240 1226 5284 at
1262 5239 1316 5282 tu
1363 5246 1538 5297 neque
1571 5239 1779 5283 natura:
1806 5231 2136 5284 necessitate
2152 5247 2366 5295 servus,

808 5318 904 5371 sed
936 5335 1189 5372 sermone
1218 5320 1558 5380 honestatus,
1595 5319 1920 5387 arbitriique
1952 5321 2226 5379 libertate.
2262 5337 2370 5373 nou

811 5410 966 5463 redis
1032 5411 1258 5463 artilicis
1323 5410 1616 5468 voluntati.
1686 5426 1864 5479 neque
1914 5412 2368 5480 gubernationem

812 5516 962 5552 amas
993 5517 1005 5552 :
1041 5501 1136 5553 sed
1173 5501 1352 5553 verbis
1373 5499 1664 5554 contendis
1693 5515 1755 5553 ac
1787 5501 2020 5564 resistis,
2078 5511 2133 5555 ct
2180 5518 2376 5556 eorum

817 5607 936 5658 quzc
973 5591 1110 5644 liunt
1128 5605 1192 5643 ac
1208 5590 1565 5658 providentur
1594 5605 1784 5644 causas
1797 5591 2027 5658 expetis.

887 5683 1048 5751 33o
1073 5683 1266 5735 ¢.Num
1301 5681 1435 5734 dicit
1495 5682 1808 5750 ﬁgmentum
1865 5684 1915 5734 ei
1952 5683 2044 5750 qui
2097 5699 2154 5737 se
2191 5683 2376 5736 ﬂuxit:

821 5777 931 5825 (.ur
970 5774 1071 5827 hoe
1128 5781 1285 5841 pacto
1326 5772 1525 5826 tinxisti
1561 5787 1642 5826 me
1675 5775 1696 5823 ?
1736 5793 1749 5817 ι

2468 4496 2537 4548 τὰ
2565 4497 2757 4561 ἄλογα,
2802 4495 2829 4545 ὁ
2881 4493 3122 4562 ἔμψυχος
3155 4493 3221 4544 es
3256 4493 3453 4560 ἀψυχα,
3485 4493 3512 4542 ὁ
3544 4491 3708 4542 πλέον
3744 4488 4042 4558 χρεωστῶν

2469 4588 2717 4656 ὲξυμνεῖν
2756 4587 2845 4639 τὸν
2879 4585 3202 4655 [Ιλάστην,ἢ
3230 4587 3414 4636 ἐκεῖνα
3455 4585 3577 4644 τοὺς
3624 4582 4042 4647 πλαστουργοίδς

2470 4682 2595 4741 τοὺς
2623 4680 2802 4741 ἰδίους.
2852 4679 3065 4731 Ἐκεῖνα
3097 4678 3199 4730 οὐκ
3243 4677 3519 4740 ἀντιλέγει
3563 4675 3682 4725 οὐδὲ
3710 4672 4044 4723 ἀνθίσταται

2471 4771 2547 4839 τῷ
2581 4769 3023 4840 δημιουργοῦντι,
3077 4769 3256 4821 καίτοι
3296 4768 3456 4834 φύσει
3514 4765 3848 4818 δουλεύοντα.
3893 4761 4042 4813 Ἀλλ’

2473 4863 2621 4930 ὅμως
2675 4863 2814 4930 πρὸς
2860 4861 2920 4912 τὸ
2954 4861 3163 4912 ἐκείνου
3194 4855 3730 4928 μετασχηματίζεται
3764 4853 4042 4922 βούλημα,

2474 4954 2650 5005 πάντα
2701 4951 3132 5021 παραχωροῦντα
3185 4950 3260 5018 τῷ
3315 4948 3554 5016 τεχνίτῃ.
3609 4947 3718 4998 Καὶ
3771 4946 3835 4996 σὺ
3899 4944 4044 5012 μηδὲ

2473 5043 2686 5107 φύσεως
2724 5043 2936 5111 ἀνάγκη
2964 5041 3247 5102 δουλεύων,
3291 5039 3426 5091 ἀλλὰ
3453 5039 3596 5105 λόγῳ
3641 5035 3892 5104 τιμηθεὶς
3944 5037 4046 5086 καὶ.

2472 5131 2929 5200 αὐτεξουσιὸτητι,
2986 5132 3085 5199 οὺχ
3137 5130 3383 5192 ὑπείκεις
3452 5128 3528 5196 τῷ
3577 5127 3672 5179 τοῦ
3727 5126 4046 5186 πλάσαντος

2479 5224 2778 5293 βουλήματι
2821 5224 2914 5276 καὶ
2946 5223 3193 5292 στέργεις
3219 5222 3314 5288 τὴν
3347 5220 3690 5290 κυϐέρνησιν,
3717 5217 3853 5271 ἀλλά
3882 5217 4046 5282 λογοα

2479 5314 2652 5373 θετεῖς
2684 5314 2777 5366 καὶ
2820 5315 3182 5374 ἀντιπίπτεις,
3234 5313 3327 5364 καὶ
3373 5311 3602 5374 εὐθύνας
3633 5311 3886 5370 ἀπαιτεῖς
3930 5309 4046 5359 τῶν

2481 5404 2868 5474 πραττομένων
2900 5404 2994 5458 καὶ
3020 5403 3449 5474 προνοουμένων.

2550 5701 2566 5728 ι
2604 5681 2692 5747 Mi;
2724 5682 2836 5748 ἐρεῖ
2866 5680 2924 5731 τὸ
2958 5677 3174 5744 πλάσμα
3232 5675 3307 5744 τῷ
3352 5675 3633 5735 πλάσαντι,
3668 5674 3734 5726 Τί
3766 5691 3832 5743 με
3857 5676 4052 5742 ἐποίη-

2484 5787 2661 5834 σας;›
