4196 6468
149 404 237 464 5:3
1200 396 1585 459 COMMENT.
1619 394 1699 454 IN
1736 394 1974 456 EPIST.
2019 398 2117 457 AD
2148 399 2333 460 non.

3289 403 3396 468 514

210 513 338 565 Ἦδε
364 527 429 578 γε
456 509 573 563 κατ’
605 508 825 577 ἔλεγχον
844 508 1183 580 ἀντίρρησις,
1206 507 1451 576 τοιαύτη’
1470 508 1728 561 Ἀνταπο-

1902 506 2281 564 Contra-dictio
2302 526 2437 566 vero
2467 526 2565 581 per
2600 512 3057 581 increpatio‘nem,
3118 512 3243 569 talis
3284 525 3394 573 est:

150 604 300 674 κρξνῃ
346 601 427 670 τῷ
475 599 618 667 Θεῷ,
688 600 877 669 φησὶν,
919 599 993 661 ὡς
1045 599 1192 652 ἄκων
1228 600 1584 668 ἁμαρτάνεις.
1622 598 1716 651 am

150 693 403 756 νικῶντος
434 692 601 746 αὑτοῦ
634 691 734 759 τὴν
776 691 875 760 σὴν
928 691 1154 760 γνώμην
1204 689 1300 743 τοῦ
1360 690 1716 759 βουλήματος,

147 790 234 841 καί
278 789 340 839 τὸ
376 785 726 849 αὐτεξούσιον
761 783 933 854 ταύτῃ
985 781 1413 853 περιῃρημένος.
1468 782 1578 834 Καὶ
1612 783 1719 849 μὴν

145 882 236 950 οὐχ
267 878 489 948 ὁρῶμεν
521 879 613 929 ἐπὶ
657 877 765 929 τῶν
808 877 883 945 μὴ
923 873 1287 939 αύτεξουσίων
1315 871 1648 941 πλασμάτων
1685 871 1721 925 ἃ

148 972 207 1024 σὺ
238 972 435 1031 ποιεῖς.
482 970 701 1022 Ἰ-ρκεἴνα
730 968 829 1019 οὑκ
863 966 1130 1032 ἀντιλέγει
1159 968 1271 1027 τοῖς
1303 964 1619 1026 πλάττουσι,
1658 963 1721 1014 Τί

151 1080 212 1131 με
259 1061 458 1123 οὕτως,
485 1060 620 1114 ἀλλὰ
668 1061 741 1128 μὴ
769 1059 961 1123 οὕτως,
1020 1057 1314 1127 ὲποίησαςς
1365 1058 1398 1127 ἦ
1463 1055 1720 1119 τόδε,λἹ“ί

146 1154 342 1217 οὕτως,
366 1154 505 1208 ἀλλὰ
540 1156 615 1223 μὴ
642 1153 855 1220 οὖτωςς
891 1153 923 1222 ἥ
960 1152 1119 1217 ὅλως,
1153 1152 1219 1203 Τί
1245 1169 1312 1220 με
1333 1151 1595 1221 ἐποίησας
1613 1168 1628 1216 ;
1649 1151 1719 1204 Σὺ

143 1246 196 1298 δὲ
220 1248 316 1299 καὶ
346 1245 670 1313 ἀντιλέγεις,
715 1248 811 1299 καὶ⁵
864 1245 1098 1306 εὐθύνας
1142 1244 1234 1297 τὸν
1275 1242 1526 1313 Πλάστην
1558 1244 1721 1295 ἀπαι-

144 1338 273 1397 τεῖς.
310 1336 425 1389 Ούκ
450 1334 560 1405 ἀρα
583 1335 679 1387 τοῦ
721 1333 1073 1399 αύτεξουσίου
1126 1333 1437 1403 ἑστέρησαι.
1465 1332 1578 1385 υύκ
1615 1331 1721 1401 ἄρα

145 1426 291 1479 ἀκων
327 1426 688 1496 ἁμαρτάνεις.
728 1426 964 1487 Δικαίως
997 1427 1105 1495 ἀρα
1137 1426 1233 1477 καὶ
1278 1423 1481 1494 κολάζῃ
1520 1425 1582 1477 σὺ
1627 1424 1722 1475 καὶ

148 1518 249 1570 ὑπὸ
307 1518 516 1587 μέμψιν
550 1518 794 1581 πίπτεις,
834 1514 1180 1580 σύτεξούσιος
1219 1513 1293 1567 ὢν
1321 1517 1412 1568 καὶ
1443 1514 1517 1583 μὴ
1552 1516 1723 1583 πράτ-

145 1626 249 1662 των
284 1609 355 1661 τὰ
384 1609 592 1661 δέοντα.
632 1610 742 1661 Καὶ
780 1606 953 1660 ταῦτα
988 1606 1090 1674 μὲν
1126 1607 1253 1674 περὶ
1278 1603 1504 1656 τούτων.
1542 1603 1615 1655 Τὸ
1642 1603 1718 1662 δὲ.

153 1719 169 1750 ι
202 1700 276 1752 Ἦ
332 1701 435 1752 οὐκ
471 1700 584 1769 ἔχει
620 1700 650 1751 ὁ
674 1699 953 1768 κεραμεὺς
1014 1696 1308 1760 ὲξουσίανς
1364 1713 1381 1744 ι
1437 1695 1530 1748 καὶ
1570 1693 1718 1761 ἑξῆς,

147 1792 273 1846 ἀλλο
326 1793 476 1846 ἐστὶν
527 1791 867 1861 ἐπιχείρημα
924 1788 1068 1842 κατὰ
1099 1788 1547 1856 ἀντιπερίστασιν
1585 1802 1720 1854 προ-

1825 598 1904 652 Ex
1921 599 2153 655 adverso
2186 602 2506 671 respondes,
2553 604 2754 673 inquit,
2798 604 2955 674 quasi
2995 612 3225 661 coactus
3267 622 3398 677 pec-

1825 705 2001 757 cares,
2025 701 2289 763 tanquam
2324 692 2416 748 ille
2443 695 2689 751 vinceret
2722 706 2830 751 tua:
2845 698 3172 753 sententiam
3208 699 3402 754 volun-

1828 782 1975 847 tatis,
2032 793 2088 837 et
2119 785 2221 838 hac
2251 784 2307 839 in
2337 793 2494 856 parte
2530 794 2624 839 tuo
2657 785 2955 855 privareris
2990 786 3244 842 arbitrio.
3304 789 3400 846 At-

1824 877 1916 945 qui
1943 878 1997 931 in
2032 876 2304 947 figmentis
2329 895 2451 948 qua:
2472 878 2645 934 libera
2682 894 2793 933 non
2828 888 2980 943 sunt,
3010 895 3123 935 non
3151 881 3403 937 videmus

1826 984 1947 1037 quae
1982 980 2039 1024 tu
2069 969 2222 1025 facis.
2244 970 2339 1024 Illa
2362 972 2415 1025 in
2442 987 2571 1027 suos
2601 971 2795 1044 figulos
2824 988 2933 1026 non
2959 973 3399 1029 obmurmurant:

1827 1057 1966 1123 Quid
1992 1075 2078 1115 me
2110 1060 2218 1116 hoc
2240 1062 2329 1115 vel
2353 1061 2448 1116 illo
2482 1062 2647 1115 modo
2685 1061 2906 1117 fecisti?
2966 1074 3061 1117 aut
3098 1078 3201 1118 cur
3224 1063 3297 1118 ita
3344 1072 3402 1119 et

1829 1164 1940 1203 non
1976 1149 2085 1203 ita?
2108 1151 2225 1205 sive
2244 1151 2493 1216 omnino,
2527 1152 2638 1206 Cur
2656 1166 2743 1206 me
2766 1151 3057 1206 formasti?
3087 1151 3167 1207 Tu
3191 1168 3322 1208 vero
3343 1162 3401 1209 et

1828 1250 2020 1296 contra
2041 1240 2203 1304 dicis,
2234 1250 2289 1297 et
2321 1257 2515 1298 causas
2547 1242 2618 1297 ab
2646 1241 2855 1312 Opiﬁce
2879 1243 3108 1314 expetis.
3136 1241 3299 1299 Certe
3332 1243 3403 1299 li-

1828 1333 1964 1389 bero
2002 1333 2236 1388 arbitrio
2273 1349 2385 1388 non
2407 1334 2665 1404 privat-is,
2705 1342 2864 1389 certe
2888 1349 2998 1388 non
3030 1343 3255 1389 coactus
3276 1350 3404 1406 pec-

1831 1440 1945 1480 cas.
1970 1426 2125 1481 Juste
2159 1424 2343 1494 itaque
2373 1434 2430 1479 et
2468 1426 2682 1493 puniris
2720 1433 2777 1480 et
2817 1426 2872 1479 in
2914 1425 3403 1495 reprehensionem

1831 1517 2003 1582 cadis,
2061 1533 2186 1572 cum
2223 1517 2368 1571 liber
2412 1516 2491 1572 sis
2524 1532 2629 1570 nec
2660 1516 2826 1572 facias
2859 1531 2981 1587 qua:
3041 1526 3277 1586 oportet.
3336 1518 3406 1575 Et

1832 1609 1946 1666 haec
1983 1609 2205 1678 quidem
2240 1608 2309 1663 de
2336 1608 2441 1662 his.
2471 1609 2641 1662 Porro
2668 1608 2815 1676 quod
2852 1607 3059 1662 dicitur
3090 1625 3102 1661 :
3144 1628 3162 1659 ι
3206 1608 3405 1663 Annon

1832 1701 1996 1755 habet
2013 1699 2595 1769 potestatem,figulus,
2627 1717 2645 1750 ι
2668 1707 2805 1764 etc.,
2830 1698 2979 1753 aliud
3008 1707 3094 1753 est
3115 1714 3406 1769 argumen-

1832 1803 1945 1846 tum
2014 1791 2081 1845 ad
2142 1789 2542 1845 cohibitionem
2603 1789 2923 1843 adductum.
2988 1789 3148 1853 Dato,
3202 1790 3403 1860 inquit,

148 1887 433 1955 ἀγόμενον.
466 1884 727 1947 Δεδόσθω,
746 1883 901 1952 φησι,
930 1882 1070 1934 κατὰ
1098 1882 1189 1933 τὸν
1226 1878 1317 1931 σὺν
1346 1877 1523 1946 λόγον,
1549 1875 1725 1930 καίτοι

1829 1887 1979 1955 juxta
2006 1895 2160 1939 tuum
2186 1898 2499 1938 sermonem
2540 1882 2669 1937 licet
2697 1883 2809 1953 jam
2868 1881 3234 1947 confutatum,
3256 1880 3404 1951 quod

148 1972 493 2043 ἔλεγχθέντα,
522 1973 603 2025 ὅτι
624 1971 724 2024 οὐκ
760 1966 811 2023 εἷ
839 1969 1205 2033 αύτεξούσιος,
1230 1968 1362 2022 ὅτιὸ
1389 1967 1519 2031 Θεὸς
1552 1966 1724 2030 οὕτως

146 2064 343 2117 επλασέ
385 2080 443 2115 σε
477 2077 491 2090 ’
535 2064 644 2115 οὐδ’
667 2062 839 2123 οὕτως
897 2061 1016 2113 ἐστὶ
1061 2060 1267 2113 δίκαιον
1300 2060 1600 2126 ἀντιλέγειν
1629 2060 1726 2110 καὶ

152 2155 465 2224 μέμφεσθαι
497 2154 577 2224 τῷ
600 2153 737 2221 Θεῷ.
787 2152 849 2204 Εἰ
894 2154 985 2203 καὶ
1031 2151 1196 2220 μηδὲν
1233 2150 1344 2220 γάρ
1371 2148 1499 2203 ἄλλο
1534 2148 1727 2219 προνὸο

152 2264 268 2315 μιον
298 2246 451 2315 αὐτῷ
482 2243 781 2298 ἀποδοῦναι
832 2243 1013 2314 βούλει
1067 2241 1144 2313 τῷ
1205 2242 1347 2312 ὑπὲρ
1388 2242 1566 2295 πάντα
1610 2242 1725 2295 ὄντι

149 2338 234 2389 καὶ
288 2335 448 2404 λόγον
480 2336 576 2387 καὶ
601 2335 810 2388 ἔννοιαν
833 2375 847 2399 ,
918 2334 1052 2387 ἀλλά
1105 2332 1243 2396 τέως
1281 2333 1344 2385 τὸ
1378 2334 1512 2386 πᾶσι
1549 2333 1726 2385 κοινὸν

150 2430 391 2499 ὑπάρχον
424 2431 537 2490 τοῖς
588 2428 734 2489 ὅπως
765 2427 828 2497 δή
859 2443 987 2478 ποτε
1019 2425 1393 2495 δημιουργοῖς,
1424 2423 1547 2478 λίαν
1578 2427 1725 2477 ἐστὶν

150 2524 345 2575 ἄτοπον
376 2520 470 2573 καὶ
518 2519 711 2583 ἀσεὸὲς
741 2520 998 2587 ἀφαιρεῖν
1040 2519 1134 2569 ἀπ’
1169 2515 1361 2570 αὐτοῦ.
1392 2517 1456 2569 Τί
1492 2512 1585 2570 οὗν
1609 2519 1725 2570 ὲστι

148 2612 327 2678 τοῦτο;
366 2612 534 2665 Οὐδὲν
566 2610 673 2663 τῶν
701 2610 1222 2680 δημιουργημάτων,
1250 2608 1342 2660 τὸν
1395 2610 1595 2661 οίκεῖον
1629 2609 1726 2679 δη-

152 2704 412 2773 μιουργὸν
455 2704 834 2772 ἐπιμέμφεται
879 2702 973 2753 καὶ
1030 2701 1263 2764 εὐθύνει,
1308 2698 1425 2753 ἀλλ’
1478 2698 1727 2763 ἐξουσίαν

150 2797 253 2865 ἔχει
280 2797 516 2857 ἕκαστος
567 2793 922 2863 δημιουργὸς,
969 2795 1323 2863 δημιουργεῖν
1357 2790 1431 2853 ὡς
1480 2789 1727 2859 βούλεται

151 2889 237 2939 καὶ
285 2888 570 2950 πλάττειν,
601 2886 693 2937 καὶ
727 2884 1019 2945 ἀνεύθυνος
1050 2886 1219 2948 ἐστιν,
1254 2883 1346 2935 καὶ
1370 2881 1601 2951 μάλιστα
1623 2881 1727 2933 ὑπὸ

152 2978 254 3030 τῶν
284 2978 646 3045 πλασμάτων.
673 2976 834 3028 Ὥστε
879 2977 971 3028 καὶ
1001 2977 1087 3038 σὺ,
1122 2978 1169 3027 εί
1203 2975 1299 3027 καὶ
1329 2974 1403 3036 ὡς
1432 2972 1615 3040 λέγεις
1636 2971 1727 3024 οὔ·

152 3086 254 3134 τως
294 3070 603 3137 ἑπλάσθης,
659 3070 760 3121 οὐκ
804 3067 1039 3135 ὀφείλεις
1093 3065 1406 3135 μέμφεσθαι
1449 3066 1481 3134 ἢ
1519 3065 1729 3119 ἀντιλέο

1827 1977 1969 2031 liber
2012 1992 2123 2030 non
2155 1976 2260 2039 sis,
2287 1975 2436 2044 quod
2469 1974 2703 2028 Deusita
2736 1982 2788 2029 te
2827 1972 3146 2028 formaverit
3182 1990 3195 2026 :
3222 1987 3404 2042 neque

1829 2070 1903 2123 ita
1951 2071 2159 2140 justum
2196 2077 2282 2123 est
2313 2067 2427 2122 Deo
2451 2066 2855 2132 contradicere,
2924 2065 3188 2135 illumque
3242 2079 3406 2119 accu-

1827 2176 1974 2216 sare.
2025 2159 2157 2213 Nam
2178 2160 2281 2214 etsi
2318 2158 2456 2212 nihil
2510 2157 2658 2211 aliud
2712 2156 3085 2226 prterogativaa
3132 2154 3211 2210 illi
3245 2158 3409 2210 retri-

1830 2252 1999 2306 buere
2023 2250 2181 2312 velis.
2216 2250 2311 2320 qui
2346 2265 2514 2319 supra
2575 2263 2796 2303 omnem
2830 2256 2915 2303 est
2940 2256 2997 2301 et
3042 2256 3288 2302 mentem
3345 2257 3404 2303 et

1828 2356 2139 2397 sermonem
2171 2357 2188 2394 :
2217 2350 2273 2394 at
2309 2341 2503 2395 saltem
2534 2338 2678 2409 quod
2708 2337 2969 2392 omnibus
3001 2352 3294 2392 commune
3321 2345 3407 2392 est

1829 2434 2067 2502 singulis
2090 2434 2594 2502 quomodocunque
2620 2446 2737 2483 rem
2767 2429 3174 2501 eilingentibus,
3211 2429 3405 2483 admo-

1828 2528 1960 2582 dum
1992 2526 2294 2581 ahsurdum
2360 2533 2444 2579 est
2489 2534 2545 2579 et
2575 2524 2804 2593 impium
2829 2524 2897 2577 ab
2933 2539 3001 2578 eo
3023 2523 3237 2577 tollere.
3261 2521 3406 2588 Quid

1830 2620 1995 2689 igitur
2033 2616 2165 2672 illud
2192 2617 2323 2671 est?
2372 2615 2529 2681 Quod
2584 2615 2794 2669 nullum
2870 2613 3186 2683 ﬁgmentum
3243 2628 3405 2667 suum

1828 2712 2040 2780 plasten
2073 2711 2286 2763 incusat
2330 2716 2425 2761 aut
2453 2706 2753 2775 redarguit,
2803 2705 2901 2760 sed
2961 2705 3192 2760 liberam
3241 2706 3407 2759 habet

1831 2805 2171 2857 voluntatem
2206 2802 2439 2869 quisque
2479 2797 2661 2868 opifex
2706 2797 2922 2866 operari
2955 2804 3118 2866 prout
3167 2795 3407 2850 voluerit

1829 2909 1892 2948 ac
1924 2895 2147 2964 tingere,
2179 2901 2235 2946 et
2274 2891 2621 2946 accusatione
2653 2900 2829 2953 vacat,
2848 2889 3192 2959 potissimum
3216 2898 3403 2944 autem

1829 2982 1972 3052 apud
2004 2997 2069 3037 ea
2099 2998 2219 3052 qum
2246 2981 2421 3035 ﬁnxit.
2454 2981 2641 3050 Itaque
2670 2989 2726 3034 et
2759 2992 2816 3034 tu
2849 2981 3015 3033 etiam
3057 2980 3104 3035 si
3158 2988 3218 3034 ut
3258 2978 3401 3034 dicis

1831 3074 2098 3128 formatus
2131 3074 2227 3136 sis,
2259 3089 2369 3128 non
2396 3072 2858 3142 debesindignari
2892 3081 2987 3126 aut
3014 3070 3404 3127 contradicere

151 3177 285 3226 γειν,
317 3163 466 3214 κατὰ
511 3161 603 3213 τὸν
662 3162 839 3212 κοινὸν
886 3158 993 3211 τῶν
1039 3159 1374 3225 πλασμάτων
1415 3158 1579 3226 νόμον
1630 3158 1725 3209 καὶ

1829 3166 1979 3233 juxta
2036 3179 2385 3218 communem
2415 3162 2805 3233 ﬁgmentorum
2855 3164 3029 3233 legem
3060 3178 3124 3217 ac
3156 3162 3403 3217 modum.

150 3254 289 3322 ὅρον.
329 3272 348 3304 ι
390 3254 552 3320 Λέγει
591 3252 699 3323 γὰρ
737 3254 768 3320 η
810 3251 999 3320 Γραιξὴ
1039 3251 1115 3322 τῷ
1156 3250 1375 3320 Φαραώ,
1437 3270 1456 3299 ι
1516 3251 1608 3302 καὶ
1656 3252 1723 3302 τὰ

148 3345 379 3414 ἑξῆς.-
403 3340 961 3416 [υΙΚΟΥΜΕΝΙΟΥ.]
992 3342 1195 3395 Τούτου
1229 3344 1327 3412 τὴν
1364 3341 1539 3405 λύσιν,
1577 3342 1727 3395 κάτω

148 3438 313 3504 λέγει,
350 3438 455 3497 ὅτι,
500 3439 685 3505 φησὶν,
718 3437 746 3486 ὁ
768 3433 989 3503 Φαραὼ,
1029 3433 1117 3485 διὰ
1149 3431 1246 3503 τὴν
1285 3432 1493 3485 οἰκείαν
1527 3434 1727 3486 κακίαν

150 3530 348 3583 ἔπαθεν
406 3530 550 3599 ἅπερ
596 3528 836 3593 ἔπαθεν,
895 3527 971 3589 ὡς
1025 3528 1118 3595 ὅγε
1158 3527 1290 3588 Θεὸς
1346 3525 1516 3580 σῶσαι
1566 3525 1728 3578 αὑτὸν

149 3617 325 3684 ἡθελε*
358 3616 653 3685 τοιγαροῦν
693 3616 785 3667 καὶ
813 3615 1212 3685 ἐμακροθύμει,
1244 3614 1428 3685 χώραν
1454 3615 1603 3685 αὑτῷ
1635 3632 1731 3685 με·

150 3709 367 3770 τανοίας
397 3706 546 3769 δούς.
581 3727 598 3757 ι
631 3708 739 3776 Τὴν
761 3706 988 3774 δέναμίν
1020 3723 1142 3774 μου.
1188 3726 1206 3757 ι
1238 3707 1475 3775 Δύναμις
1503 3707 1659 3773 Θεοῦ,
1694 3710 1729 3779 ἡ

154 3799 534 3869 μακροθυμία,
585 3800 680 3851 καὶ
714 3799 942 3868 δύναμις
987 3801 1237 3867 μεγίστη.
1272 3798 1369 3860 Τίς
1398 3797 1506 3866 γὰρ
1537 3800 1635 3851 οὐκ
1663 3800 1729 3852 ἂν

152 3891 484 3956 ἐκπλαγείη,
542 3889 794 3941 τοσοῦτον
846 3889 1371 3959 μακροθυμήσαντος
1425 3888 1520 3941 τοῦ
1558 3890 1729 3955 Θεοῦς

148 3984 314 4051 ﬁcri-2
344 3978 465 4043 οὖν,
519 3982 600 4033 ὅτι
637 3982 728 4043 Et;
756 3980 914 4034 τοῦτό
955 3998 1014 4033 σε
1053 3980 1447 4051 συγκεχώρηκα
1476 3981 1732 4052 βασιλεῦ-

150 4091 256 4138 σαι,
297 4074 459 4134 ὅπως
490 4070 646 4139 φανῶ
683 4071 1057 4143 μακρόθυμος.

224 4185 242 4216 ε
272 4167 428 4233 ’Δρι
464 4161 558 4214 οὖν
597 4162 655 4215 ὃν
680 4161 822 4213 θέλει
842 4162 1000 4222 ἐλεεῖ,
1025 4179 1043 4212 ι
1077 4161 1258 4213 καὶτὰ
1280 4160 1424 4232 ἑξῆς.
1455 4163 1558 4215 Τὸν
1588 4162 1736 4227 ἄξιον

148 4257 447 4317 ιλεεῖσθαι,
477 4255 640 4317 ἐλεεῖ,
682 4254 775 4306 τὸν
802 4253 858 4305 δὲ
900 4254 1135 4323 σκληρὸν
1174 4254 1266 4306 καὶ
1314 4253 1534 4325 ἀπειθῆ,
1570 4258 1734 4327 σκληο

153 4352 239 4419 ρὸν
268 4348 423 4403 εἶναι
447 4349 735 4417 συγχωρεῖ.
765 4348 839 4399 Ού
861 4348 969 4416 γὰρ
995 4346 1225 4417 κρίσεως
1250 4348 1277 4399 ὁ
1315 4346 1504 4417 παρὼν
1527 4350 1736 4417 καιρὸς,

149 4445 276 4497 ἀλλὰ
302 4439 590 4502 πολιτείας
613 4438 703 4491 καὶ
722 4438 1217 4507 αύτεξουσιότητος.
1247 4438 1321 4490 Τὸ
1339 4440 1444 4506 γὰρ
1466 4442 1734 4505 σκληρύ-

1835 3276 1853 3307 ‹
1891 3256 2034 3310 Dicit
2096 3254 2381 3325 Scriptura
2433 3254 2727 3319 Pharaoni,
2766 3274 2784 3306 ο
2818 3263 2924 3309 etc.
2965 3252 3138 3324 Hujus
3183 3253 3407 3308 dilatio.

1828 3364 1952 3404 nem
1985 3348 2218 3403 inferius
2250 3346 2435 3409 habet,
2482 3346 2674 3401 dicens
2697 3346 2844 3415 quod
2872 3346 2944 3401 ob
2972 3346 3249 3415 propriam
3290 3361 3408 3400 ma-

1828 3443 2000 3496 litiam
2048 3456 2242 3510 passus
2274 3446 2360 3494 est
2402 3440 2615 3494 Pharao
2638 3454 2761 3509 quae
2784 3453 2979 3508 passus
3001 3447 3105 3503 est,
3144 3446 3404 3508 tanquam

1830 3531 1974 3584 Deus
2004 3545 2134 3583 sane
2180 3528 2333 3582 illum
2391 3528 2601 3583 salvum
2663 3528 2844 3581 facere
2876 3529 3116 3582 voluerit
3147 3545 3161 3582 :
3199 3528 3407 3583 idcirco

1829 3619 1994 3675 etiam
2018 3620 2400 3689 longanimiter
2416 3619 2685 3673 tolerabat
2700 3620 2827 3673 dato
2848 3618 3240 3688 resipiscentiae
3261 3620 3405 3676 loco.

1836 3728 1855 3761 ι
1893 3711 2157 3764 Virtutem
2199 3724 2396 3772 meam,
2438 3729 2456 3761 ι
2498 3709 2591 3764 Dei
2623 3710 2798 3763 virtus
2858 3709 3247 3780 longanimitas
3280 3721 3361 3766 est
3387 3750 3403 3777 ,

1828 3812 1884 3856 et
1908 3804 2084 3856 virtus
2120 3802 2377 3855 maxima.
2405 3801 2539 3868 Quis
2592 3800 2741 3855 enim
2786 3817 2897 3855 non
2945 3802 3269 3871 obtupescat
3310 3801 3405 3856 ubi

1830 3896 1968 3951 adeo
1999 3897 2363 3966 longanimem
2386 3897 2530 3951 Deus
2550 3912 2670 3951 sese
2690 3896 2989 3966 praebuerit
3015 3896 3038 3948 ?
3069 3895 3212 3949 Dicit
3230 3910 3362 3965 ergo
3388 3911 3406 3951 :

1835 3988 1887 4042 in
1939 3987 2087 4043 hunc
2118 3988 2280 4042 finem
2314 3988 2566 4057 permisit
2624 3997 2674 4043 te
2716 4004 2943 4059 regnare
3007 3996 3069 4042 ut
3116 4002 3405 4057 appaream

1832 4081 2180 4151 longaninais.

1906 4171 2062 4241 331
2113 4172 2331 4240 «Itaque
2364 4173 2523 4241 cujus
2552 4172 2669 4226 vult
2701 4172 3014 4226 miseretur.
3047 4189 3066 4223 ›
3105 4179 3216 4225 etc.
3257 4168 3407 4225 Illius

1836 4265 2129 4318 miseretur
2151 4263 2242 4333 qui
2281 4263 2631 4337 miseratione
2654 4263 2852 4334 dignus
2898 4272 2984 4318 est
3026 4280 3040 4316 :
3072 4262 3273 4316 durum
3305 4277 3407 4315 au-

1838 4362 1946 4410 tem
1968 4362 2023 4409 ct
2056 4364 2457 4420 contumacem,
2491 4355 2687 4408 durum
2720 4369 2839 4409 esse
2862 4353 3153 4423 permittit.
3220 4352 3412 4422 Neque

1839 4448 1986 4502 enim
2006 4446 2196 4517 judicii
2228 4460 2469 4515 praesens
2501 4456 2715 4515 tempus
2739 4452 2843 4509 est,
2870 4444 2964 4498 sed
2997 4445 3174 4499 civilis
3205 4445 3409 4515 politiae

148 4551 255 4596 νει,
290 4532 426 4586 ἀντὶ
477 4530 595 4596 τοῦ,
657 4531 724 4600 ἑᾷ
777 4530 937 4582 αὐτὸν
978 4529 1211 4599 σκληρὸν
1242 4524 1403 4595 εἶναι,
1439 4531 1729 4601 συγχωρῶν

1840 4556 1904 4596 ac
1928 4539 2195 4593 libertatis
2210 4538 2448 4593 arbitrii.
2471 4537 2709 4591 Obdumt
2729 4545 2934 4599 autem,
2959 4537 3065 4591 hoc
3086 4545 3189 4602 est,
3208 4536 3410 4591 durum

149 4629 221 4689 εἰς
270 4628 334 4679 τὸ
384 4623 765 4688 αὐτεξούσιον.
810 4642 828 4673 ι
870 4624 968 4675 Ὃν
995 4622 1050 4675 δὲ
1076 4623 1219 4675 θέλει
1258 4623 1570 4694 σκληρύνει.
1614 4643 1629 4674 ι
1667 4655 1734 4664 --

150 4717 571 4789 ῘΓΡΗΓΟΡΙΟΥ
597 4713 922 4785 ΝΥΣΣΗΣ.]
957 4715 1031 4766 Τὸ
1071 4714 1433 4783 ἐσκληρῦνοαι
1471 4718 1618 4785 παρᾶ
1640 4716 1733 4767 τοῦ

149 4809 278 4863 Θεοῦ
302 4810 404 4862 τὸν
450 4807 754 4875 Αἰγύπτιον
786 4806 1067 4875 τύραννον,
1132 4807 1229 4875 οὐχ
1282 4807 1355 4869 ὼς
1390 4807 1488 4874 τὴν
1525 4808 1735 4858 ἀντιτυ-

154 4903 282 4956 πίαν
307 4905 369 4957 ὲν
409 4904 482 4972 τῇ
538 4901 683 4970 ψυχῇ
739 4899 903 4952 αὑτοῦ
938 4899 1037 4966 τῆς
1088 4898 1235 4961 θείας
1263 4897 1566 4968 βουλήσεως
1596 4899 1735 4951 ἐντι-

151 4994 331 5068 θείσης
363 4994 617 5063 νοητέον,
654 4993 769 5046 ἀλλ’
815 4990 891 5054 ὡς
944 4990 1041 5059 τῆς
1088 4980 1606 5059 προαιρέσεως,’διὰ
1635 4992 1735 5061 τῆς

153 5085 282 5153 πρὸς
309 5085 417 5155 τὴν
480 5083 685 5137 κακίαν
724 5080 1114 5152 προσκλίσεως,
1161 5079 1255 5131 τὸν
1318 5080 1735 5149 ὲκμαλάσσοντα

152 5178 244 5245 τὴν
263 5179 603 5231 ἀντιτυπίαν
619 5174 778 5240 λόγον
809 5174 867 5225 ού
898 5171 1193 5241 δεχομένης
1212 5199 1278 5210 —
1297 5168 1734 5245 [BAEIAEIO]‘.!

165 5270 537 5339 Ἐσκλήρυνεν
594 5266 622 5314 ὁ
681 5264 815 5324 Θεὸς
848 5264 939 5315 τὸν
983 5261 1203 5332 Φαραὼ,
1251 5264 1318 5332 τῇ
1379 5264 1734 5335 μακροθυμίᾳ

153 5363 240 5413 καὶ
265 5365 333 5431 τῇ
363 5360 473 5429 τῆς
503 5357 774 5426 τιμωρίας
808 5354 1064 5425 ἀναϐολῇ,
1112 5351 1397 5406 ἐπιτείνων
1437 5354 1603 5408 αὐτοῦ
1639 5356 1737 5427 τὴν

154 5454 364 5517 κακίαν,
413 5451 517 5504 ἴνα
550 5450 629 5511 είς
660 5448 751 5499 τὸν
789 5448 1015 5515 ἔσχατον
1056 5447 1180 5515 ὅρον
1212 5444 1543 5514 αὐξηθείσης
1570 5446 1737 5501 αὑτοῦ

153 5544 243 5613 τῆς
264 5543 570 5613 πονηρίας,
606 5542 665 5593 τὸ
686 5541 894 5593 δίκαιον
921 5538 1009 5589 ἐπ’
1033 5536 1180 5606 αὐτῷ
1208 5536 1305 5605 τῆς
1334 5537 1483 5601 θείας
1505 5540 1739 5609 κρίσεως

155 5637 404 5706 διαφανῇ.

230 5728 415 5797 Ἐρεῖς
439 5721 554 5782 οὖν
602 5742 701 5793 μοι
728 5741 742 5754 ο
784 5726 845 5778 Τί
869 5740 957 5777 ετι
990 5722 1317 5791 μέμφεταις
1351 5719 1432 5787 τῷ
1456 5724 1565 5793 γὰρ
1586 5724 1737 5788 βου-

161 5818 369 5891 λήματι
403 5816 609 5874 αὐτοῦ
638 5816 729 5883 τίς
756 5814 1088 5884 ἀνθέστηκεν
1111 5829 1130 5879 ;
1169 5812 1410 5869 Μενοῦν
1444 5831 1527 5885 γε,
1555 5811 1602 5872 ὦ
1632 5816 1737 5871 ἇν-

1834 4646 1954 4685 esse
1982 4629 2131 4691 sinit,
2160 4628 2483 4697 permittens
2503 4626 2569 4680 ad
2587 4626 2802 4679 arbitrii
2834 4625 3163 4680 libertatem.
3206 4623 3406 4690 «Quem

1835 4730 2016 4777 autem
2048 4720 2166 4773 vult
2209 4718 2463 4773 obdurat.
2502 4736 2520 4768 ι
2594 4745 2662 4759 --
2723 4716 3039 4788 Tyrannum
3092 4715 3409 4786 [Egyptium

1837 4815 1978 4868 adeo
2000 4812 2166 4866 fuisse
2183 4812 2534 4873 obduratum,
2574 4826 2680 4863 non
2702 4816 2786 4863 est
2817 4808 3232 4876 intelligendum
3263 4806 3409 4876 quod

1837 4906 2023 4959 divino
2047 4902 2277 4958 consilio
2300 4903 2352 4955 in
2385 4902 2504 4971 ejus
2556 4902 2793 4954 animam
2821 4899 2993 4967 posita
3022 4899 3094 4953 sit
3132 4897 3364 4952 durities
3390 4914 3404 4951 :

1837 4997 1933 5051 sed
1963 4995 2112 5066 quod
2142 4995 2399 5047 voluntas
2457 4993 2529 5047 ob
2583 4990 2994 5046 inclinationem
3049 4990 3115 5045 ad
3165 4990 3406 5053 malum,

1840 5104 1944 5142 non
1975 5086 2280 5155 susceperit
2305 5099 2613 5138 sermonem
2672 5082 2765 5152 qui
2806 5082 3068 5136 duritiem
3111 5081 3404 5136 emolliret.

1838 5178 2230 5234 —Obduravit
2278 5177 2421 5229 Deus
2473 5174 2838 5238 Pharaonem,
2894 5173 3306 5244 longanimitate
3342 5187 3409 5226 ac

1838 5270 2090 5340 supplicii
2160 5267 2473 5322 detentione
2514 5281 2721 5335 augens
2781 5265 2930 5319 illius
2980 5264 3265 5327 malitiam,
3326 5272 3387 5315 ut

1838 5365 2071 5419 adaucta
2101 5364 2155 5418 in
2180 5371 2486 5417 extremum
2519 5377 2693 5431 usque
2721 5360 3016 5415 terminum
3044 5360 3193 5414 illius
3222 5358 3407 5430 pravi-

1840 5464 1973 5521 tate,
1999 5455 2209 5527 justitia
2236 5454 2619 5525 divinijudicii
2647 5452 2699 5506 in
2733 5453 2911 5521 ipsum
2946 5460 3225 5521 appareat.

1910 5723 2211 5797 ΠΛΟ-21.
2270 5722 2413 5777 Dices
2439 5738 2560 5794 ergo
2593 5724 2720 5776 mihi
2767 5719 2951 5785 :Quid
3006 5719 3175 5771 adhuc
3233 5717 3409 5788 queri-

1841 5826 1927 5869 tur
1952 5817 1975 5869 ?
2004 5814 2259 5869 voluntati
2284 5815 2417 5868 enim
2447 5815 2559 5885 ejus
2578 5816 2689 5883 quis
2720 5812 2951 5866 restitit?
2978 5812 3155 5882 Atqui,
3186 5811 3408 5874 ohoma,
