4196 6468
811 420 916 486 515

1858 411 2256 475 (ECUMENII
2289 404 2582 468 TRICCIE
2608 403 2947 464 EPISCOPI
3935 395 4050 459 Ξ.Ῑὸ

795 543 852 588 tu
885 533 1001 603 quis
1023 547 1072 584 es
1103 531 1194 601 qui
1223 544 1288 583 ex
1313 529 1531 582 adverso
1555 527 1866 596 respondeas
1899 525 2002 577 Deo
2023 525 2046 576 ?
2070 522 2207 576 Num
2231 521 2364 572 dicet

2471 520 2678 582 θρωπε,
2723 515 2804 567 σὺ
2849 515 2940 578 τίς
2979 509 3033 565 εἷ
3064 513 3096 565 ὁ
3126 507 3709 576 ἀνταποκρινόμενος
3750 503 3830 570 τῷ
3877 506 4008 569 Θεῴ
4037 551 4051 571 ,

795 627 1102 695 ﬁgmentum
1126 623 1174 674 ei
1201 624 1289 689 qui
1316 637 1370 674 se
1399 621 1581 687 finxit:
1615 619 1752 683 Quid
1797 635 1878 671 me
1905 619 1980 670 ita
2030 613 2243 684 fecisti?
2288 612 2368 666 An

795 733 900 770 non
929 716 1078 768 habet
1107 722 1415 783 potestatem
1462 710 1658 780 ﬁgulus
1691 710 1788 763 luti
1855 725 1918 761 ea:
1965 708 2146 761 eadem
2194 722 2369 759 massa

796 806 988 872 facere,
1023 803 1173 855 aliud
1233 802 1440 871 quidem
1467 818 1559 854 vas
1623 802 1677 853 in
1724 803 1996 862 honorem,
2049 797 2201 850 aliud
2249 811 2369 848 vero

796 895 852 946 in
882 897 1230 962 ignominiam
1260 894 1282 944 I’

865 983 1145 1051 Tanquam
1185 999 1252 1036 ex
1306 980 1668 1049 consequenti
1700 978 1950 1033 fortassis
1997 977 2147 1030 dices
2177 993 2191 1028 :
2225 974 2368 1041 Quid

793 1088 928 1141 ergo
956 1075 1226 1140 reliquum
1266 1083 1349 1128 est
1377 1072 1519 1140 apud
1551 1075 1688 1124 nos?
1712 1071 1780 1125 Ut
1823 1068 1951 1137 quid
1979 1069 2088 1137 jam
2125 1081 2369 1130 conque-

794 1162 937 1215 ritur
961 1172 1017 1215 et
1068 1162 1265 1231 punit?
1316 1163 1448 1214 Nam
1481 1163 1605 1230 quis
1651 1159 1999 1226 resistitejus
2029 1157 2259 1211 consilio
2307 1170 2369 1208 ac

797 1252 1066 1304 voluntati
1096 1254 1119 1305 ?
1157 1253 1360 1306 Deinde
1390 1269 1452 1306 os
1487 1254 1596 1306 illis
1621 1251 1950 1318 obturatqui
2013 1258 2211 1301 cuncta
2273 1246 2368 1299 Dei

794 1358 960 1410 opera
986 1344 1178 1397 volunt
1204 1346 1780 1413 inquirere,cteorum
1813 1352 1960 1394 certe
1995 1340 2233 1392 rationes
2248 1353 2369 1406 quae

796 1437 911 1502 ipse
943 1435 1073 1489 facit
1108 1452 1459 1506 cognoscere.
1509 1435 1592 1489 ου
1627 1451 1713 1498 ca,
1774 1435 1973 1501 inquit,
2019 1448 2139 1501 qua:
2173 1432 2365 1492 discis,

793 1527 997 1593 gratias
1020 1527 1182 1591 lnbc,
1212 1537 1434 1596 propter
1469 1527 1560 1579 illa
1584 1541 1713 1580 \‘CI‘O
1741 1540 1862 1593 qua:
1909 1525 2123 1594 ignoras
2180 1540 2247 1576 nc
2283 1523 2366 1574 di-

793 1614 1008 1676 scicris,
1045 1629 1222 1682 neque
1261 1615 1517 1682 exquiras
1538 1623 1632 1666 aut
1677 1615 1892 1666 curiose
1916 1612 2194 1673 scrutcris,
2252 1626 2372 1663 cer-

796 1704 1006 1758 tissime
1051 1721 1389 1774 cognoscens
1443 1705 1585 1773 quod
1635 1706 1780 1774 justc
1837 1716 2095 1772 rectaque
2161 1702 2370 1756 ratione

793 1795 1074 1862 procedat,
1101 1812 1413 1864 quanquam
1448 1807 1501 1848 tu
1525 1811 1746 1849 causam
1779 1797 2016 1864 ignores.
2074 1795 2141 1847 Et
2198 1809 2369 1862 quan-

2469 608 2524 658 Μ
2534 605 2565 670 ἱ,
2592 603 2717 671 ἐρεῖ
2739 605 2804 656 τὸ
2834 602 3084 671 πλάσμα
3114 600 3195 665 τῷ
3219 599 3542 654 anteiam-tr
3576 600 3635 651 Τι’
3645 615 3720 666 με
3747 599 4058 663 ἐποίησας

2471 695 2689 757 οὗτως;
2727 694 2802 747 Ἦ
2851 695 2960 746 οὐκ
3000 692 3123 759 ἔχει
3175 690 3468 754 ἐξουσίαν
3525 691 3560 743 ὁ
3594 687 3885 756 κεραμεὺς
3935 687 4054 740 τοῦ

2470 786 2690 850 πηλοῦ,
2752 786 2819 837 ἐκ
2861 783 2970 836 τοῦ
3011 783 3200 837 αὐτοῦ
3243 782 3591 852 φυράματος
3651 780 3924 846 ποιῆσαι,
3979 782 4051 834 τὸ

2465 875 2581 945 μὲν
2629 878 2716 940 είς
2756 875 2936 943 τιμὴν
2982 874 3230 940 σκεῦος,
3262 875 3328 928 τὸ
3353 875 3420 927 δὲ
3458 878 3543 940 εἷς
3584 875 3829 943 ἀτιμίαν
3843 891 3862 937 ;

2549 965 2636 1028 Ὠς
2667 965 2724 1028 ἐξ
2755 964 3071 1028 ἀκολουθίας
3106 965 3232 1027 ἴσως
3266 967 3430 1034 ἐρεῖς·
3469 964 3533 1016 Τί
3567 963 3659 1016 οὖν
3694 963 3880 1014 λοιπὸν
3911 959 4052 1030 παρ’

2470 1055 2652 1123 ἡμᾶς
2686 1057 2748 1106 Τί
2784 1057 2862 1106 ἐτι
2896 1056 3169 1124 μέμφεται
3199 1055 3292 1108 καὶ
3322 1055 3537 1117 κολάζει
3564 1072 3581 1121 ;
3617 1053 3710 1116 Ti;
3737 1054 3844 1122 γὰρ
3872 1051 4052 1104 αὑτοῦ

2470 1147 2784 1199 ἀνθίσταται
2814 1149 2880 1217 τῇ
2920 1147 3082 1216 βουλῇ
3115 1147 3207 1198 καὶ
3258 1145 3336 1214 τῷ
3370 1146 3673 1214 0;λὴματι;
3736 1139 3866 1196 Εἶτα
3916 1144 4050 1193 ἑπι-

2471 1239 2712 1307 στομίζει
2731 1239 2854 1300 τοὺς
2883 1239 3091 1299 πάντας
3113 1237 3364 1297 θέλοντας
3397 1237 3588 1306 μαθεῖν
3607 1236 3642 1289 ἃ
3665 1237 3807 1287 ποιεῖ
3834 1235 3860 1285 δ
3886 1233 4050 1294 Θεὸς,

2471 1333 2560 1380 καί
2583 1330 2704 1391 τοὺς
2734 1329 2922 1395 λόγους
2975 1328 3155 1379 αὐτῶν
3191 1328 3361 1396 ἧγουν
3391 1327 3497 1380 τῶν
3537 1328 3876 1396 πραγμάτων
3907 1325 4054 1376 εἰδέ-

2471 1437 2578 1470 ναι.
2624 1418 2795 1488 ’Υπὲρ
2838 1419 2944 1487 γὰρ
2995 1411 3070 1471 ὧν
3107 1417 3423 1487 μανθάνεις,
3477 1420 3664 1486 φησιν,
3692 1417 3850 1486 χάριν
3908 1417 4046 1484 ἔχε·

2472 1509 2610 1578 ὑπὲρ
2681 1503 2756 1560 ὧν
2811 1511 3061 1575 ἀγνοεῖς,
3130 1508 3205 1578 μὴ
3263 1507 3582 1576 ὃυσχέραινε
3616 1548 3630 1571 ,
3691 1507 3765 1577 μὴ
3799 1507 4049 1572 ἐξέταζε,

2475 1598 2548 1666 μὴ
2629 1598 3122 1668 πολυπραγμόνει,
3227 1599 3535 1665 γινώσκων,
3591 1597 4055 1668 πληροφορεύμε-

2473 1707 2582 1752 νος,
2640 1692 2720 1744 ὅτι
2762 1691 2988 1752 δικαίως
3027 1690 3120 1743 καὶ
3153 1689 3292 1742 κατά
3329 1689 3493 1758 ὀρθὸν
3541 1690 3698 1757 λόγον
3728 1689 4050 1758 προϐαίνει,

2474 1781 2574 1834 κᾶν
2603 1783 2666 1833 σὺ
2686 1785 2808 1844 τοὺς
2827 1783 3017 1848 λόγους
3041 1784 3262 1850 ἁγνοῇς.
3299 1783 3409 1834 Καὶ
3440 1782 3628 1850 ἐπειδὴ
3657 1781 3828 1845 οὕτως
3850 1783 3965 1850 ἔχει
3986 1785 4053 1832 τὸ

793 1884 1090 1952 doquidem
1142 1887 1439 1940 veritasita
1465 1901 1523 1940 se
1543 1887 1728 1950 habet,
1766 1893 1820 1938 tu
1853 1887 1976 1952 quis
2009 1900 2091 1948 es,
2113 1900 2146 1938 o
2180 1884 2365 1947 homo,

2471 1868 2690 1937 ἀληθὲς,
2720 1888 2737 1918 ι
2771 1870 2841 1922 Σὺ
2869 1870 2951 1932 τις
2983 1866 3052 1935 εἴ,
3085 1864 3422 1941 ὧᾶνθριυπε,
3449 1871 4043 1940 ἀνταποκρινόμενος,·

792 1976 885 2042 qui
919 1991 985 2028 ex
1026 1977 1256 2031 adverso
1295 1979 1405 2031 Deo
1438 1977 1780 2047 respondes?
1810 1977 1917 2029 hoc
1939 1984 2044 2038 est,
2096 1989 2370 2043 repugnas

792 2079 856 2117 ac
873 2064 1129 2120 discutis.
1179 2067 1246 2121 Et
1279 2067 1420 2121 bene
1449 2068 1526 2121 ait
1562 2083 1574 2118 :
1639 2085 1655 2117 ι
1693 2065 1774 2118 Tu
1825 2065 1951 2133 quis
1979 2064 2089 2117 es?
2127 2083 2145 2114 ι
2186 2073 2369 2116 utrum

794 2155 897 2223 ipsi
925 2157 1111 2210 socius
1145 2171 1206 2210 es
1238 2157 1291 2210 in
1315 2158 1620 2226 principatu
1646 2157 1669 2208 ?
1697 2156 1946 2226 anjudex
1974 2155 2243 2223 quispiam
2275 2153 2372 2206 es?

802 2263 820 2296 ι
865 2246 1006 2299 Num
1034 2248 1180 2301 dicet
1208 2247 1547 2318 figmentum.
1593 2266 1610 2297 ι
1663 2248 1779 2301 Νοη
1837 2247 1950 2299 haec
1987 2245 2122 2298 dicit
2178 2245 2371 2298 tollens

792 2336 1006 2390 arbitrii
1059 2338 1417 2403 libertatem,
1483 2339 1708 2393 minime
1734 2338 1977 2407 gentium
2009 2378 2022 2398 ,
2053 2336 2146 2390 sed
2184 2344 2370 2390 osten-

792 2425 930 2481 dens
951 2427 1097 2496 quod
1125 2429 1384 2483 omnibus
1410 2429 1586 2484 modis
1642 2429 1754 2482 Deo
1784 2428 2170 2494 obtemperare
2203 2442 2370 2495 opor-

796 2526 928 2578 teat,
983 2535 1295 2589 quanquam
1327 2536 1520 2574 eorum
1581 2535 1701 2590 qua:
1754 2520 1894 2571 [ium
1935 2519 2177 2572 rationes
2218 2519 2372 2588 igno-

795 2618 980 2659 remus
1018 2607 1205 2675 :quod
1242 2608 1296 2662 in
1327 2609 1578 2678 petendis
1610 2617 1706 2662 aut
1732 2623 1841 2661 non
1899 2607 2149 2677 petendis
2181 2623 2209 2660 a
2260 2608 2370 2661 Deo

797 2695 1103 2751 rationibus
1121 2713 1421 2768 eorumque
1454 2698 1800 2768 contingunt,
1835 2698 1996 2767 332
2022 2698 2368 2752 obedientem

795 2796 916 2841 esse
940 2789 1676 2858 convenitquemadmodum
1711 2789 1885 2840 lutum
1908 2797 1992 2840 est
2027 2787 2210 2855 ﬁgulo.
2240 2806 2257 2838 ι
2287 2787 2368 2840 An

797 2899 907 2938 non
938 2883 1103 2936 habet
1127 2889 1450 2950 potestatem
1486 2881 1684 2948 ﬁgulus
1728 2879 1851 2933 luti.
1892 2896 1910 2928 ι
1941 2877 2136 2941 liabet,
2169 2878 2368 2947 inquit,

801 2981 1128 3042 potestatem
1166 2972 1330 3034 Deus,
1363 2969 1457 3038 qui
1484 2971 1686 3024 excitat
1721 2979 1987 3032 mortuos,
2017 2979 2077 3024 ut
2115 2970 2216 3024 hos
2248 2970 2370 3038 qui-

797 3063 924 3117 dem
955 3062 1019 3116 ail
1049 3061 1275 3132 gloriam
1298 3061 1519 3123 excitet,
1557 3061 1680 3114 illos
1706 3075 1837 3116 vero
1871 3059 1938 3113 ad
1970 3059 2366 3123 confusionem,

792 3157 946 3224 juxta
997 3153 1413 3220 congruentiam
1445 3168 1634 3204 eorum
1662 3167 1783 3219 quae
1812 3151 1881 3204 ab
1915 3165 2247 3220 unoquoque
2270 3151 2370 3204 ho-

798 3247 945 3298 mine
966 3253 1084 3296 acta
1113 3253 1244 3296 sunt
1271 3243 1324 3295 in
1347 3242 1478 3295 vita.
1528 3241 1605 3295 lla
1642 3242 1806 3296 habet
1850 3241 2009 3295 divus
2037 3241 2364 3305 Methodius,

798 3335 946 3388 libro
980 3333 1053 3386 De
1074 3333 1476 3386 resurrectione.
1510 3349 1527 3381 ι
1559 3333 1717 3384 Aliud
1749 3331 1972 3400 quidem
1995 3348 2091 3384 vas
2112 3334 2165 3384 in
2199 3333 2371 3386 bono-

801 3440 938 3489 rem,
981 3424 1130 3478 aliud
1162 3438 1291 3478 vero
1327 3423 1380 3476 in
1439 3424 1815 3494 ignominiam.
1855 3443 1872 3473 ι
1921 3423 2036 3476 Νοιι
2077 3425 2221 3491 quod
2272 3423 2370 3477 hos

797 3514 1018 3582 quidem
1062 3514 1256 3575 bonos,
1305 3513 1444 3566 alios
1493 3528 1624 3566 vero
1662 3514 1832 3566 malos
1852 3512 2012 3566 faciat
2039 3515 2210 3568 Deus.
2266 3513 2370 3566 Ne-

798 3618 1096 3671 quaquam,
1129 3603 1224 3656 sed
1247 3611 1442 3655 cuncta
1500 3602 1593 3655 Dei
1617 3619 1783 3669 opera
1811 3604 1950 3656 bona
1979 3613 2125 3665 sunt,
2152 3603 2369 3672 etquod

799 3692 867 3745 ad
900 3709 958 3746 se
1005 3693 1225 3754 attinet.
1279 3692 1381 3746 hoc
1413 3702 1515 3754 est,
1547 3695 1697 3763 juxta
1738 3709 1895 3746 suum
1952 3694 2124 3762 ipsius
2188 3694 2370 3748 consi-

800 3783 939 3837 lium
998 3798 1062 3837 ac
1113 3785 1468 3841 voluntatem.
1530 3799 1719 3837 clunes
1773 3785 1934 3838 vellet
1981 3787 2178 3854 probos
2227 3801 2368 3848 esse,

803 3873 1085 3926 studiosos
1112 3889 1176 3928 ac
1204 3873 1392 3927 ﬁdeles
1425 3886 1438 3924 :
1469 3873 1562 3926 sed
1587 3875 1752 3928 veluti
1791 3889 1857 3926 ex
1895 3883 2162 3943 potestate
2207 3891 2371 3943 quam

803 3963 971 4016 habet
1004 3963 1150 4018 Deus
1210 3973 1269 4017 ut
1324 3963 1488 4018 faciat
1547 3980 1666 4033 quas
1704 3965 1959 4028 voluerit,
1994 3965 2097 4020 hoc
2139 3965 2208 4020 ab
2253 3969 2372 4034 ipso

799 4056 1008 4109 dictum
1092 4065 1198 4110 est.
1249 4055 1483 4110 Pulchre
1541 4063 1721 4107 autem
1774 4069 1834 4108 ac
1886 4055 2146 4110 decenter
2190 4059 2371 4111 omnia

799 4147 950 4209 facit,
986 4161 1301 4215 quanquam
1327 4162 1427 4199 nos
1456 4160 1648 4200 causas
1715 4146 2050 4215 ignoremus.
2114 4157 2167 4200 et
2225 4149 2300 4201 ait
2353 4162 2367 4200 :

802 4232 1272 4302 Quemadmodum
1330 4237 1527 4305 ﬁgulus
1583 4235 1732 4303 quod
1785 4238 1901 4290 vult
1952 4236 2102 4302 facit,
2167 4239 2369 4292 lutum-

799 4342 907 4396 que
930 4327 1067 4380 nihil
1096 4327 1434 4380 contradicit
1490 4337 1583 4380 aut
1612 4328 1924 4381 sciscitatur
1955 4345 1966 4380 :
2007 4329 2078 4381 ita
2113 4345 2143 4380 n
2181 4345 2286 4398 quc
2317 4340 2373 4383 tu

2471 1959 2765 2022 τουτέστιν,
2803 1961 2830 2013 ὁ
2873 1961 3324 2029 ἀντιτασσόμενος
3354 1962 3449 2014 καὶ
3483 1963 3752 2031 ὲρευνῶνς
3779 1963 3966 2015 Καλὸν
3987 1963 4049 2014 δὲ

2469 2049 2550 2111 τὸ,
2582 2068 2599 2099 ι
2639 2050 2708 2100 Σὺ
2748 2052 2830 2113 τίς
2859 2049 2932 2116 εἷς
2967 2069 2986 2102 ι
3021 2053 3316 2114 Κοινωνός,
3348 2055 3534 2122 φησιν,
3561 2050 3720 2122 εἱτῆς
3743 2054 3916 2122 ἀρχῆς
3945 2055 4051 2106 αὖ-

2471 2138 2581 2206 τῷ;
2625 2138 2760 2189 ἀλλά
2790 2142 2983 2209 κριτής
3013 2158 3096 2203 τις
3147 2137 3225 2204 ei;
3271 2162 3287 2190 ι
3329 2143 3420 2211 Μὴ
3457 2146 3572 2213 ἐρεῖ
3597 2143 3656 2195 τὺ
3706 2143 3971 2212 aliqua;
4026 2163 4045 2193 ι

2472 2230 2545 2280 Οὐ
2581 2229 2640 2280 τὸ
2669 2230 3010 2294 αὖτεξουσίον
3023 2233 3258 2303 ἀναιρῶν
3273 2232 3419 2299 λέγει
3445 2233 3643 2297 ταῦτα,
3668 2234 3847 2301 ἄπαγε
3869 2237 3880 2286 !
3907 2235 4053 2287 ἀλλὰ

2468 2320 2676 2382 δεικνὺς
2710 2321 2784 2382 ὡς
2837 2323 2970 2374 πᾶσι
3029 2323 3250 2392 τρόποις
3304 2322 3410 2393 χρὴ
3449 2323 3729 2376 πείθεσθαι
3781 2324 3858 2393 τῷ
3896 2323 4043 2393 Θεῷ.

2471 2417 2575 2468 κᾶν
2604 2417 2887 2484 ἀγνοῶμεν
2920 2419 3046 2480 τοὺς
3095 2418 3286 2486 λόγους
3315 2419 3425 2473 τῶν
3481 2421 3800 2490 γινομένων,
3857 2421 3936 2484 ὼς
3988 2424 4052 2473 ἐν

2469 2507 2546 2574 τῷ
2580 2523 2643 2574 γε
2679 2509 2931 2561 ἀπαιτεῖν
2966 2509 3072 2561 τῶν
3109 2511 3410 2580 γινομένων
3441 2512 3671 2574 εὐθύνας
3702 2513 3793 2566 τὸν
3839 2514 3974 2565 Θεὸν
4008 2515 4047 2583 ἦ

2472 2597 2548 2666 μὴ
2572 2599 2842 2661 ἀπαιτεῖν,
2877 2602 3168 2655 πεπεῖσθαι
3200 2603 3484 2672 προσήκει,
3516 2603 3764 2674 καθάπερ
3809 2606 3838 2657 ὀ
3869 2604 4051 2674 πηλὸς

2470 2690 2546 2757 τῷ
2578 2693 2826 2759 κεραμεῖ.
2857 2711 2874 2741 ι
2918 2693 2988 2744 Ἢ
3017 2694 3116 2744 οὐκ
3145 2693 3257 2761 ἔχει
3283 2692 3564 2761 ἑξουσίαν;
3601 2714 3619 2746 ι
3647 2697 3818 2764 Ἔχει,
3850 2699 4047 2764 φησῖν,

2471 2778 2718 2842 ἐξουσίαν
2743 2783 2770 2834 ὁ
2801 2781 2932 2844 Θεὸς
2972 2783 3001 2834 ό
3048 2783 3277 2852 ἐγείρων
3313 2783 3441 2846 τοὺς
3474 2788 3723 2856 νεκροὺς,
3753 2787 3880 2849 τοὺς
3941 2788 4050 2856 μὲν

2470 2868 2548 2929 εἰς
2565 2866 2743 2932 δόξαν,
2771 2871 2893 2933 τοὺς
2926 2872 2982 2923 δὲ
3017 2874 3096 2934 είς
3153 2875 3416 2945 αὲσχύνην
3475 2879 3704 2946 ἐγεῖραι,
3747 2878 3888 2929 κατὰ
3942 2880 4048 2948 ei}:

2469 2957 2759 3023 ἀναλογίαν
2789 2959 2895 3011 τῶν
2919 2961 3132 3030 ἑκάστῳ
3162 2962 3433 3033 ἀνθρώπῳ
3457 2964 3824 3034 βεϐιωμένων.
3853 2968 4046 3032 οὕτως

2470 3050 2498 3099 ό
2524 3049 2581 3098 ὲν
2611 3049 2784 3114 ἁγίοις
2805 3050 3067 3113 Μεοὸδιος
3106 3053 3164 3104 ὲν
3188 3054 3263 3123 τῷ
3293 3055 3434 3122 Περὶ
3458 3055 3850 3124 ἀναστάσεως
3875 3057 4046 3129 λό·,ῳ.

2476 3157 2494 3189 ι
2561 3142 2628 3192 "0
2671 3142 2768 3209 μὲν
2816 3144 2894 3204 εἰς
2943 3143 3106 3212 τιμὴν
3144 3146 3368 3213 σκεῦος,
3427 3148 3455 3200 ὃ
3500 3149 3556 3201 δὲ
3594 3152 3672 3210 είς
3726 3153 3975 3219 ἀτιμίαν.
4023 3172 4042 3202 ι

2474 3231 2588 3282 Οὐκ
2635 3231 2824 3302 ἐπειδὴ
2856 3234 2980 3296 τοὺς
3021 3235 3120 3303 μὲν
3150 3236 3410 3303 ἀγαθοὺς,
3441 3239 3566 3301 τοὺς
3593 3240 3650 3292 δὲ
3679 3242 3739 3292 οὐ
3767 3242 4048 3302 τοιούτους

2476 3323 2620 3372 ποιεῖ
2657 3323 2682 3371 ὁ
2712 3323 2866 3386 Θεὸς,
2901 3323 3116 3390 ἄπαγει
3153 3327 3291 3379 ἀλλὰ
3328 3328 3502 3382 πάντα
3554 3330 3651 3399 μὲν
3680 3331 3747 3383 τὰ
3775 3332 3870 3385 τοῦ
3897 3334 4040 3386 Θεοῦ

2475 3412 2708 3480 χρηστὰ,
2740 3414 2878 3482 πρὸς
2907 3418 3117 3478 πάντας
3153 3419 3329 3481 κοινὰ,
3364 3421 3456 3474 καὶ
3486 3423 3546 3473 τό
3587 3439 3648 3489 γε
3676 3418 3811 3492 ἧκον
3840 3427 3917 3486 εἰς
3949 3430 4048 3479 αὖ·

2474 3504 2584 3568 τὸν,
2615 3506 2860 3558 τουτέστι
2908 3509 3050 3561 κατὰ
3082 3511 3180 3581 τὴν
3211 3513 3406 3564 ἑαυτοῦ
3436 3511 3628 3582 βουλὴν
3667 3515 3760 3567 καὶ
3797 3515 4044 3583 θέλησιν,

2473 3594 2722 3647 ὲὸούλετο
2773 3598 2980 3660 πάντας
3014 3599 3364 3670 εὐδοκιμεῖν,
3424 3605 3520 3654 καὶ
3563 3605 3852 3674 ἐναρέτους
3897 3603 4044 3659 εἶναι

2474 3686 2567 3738 καὶ
2597 3687 2839 3750 πιστούς.
2885 3689 3026 3741 Ἀλλ’
3063 3690 3140 3754 ὡς
3181 3692 3318 3762 πρὸς
3351 3694 3449 3763 τὴν
3483 3694 3729 3758 ἐξουσίαν
3771 3697 3837 3766 ἢν
3869 3696 3988 3766 ἔχει
4018 3704 4047 3750 δ

2472 3777 2602 3840 Θεὸς
2641 3781 2812 3831 ποιεῖν
2839 3779 2874 3833 ἀ
2902 3780 3170 3849 βούλεται,
3200 3783 3354 3836 τοῦτο
3382 3787 3529 3855 αὐτῷ
3553 3787 3788 3856 εἴρηται.
3816 3790 4046 3842 Πάντως

2473 3868 2530 3920 δὲ
2560 3869 2739 3933 καλῶς
2769 3875 2863 3923 καὶ
2877 3872 3193 3943 πρεπόντως
3213 3877 3379 3939 ποιεῖ,
3397 3877 3499 3930 κᾶν
3526 3880 3684 3946 ἡμεῖς
3707 3880 3828 3940 τοὺς
3848 3879 3976 3945 λόγο
3990 3911 4011 3930 δ
4025 3900 4047 3934 :

2473 3963 2873 4032 ἁγνοῶμεν,καί
2897 3980 3078 4033 φησιν’
3099 3966 3308 4037 Ὠσπερ
3326 3970 3352 4019 ὁ
3370 3971 3638 4038 κεραμεὺς
3661 3971 3689 4022 ὃ
3706 3970 3850 4024 θέλει
3874 3977 4043 4030 ποιεῖ,

2475 4057 2568 4106 καὶ
2597 4058 2624 4107 ὁ
2648 4056 2814 4124 πηλὸς
2830 4057 2984 4108 οὐδὲν
3018 4059 3286 4126 ἀντιλέγει
3311 4060 3342 4128 ἢ
3375 4063 3795 4130 περιεργάζεται
3816 4078 3830 4091 ·
3865 4063 4046 4126 oin”;

2476 4147 2610 4215 μηδὲ
2630 4148 2716 4209 σὺ,
2741 4149 2894 4216 φησὶ,
2934 4151 3368 4220 περιεργάζου,ἤ
3393 4153 3600 4219 ἀγνοῶν
3631 4154 3973 4222 δυσχέραινε,
4014 4158 4045 4206 L1

2474 4239 2539 4291 ἂν
2569 4239 2596 4289 ὁ
2629 4239 2757 4302 Θεός
2786 4257 2845 4292 σε
2873 4241 3082 4308 ἀγνοεῖν
3116 4243 3396 4312 βούληται.
3421 4247 3526 4297 Καὶ
3562 4247 3750 4311 άγνοιά
3791 4264 3875 4299 σοι
3900 4254 4047 4301 πάι-

2481 4345 2586 4390 τως
2617 4331 2904 4400 συμφέρει·
2938 4331 2969 4400 ἢ
3003 4333 3109 4400 γὰρ
3129 4333 3194 4384 ἂν
3214 4334 3494 4403 ἐδιδάχθης
3524 4339 3599 4398 εἰς
3623 4336 3657 4388 ἃ.
3678 4340 3777 4391 οὐκ
3812 4341 3953 4408 ἐμαί
3993 4363 4043 4405 ς,

798 4415 1014 4469 curiose
1041 4418 1305 4470 scruteris
1350 4425 1445 4468 aut
1485 4417 1800 4471 disculieris
1834 4418 1976 4486 quod
2006 4417 2097 4471 illa
2133 4419 2352 4487 ignores
2414 4435 2536 4488 qua:
2587 4421 2729 4473 Deus
2788 4431 2838 4473 te
2876 4423 3112 4474 voluerit
3152 4425 3427 4493 ignorare.
3476 4426 3689 4481 Etenim
3733 4432 4045 4499 ignorantia

801 4504 899 4557 tibi
941 4506 1166 4559 omnino
1191 4506 1339 4558 utilis
1361 4517 1440 4558 est
1471 4515 1487 4558 ε
1517 4506 1720 4574 alioqui
1745 4506 1974 4559 edoctus
2003 4522 2152 4560 esses
2189 4507 2242 4559 in
2277 4509 2362 4561 his
2399 4523 2520 4577 quae
2555 4525 2662 4562 non
2688 4509 3042 4579 intelligeres.

873 4595 962 4658 IX,
989 4597 1176 4650 92-24.
1217 4595 1367 4661 Quod
1397 4599 1443 4650 si
1495 4598 1630 4650 Deus
1677 4599 1849 4650 colens
1894 4600 2161 4652 ostendere
2204 4602 2366 4663 iram,

2543 4605 2613 4655 El
2653 4602 2720 4654 δὲ
2759 4603 2950 4656 θέλων
2988 4609 3018 4657 ὀ
3057 4605 3199 4669 Θεὸς
3237 4605 3616 4669 ἐνδείξασθαι
3663 4611 3775 4674 τὴν
3821 4615 4041 4681 φς-ὶμκ

799 4695 845 4737 et
869 4695 1047 4738 notam
1077 4687 1250 4754 facere
1273 4690 1562 4755 potentiam
1584 4705 1756 4751 suam,
1786 4693 1911 4742 tulit
1943 4693 2110 4743 multa
2137 4692 2374 4760 longani-

800 4763 982 4829 mitate
1015 4793 1144 4830 vasa
1168 4782 1262 4830 ira:
1319 4789 1590 4846 apparata
1641 4782 1694 4831 in
1723 4783 1995 4833 interitum
2019 4799 2036 4843 ;
2060 4791 2106 4834 ct
2137 4792 2192 4833 ut
2220 4792 2372 4837 notas

801 4869 990 4936 faceret
1016 4871 1226 4922 divitias
1240 4869 1422 4938 gloria!
1451 4888 1562 4923 sua:
1607 4873 1659 4924 in
1692 4889 1818 4925 vasa
1847 4874 2225 4927 misericordice
2255 4892 2371 4944 qua:

799 4962 1120 5028 prreparavit
1159 4962 1211 5011 in
1249 4960 1478 5027 gloriam
1505 4979 1522 5016 :
1549 4980 1677 5032 quos
1731 4972 1778 5015 et
1829 4965 2053 5025 vocavit,
2117 4967 2370 5016 nimirum

804 5068 895 5104 nos
965 5067 985 5103 :
1064 5069 1167 5104 non
1235 5054 1406 5107 solum
1461 5070 1523 5106 ex
1575 5054 1795 5109 Juda'is.
1859 5071 2037 5107 rerum
2088 5057 2246 5108 etiam
2313 5071 2378 5108 ea:

804 5145 1056 5196 sentibus.

871 5232 1366 5300 Longanimitatcm
1417 5234 1926 5298 voluito.~tenderc,
1963 5236 2057 5289 sed
2111 5237 2239 5305 quia
2272 5237 2367 5290 Dei

798 5323 1210 5391 longanimitate
1233 5325 1298 5377 ad
1330 5324 1492 5376 vitam
1513 5324 1831 5392 ﬂagitiosum
1864 5329 2067 5378 abusus
2086 5338 2188 5390 est,
2215 5327 2372 5380 dein-

797 5426 924 5479 ceps
963 5412 1127 5464 etiam
1154 5414 1287 5465 iram
1323 5412 1582 5466 ostendit.
1615 5433 1631 5462 ι
1660 5411 1788 5465 Vide
1808 5413 2015 5480 judicia
2041 5415 2156 5466 Dei.
2197 5431 2215 5464 ι
2257 5413 2367 5464 Ali-

801 5513 899 5555 ter.
947 5505 1052 5557 Per
1080 5505 1183 5557 hoc
1213 5505 1359 5573 quod
1386 5505 1461 5558 ait
1495 5521 1508 5558 :
1539 5524 1555 5556 ι
1602 5505 1755 5569 Quod
1789 5506 1833 5557 si
1879 5507 2023 5558 Deus
2060 5507 2249 5560 volens
2281 5522 2369 5560 os-

801 5599 1048 5663 tendere,
1082 5617 1100 5648 ι
1129 5609 1223 5652 aut
1243 5600 1397 5668 prius
1421 5609 1801 5667 argumentum
1825 5599 2088 5662 declarat,
2119 5601 2366 5668 pluribus

803 5690 935 5744 illud
969 5692 1207 5746 dilatans
1255 5707 1317 5744 ac
1339 5692 1709 5749 manifestans.
1763 5701 1854 5744 aut
1907 5694 2120 5759 proprie
2173 5692 2238 5744 ad
2303 5708 2365 5744 ea

799 5798 920 5851 qua:
949 5782 1090 5836 dicta
1131 5794 1260 5838 sunt
1330 5784 1562 5835 alterum
1596 5783 1822 5838 inducit.
1851 5786 1993 5853 quod
2035 5784 2212 5837 cidem
2250 5801 2366 5838 scr-

2471 4693 2568 4746 καὶ
2599 4695 2882 4762 ’γνωρίσαι
2919 4696 2982 4746 τὸ
3006 4694 3265 4748 δυνατίῖι·
3287 4699 3492 4762 αὑτοῦ,
3531 4700 3784 4768 ἤνεγκεν
3813 4705 4046 4760 eratcl-

2471 4785 2552 4851 λῇ
2599 4789 2968 4854 μακροθυμίᾳ
3016 4787 3206 4852 σκεύη
3250 4788 3432 4856 ὀργῆ(
3480 4795 3916 4862 κατηρτισμένα
3954 4803 4045 4862 εἰς

2473 4876 2810 4928 amittatur
2867 4876 2965 4928 καί
3023 4876 3124 4928 ἵνα
3163 4881 3424 4944 γνωρίσῃ
3467 4880 3573 4930 τὸν
3619 4883 3885 4934 πλοῦτον
3928 4874 4055 4950 τῆς

2473 4964 2659 5030 δόξης
2681 4963 2866 5017 αὐτοῦ
2897 4964 2995 5016 ἐπὶ
3030 4966 3219 5029 σκεύη
3251 4965 3464 5030 ἐλέους
3513 4965 3551 5019 ἀ
3589 4973 4042 5039 προητοίμασεν

2473 5055 2558 5116 sic
2605 5053 2824 5114 δόξαν·
2870 5054 2976 5117 οἶος
3031 5054 3129 5105 καὶ
3171 5053 3486 5115 ἐκάλεσεν,
3525 5055 3800 5123 ἡμᾶς,οὺ
3844 5066 4043 5129 μόνω·

2475 5143 2543 5204 ἐξ
2586 5143 2906 5204 Ἰουδαίων,
2946 5143 3105 5194 ἀλλὰ
3145 5143 3244 5194 καὶ
3281 5144 3350 5206 ἐξ
3403 5144 3611 5198 ἐθνῶν.

2544 5234 2944 5301 Μακροθυμίαν
2988 5234 3253 5302 ἠθέλησεν
3313 5235 3671 5298 ἐνδείξασθαι,
3700 5240 3813 5292 ἀλλ’
3849 5243 4038 5311 ἐπειδὴ

2471 5325 2548 5383 εἰς
2593 5324 2849 5374 ἀπόνοιαν
2907 5326 2971 5392 τῇ
3019 5325 3368 5396 μακροθυμίᾳ
3422 5329 3514 5380 τοῦ
3551 5329 3684 5381 Θεοῦ
3743 5332 4037 5401 ἐχρήσατο,

2471 5416 2565 5466 καὶ
2621 5415 2802 5466 λοιπὸν
2851 5417 3018 5484 ὀργὴν
3062 5419 3375 5482 ἐνεδείξατο.
3411 5439 3428 5470 ι
3468 5422 3608 5490 Ὅρα
3666 5423 3734 5473 τὰ
3784 5425 4034 5492 κρίματα

2473 5503 2567 5555 τοῦ
2605 5505 2760 5557 Θεοῦ.
2792 5524 2810 5556 ι
2835 5537 2902 5546 -
2938 5509 3044 5560 Καὶ
3074 5508 3294 5572 ἄλλως.
3325 5509 3524 5581 [(ΙὨΤ.]
3555 5513 3646 5568 Τὸ,
3688 5531 3706 5562 ι
3746 5514 3806 5565 Εἰ
3853 5516 3909 5568 δὲ
3944 5517 4038 5568 θε-

2473 5597 2578 5648 λων
2611 5599 2638 5648 ό
2669 5597 2798 5658 θεὸς
2827 5599 3185 5664 ἐνδείξασθαι,
3222 5621 3239 5650 ι
3296 5601 3327 5669 ἢ
3366 5602 3456 5652 τοῦ
3494 5605 3596 5671 πρὸ
3629 5604 3793 5655 αὑτοῦ
3827 5607 4035 5671 ἐπιχει-

2475 5692 2716 5760 ρήματός
2769 5693 2936 5760 ἐστιν]
2960 5691 3363 5758 ἑξαγγελτικὺν,
3416 5694 3503 5745 διὰ
3555 5696 3814 5746 πλειόνων
3859 5698 4038 5750 ἐκεῖ-,ο

2476 5783 2739 5836 πλατύνον
2765 5783 2856 5836 καὶ
2887 5782 3248 5851 ἁπαγγὲλλον,
3282 5784 3314 5853 ἢ
3351 5784 3492 5846 ἰδίως
3523 5785 3653 5854 πρὸς
3689 5789 3794 5850 τοῖς
3818 5789 4035 5857 εὲρημε-
