4196 6468
165 389 266 454 ειν

1217 401 1601 462 COMMENT.
1629 400 1707 459 IN
1736 402 1974 464 EPIST.
2011 404 2108 463 AD
2138 406 2323 470 ΗΘΜ.
2380 470 2388 481 ,

3300 424 3405 487 530

167 482 356 565 ῐσχύσε
382 498 462 559 δὲ.
493 498 664 554 ταῦτα
699 505 727 556 6
753 504 986 573 Χριστὸς
1018 504 1187 558 ἐλθὼν
1218 509 1486 577 ἀπήρτισε
1512 513 1605 563 καὶ
1639 511 1737 561 ὲτε·

1854 509 2143 579 Christus;
2192 512 2329 579 Quia
2374 517 2715 587 justiﬁcavit,
2752 530 2808 575 et
2858 537 2921 576 ea
2959 540 3080 594 quas
3120 525 3205 581 lex
3249 530 3424 586 voluit

162 589 385 641 ὶεὲωσεν
438 593 517 654 εἰς
573 596 700 655 τοὺς
752 596 901 665 αύτῴ
942 597 1371 661 πιστεύσαντας.
1419 602 1635 672 Ἐπειδὴ
1681 603 1738 655 δὲ

161 678 296 741 ὅλως
346 680 444 733 καὶ
478 682 575 750 τὴν
623 685 687 735 ὲκ
736 686 901 754 νόμου
936 688 1283 755 δικαιοσύνην
1329 692 1609 755 ἐκάλεσεν,
1653 694 1740 746 ἵνα

165 769 237 836 μὴ
270 771 572 838 νομίσωσιν
600 775 682 827 ὅτι
718 775 943 829 δύναται
978 778 1266 832 δικαιῶσαι
1314 782 1341 833 6
1368 782 1549 849 νόμος,
1607 785 1738 851 φησι

159 861 310 919 τέλος
342 857 485 914 εἶναι
520 866 614 917 καὶ
642 865 910 937 πλήρωμα
944 868 1038 921 τοῦ
1067 872 1231 938 νόμου
1262 872 1350 923 τὸν
1381 874 1634 941 Χριστόν.
1668 875 1740 926 Τὸ

158 950 269 1019 γὰρ
300 953 513 1007 τέλειον
542 958 571 1008 6
602 958 764 1026 νόμος
803 962 860 1011 ὲν
892 963 957 1031 τῇ
990 963 1069 1024 εις
1111 964 1343 1031 Χριστὸν
1386 965 1498 1033 ἔχει
1536 965 1735 1019 πίστει.

170 1042 227 1092 '0
262 1043 359 1096 οὖν
392 1046 713 1112 πιστεύσας,
743 1051 899 1120 φησι,
936 1053 1181 1123 Χριστῷ,
1206 1057 1404 1126 πληροῖ
1432 1057 1519 1107 τὸν
1550 1056 1734 1126 νόμον.

164 1151 183 1183 ‹
223 1135 316 1196 Εἰς
364 1136 717 1209 δικαιοσύνην
764 1145 928 1195 παντὶ
977 1145 1055 1210 τῷ
1085 1148 1417 1199 πιστεύοντι.
1472 1164 1491 1197 ι
1550 1147 1739 1209 Είς“τδ

154 1224 405 1280 δικαιοῦν
434 1230 527 1283 τὸν
559 1230 727 1295 δντως
773 1233 1067 1305 τελειωτὴν
1115 1237 1211 1290 τοῦ
1256 1238 1444 1308 νόμον,
1493 1241 1736 1294 τουτέστι

155 1320 251 1370 τὸν
275 1320 490 1373 πιστόν.
1643 1362 1669 1383 τ

224 1498 458 1569 Μωσῆς
494 1503 607 1570 γὰρ
646 1504 855 1573 γράφει
904 1505 1020 1574 τὴν
1069 1509 1466 1577 δικαιοσύνην
1517 1511 1630 1577 τὴν
1667 1511 1735 1565 ἐκ

154 1587 267 1643 τοῦ
290 1593 486 1658 νόμου
509 1610 522 1623 ·
556 1594 643 1646 ὅτι
668 1598 703 1648 ό
728 1596 994 1664 ποιήσας
1019 1599 1170 1653 αὐτὰ
1202 1600 1531 1668 ἅνθρωπος,
1568 1601 1737 1670 (rios-

154 1694 253 1731 ται
280 1680 354 1731 ἐν
376 1681 600 1747 αὐτοῖς.
635 1682 697 1738 Ἠ
721 1685 788 1737 δὲ
812 1687 880 1740 ἐκ
907 1693 1169 1756 πίστεως
1197 1691 1551 1760 δικαιοσύνη
1585 1696 1738 1748 οὕτω

152 1770 345 1839 λέγει’
376 1772 472 1839 Μὴ
506 1775 678 1846 εἴπῃς
706 1776 778 1830 ἐν
816 1779 1030 1847 καρδίᾳ
1057 1798 1173 1836 σου
1195 1800 1207 1812 ·
1244 1785 1338 1849 Τίς
1370 1786 1733 1851 ἀναϐήσεται

153 1866 242 1927 εις
275 1865 387 1916 τὸν
412 1868 709 1933 οὐρανόν;
744 1872 903 1925 Τοῦτ’
935 1873 1087 1935 ἔστι,
1122 1876 1379 1941 Χριστὸν
1402 1878 1469 1930 ἐκ
1509 1878 1737 1946 νεκρῶν
1770 1851 1808 1905 Β

154 1954 502 2022 ἀναγαγεῖν,
544 1958 719 2014 Ἀλλὰ
766 1964 823 2015 τί
856 1965 1283 2036 λέγεωἘγγύς
1316 1985 1432 2022 σου
1468 1971 1533 2023 τὸ
1570 1971 1738 2039 ῥῆμά

152 2047 327 2099 ἐστιν
354 2049 428 2102 ἐν
452 2048 533 2114 τῷ
553 2053 809 2121 στόματί
837 2072 957 2109 σου
985 2060 1080 2112 καὶ
1123 2061 1193 2111 ἐν
1239 2060 1311 2128 τῇ
1354 2063 1565 2131 καρδίᾳ
1594 2082 1733 2123 σου.

161 2137 325 2191 Τοῦτ’
377 2142 535 2207 ἐστι,
586 2143 655 2197 τὸ
695 2143 864 2214 ῥῆμα
918 2147 1028 2217 τῆς
1075 2152 1334 2219 πίστεως
1364 2154 1394 2207 ὃ
1429 2158 1735 2225 κηρύσσο-

144 2247 290 2296 μεν.

228 2337 248 2369 ι
288 2320 496 2388 Μωσῆς
535 2322 646 2394 γὰρ
674 2326 876 2397 γράφει
908 2329 1006 2398 τὴν
1036 2331 1382 2406 δικαιοσύνην
1416 2338 1514 2409 τὴν
1543 2340 1604 2394 ἐκ
1638 2342 1732 2394 τοῦ

152 2411 342 2479 νόμου.
382 2431 402 2465 ι
437 2415 601 2485 Ὅρος
625 2421 725 2488 τῆς
753 2422 811 2473 ὲν
841 2422 992 2494 νόμῳ
1014 2424 1384 2499 δικαιοσύνης,
1415 2432 1498 2485 ὅτι
1526 2436 1554 2487 6
1578 2436 1732 2505 ποιήο

154 2519 253 2564 σας
287 2504 426 2557 αὑτά
457 2507 743 2581 ἄνθρωπος
776 2510 1005 2584 ζήσεται
1051 2520 1109 2570 ὲν
1144 2521 1350 2584 αὐτοῖς.
1396 2525 1607 2578 Οὐκοῦν
1633 2504 1733 2580 ούκ

150 2593 231 2645 ενι
273 2596 516 2664 σωθῆναι
577 2601 668 2653 τὸν
717 2603 792 2674 μὴ
833 2604 1147 2675 πληροῦντα
1178 2610 1245 2661 τὰ
1279 2612 1335 2663 ὲν
1368 2612 1537 2683 αὐτῷ.
1579 2615 1730 2669 Ἐπεὶ

151 2682 247 2737 οὖν
295 2687 474 2751 οὐδεὶς
524 2689 828 2761 ἀνθρώπων
874 2696 1216 2767 ἐπλήρωσεν,
1265 2682 1522 2767 ἐξέπεσεν
1566 2709 1597 2777 ή
1642 2709 1729 2762 διὰ

152 2778 323 2847 νόμον
350 2780 667 2854 δικαιοσύνη
703 2786 796 2839 καὶ
822 2789 1116 2859 ἀπρακτεῖ.
1147 2810 1167 2844 ι
1217 2795 1276 2846 Ἦ
1305 2795 1361 2849 δὲ
1392 2797 1455 2849 ὲκ
1494 2801 1728 2866 πίστεως

149 2869 472 2943 δικαιοσύνη
496 2873 670 2940 οὕτως
700 2875 871 2944 λέγει.
903 2898 923 2929 ι
962 2882 1212 2952 Εἰρηκὼς
1237 2886 1333 2955 τὴν
1364 2888 1427 2941 ἐκ
1456 2891 1621 2958 νόμου
1646 2893 1727 2945 δι-

154 2958 481 3029 καιοσύνην,
518 2963 667 3032 λέγει
700 2967 792 3020 καὶ
823 2967 923 3040 τὴν
953 2973 1018 3024 ὲκ
1054 2973 1306 3040 πίστεως,
1339 2978 1433 3029 καὶ
1460 2978 1728 3034 δείκνυσιν

152 3050 255 3119 οὐχ
281 3052 458 3117 οὕτως
496 3055 663 3111 οὖσαν
706 3059 982 3115 ἐπίπονον.
1030 3064 1333 3135 Τοιγαροῦν
1379 3070 1583 3141 ταύτην
1629 3074 1730 3140 μέν

1845 602 2066 667 quidem
2099 604 2304 668 facere,
2354 608 2447 661 sed
2480 624 2588 664 non
2626 612 2825 680 potuit,
2863 614 2977 668 haec
3002 619 3229 674 veniens
3266 620 3425 675 Chri-

1842 701 1959 745 stus
1990 696 2217 761 perfecit
2249 707 2304 751 et
2351 702 2646 770 complevit
2692 704 2746 757 in
2782 720 2878 760 eos
2914 707 3007 776 qui
3044 710 3097 763 in
3124 726 3183 765 se
3227 713 3424 766 crede;

1843 793 1981 837 rent.
2025 785 2292 850 Quoniam
2323 800 2504 845 autem
2536 808 2656 846 eam
2696 811 2817 863 quae
2843 812 2909 850 ex
2939 799 3057 868 lege
3084 811 3225 865 erat,
3255 802 3424 872 justi-

1843 876 1969 929 tiam
2006 880 2230 933 omnino
2254 885 2465 937 vocavit
2492 902 2502 937 :
2540 901 2608 940 ne
2637 889 3019 944 existimarent
3050 892 3225 961 legem
3258 910 3418 963 posse
3512 930 3515 935 ν

1836 968 2160 1033 justiticare,
2197 970 2331 1025 dicit
2362 973 2639 1031 Christum
2672 978 2833 1033 ﬁnem
2861 996 2979 1035 esse
3005 983 3142 1053 legis
3172 992 3229 1037 et
3270 1000 3419 1039 com-

1840 1057 2157 1123 pletionem.
2181 1061 2463 1131 Siquidem
2494 1066 2579 1119 lex
2601 1083 2698 1135 per
2730 1068 2889 1127 [idem
2914 1086 3034 1141 qua:
3064 1073 3117 1126 in
3138 1072 3418 1128 Christum

1841 1156 1924 1199 est
1949 1148 2342 1217 perfectionem
2375 1155 2561 1210 habet.
2608 1157 2709 1224 Qui
2734 1174 2864 1229 ergo
2896 1162 2949 1216 in
2984 1162 3264 1218 Christum
3298 1180 3420 1220 cre-

1840 1239 2001 1307 didit,
2054 1245 2292 1314 complet
2342 1249 2537 1317 legem.
2589 1270 2608 1301 ‹
2658 1251 2738 1305 Ad
2784 1254 3055 1323 justitiam
3102 1258 3251 1311 omni
3304 1274 3423 1312 crc-

1839 1332 2013 1387 denti.
2060 1352 2079 1387 ι
2133 1335 2213 1390 Ad
2261 1338 2672 1407 justiﬁcandum
2729 1359 2857 1426 eum
2913 1346 3008 1415 qui
3069 1363 3197 1401 vere
3247 1350 3424 1420 legem

1842 1428 2148 1494 perliceret,
2185 1430 2293 1485 hoc
2324 1442 2426 1495 est,
2459 1433 2673 1488 ﬁdelem
2704 1446 2759 1490 et
2794 1437 3139 1492 credentem.

1910 1518 1977 1581 Χ,
2006 1521 2128 1574 5-8.
2173 1522 2337 1575 Moses
2364 1526 2503 1577 enim
2532 1527 2713 1579 scribit
2757 1528 2820 1579 de
2856 1529 3067 1597 justitia
3109 1546 3225 1599 qui:
3250 1541 3323 1585 est
3361 1549 3424 1588 cx

1842 1607 1970 1677 lege,
2004 1612 2142 1678 quod
2162 1614 2249 1680 qui
2273 1614 2451 1681 fecerit
2480 1633 2597 1669 eam
2625 1618 2796 1680 homo,
2833 1620 2960 1671 vivet
2983 1637 3076 1687 per
3094 1620 3265 1673 illam.
3301 1622 3417 1676 Ca:-

1842 1706 2012 1751 terum
2030 1700 2247 1769 justitia
2274 1720 2392 1773 qua:
2420 1714 2491 1757 est
2528 1723 2589 1758 ex
2608 1707 2712 1772 [ide
2740 1710 2814 1762 ita
2849 1710 2975 1763 dicit
3007 1728 3024 1763 :
3051 1710 3128 1764 Ne
3145 1711 3339 1765 dia‘eris
3364 1716 3420 1767 in

1840 1789 1993 1841 corde
2022 1798 2108 1843 tuo
2140 1807 2157 1844 :
2192 1790 2317 1856 Quis
2363 1796 2608 1848 ascendet
2644 1797 2698 1849 in
2739 1797 2962 1854 malum?
2992 1799 3100 1853 Hoc
3129 1810 3224 1865 est,
3272 1801 3425 1857 Clari-

1840 1888 1977 1933 stum
2006 1882 2262 1939 educere:
2297 1894 2391 1939 aut
2431 1890 2545 1955 quis
2588 1889 2858 1942 descendet
2903 1892 2956 1944 in
3001 1893 3290 1962 abyssum?
3328 1895 3424 1947 hoc

1840 1979 1933 2033 est,
1963 1971 2229 2028 Christum
2271 1993 2334 2030 ea:
2377 1980 2597 2033 mortuis
2642 1982 2910 2036 reducere.
2951 1980 3054 2036 Sed
3092 1985 3218 2054 quid
3253 1985 3423 2039 dicit?

1841 2062 2012 2135 Prope
2039 2072 2089 2118 te
2109 2076 2183 2120 est
2222 2069 2433 2122 verbum
2473 2085 2491 2122 :
2529 2086 2713 2140 nempe
2751 2074 2806 2125 in
2850 2090 2940 2127 ore
2981 2081 3068 2127 tuo
3105 2082 3153 2127 et
3182 2077 3237 2128 in
3268 2076 3422 2129 corde

1840 2164 1946 2208 tuo.
1973 2157 2081 2211 Hoc
2101 2168 2196 2223 est,
2226 2160 2435 2215 verbum
2454 2160 2579 2229 ﬁdei
2604 2162 2743 2232 quod
2767 2165 3140 2233 praedicamus.

1912 2353 1929 2386 ι
1964 2336 2138 2392 Moses
2164 2339 2352 2394 scribit
2375 2340 2442 2393 de
2467 2340 2679 2410 justitia
2715 2357 2836 2411 qua:
2866 2350 2949 2397 est
2980 2358 3049 2396 ex
3078 2343 3218 2413 lege.
3257 2362 3275 2394 ι
3320 2342 3419 2398 Hic

1839 2428 2107 2482 terminus
2131 2438 2213 2483 est
2238 2432 2467 2500 justitite
2494 2448 2614 2500 qua:
2641 2433 2929 2502 perlegem
2952 2435 3220 2502 est,quod
3254 2435 3420 2489 homo

1837 2520 1931 2589 qui
1980 2536 2045 2575 ea
2090 2520 2304 2586 fecerit,
2347 2525 2496 2577 vivet
2546 2540 2643 2593 per
2694 2524 2865 2579 illam.
2912 2526 3033 2581 Non
3070 2544 3201 2596 ergo
3239 2528 3426 2582 salvus

1838 2612 1957 2666 ﬁeri
2008 2621 2190 2679 potest
2231 2614 2323 2683 qui
2377 2630 2440 2668 ea
2474 2632 2581 2669 non
2642 2616 3004 2686 compleverit
3036 2634 3159 2688 quae
3204 2620 3259 2673 in
3304 2621 3424 2689 lege

1837 2707 2159 2760 habentur:
2214 2708 2342 2776 quia
2399 2722 2521 2776 quae
2572 2723 2672 2777 per
2706 2710 2881 2779 legem
2926 2722 3045 2765 erat
3096 2727 3173 2766 ac.
3214 2712 3426 2769 inutilis

1835 2798 1977 2852 facta
2006 2809 2110 2853 est.
2144 2817 2161 2850 ι
2190 2799 2460 2853 Caeterum
2490 2798 2705 2869 justitia
2734 2817 2856 2870 quae
2887 2810 2972 2856 est
2999 2817 3065 2855 ex
3096 2801 3227 2857 ﬁde.
3263 2821 3279 2853 ι
3317 2801 3421 2858 Ubi

1836 2891 1983 2945 illam
2021 2891 2161 2945 dixit
2189 2892 2455 2960 justitiam
2496 2907 2617 2957 qua:
2654 2900 2739 2946 est
2773 2908 2838 2946 ex
2878 2893 3017 2962 lege,
3050 2908 3170 2948 eam
3204 2910 3424 2963 quoque

1835 2982 1970 3035 dicit
1995 2997 2117 3051 qua:
2144 2997 2211 3035 ex
2238 2982 2343 3035 ﬁde
2374 2990 2481 3043 est,
2517 2990 2577 3035 et
2603 2983 2845 3037 ostendit
2876 3000 2984 3037 non
3015 2983 3152 3037 adeo
3184 2985 3425 3039 laborio.

1834 3089 1949 3128 sam
1982 3089 2102 3127 esse
2133 3091 2145 3125 :
2173 3082 2507 3142 quapropter
2540 3075 2789 3126 nonnulli
2827 3075 2967 3129 hanc
2998 3076 3237 3129 assecuti
3271 3086 3421 3139 sunt,

156 3156 302 3205 τινες
326 3142 591 3212 ἔφθασαν,
617 3148 835 3223 ἐκείνην
858 3152 915 3205 δὲ
951 3153 1148 3218 οὐδείς,
1187 3175 1203 3208 ι
1250 3158 1339 3228 Μὴ
1375 3161 1534 3232 είπῃς
1576 3165 1634 3216 ὲν
1661 3167 1727 3236 τῇ

1838 3167 1980 3221 illam
2035 3180 2165 3218 vero
2215 3165 2417 3217 nullus.
2468 3182 2485 3214 ι
2529 3165 2605 3218 Ne
2670 3165 2821 3219 dicas
2884 3164 2940 3218 in
3000 3166 3165 3220 corde
3236 3175 3350 3220 tuo.
3398 3186 3415 3217 ι

158 3233 362 3305 καρδίᾳ
408 3252 525 3290 σου.
564 3256 585 3290 ι
621 3237 740 3292 Ἵνα
786 3244 860 3312 μὴ
894 3244 1123 3315 νομισθῇ
1162 3249 1193 3318 ἠ
1241 3250 1420 3313 πίστις
1466 3233 1727 3325 εύκατόρζ

156 3320 333 3387 θωτος
368 3327 464 3378 καὶ
502 3328 1002 3404 εὐκαταφρόνητος,
1048 3337 1135 3391 διὰ
1176 3340 1333 3394 τοῦτο
1362 3344 1602 3399 δείκνυσι
1636 3320 1727 3404 καὶ

152 3414 331 3484 αὐτὴν
363 3417 527 3472 πόνου
559 3420 843 3493 δεομένην,
872 3427 967 3480 καὶ
1001 3430 1136 3497 πρὸς
1164 3433 1290 3494 τοὺς
1328 3434 1553 3501 ἀφανεῖς
1585 3441 1729 3508 λογι-

154 3508 331 3574 σμοὺς
364 3508 593 3579 ἔχουσαν
643 3514 741 3583 τὴν
791 3517 985 3587 πάλην.
1032 3522 1121 3591 Μὴ
1171 3524 1329 3594 εἴπῃς
1354 3528 1462 3595 γὰρ
1500 3532 1635 3598 μηδὲ
1671 3535 1728 3586 ὲν

155 3596 379 3665 καρδία·
441 3602 716 3667 τουτέστι,
767 3606 915 3675 Μηδὲ
964 3609 1296 3682 ἐνθυμηθῇς,
1377 3596 1511 3670 ἀλλὰ
1554 3596 1728 3675 τεάντα

153 3687 420 3757 λογισμὸν
446 3690 643 3746 ἔκϐαλε
672 3693 795 3758 ἔξω.
814 3698 1140 3765 -Ἂλλωᾳ
1175 3704 1389 3775 Ἐπειδὴ
1410 3708 1643 3777 ἤκουσας
1663 3715 1729 3766 τὰ

151 3777 247 3829 τοῦ
282 3780 451 3847 νόμον
481 3780 620 3855 ἔργα
644 3786 722 3857 μὴ
746 3788 1027 3868 ’δύνασθαι
1074 3793 1358 3850 δικαιῶσαι
1407 3801 1496 3853 τὸν
1524 3803 1732 3873 ἄνθρωο

154 3886 279 3932 πον,
317 3872 556 3938 μάνθανε
588 3876 706 3941 πῶς
746 3880 803 3933 ἐν
831 3881 1056 3953 Χριστῷ
1089 3888 1464 3957 δικαιούμεθα,
1516 3872 1730 3961 ἀπόνως

154 3963 251 4013 καὶ
280 3962 503 4032 ῥᾳδίως.
528 3966 720 4021 Πίστιν
744 3974 850 4041 γὰρ
880 3971 1033 4043 ζητεῖ
1060 3978 1122 4028 ἐκ
1150 3980 1394 4048 καρδίας,
1427 3986 1519 4037 καὶ
1541 3987 1734 4054 ὁμολο-

152 4052 287 4116 γίαν
307 4053 374 4106 ἐκ
404 4055 692 4124 στόματος.
738 4059 1057 4129 Ἀναγκαῖον
1078 4066 1131 4119 δὲ
1164 4071 1457 4141 σαφηνίσαι
1487 4075 1543 4128 τὸ
1571 4052 1733 4145 ίδητὲιν

154 4144 522 4215 πλατύτερον,
566 4150 648 4215 τὸ,
691 4169 711 4203 ι
745 4152 839 4214 Τίς
881 4156 1212 4230 ἀναϐήσεται
1249 4166 1328 4227 εἰς
1366 4165 1455 4217 τὸν
1483 4144 1732 4238 οὐρανὸν,

154 4238 250 4290 καὶ
277 4238 361 4302 τίς
393 4241 768 4313 καταϐήσεται
790 4248 868 4309 είς
888 4248 986 4318 τὴν
1008 4251 1265 4319 ᾶϐυσσον;
1301 4274 1319 4306 ι
1351 4259 1469 4311 Ἐνι
1494 4259 1550 4313 δὲ
1579 4261 1736 4317 τοῦτο

155 4329 222 4381 ἐκ
252 4328 350 4383 τοῦ
404 4332 651 4398 Μωσέως
712 4336 883 4402 οὕτως
935 4341 1189 4410 είλῆφθαι
1248 4346 1325 4415 τῷ
1393 4349 1733 4423 Ἀποστὸλῳ,

155 4423 355 4491 νοηθὲν
380 4424 524 4477 κατὰ
544 4426 641 4496 τὴν
674 4430 917 4502 μεγάλην
948 4434 1114 4488 αὐτοῦ
1151 4438 1359 4505 σοφίαν.
1410 4440 1466 4493 '0
1500 4446 1598 4511 μὲν
1629 4448 1737 4516 γὰρ

1835 3261 1910 3312 Ne
1974 3266 2259 3327 putaretur
2303 3256 2438 3310 ﬁdes
2491 3256 2667 3310 facilis
2737 3257 2802 3310 ad
2855 3258 3301 3326 assequendum,
3355 3275 3419 3314 ac

1831 3351 1988 3405 facile
2056 3350 2477 3418 deSpiceretur,
2551 3358 2842 3418 propterea
2878 3350 3135 3404 ostendit
3184 3351 3248 3403 ad
3296 3367 3417 3404 eam

1830 3458 2049 3513 quoque
2086 3442 2272 3495 labore
2308 3455 2446 3508 opus
2468 3456 2608 3504 esse,
2658 3449 2713 3492 et
2746 3440 3007 3494 adversus
3046 3441 3278 3496 latentes
3323 3457 3417 3496 (ὀ⁴

1829 3535 2119 3605 gitatiunes
2155 3534 2323 3602 ipsam
2357 3532 2557 3585 habere
2608 3532 2829 3586 luctam.
2869 3532 3152 3601 Siquidem
3196 3549 3264 3586 ne
3328 3534 3414 3587 di-

1831 3642 1946 3689 cas,
1990 3624 2186 3694 inquit.
2220 3623 2305 3675 vel
2353 3622 2404 3674 in
2444 3621 2609 3675 corde
2663 3631 2774 3681 tuo,
2808 3622 2913 3675 hoc
2959 3632 3060 3676 est.
3106 3639 3170 3677 ne
3207 3626 3415 3687 (‘ngitcs

1832 3718 2075 3790 quidem.
2129 3716 2232 3780 vel,
2298 3730 2514 3768 omnem
2580 3716 2963 3783 cogitationem
3041 3716 3186 3768 futuis
3244 3720 3404 3786 Pjit‘a‘.

1830 3807 2226 3883 342—Alio
2286 3806 2456 3859 modo.
2512 3804 2967 3874 Quandoquidem
3014 3809 3213 3861 audisti
3274 3810 3409 3879 legis

1832 3919 1999 3974 Opera
2052 3917 2159 3954 non
2198 3913 2357 3967 posse
2400 3897 2678 3951 hominem
2716 3898 3040 3967 justilicarc,
3086 3900 3234 3952 disce
3270 3917 3409 3969 quo-

1835 3995 1999 4051 modo
2030 4009 2127 4062 per
2160 3992 2439 4047 Christum
2477 3990 2593 4045 sine
2624 3990 2813 4045 labore
2847 4005 2909 4043 ac
2940 3989 3097 4045 facile
3139 3991 3410 4060 justitice-

1836 4106 1979 4146 mur.
2009 4088 2195 4142 Fidem
2252 4084 2525 4153 siquidem
2561 4084 2797 4152 requirit
2828 4099 2858 4137 e
2894 4083 3057 4137 corde
3098 4092 3153 4137 et
3194 4085 3409 4140 confes-

1837 4181 2046 4237 sionem
2077 4177 2145 4230 ab
2166 4190 2281 4229 ore.
2315 4175 2549 4228 Necesse
2580 4184 2663 4227 est
2690 4182 2871 4229 autem
2902 4183 2961 4226 ut
2989 4173 3201 4242 planius
3235 4176 3407 4243 expli-

1836 4276 1991 4324 cetur
2022 4265 2167 4336 quod
2200 4264 2406 4317 dictum
2434 4273 2517 4318 est
2548 4281 2560 4315 :
2600 4282 2617 4313 ι
2654 4261 2786 4327 Quis
2818 4264 3075 4316 ascendet
3104 4264 3155 4315 in
3186 4266 3407 4330 cadum,

1837 4371 1893 4417 et
1919 4360 2045 4430 quis
2075 4357 2367 4412 descendit
2391 4357 2449 4409 in
2477 4354 2755 4424 abyssum.
2806 4374 2822 4405 ι
2862 4354 3049 4408 Potest
3091 4365 3271 4410 autem
3310 4359 3413 4414 hoc

1841 4470 1871 4507 a
1903 4454 2045 4506 hlose
2074 4448 2349 4519 accepisse
2378 4448 2690 4517 Apostolus,
2719 4446 3057 4499 intellectum
3086 4447 3237 4516 juxta
3261 4465 3412 4502 suam

156 4515 395 4584 Μωσῆς,
441 4518 567 4571 ὅσον
623 4521 765 4573 κατά
810 4523 871 4576 τὸ
903 4526 1157 4595 γράμμα,
1199 4528 1369 4593 οὕτως
1407 4536 1593 4602 φησιν,
1655 4515 1735 4590 ὃτι

1844 4559 2090 4614 magnam
2135 4540 2479 4610 sapientiam.
2529 4539 2705 4592 Moses
2754 4554 2988 4606 namque
3038 4548 3301 4608 quantum
3348 4541 3414 4594 ad

171 4606 237 4658 Ἠ
269 4608 461 4678 ἐντολὴ
510 4609 606 4662 τοῦ
650 4611 787 4666 Θεοῦ
835 4617 941 4687 πρὸ
970 4618 1265 4688 ὀφθαλμῶν
1306 4640 1397 4675 σου
1451 4628 1647 4691 κεῖται,
1696 4625 1740 4681 ὦ

170 4696 432 4749 Ἶουδαίε·
466 4703 561 4752 καὶ
590 4702 651 4754 οὐ
680 4703 762 4756 δεῖ
809 4721 868 4757 σε
911 4706 1035 4760 οὔτε
1080 4711 1158 4773 εἰς
1195 4712 1286 4764 τὸν
1315 4715 1554 4781 ,ούρανὺν
1583 4720 1739 4772 ἀνελ-

158 4790 299 4855 θεῖν,
342 4789 431 4845 ἶνα
460 4794 665 4863 ταύτην
703 4795 889 4868 εὕρῃς,
932 4798 1057 4854 οὔτε
1084 4804 1161 4866 εἰς
1200 4805 1297 4873 τὴν
1327 4804 1576 4861 ἄϐυσσον
1608 4828 1741 4865 κατ-

161 4884 363 4945 ελθεῖν,
412 4884 499 4937 ἵνα
539 4886 746 4959 ταύτην
789 4890 983 4963 λάϐῃς,
1021 4893 1143 4947 οὔτε
1186 4897 1267 4958 είς
1298 4897 1365 4950 τὰ
1404 4899 1617 4969 πέρατα
1643 4904 1743 4967 τῆς

163 4974 450 5046 θαλάσσης
494 4977 765 5048 διαϐῆναι.
812 4982 950 5035 Ἀλλ’
1003 4985 1169 5052 ἐγγύς
1221 4988 1315 5040 σού
1369 4992 1630 5065 ἐστινςὲν
1665 4996 1742 5065 τῷ

166 5068 404 5131 στόματί
451 5086 546 5122 σου
580 5072 676 5125 καὶ
713 5076 771 5126 ἐν
802 5078 867 5145 τῇ
905 5075 1113 5149 διανοίᾳ
1162 5095 1275 5133 σου.
1329 5100 1349 5131 ι
1406 5082 1588 5135 Πάντα
1633 5086 1740 5156 γάρ

166 5160 421 5225 ὑπέδειξε
454 5178 538 5214 σοι
565 5165 594 5215 6
618 5164 752 5227 Θεὸς
776 5166 863 5219 διὰ
906 5168 999 5221 τοῦ
1039 5171 1227 5239 νόμου.
1266 5170 1324 5224 Ὀ
1355 5174 1455 5241 μὲν
1499 5174 1590 5227 οὖν
1614 5178 1741 5229 Μω-

168 5249 273 5316 σῆς
311 5252 453 5303 κατὰ
474 5252 532 5304 τὸ
560 5254 794 5324 γράμμα
851 5256 1024 5322 οὕτως
1062 5259 1211 5314 δοκεῖ
1235 5261 1408 5316 ταῦτα
1433 5263 1635 5331 λέγειν.
1680 5267 1737 5319 '0

166 5340 223 5392 δὲ
271 5341 623 5407 ’Δπόστολος,
663 5349 741 5409 είς
770 5348 1005 5417 Χριστὸν
1032 5351 1207 5406 ταῦτα
1236 5353 1541 5417 ὲξελάϐετο.
1571 5357 1741 5410 Τουτ-

170 5434 314 5496 im,
344 5433 438 5503 Μὴ
482 5435 759 5511 διστάσῃς,
795 5440 930 5510 μηδὲ
960 5443 1133 5514 ἐἴπῃς
1175 5445 1233 5497 ιν
1280 5447 1343 5514 τῇ
1377 5446 1583 5516 διανοίᾳ
1628 5465 1743 5513 σου,

173 5523 303 5586 Πῶς
332 5526 361 5577 6
392 5525 625 5592 Χριστὸς
653 5530 918 5600 κατῆλθεν
958 5534 1023 5587 ἐκ
1050 5534 1156 5588 τῶν
1194 5536 1437 5608 οὐρανῶν
1468 5540 1560 5590 καὶ
1586 5542 1748 5613 ἐσαρ-

170 5616 364 5687 uber};
400 5618 436 5685 ἢ
489 5618 605 5683 πῶς
647 5621 937 5677 ἀποθανὼν
983 5627 1180 5699 ἀνέστη
1226 5631 1289 5682 ὲκ
1337 5630 1431 5699 τῆς
1466 5628 1746 5699 ἀϐύσσους

290 5793 361 5823 ⁸⁸⁸
396 5792 552 5848 Dcul.
586 5812 710 5864 xu,
748 5800 803 5852 ll
828 5801 925 5853 -ἰ-ι.

1839 4635 2077 4688 litteram
2131 4633 2203 4685 ita
2234 4630 2407 4683 dicit:
2460 4648 2477 4681 ι
2513 4629 2608 4683 Dei
2640 4639 2970 4699 praeceptum
3012 4645 3194 4684 coram
3243 4632 3417 4687 oculis

1846 4726 1952 4781 tuis
1978 4725 2141 4779 situm
2173 4736 2278 4787 est,
2312 4738 2344 4775 0
2367 4722 2551 4777 Judtee
2580 4740 2593 4775 :
2646 4736 2746 4788 nec
2770 4730 2988 4790 oportet
3018 4732 3111 4775 aut
3138 4724 3189 4774 in
3217 4712 3416 4778 malum

1842 4817 2139 4874 ascendere
2183 4827 2243 4870 ut
2283 4815 2418 4868 illud
2463 4814 2731 4878 invenias,
2798 4823 2894 4866 aut
2931 4814 2982 4866 in
3031 4815 3286 4885 abyssum
3320 4816 3415 4870 de-

1842 4907 2104 4963 scendere
2132 4917 2191 4960 ut
2216 4906 2394 4974 ipsum
2414 4904 2670 4973 accipias,
2691 4920 2869 4972 neque
2896 4906 2960 4957 ad
2979 4918 3223 4959 extrema
3253 4907 3419 4961 maris

1847 5000 2100 5053 transire.
2137 4997 2240 5052 Sed
2274 5011 2441 5064 prope
2476 5004 2527 5048 te
2566 5004 2650 5047 est
2694 4994 2748 5046 in
2795 5010 2889 5048 ore
2927 5003 3019 5047 tuo
3054 5006 3108 5050 et
3148 4996 3200 5047 in
3238 5005 3419 5049 mente

1846 5101 1939 5145 tua
1968 5090 2056 5142 ⁸⁸⁸.
2087 5108 2105 5141 ι
2146 5086 2426 5156 Siquidem
2476 5085 2659 5139 omnia
2705 5086 2945 5139 ostendit
2998 5085 3094 5138 tibi
3132 5086 3273 5137 Deus
3324 5101 3419 5154 per

1845 5183 2043 5253 legem.
2073 5180 2247 5234 Moses
2290 5178 2472 5246 itaque
2516 5178 2668 5247 juxta
2697 5177 2932 5230 litteram
2974 5178 3087 5229 haec
3124 5177 3307 5230 dicere
3336 5177 3418 5229 vi-

1845 5274 2039 5334 detur;
2072 5268 2362 5337 Apostolus
2399 5281 2531 5319 vero
2572 5265 2638 5318 ad
2684 5264 2961 5319 Christum
3003 5266 3104 5319 ista
3169 5267 3357 5319 retulit
3402 5299 3417 5337 ε

1843 5362 1949 5416 hoc
1991 5369 2095 5426 est,
2138 5359 2215 5414 Ne
2258 5358 2502 5421 vacilles,
2540 5372 2719 5425 neque
2764 5357 2816 5408 in
2855 5367 3037 5411 mente
3076 5365 3167 5411 tua
3219 5358 3371 5411 dicas
3405 5377 3414 5407 :

1844 5452 2130 5518 Quomodo
2162 5450 2414 5504 Christus
2441 5446 2725 5502 descendit
2771 5447 2838 5500 de
2875 5448 3050 5512 caelis,
3089 5463 3418 5516 carnemque

1848 5541 2171 5611 assumpsit;
2231 5548 2326 5592 aut
2382 5554 2491 5607 quo
2542 5547 2701 5607 pacto
2764 5546 3014 5591 mortuus
3064 5538 3303 5591 surrexit
3354 5552 3421 5592 ex

1851 5636 2081 5706 abysso?
2110 5632 2164 5687 id
2196 5642 2300 5697 est,
2331 5630 2398 5686 ab
2436 5628 2638 5684 inlimis
2672 5628 2832 5695 locis,
2879 5630 2972 5685 sed
3011 5644 3227 5685 omnem
3277 5629 3425 5699 cogi-
