4196 6468
136 403 219 468 523
1167 400 1560 461 ΕΟΜΜΕΝΓ.
1592 399 1671 458 1N
1716 399 1793 458 Ei

1167 400 1560 461 COMMENF.
1592 399 1671 458 ΙΝ
1716 399 1952 461 EPIST.
1989 403 2087 462 AD
2136 404 2315 464 liUM.

3259 405 3362 469 53$

187 518 336 584 Εἷπε,
375 539 394 571 ι
426 521 540 581 Πᾶς
565 519 621 582 ὃς
653 518 717 572 ἂν
745 517 1138 589 ἐπικαλέσηται
1163 519 1224 571 τὸ
1249 519 1420 589 ὄνομα
1453 518 1680 588 Κυρίου,
1714 525 1756 574 Α

1714 525 1756 574 A
1862 518 2046 578 Dixit.
2103 541 2120 571 ι
2181 523 2372 577 Omnis
2423 522 2740 590 quicunque
2785 521 3123 576 invocaverit
3169 537 3365 578 nomen

135 615 439 682 σωθήσεται.
486 633 504 665 ι
542 614 668 676 [Ιῶς
695 612 985 681 τοιγαροῦν
1010 613 1162 664 ἔσται
1195 611 1380 675 αὐτοῖς
1409 610 1685 680 ἐπιτυχεῖν

133 710 220 760 τῶν
250 707 347 759 τοῦ
400 708 681 776 προφήτου
735 706 998 777 ῥημάτων
1031 703 1342 774 ἀνθρώποις
1394 701 1684 755 πιστεῦσαι

135 800 193 871 μὴ
243 801 569 867 θελήσασινι
616 800 859 860 Ἐαυτοῖς
911 796 1206 867 τοιγαροῦν
1257 794 1682 866 μεμφέσθωσαν.

143 890 500 942 ’Λποκλείουσι
550 890 659 958 γὰρ
708 889 807 958 τὴν
862 887 1139 957 σωτηρίαν
1200 887 1293 954 ἀφ’
1345 885 1574 939 ἑαυτῶν.
1618 913 1687 924 —

138 986 361 1047 Ἄλλως.
402 981 604 1053 [4.011]
629 982 764 1034 Δίαν
801 980 1035 1033 ενταῦθα
1068 979 1568 1050 σιιμπεπλεγμένας
1598 979 1688 1031 ὲν-

133 1075 254 1136 vola;
294 1075 624 1143 συνεγείρει,
666 1072 762 1125 καὶ
791 1072 1111 1141 Θαυμασίως
1141 1070 1406 1140 προάγει.
1451 1068 1688 1123 Πλοῦτον

135 1169 348 1235 ἡγεῖται,
377 1167 564 1233 φησὶν,
595 1165 623 1216 ὁ
653 1165 910 1235 Χριστὸς,
949 1164 1011 1217 τδ
1058 1162 1345 1216 πιστεῦσαι
1382 1162 1477 1214 καὶ
1507 1159 1687 1229 σωθῆ-

132 1256 201 1308 val
226 1271 308 1317 σε,
338 1253 479 1306 ὥστε
515 1254 576 1306 τὸ
598 1254 708 1306 ἀπό
731 1270 795 1319 γε
824 1253 919 1305 τοῦ
961 1251 1220 1322 Χριστοῦ,
1263 1251 1410 1306 ἅπαν
1442 1252 1685 1318 γέγονεν.

132 1346 294 1408 Θέλεκ
328 1343 424 1398 οῦν
451 1344 727 1411 σωθῆναις
759 1342 1087 1398 ὲπικάλεσαι
1114 1343 1205 1395 τδν
1239 1341 1492 1412 Χριστόν.
1531 1339 1690 1392 Ἀλλὰ

131 1439 279 1499 Θέλεις
307 1435 768 1500 ὲπικαλέσασθαις
815 1432 1106 1488 πιστεῦσαι
1137 1433 1218 1484 δεῖ
1264 1433 1549 1502 πρότερον.
1587 1430 1690 1482 Θέ-

131 1528 221 1588 λεις
242 1527 301 1580 δὲ
328 1525 616 1580 πιστεῦσαι
641 1545 655 1592 ;
686 1526 916 1579 ἀκοῦσαι
945 1527 1027 1578 δεῖ
1051 1523 1317 1594 πρότερον
1345 1524 1438 1576 τοῦ
1476 1521 1688 1592 κηρύγ-

134 1635 301 1687 ματος.
345 1618 507 1670 Ἀλλὰ
526 1617 618 1669 τὸν
640 1616 983 1685 κηρύσσοντα
1025 1614 1210 1685 ζητεῖς
1232 1632 1246 1678 ;
1295 1616 1402 1668 ἰδοῦ
1428 1613 1535 1681 ἐγὼ
1559 1611 1688 1682 βοῶ.

141 1712 258 1764 Ἀλλ’
299 1713 519 1778 ἀγνοεῖς
547 1712 600 1762 εἰ
625 1709 978 1778 ἀπέσταλμαι
1011 1708 1344 1777 κηρύσσειν,
1383 1704 1692 1776 προφητεία

130 1806 257 1858 εστὶν
275 1805 489 1860 ἄνωθεν
515 1803 676 1857 τοῦτο
705 1800 1078 1873 κηρύσσουσα,
1105 1802 1187 1853 ὅτι
1217 1800 1279 1853 οὐ
1317 1799 1478 1869 μόνον
1513 1796 1691 1866 κηρύ-

133 1899 258 1962 ξωσι
285 1897 388 1951 καὶ
411 1895 861 1964 εὐαγγελίσονται
888 1893 988 1964 τὴν
1020 1892 1295 1962 σωτηρίαν
1321 1892 1414 1945 καὶ
1443 1892 1690 1961 εἰρήνην,

130 1987 333 2041 mem
367 1984 465 2039 καὶ
501 1983 713 2054 μεγάλα
744 1980 841 2035 καὶ
885 1979 1146 2048 ὑπερφυῆ
1185 1975 1558 2044 ἑξανύσουσιν.
1604 1974 1694 2038 Ὠς

135 2080 305 2149 ὡραῖοι
334 2079 450 2146 γὰρ
469 2077 519 2129 οἱ
550 2075 709 2138 πόδες
735 2074 846 2127 τῶν
873 2074 966 2126 ἐπὶ
980 2072 1044 2124 τὸ
1071 2071 1337 2141 κήρυγμα
1364 2069 1690 2138 τρεχόντων,

133 2172 266 2242 φησὶ,
292 2169 409 2223 τῶν
441 2169 502 2222 τὸ
533 2167 865 2235 Εὐαγγέλιον
889 2162 1364 2232 καταγγελλόντων
1388 2162 1402 2214 l
1439 2160 1577 2214 ὥστε
1606 2161 1694 2212 οὐ·

131 2263 272 2331 δεμία
298 2262 579 2332 πρόφασις
602 2255 849 2328 ὑμῐντοῦ
878 2257 1139 2326 σωθῆναι.
1175 2273 1195 2306 ι
1234 2254 1357 2316 Πῶς
1387 2252 1442 2305 δὲ
1474 2253 1689 2304 πιστεύ-

136 2371 335 2420 σουσιν;
383 2371 402 2404 ι
441 2344 600 2408 1ιάτά
641 2351 702 2403 τὸ
742 2349 1043 2406 ἀκόλουθον
1091 2346 1202 2416 γὰρ
1238 2347 1333 2398 καὶ
1366 2343 1524 2398 τοῦτο
1558 2360 1696 2412 συμ-

133 2446 306 2498 ϐαίνει.
347 2463 367 2497 ι
408 2443 632 2511 Ἐπειδὴ
660 2443 768 2512 γὰρ
795 2441 906 2495 τῶν
928 2438 1094 2493 αὑτοῦ
1117 2438 1290 2506 λόγων
1325 2435 1558 2490 ἀκοῦσαι
1596 2436 1695 2487 οὐκ

136 2535 540 2605 ἠῦουλήθησαν,
593 2533 821 2596 εἰκότως
869 2532 994 2587 οὐδὲ
1049 2531 1396 2584 ὲπίστευσαν.
1447 2547 1466 2578 ι
1512 2528 1690 2596 Χωρὶς

137 2628 508 2696 κηρύσσοντος.
548 2646 568 2679 ι

195 2717 496 2788 Τοιγαροῦν
532 2718 668 2784 ἰδοῦ,
725 2719 894 2788 φησὶ,
943 2718 1236 2784 κηρύσσω,
1291 2718 1384 2770 καὶ
1420 2717 1694 2786 προσῆκον

136 2811 262 2875 ὑμᾶς
292 2809 632 2878 ἀνασχέσθαι
652 2810 760 2860 τῶν
784 2810 954 2876 λόγων
979 2811 1071 2862 καὶ
1092 2810 1200 2863 τῶν
1223 2809 1481 2876 ἐλέγχων.
1513 2829 1530 2861 ι
1570 2809 1694 2860 Ἐὰν

137 2901 201 2970 μὴ
224 2900 596 2954 ἀποσταλῶσι.
649 2919 668 2952 ι
706 2900 988 2953 Δείκνυσιν
1032 2901 1115 2953 ὅτι
1146 2900 1246 2952 οὐκ
1271 2901 1329 2965 ἐξ
1363 2900 1567 2962 οἰκείας
1600 2901 1693 2951 εύ-

134 2991 356 3055 Θεντείας
384 2989 556 3062 ἦλθεν
581 2992 660 3051 είς
704 2993 766 3044 τὺ
797 2991 1030 3062 κηρύξαι
1061 2993 1266 3054 αὐτοῖς,
1301 2992 1415 3044 ἀλλ’
1447 2995 1690 3044 ἀποστα-

131 3082 228 3144 λεὶς
255 3085 407 3152 παρὰ
446 3082 709 3151 Χριστοῦ,
733 3082 910 3152 τούτῳ
937 3081 1132 3136 ἑαυτὸν
1155 3083 1468 3148 αξιηὸπιστον
1503 3083 1692 3138 ποιῶν.

1790 609 2027 673 Domini,
2063 613 2243 666 salvus
2275 613 2400 666 crit.
2441 633 2459 663 ι
2492 612 2611 676 Quo
2641 612 2826 679 itaque
2869 620 3025 676 parto
3062 610 3178 665 fieri
3207 619 3368 680 pote-

1791 702 1859 755 rit
1882 712 1941 756 ut
1975 704 2253 771 prophetae
2287 705 2449 758 verba
2498 703 2800 759 sortiantur
2839 701 3096 755 effectum
3129 701 3370 776 homini-

1791 791 1892 846 bus
1928 792 2158 847 credere
2193 794 2543 848 nolentibus?
2590 794 2810 863 Seipsos
2856 791 3022 859 igitur
3063 801 3319 845 accusent
3350 806 3366 843 :

1794 899 1920 937 nam
1965 886 2195 939 salutem
2237 901 2266 938 a
2298 886 2608 953 semetipsis
2648 880 3161 938 exrludunt.-—Alio
3194 881 3365 932 modo.

1791 973 1905 1028 Hoc
1958 977 2078 1030 loco
2129 988 2339 1032 mentes
2390 986 2768 1031 consternatus
2816 973 3111 1028 admodum
3172 969 3366 1039 erigit,

1792 1064 1958 1136 3M
2017 1076 2072 1120 et
2118 1068 2260 1122 miro
2313 1071 2476 1124 modo
2532 1068 2799 1138 procedit.
2860 1065 3111 1127 Divitias,
3171 1063 3368 1130 inquit,

1799 1159 1954 1214 ducit
1986 1176 2106 1215 esse
2141 1162 2397 1217 Christus
2430 1170 2488 1216 ut
2524 1161 2719 1216 credas
2747 1169 2801 1213 et
2830 1161 3010 1214 salvus
3055 1159 3169 1212 tias.
3200 1156 3370 1210 Omni»

1796 1255 1987 1323 itaque
2026 1256 2308 1324 negotium
2339 1272 2368 1308 a
2398 1256 2616 1310 Christo
2651 1253 2954 1324 perfectum
2991 1261 3095 1306 est.
3128 1252 3224 1304 Vis
3243 1265 3372 1318 ergo

1792 1344 1976 1397 salvus
2001 1343 2177 1398 eilici?
2207 1345 2400 1416 invoca
2425 1341 2945 1398 Christum.'Verum
2974 1341 3227 1394 invocare
3258 1339 3372 1392 vis?

1791 1435 2016 1490 credere
2047 1436 2200 1503 prius
2234 1443 2472 1504 Oportet.
2512 1436 2605 1490 Vis
2634 1448 2814 1489 autem
2847 1433 3109 1488 credere?
3132 1445 3271 1498 opus
3291 1441 3368 1481 est

1792 1525 2028 1592 primum
2071 1525 2264 1597 audire
2312 1524 2778 1594 praedicatiom‘m.
2841 1525 2908 1576 At
2961 1519 3372 1591 praedicatorem

1794 1617 2036 1684 quaeris?
2083 1618 2225 1670 Ecce
2271 1633 2372 1686 ego
2422 1618 2618 1671 clamo.
2669 1616 2867 1670 Verum
2919 1615 3156 1682 ignoras‘
3191 1621 3372 1664 utrum

1793 1707 1857 1760 ad
1883 1707 2291 1775 praedicandum
2325 1707 2525 1762 missus
2541 1709 2685 1760 sim?
2710 1707 2998 1775 prophetia
3028 1713 3111 1758 est
3135 1720 3164 1756 e
3190 1716 3378 1769 super'

1795 1799 1879 1852 nis
1909 1800 2010 1853 hoc
2054 1799 2407 1862 annuntians,
2436 1799 2583 1869 quod
2626 1814 2734 1853 non
2770 1807 2980 1852 tantum
3027 1792 3374 1865 praadicaturi

1794 1901 1849 1945 et
1881 1893 2260 1945 annuntiaturi
2306 1901 2493 1947 essent
2537 1892 2770 1947 salutem
2818 1903 2873 1944 et
2920 1903 3130 1958 pacem,
3191 1902 3374 1939 verum

1797 1981 1961 2036 etiam
1997 1997 2190 2051 magna
2219 1997 2284 2036 ac
2333 1983 2534 2036 eximia
2563 1982 2863 2052 peracturi.
2905 1980 3077 2046 Quam
3118 1977 3374 2047 speciosr,

1798 2075 1995 2144 inquit,
2028 2076 2196 2144 pedes
2224 2090 2417 2128 eorum
2449 2073 2543 2143 qui
2578 2073 2644 2127 ad
2685 2071 3090 2142 praedicandum
3124 2081 3376 2129 currunt.

1796 2167 1890 2236 qui
1926 2166 2280 2235 Evangc-IEuin
2325 2164 2676 2219 annuutiant.
2727 2164 2924 2218 Nullus
2978 2163 3162 2232 itaque
3219 2160 3380 2215 vobis

1799 2267 2092 2328 praetexitis
2137 2269 2219 2312 cst
2272 2257 2404 2326 quin
2457 2257 2588 2310 salvi
2637 2256 2972 2311 eﬂiciamini.
3025 2275 3043 2306 ι
3091 2253 3379 2321 Quomodo

1796 2365 1977 2404 autem
2011 2351 2264 2404 credent.
2303 2368 2321 2398 ›
2359 2349 2492 2402 Nam
2525 2349 2677 2419 juxta
2709 2349 3159 2419 consequentiam
3189 2357 3245 2402 et
3273 2347 3376 2400 boc

1797 2461 1841 2496 ιιι
1863 2444 2016 2496 ei-lit.
2055 2444 2286 2508 Quando
2319 2458 2450 2513 ergo
2483 2459 2768 2498 sermones
2807 2446 2926 2512 ejus
2953 2443 3145 2496 audire
3182 2441 3344 2494 nolue

1799 2535 1927 2594 rint,
1955 2537 2150 2588 incrito
2175 2534 2340 2588 etiam
2369 2550 2478 2588 non
2505 2534 2877 2589 crediderunt.
2928 2552 2946 2585 ι
2985 2534 3206 2602 Absque
3239 2547 3377 2601 prte-

1797 2627 2033 2680 tlicaute.
2071 2647 2087 2677 ι

1870 2721 2054 2789 Itaque
2102 2736 2252 2783 ecce,
2295 2721 2493 2788 inquit.
2547 2735 2650 2790 ego
2691 2721 2970 2789 praedico:
3022 2736 3120 2776 vos
3159 2713 3378 2791 quoque

1793 2828 2008 2882 aequum
2045 2824 2129 2866 est
2168 2813 2310 2866 ferre
2341 2827 2627 2866 sermones
2658 2827 2722 2867 ac
2745 2812 3176 2884 obiurgationes.
3213 2835 3228 2864 ι
3261 2814 3377 2868 Nisi

1795 2903 1946 2956 missi
1991 2903 2215 2956 fuerint.
2249 2921 2268 2954 ι
2319 2902 2574 2957 Ostendit
2597 2903 2744 2970 quod
2775 2919 2883 2958 non
2913 2905 3134 2973 propria
3166 2908 3380 2959 venerit

1795 2994 2124 3047 auctoritate
2153 3001 2212 3045 ut
2249 2992 2359 3046 illis
2389 2993 2729 3062 prmdicaret,
2783 2997 2875 3048 sed
2924 2994 3123 3048 missus
3156 3012 3184 3048 a
3215 2994 3377 3049 Chri-

1797 3094 1880 3138 sto
1906 3101 1919 3136 :
1948 3099 2046 3153 per
2070 3084 2173 3137 hoc
2194 3085 2435 3152 seipsum
2474 3084 2575 3136 lide
2606 3083 2830 3153 dignum
2862 3084 3126 3140 elliciens.
3167 3105 3184 3136 ι
3223 3085 3378 3141 Sicut

137 3187 152 3220 ι
181 3169 368 3232 Rat-6th:
402 3171 738 3239 γέγραπται.
772 3189 790 3221 ι
842 3171 918 3223 Οὐ
969 3171 1152 3238 μόνον,
1199 3173 1387 3241 φησὶν,
1423 3171 1692 3225 ἁπέσταλ-
1723 3172 1765 3230 C

1723 3172 1765 3230 C
1799 3175 2066 3244 scriptum
2105 3186 2210 3228 est.
2254 3194 2271 3225 ι
2317 3175 2434 3228 Non
2482 3176 2657 3227 solum
2693 3214 2706 3237 ,
2749 3176 2946 3242 inquit,
2988 3176 3189 3230 missus
3232 3192 3373 3236 sum.

134 3280 238 3330 μαι,
286 3263 425 3315 ἀλλὰ
483 3263 577 3315 καὶ
624 3263 788 3316 πάλαι
842 3263 903 3314 τὺ
953 3263 1060 3315 δεῖν
1092 3264 1396 3333 ἀποστολὴν
1443 3265 1694 3331 γενέσθαι

133 3356 432 3424 προείρητο.
478 3356 812 3420 ’Δξιόπιστος
854 3356 949 3410 οῦν
991 3357 1110 3411 κατ’
1157 3359 1346 3427 ἄμφω,
1395 3359 1457 3413 ἐκ
1491 3377 1552 3414 τε
1598 3361 1696 3429 τῆς

129 3447 442 3516 ἀποστολῆς,
501 3448 564 3500 ἐκ
589 3463 649 3499 τε
692 3446 786 3500 τοῦ
842 3448 1179 3517 προωρίσθαι
1223 3451 1316 3517 τὴν
1367 3451 1694 3520 ἀποστολήν.

135 3557 150 3590 ι
191 3539 274 3602 Ὡς
301 3539 503 3610 ὡραῖοι
532 3541 582 3592 oi
622 3540 800 3600 πόδεςι
842 3559 861 3592 ›
897 3541 961 3593 Ol
989 3540 1147 3602 πόδες
1185 3541 1365 3594 αὐτῶν
1397 3542 1699 3609 ὲνεκωμιᾶ-

134 3631 346 3703 σθησαν,
388 3633 488 3686 διὰ
515 3633 608 3684 τὸν
639 3631 732 3684 τοῦ
762 3630 1116 3700 κηρύγματος
1163 3631 1386 3701 τρόπον,
1416 3633 1699 3700 εὐαγγελι-

1799 3267 1932 3334 quin
1977 3266 2142 3320 etiam
2195 3267 2304 3336 jam
2353 3263 2484 3318 ol'nu
2531 3267 2850 3334 pnedictum
2905 3278 3023 3322 erat
3062 3268 3376 3322 missionem

1799 3356 1920 3410 ﬁeri
1973 3365 2254 3425 oportere.
2312 3356 2388 3407 Ex
2422 3365 2654 3424 utroque
2693 3357 2857 3423 igitur
2909 3356 3010 3412 lide
3065 3359 3260 3428 dignus
3295 3373 3378 3414 est

1801 3457 1914 3502 tum
1939 3448 2082 3517 quod
2117 3448 2314 3500 missos
2367 3448 2457 3510 sit,
2503 3458 2616 3500 tum
2657 3450 2800 3517 quod
2846 3450 2954 3516 jam
3004 3449 3134 3502 olim
3189 3451 3377 3503 missu;

1800 3539 2139 3613 praedeiinita
2167 3537 2350 3592 luerit.
2383 3560 2398 3588 ι
2431 3540 2602 3605 Quam
2627 3540 2859 3608 speciosi
2886 3539 3071 3609 pedes!
3107 3560 3124 3592 ι
3153 3541 3374 3594 Illorum

1802 3635 1967 3705 pedes
2003 3631 2205 3686 laudati
2235 3642 2400 3692 sunt,
2432 3642 2654 3701 propter
2701 3632 2921 3685 modum
2977 3633 3377 3698 prmdicationis

131 3722 358 3791 ζομένων
387 3723 509 3775 τῶν
531 3721 856 3776 ἀποστόλων
884 3723 1128 3791 εἰρήνην,
1157 3723 1324 3790 ἤγουν
1348 3723 1699 3793 καταλλαγὴν

1801 3727 2194 3795 apostolorum,
2233 3725 2326 3794 qui
2363 3726 2765 3778 anuuntiahant
2815 3741 3000 3791 pacein
3036 3727 3149 3778 sive
3183 3740 3376 3778 recon-

129 3811 214 3882 τὴν
259 3813 356 3866 τοῦ
421 3813 566 3867 Θεοῦ
620 3814 758 3883 πρὸς
809 3812 1154 3884 ἀνθρώπους,
1202 3814 1296 3867 καὶ
1343 3815 1412 3866 τα
1465 3818 1522 3866 ὲν
1560 3816 1696 3885 αὐτῇ

131 3906 314 3973 ἀγαθά.
354 3907 419 3959 Εἰ
441 3905 636 3959 ’τοίνυν
681 3906 853 3966 ἄλλως
887 3907 987 3958 οὐκ
1029 3902 1101 3976 ἦν
1126 3905 1416 3960 πιστεῦσαι
1442 3907 1564 3976 δίχα
1603 3907 1697 3960 τοῦ

1801 3816 2132 3870 ciliationem
2168 3816 2264 3869 Dei
2308 3831 2437 3882 erga
2470 3815 2742 3874 homines,
2777 3825 2830 3869 et
2877 3817 3015 3870 bona
3061 3832 3182 3884 qum
3228 3817 3278 3869 in
3313 3832 3376 3870 ea

1802 3914 1950 3961 sunt.
1989 3907 2174 3974 Itaque
2205 3906 2246 3958 si
2275 3905 2432 3958 aliter
2463 3907 2690 3960 credere
2719 3920 2827 3958 non
2862 3916 3116 3974 poterant
3145 3907 3247 3961 nisi
3283 3923 3377 3959 au-

131 4001 371 4066 κηρύξαι,
408 4000 757 4066 κεκήρυκται
793 3997 851 4050 δὲ
883 3999 977 4050 καὶ
1014 3998 1275 4069 ἥκουσαν,
1305 3997 1531 4068 εὔδηλον
1570 3997 1646 4060 ὡς
1673 3999 1702 4050 ὀ

1803 3998 1982 4052 dirent
2007 4008 2061 4050 et
2090 3999 2192 4050 nisi
2223 3998 2303 4050 eis
2328 3997 2718 4066 przedicaretur
2747 4016 2759 4050 :
2785 4007 2868 4051 est
2893 4007 3071 4052 autem
3102 4000 3373 4068 illisprae-

127 4089 245 4153 Θεὸς
275 4091 374 4160 μὲν
409 4090 570 4143 οὐδὲν
620 4089 956 4147 ἐκλέλοιπεν,
1000 4091 1048 4141 οἱ
1076 4089 1132 4141 δὲ
1167 4090 1244 4158 μὴ
1288 4090 1700 4156 πιστεύσαντες,

1805 4091 2042 4143 dicatum
2073 4096 2127 4142 et
2163 4089 2496 4142 audierunt:
2550 4089 2710 4156 plane
2737 4089 3087 4143 manifestum
3119 4092 3369 4156 estquod

130 4181 325 4244 ἑαυτοῖς
382 4180 816 4250 μεμφέσθωσαν.
857 4197 876 4231 ι
938 4180 1079 4232 Ἀλλ’
1121 4181 1185 4233 οὐ
1232 4181 1431 4244 πάντες
1463 4183 1702 4250 ὑπήκου-

1805 4182 1948 4235 Deus
1981 4177 2116 4231 nihil
2150 4177 2560 4246 praetermiserit
2587 4196 2600 4231 :
2637 4179 2673 4232 ii
2705 4194 2836 4232 vero
2863 4181 2957 4248 qui
2989 4195 3098 4234 non
3127 4181 3377 4237 credide-

135 4289 238 4326 σαν.
278 4293 295 4323 ι
342 4272 574 4340 Ἐπειδὴ
628 4271 784 4323 τοῦτο
835 4271 983 4339 αὐτῷ
1031 4271 1332 4330 ἁντέκειτο.
1375 4273 1460 4324 ὅτι
1501 4274 1565 4325 Εἰ
1598 4274 1704 4326 ἀπὸ

1807 4280 1953 4336 runt,
2001 4272 2068 4324 de
2114 4270 2310 4338 scipsis
2375 4281 2804 4338 conquerantur.
2867 4289 2886 4322 ι
2924 4276 2989 4326 At
3032 4289 3138 4326 non
3186 4288 3376 4328 omnes

132 4362 252 4416 Θεοῦ
275 4363 660 4431 ἀπεστάλητε,
690 4361 779 4413 διὰ
822 4361 872 4414 τί
909 4361 984 4431 μὴ
1031 4363 1230 4424 πάντες
1275 4363 1597 4432 ὑπήκουσαν
1629 4363 1705 4435 τῷ

1807 4364 2152 4420 obediernnt.
2194 4383 2210 4414 ι
2243 4362 2512 4427 Quoniam
2559 4363 2662 4415 hoc
2697 4363 2796 4431 ipsi
2829 4363 3250 4432 adversabatur;
3290 4368 3373 4420 di-

131 4453 475 4522 Εὑαγγελίῳς
508 4455 695 4522 φησὶν,
723 4454 805 4505 ὅτι
830 4452 1105 4506 καὶτοῦτο
1134 4453 1239 4522 πρὸ
1266 4454 1460 4508 πολλοῦ
1484 4456 1698 4525 ἐλέχθη.
1735 4501 1778 4557 D

1735 4501 1778 4557 D
1809 4464 1995 4510 cerent
2022 4453 2170 4507 enim
2198 4471 2210 4505 :
2244 4453 2301 4506 Si
2329 4468 2358 4506 a
2393 4452 2501 4506 Deo
2529 4453 2680 4507 missi
2715 4454 2878 4516 estis,
2904 4471 3074 4519 quare
3118 4472 3228 4511 non
3256 4473 3375 4512 om-

129 4542 192 4595 Τὸ
209 4543 282 4609 δι,
313 4543 555 4613 «Κύριε,
581 4541 664 4604 τίς
689 4542 1064 4606 ὲπίπευσεν,›
1091 4541 1216 4594 ἀντὶ
1235 4542 1350 4604 τοῦ,
1384 4546 1700 4612 σπανιάκις,
1736 4541 1775 4557 ”

1736 4541 1775 4557 ”
1807 4561 1906 4600 nes
1946 4545 2276 4600 obedierunt
2317 4543 2652 4614 Evangelio?
2699 4545 2832 4599 dicit
2873 4547 3019 4615 quod
3066 4548 3170 4603 hoc
3213 4551 3376 4607 etiam

129 4635 302 4704 ὀλίγοι.
325 4637 436 4690 Διὰ
481 4637 596 4704 γὰρ
634 4634 695 4687 τὸ
730 4630 872 4687 εἶναι
893 4635 1059 4703 ,ἡμᾶς
1084 4635 1487 4700 αὑτεξουσίους,
1515 4637 1706 4692 οὐδένα

1807 4637 1981 4690 multo
2033 4645 2158 4689 ante
2192 4635 2397 4687 dictum
2468 4635 2560 4688 sit.
2603 4655 2618 4686 ι
2661 4635 2911 4695 Domine.
2953 4637 3081 4706 quis
3109 4623 3376 4695 credidit?

130 4743 249 4796 προς
284 4727 412 4796 βίαν
450 4728 585 4794 ἄγει
613 4725 643 4778 ὁ
668 4724 822 4788 Θεός.
873 4725 1102 4788 Ἡσαΐας
1136 4726 1244 4793 γὰρ
1271 4724 1440 4793 λέγει’
1475 4727 1704 4796 «Κύριε

1844 4744 1862 4777 ι
1909 4727 1986 4781 Ac
2053 4724 2098 4778 si
2164 4723 2312 4778 dicat
2348 4739 2475 4777 raro
2516 4724 2603 4778 vel
2667 4726 2847 4794 pauci.
2901 4727 3033 4780 Nam
3099 4744 3222 4783 cum
3279 4743 3379 4784 nos

129 4817 201 4880 τίς
230 4821 538 4872 ὲπίστευσε
566 4817 634 4885 τῇ
678 4815 813 4885 ἀκοῇ
847 4815 1044 4885 ήμῶν;
1081 4833 1100 4865 ι
1142 4816 1202 4867 Εἰ
1236 4815 1396 4868 τοῦτό
1431 4833 1513 4880 σε,
1547 4819 1704 4886 φησὶ,

1805 4819 2039 4874 liberum
2073 4818 2374 4871 habeamus
2403 4817 2718 4882 arbitrium,
2757 4819 3032 4874 neminem
3065 4831 3252 4877 coacte
3281 4825 3370 4878 dus

133 4911 463 4976 σκανδαλίζει
492 4909 562 4963 τὸ
595 4907 672 4977 μὴ
702 4907 908 4968 πάντας
939 4907 1269 4972 ὑπακοῦσαι,
1302 4909 1436 4962 αὑτό
1464 4925 1523 4961 σε
1549 4909 1707 4962 τοῦτο

1807 4912 1882 4965 cit
1917 4911 2084 4964 Deus.
2115 4909 2278 4971 Isaias
2308 4908 2454 4963 enim
2485 4907 2619 4962 dicit
2645 4925 2659 4961 :
2718 4927 2737 4959 ι
2773 4909 3022 4974 Domine,
3048 4912 3175 4980 quis
3201 4915 3379 4968 credi-

133 5002 405 5057 πιστεῦσαι
434 5002 713 5064 πεισάτω,
746 4998 936 5070 mist;
960 4997 1282 5069 προελέχθη,
1312 4998 1386 5062 ὡς
1416 4999 1477 5052 οὐ
1507 4998 1708 5064 πάντες

1808 5001 1930 5057 dit?
1963 5018 1982 5052 ι
2019 4998 2180 5070 345
2227 4999 2281 5054 Si
2320 5007 2393 5062 te,
2433 4997 2634 5067 inquit,
2677 4997 2783 5053 hoc
2823 4999 3055 5054 oﬂ‘endit
3092 5003 3238 5071 quod
3269 5020 3378 5060 non

133 5095 534 5148 πιστεύσουσιν.

1809 5105 2003 5146 omnes
2051 5091 2407 5145 crediderunt
2443 5105 2459 5144 :
2491 5091 2544 5144 id
2575 5091 2756 5160 ipsum
2803 5091 2902 5146 tibi
2942 5095 3263 5162 persuadeat
3310 5096 3376 5148 ad

133 5193 481 5255 credendum,
510 5188 779 5258 quoniam
805 5186 1125 5256 praedictum
1165 5184 1270 5239 fuit
1297 5183 1439 5253 quod
1467 5199 1578 5240 non
1611 5195 1793 5242 essent
1819 5200 2010 5240 omnes
2031 5182 2314 5239 credituri.

200 5303 220 5336 ι
257 5285 402 5351 ’Δρα
449 5283 490 5351 ἡ
546 5278 734 5338 πίστις
785 5277 845 5342 ἑξ
891 5277 1080 5344 ἀκοῆς.
1119 5294 1138 5326 ι
1188 5275 1406 5345 Ἐπειδὴ
1444 5276 1534 5329 ἀεὶ
1589 5277 1716 5332 Ἰου-

1891 5295 1910 5328 ‹
1977 5276 2161 5344 Itaque
2215 5274 2349 5351 fides
2425 5288 2490 5326 ex
2540 5273 2729 5327 auditu
2785 5284 2883 5327 est.
2954 5291 2972 5324 ι
3032 5274 3376 5346 Οιιοιδιιυσυι.

132 5372 253 5428 Geloi.
274 5376 486 5446 σημεῖα
553 5368 876 5438 ἐπεζήτουν,
929 5370 1200 5438 πρόφασιν
1257 5366 1437 5421 λαϐὼν
1488 5368 1549 5421 τὸ
1579 5386 1712 5440 προ-

1815 5367 1941 5423 dem
2002 5381 2217 5436 semper
2269 5364 2442 5419 Judaai
2512 5364 2666 5434 signa
2733 5365 3106 5434 requirebant,
3169 5379 3381 5440 sumpta

139 5468 370 5534 φητικὺν,
449 5461 720 5534 ιντρέπει
805 5460 1002 5522 αὐτοὺς
1084 5458 1160 5521 ὡς
1217 5459 1278 5511 οὐ
1345 5458 1451 5528 χρὴ
1492 5463 1715 5528 ’σημεῖαι

1819 5458 2106 5515 occasione
2155 5472 2223 5511 ex
2256 5456 2402 5510 dicto
2452 5457 2775 5526 praphetico
2827 5458 3080 5512 admonet
3119 5476 3215 5513 eos
3240 5462 3383 5529 quod

140 5555 418 5625 ιπιζητεῖν.
465 5556 537 5608 Ἦ
604 5554 713 5622 γὰρ
771 5550 974 5614 πίστις.
1026 5549 1100 5612 ὡς
1142 5550 1356 5617 δρᾶται.
1405 5548 1465 5614 ἐξ
1523 5550 1715 5618 ἀκοῆς.

1814 5565 1923 5604 non
1962 5555 2213 5619 oporteat
2260 5548 2411 5617 signa
2452 5549 2731 5616 requirere
2781 5566 2794 5602 :
2839 5549 2998 5603 Fides
3041 5565 3275 5618 namque
3320 5567 3385 5606 ex

139 5644 224 5698 οὐκ
258 5651 319 5699 ὲκ
368 5643 635 5716 σημείων
679 5640 906 5708 γίνεται.
980 5656 1000 5689 t
1065 5637 1128 5690 'H
1184 5639 1242 5691 δὲ
1303 5639 1440 5709 ἀκοὴ
1490 5641 1576 5694 διὰ
1620 5641 1719 5710 ῥή-

1818 5641 2010 5696 auditu
2046 5656 2154 5694 non
2182 5655 2248 5692 ex
2279 5639 2448 5708 signis
2463 5649 2776 5709 generatur.
2808 5657 2824 5689 ι
2845 5639 3078 5693 Auditus
3092 5650 3272 5694 autem
3293 5655 3388 5710 per

148 5755 296 5802 ματος
326 5737 493 5793 Θεοῦ.
529 5755 548 5787 ι
625 5732 842 5802 Ἐπειδὴ
895 5731 1064 5801 ἀκοὴν
1094 5725 1270 5794 εἶπεν,
1305 5731 1520 5797 ἐπάγει,
1576 5750 1593 5781 ι
1621 5731 1720 5785 Διά

1819 5731 2046 5787 verbum
2073 5732 2186 5785 Dei.
2228 5749 2246 5781 ι
2279 5730 2547 5796 Quoniam
2561 5730 2806 5783 auditum
2830 5730 3064 5797 dixerat,
3089 5731 3356 5802 adjungit‘
3375 5751 3387 5764 -

149 5825 366 5897 ῥήματος
396 5824 568 5880 Θεοῦ.
621 5841 640 5874 ι
673 5823 763 5894 Μὴ
788 5823 1035 5896 νομίσῃς,
1068 5826 1253 5898 φησιν,
1290 5824 1508 5889 εὐτελές
1539 5843 1592 5880 τι
1623 5825 1717 5896 τὴν

1825 5844 1844 5876 ι
1869 5826 1970 5880 Per
1983 5823 2213 5880 verbum
2234 5823 2354 5878 Dei.
2390 5841 2407 5875 ›
2439 5823 2520 5882 Ne
2547 5821 2848 5892 existimes,
2869 5821 3067 5893 inquit,
3093 5823 3196 5880 vile
3229 5823 3386 5896 quid-
