4196 6468
779 398 841 455 5-3
850 399 879 458 5

1829 405 2225 467 (ECUMENII
2267 407 2555 466 TRICCE
2600 409 2938 469 EPISCOPI

3916 412 4024 474 536

777 520 921 587 piam
954 532 1076 571 esse
1120 518 1390 574 auditum.
1443 521 1562 575 Non
1589 532 1717 576 sunt
1751 524 1987 578 humana
2020 526 2185 579 verba
2220 540 2342 593 qna-
2375 527 2417 583 Α

2451 526 2636 592 ἀκοήν.
2696 528 2808 578 υύκ
2844 528 2988 579 ἔστιν
3042 524 3355 595 ἀνθρώπινα
3417 528 3633 597 ῥήματα
3688 527 4024 595 λαλούμενα,

774 610 1052 671 dicuntur,
1084 612 1177 666 scd
1212 613 1325 667 Dei.
1355 612 1410 667 Si
1438 614 1604 684 igitur
1631 616 1893 670 miracula
1921 618 2121 685 quaeris
2142 618 2286 683 quod
2317 633 2343 669 a

774 704 886 757 Deo
917 702 1048 767 sint,
1080 704 1243 759 crede
1264 705 1428 759 etiam
1468 707 1651 762 verbis
1683 716 1936 778 tanquam
1962 725 1989 761 a
2016 710 2126 762 Deo
2159 711 2341 763 dictis.

781 813 797 843 ι
845 795 1011 863 Atqui
1044 796 1098 848 in
1138 810 1359 849 omnem
1388 805 1611 853 terram.
1649 818 1668 851 »
1708 792 1973 865 Quoniam
1999 800 2169 853 dixit:
2208 820 2223 849 ‹
2260 801 2343 853 Fi-

772 883 869 937 des
897 900 961 939 ex
997 884 1187 938 auditu
1237 895 1342 951 est,
1379 906 1396 937 »
1435 888 1582 943 dicet
1609 888 1858 944 fortassis
1887 891 2125 960 aliquis:
2164 891 2339 944 Num--

770 978 901 1045 quid
926 996 1033 1031 non
1072 980 1551 1046 audieruntJudzci
1578 985 1599 1035 ?
1628 993 1677 1037 et
1705 985 1780 1038 ait
1810 1004 1821 1037 :
1858 1004 1874 1035 ι
1909 986 2173 1040 Universa
2198 994 2342 1039 terra

771 1069 1002 1130 audivit,
1040 1090 1057 1119 »
1096 1070 1241 1124 sicut
1269 1081 1503 1126 testatur
1532 1074 1804 1143 Propheta
1832 1093 1845 1137 ;
1884 1084 1940 1128 et
1968 1075 2141 1130 Judaei
2194 1076 2338 1145 apud

769 1174 907 1226 quos
961 1162 1195 1215 maxime
1234 1164 1589 1230 prmdieatum
1638 1176 1739 1231 est,
1778 1167 2077 1221 noluerunt
2127 1168 2339 1221 audire.

768 1280 835 1287 ——
872 1250 1054 1304 Aliter.
1094 1251 1159 1305 Ut
1181 1252 1327 1307 dicat
1351 1254 1546 1321 aliquis
1578 1272 1590 1307 :
1617 1254 1754 1321 Quid
1784 1261 1849 1310 ad
1885 1257 2101 1311 Judazos
2123 1258 2166 1310 si
2191 1257 2340 1310 missi

769 1352 898 1395 sunt
931 1351 987 1395 nt
1020 1346 1479 1413 evangelizarent,
1508 1346 1595 1401 isti
1627 1359 1809 1402 autem
1834 1349 2058 1402 omnino
2084 1364 2192 1401 non
2218 1364 2339 1403 cre-

770 1434 1023 1486 diderunt
1050 1435 1072 1487 ?
1099 1438 1177 1488 ait
1228 1437 1372 1505 quod
1425 1438 1713 1492 universus
1760 1440 1910 1493 orbis
1960 1440 2155 1505 audiit,
2196 1449 2251 1494 et
2284 1440 2337 1492 hi

767 1527 908 1593 apud
943 1542 1083 1594 quos
1119 1538 1270 1582 tanto
1306 1538 1549 1597 tempore
1578 1529 1779 1583 versati
1810 1539 1937 1583 sunt
1969 1531 2201 1599 apostoli
2227 1546 2338 1584 non

767 1633 834 1669 au
864 1618 1111 1670 tierunt?
1145 1620 1305 1686 Atqui
1333 1620 1597 1687 propheta
1618 1621 1723 1674 hoc
1752 1631 1982 1677 testatur
2014 1642 2025 1675 :
2060 1624 2337 1691 quomodo

765 1720 896 1771 ergo
928 1716 1110 1773 posset
1137 1706 1267 1759 illud
1294 1707 1495 1761 habere
1521 1710 1846 1762 veritatem?

835 1794 903 1860 Χ,
943 1796 1119 1849 ιθ-Ξι.
1156 1796 1257 1851 Sed
1274 1801 1422 1854 dico:
1458 1801 1722 1869 Numquid
1746 1818 1846 1854 non
1866 1803 2099 1870 cognovit
2124 1802 2299 1855 Israel
2321 1802 2345 1855 ?
2378 1799 2417 1853 Β

763 1887 978 1941 Primus
1008 1888 1173 1942 Moses
1205 1891 1329 1943 dicit
1361 1892 1507 1961 :Ego
1532 1894 1601 1945 ad
1634 1892 2022 1947 azmulationrm
2046 1896 2330 1963 provocabo

764 1996 849 2032 vos
877 1980 929 2031 in
955 1997 1058 2033 non
1083 1993 1234 2050 gente
1269 1999 1285 2035 :
1312 1985 1364 2035 in
1396 1994 1547 2054 gente
1575 1988 1855 2054 insipiente
1903 1986 1972 2039 ad
2018 1988 2156 2040 iram
2186 2005 2330 2040 com-

762 2073 968 2127 movebo
998 2091 1105 2128 vos.
1144 2074 1316 2129 Isaias
1362 2086 1539 2129 autem
1578 2078 1736 2130 audet
1771 2088 1817 2129 et
1864 2078 1988 2130 dicit
2020 2095 2038 2132 :
2081 2078 2329 2132 Inventus

762 2164 839 2233 fui
875 2166 953 2217 his
980 2167 1069 2235 qui
1094 2183 1172 2219 me
1197 2185 1299 2219 non
1329 2170 1654 2235 quazrebant,
1689 2170 1998 2238 manifestus
2019 2170 2186 2238 factus
2214 2188 2329 2223 sum

760 2256 839 2309 bis
872 2259 961 2326 qui
996 2274 1074 2310 me
1100 2275 1201 2311 non
1231 2260 1649 2327 interrogabant.
1694 2260 1859 2313 Porro
1894 2262 2139 2315 adversus
2162 2261 2332 2315 Israel

759 2350 884 2404 dicit
925 2367 942 2404 :
974 2351 1156 2405 Totum
1189 2352 1327 2405 diem
1377 2353 1602 2421 expendi
1632 2369 1819 2405 manus
1879 2369 2019 2406 meas
2050 2354 2120 2406 ad
2163 2370 2327 2422 popu-

760 2440 871 2495 lum
894 2457 996 2494 non
1028 2442 1471 2511 obtemperantem
1506 2450 1553 2493 et
1578 2441 2040 2493 contradicentem.

827 2534 898 2588 At
926 2534 1071 2587 enim
1103 2534 1246 2587 dicet
1275 2533 1547 2601 quispiam
1575 2550 1586 2584 :
1620 2532 1770 2585 Multi
1804 2532 2028 2600 quidem
2059 2532 2324 2600 prredica-

758 2632 978 2684 verunt,
1011 2632 1250 2678 attamen
1269 2623 1566 2677 verisimile
1591 2632 1672 2677 est
1700 2622 1969 2675 lsraelitas
1995 2637 2100 2675 non
2124 2637 2329 2690 cogno-

759 2714 903 2768 visse
933 2714 1189 2767 virtutem
1216 2712 1644 2782 praedicatiOnis.
1687 2713 1756 2765 Et
1784 2727 1895 2781 quo
1923 2721 2088 2781 pacto
2125 2712 2175 2764 id
2211 2712 2326 2764 ﬁeri

759 2813 961 2873 posset,
1005 2812 1063 2859 ut
1095 2815 1287 2873 gentes
1320 2805 1521 2873 quibus
1551 2803 1687 2858 nihil
1728 2803 2051 2871 praedictum
2094 2811 2211 2855 erat
2238 2816 2329 2855 c0-

758 2897 1095 2967 gnovissent,
1120 2896 1285 2951 Israel
1310 2907 1490 2950 autem
1520 2912 1631 2950 non
1678 2897 2022 2965 cognovisset
2052 2894 2144 2963 qui
2174 2894 2329 2962 prius

758 2988 1083 3044 audiverat?
1124 2990 1266 3044 Ecce
1291 2990 1437 3043 enim
1474 2989 1750 3059 legislator
1780 2988 1896 3057 ipse
1923 2987 2034 3040 ait:
2076 3005 2094 3036 ι
2129 2986 2242 3055 Ego
2274 2987 2325 3037 in

758 3080 1163 3134 inmolationem
1194 3080 1506 3149 provocabo
1558 3094 1655 3133 vos
1680 3080 1733 3133 in
1782 3094 1891 3133 non
1924 3086 2108 3147 gente,
2143 3097 2161 3128 ι
2200 3094 2323 3129 cum

758 3189 889 3243 ergo
920 3181 1111 3243 gentes
1142 3176 1206 3226 ad
1242 3171 1403 3226 ﬁdem
1430 3172 1728 3226 accessisse
1758 3170 2021 3224 videretis
2065 3179 2121 3223 et
2148 3170 2326 3223 adhuc

759 3266 970 3329 venire,
1002 3263 1166 3336 346
1191 3280 1289 3318 vos
1310 3265 1458 3333 ipsos
1482 3274 1662 3317 autem
1693 3263 1855 3332 abjiei
1881 3280 1895 3315 :
1926 3262 2173 3330 Oportuit
2196 3277 2325 3316 sane

758 3361 925 3415 etiam
958 3375 1179 3415 causam
1231 3372 1586 3427 cognoscere.
1637 3356 1805 3425 Magis
1846 3366 2030 3409 autem
2084 3354 2323 3408 ultronei

761 3454 896 3507 adeo
930 3451 1219 3505 manifesta
1253 3451 1516 3520 ignoratis
1539 3451 1817 3503 vaticinia.
1861 3469 1878 3499 ι
1911 3450 2129 3503 Primus
2151 3450 2326 3502 Moses

757 3543 915 3599 dicit.
953 3560 983 3609 )_
1009 3540 1141 3595 Nam
1174 3542 1447 3595 secundus
1478 3539 1612 3593 dixit
1659 3540 1823 3593 Isaias
1856 3558 1867 3591 :
1916 3559 1932 3589 ‹
1965 3542 2041 3592 Ad
2097 3540 2325 3593 :emula-

760 3637 964 3688 tionem
994 3632 1322 3701 provocabo.
1365 3651 1383 3682 »
1412 3632 1490 3685 Ac
1517 3632 1561 3684 si
1588 3632 1796 3685 diceret
1829 3649 1841 3683 :
1878 3631 2113 3685 Irritaho
2141 3639 2196 3683 et
2224 3630 2322 3683 tri-

758 3724 908 3777 stitia
936 3722 1188 3785 alliciam,
1218 3730 1274 3773 et
1304 3721 1538 3774 maxima
1576 3728 1659 3773 est
1691 3719 1854 3787 hujus
1916 3719 1994 3772 rei
2030 3720 2273 3786 potentia
2307 3735 2320 3771 :

759 3830 883 3869 nam
931 3814 1248 3883 frequenter
1285 3812 1376 3881 qui
1430 3812 1811 3865 adhortatione
1868 3825 2162 3880 persuasus
2214 3825 2322 3862 non

758 3915 859 3969 est,
901 3906 1211 3974 bujusmodi
1246 3904 1551 3957 irritatione
1576 3916 1869 3971 persuasus
1890 3909 1993 3956 est.
2031 3920 2048 3951 ι
2086 3900 2141 3953 In
2164 3912 2324 3970 gente

760 3998 1073 4068 insipiente.
1108 4018 1124 4049 ι
1156 3997 1296 4063 Quid
1347 3996 1492 4050 enim
1534 3995 1802 4064 abjecrius
1830 4004 1925 4047 aut
1975 3993 2325 4062 insipientius

768 4089 1123 4145 idololatris?
1160 4110 1176 4137 ι
1210 4086 1376 4141 Isaias
1397 4094 1577 4139 autem
1602 4086 1786 4139 audet.
1829 4104 1845 4134 »
1886 4083 2094 4145 Maluit,
2124 4082 2322 4150 inquit,

758 4184 921 4235 etiam
957 4178 1257 4248 periclitari
1289 4178 1575 4246 propheta,
1601 4192 1764 4244 quam
1813 4175 2085 4229 obtectam
2143 4174 2325 4227 dicere

762 4272 1051 4327 veritatem
1092 4286 1154 4326 ac
1184 4269 1669 4338 dispensationem.
1712 4287 1729 4317 ι
1777 4267 1873 4321 His
1927 4268 2019 4336 qui
2068 4281 2154 4319 me
2215 4281 2325 4319 non

761 4363 1100 4434 quaerebant.
1134 4382 1151 4413 »
1186 4361 1289 4427 Qui
1327 4369 1510 4414 autem
1539 4368 1697 4413 erant
1724 4359 1817 4427 qui
1857 4374 1961 4412 nec
2004 4346 2328 4426 quaerebant

2450 618 2581 669 ἀλλὰ
2644 620 2801 672 Θεοῦ.
2861 619 3020 671 ’Ὥστε
3073 620 3119 670 εἰ
3159 619 3409 685 θαύματα
3453 619 3634 688 ζητεῖς
3667 620 3741 682 ὡς
3788 624 3850 672 ὲκ
3882 622 4022 674 Θεοῦ

2446 707 2594 767 ὄντα,
2629 709 2920 761 πίστευσον
2953 710 3044 761 καὶ
3077 712 3187 772 τοῖς
3225 711 3466 779 ῥήμασιν
3498 710 3570 771 ὡς
3603 712 3666 762 ὲκ
3693 710 3829 763 Θεοῦ
3861 711 4022 778 λεγο-

2450 796 2649 864 μένοις.
2714 817 2731 849 ι
2775 798 3050 865 Μενοῦνγε
3083 800 3162 859 εἰς
3210 801 3392 852 πᾶσαν
3420 800 3515 870 τὴν
3567 802 3691 869 γῆν.
3738 821 3755 853 »
3798 803 4023 871 Ἐπειδὴ

2445 882 2617 946 εἶπεν,
2664 904 2680 936 ι
2721 887 2782 939 Ἠ
2812 888 2992 951 πίστις
3020 889 3075 953 es
3102 890 3289 958 ἀκοῆς,
3326 909 3344 939 »
3375 889 3518 943 Ἀλλ’
3547 892 3661 960 ὲρεῖ
3693 910 3777 955 τις
3798 933 3813 957 ,
3868 896 4023 963 φησὶ,

2444 979 2534 1045 Μὴ
2560 978 2657 1029 οὐκ
2689 978 2926 1047 ἤκουσαν
2957 980 3005 1031 οἱ
3042 979 3322 1043 Ἰουδαῖοι;
3361 980 3452 1032 καί
3498 985 3699 1049 τρησιν,
3753 1000 3771 1032 ι
3814 981 3957 1053 ὐλη
3994 987 4025 1053 ἡ

2444 1070 2513 1134 γῆ
2546 1070 2797 1138 ἦκουσεν,
2829 1089 2847 1121 »
2887 1071 2961 1129 ὡς
2995 1074 3263 1141 μαρτυρεῖ
3294 1072 3387 1125 καὶ
3422 1072 3449 1123 ὁ
3486 1074 3797 1143 προφήτης,
3854 1078 3953 1128 καὶ
3979 1080 4026 1128 οἱ

2456 1159 2696 1213 Ἰουδαῖοι
2747 1162 2878 1229 παρ’
2910 1159 2989 1224 οἷς
3053 1162 3287 1232 μάλιστα
3346 1163 3683 1232 κεκήρυκται
3730 1166 3828 1216 οὐκ
3876 1163 4027 1234 εἶχον

2441 1252 2705 1319 ἀκοῦσαι;
2731 1284 2801 1292 —
2825 1255 3068 1320 Ἄλλως.
3101 1256 3315 1325 Ὠσπερ
3338 1255 3479 1311 τινὸς
3508 1256 3752 1316 εξπόντος
3773 1272 3788 1287 ·
3833 1259 3946 1309 Καὶ
3972 1261 4025 1311 τε

2441 1347 2578 1413 πρὸς
2606 1347 2894 1409 Ἰουδαίους
2927 1349 2975 1399 ει
3008 1348 3394 1418 ἀπεστάλησαν
3427 1348 3477 1401 οἱ
3513 1348 4022 1418 εὐαγγελιζόμενοι,

2439 1433 2585 1489 οὗτοι
2610 1438 2665 1490 δὲ
2694 1439 2791 1490 οὐκ
2836 1439 3076 1509 ἤκουσαν
3102 1439 3238 1501 ὅλως
3265 1456 3279 1503 ;
3316 1439 3502 1507 φησιν,
3538 1438 3618 1491 ὅτι
3653 1442 3686 1508 ἡ
3719 1442 4023 1509 οἰκουμένη

2438 1532 2586 1580 πᾶσα
2615 1531 2837 1599 ἢκουσε,
2882 1531 2974 1582 καὶ
3014 1526 3158 1583 οὗτοι
3191 1535 3289 1583 οὐκ
3315 1532 3556 1601 ἥκουσαν
3581 1574 3592 1595 ,
3627 1532 3756 1599 παρ’
3782 1526 3863 1593 οἷς
3893 1548 4023 1583 τοσ-

2435 1618 2592 1670 οῦτον
2646 1620 2837 1688 χρόνον
2894 1620 3178 1690 διέτριψαν
3229 1623 3278 1674 οἱ
3314 1621 3637 1686 ἀπόστολοι;
3688 1623 3797 1673 Καὶ
3844 1621 3952 1690 μὴν
3995 1623 4026 1673 ὁ

2435 1712 2721 1781 προφήτης
2752 1716 3019 1782 μαρτυρεῖ
3040 1714 3197 1766 τοῦτο
3220 1731 3233 1745 °
3270 1717 3368 1767 καὶ
3401 1715 3515 1776 πῶς
3550 1714 3615 1767 ἂν
3647 1715 3757 1781 ἔχοι
3786 1714 3985 1780 λόγονς

2528 1802 2712 1856 Ἀλλὰ
2738 1804 2910 1872 λέγω.
2953 1804 3049 1871 Μὴ
3099 1808 3209 1859 οὐκ
3254 1805 3408 1873 ἔγνω
3444 1804 3731 1873 Ἰσραή.1;
3780 1805 4027 1872 Πρῶτος

2437 1893 2660 1962 Μωσῆς
2690 1897 2851 1965 λέγει
2872 1914 2887 1928 ·
2935 1898 3084 1967 Ἐγὼ
3133 1898 3538 1966 παραζηλώσω
3567 1897 3723 1966 ὑμᾶς
3776 1897 3870 1949 ἐπ’
3905 1900 4025 1950 οὐκ

2432 1989 2610 2046 ἔθνει.
2637 1987 2733 2040 ἐπὶ
2753 1989 2912 2043 ἔθνει
2933 1989 3207 2054 ἀσυνέτῳ
3228 1989 3530 2057 παροργιῶ
3567 1988 3737 2055 ὑμᾶς.
3768 1990 4021 2050 Ἡσαΐας

2434 2078 2501 2131 δὲ
2516 2078 2848 2148 ἀποτολμᾷ,
2870 2081 2967 2133 καὶ
3001 2080 3179 2148 λέγει·
3206 2080 3477 2148 Εὑρέθην
3504 2080 3630 2146 τοῖς
3661 2079 3765 2142 ἐμὲ
3792 2080 3879 2146 μὴ
3918 2078 4023 2144 (η’

2433 2170 2665 2234 τοῦσιν,
2693 2172 2965 2239 ἐμφανὴς
2994 2173 3287 2240 ἐγενόμην
3319 2172 3442 2237 τοῖς
3468 2171 3573 2239 ἐμὲ
3605 2171 3689 2239 μὴ
3717 2169 4023 2236 ἐπερωτῶ-

2432 2276 2514 2315 an.
2544 2262 2697 2328 Πρὸς
2730 2262 2797 2314 δὲ
2834 2262 2941 2316 τὸν
2969 2264 3217 2331 Ἰσραὴλ
3252 2264 3436 2331 λέγει’
3478 2264 3668 2331 Ὅλην
3721 2262 3837 2328 τὴν
3865 2264 4022 2330 ἠμέ-

2425 2370 2543 2421 par
2575 2353 2911 2417 ἐξεπέτασα
2939 2356 3047 2419 τὰς
3077 2353 3279 2422 χεῖράς
3322 2372 3441 2424 μου
3471 2354 3620 2423 πρὸς
3653 2353 3808 2408 ,ιαέν
3840 2356 4021 2409 ἀπει-

2430 2444 2654 2499 θοῦντα
2682 2445 2778 2498 καὶ
2810 2445 3221 2513 ἀντιλέγοντα.

2500 2533 2626 2597 Ναὶ,
2662 2534 2847 2602 φησιν,
2882 2534 3154 2604 ἐκήρυξαν
3179 2535 3277 2605 μὲν
3302 2534 3513 2600 πολλοὶ,
3539 2535 3684 2599 εἰκὸς
3708 2536 3763 2588 δὲ
3794 2538 3923 2595 τοὺς
3949 2537 4015 2601 ἐξ

2442 2624 2657 2693 Ἰσραὴλ
2701 2626 2774 2693 μὴ
2831 2627 3032 2692 γνῶναι
3073 2626 3167 2678 τοῦ
3226 2628 3582 2697 κηρύγματος
3612 2627 3710 2696 τὴν
3754 2627 4016 2695 δύναμιν.

2431 2717 2539 2768 Καὶ
2570 2715 2685 2777 πῶς
2708 2716 2785 2768 ἔνι
2813 2716 2989 2780 τοῦτο,
3021 2718 3205 2786 φησὶν,
3238 2718 3319 2769 ὅτι
3349 2717 3416 2769 τὰ
3456 2718 3555 2785 μὲν
3581 2716 3706 2785 ἔθνη
3738 2713 3819 2779 οἷς
3852 2719 4017 2769 οὐδὲν

2428 2807 2725 2877 προείρητο
2750 2808 3017 2874 ἔγνωσαν,
3071 2808 3178 2859 ὀδὲ
3211 2808 3428 2877 Ἰσραὴλ
3482 2808 3583 2860 οὐκ
3625 2808 3783 2873 ἔγνω.
3831 2810 4021 2860 καίτοι

2430 2898 2809 2967 προακούσας;
2866 2898 2999 2950 Ἰδοὺ
3050 2898 3159 2967 γὰρ
3203 2898 3365 2960 αὐτὸς
3416 2900 3443 2950 ὁ
3488 2898 3786 2967 νομοθέτης
3820 2901 4020 2964 φησίν·

2437 3008 2453 3039 ι
2497 2988 2641 3055 Ἐγὼ
2677 2988 3057 3057 παραζηλώσω
3106 2991 3249 3056 ὑμᾶς
3280 2989 3366 3041 ἐπ’
3398 2991 3497 3042 οὐκ
3527 2989 3689 3041 ἔθνει.
3732 3008 3749 3039 »
3790 2991 3881 3050 Ὠς
3917 2988 4018 3042 οἷν

2429 3083 2554 3142 τοὺς
2605 3080 2661 3146 ἐξ
2698 3080 2865 3133 ἐθνῶν
2902 3082 3109 3149 ἑωρᾶτε
3161 3081 3632 3149 προσερχομένους
3682 3082 3746 3147 τῇ
3801 3078 4017 3139 πξστει,

2432 3172 2527 3223 καὶ
2560 3170 2639 3223 ἔτι
2690 3172 2787 3239 μὲν
2822 3172 3169 3241 ἐρχομένους,
3222 3170 3448 3232 ἑαυτοὺς
3493 3171 3549 3223 δὲ
3592 3171 4017 3240 ἀπορριπτομὲ-

2430 3282 2571 3325 νους,
2606 3263 2711 3314 ἔδει
2746 3265 2890 3331 ὑμᾶς
2947 3264 3039 3314 καὶ
3065 3263 3165 3330 τὴν
3208 3264 3388 3315 αἰτίαν
3433 3262 3647 3314 εἰδέναι.
3699 3262 3919 3315 Μᾶλλον
3949 3263 4013 3315 δὲ

2430 3355 2650 3415 ἑκόντες
2678 3354 3004 3405 ἐπελάθεσθε
3034 3355 3143 3405 τῶν
3177 3353 3319 3406 οὕτω
3377 3352 3567 3421 σαφῶν
3619 3356 4014 3423 προρρήσεων.

2439 3462 2456 3494 ι
2502 3445 2725 3512 Πρῶτος
2789 3444 2994 3508 Μωσῆς
3060 3444 3280 3510 λέγει.»
3358 3443 3617 3513 Δεύτερος
3688 3444 3794 3514 γὰρ
3853 3441 4017 3495 εἶπεν

2442 3534 2663 3595 Ἡσαΐας
2686 3550 2699 3564 ·
2742 3552 2758 3583 ι
2784 3534 3195 3602 ΙΙαραζηλῶσω·
3238 3553 3255 3584 ι
3317 3527 3430 3585 οἷον
3457 3573 3471 3596 ,
3504 3533 3835 3602 Παρακνίσω
3892 3533 4019 3585 Με-

2430 3626 2592 3692 γίστη
2644 3626 2699 3677 δὲ
2752 3624 2908 3693 ήτοῦ
2941 3626 3261 3693 πράγματος
3292 3624 3463 3693 ἰσχύς.
3518 3624 3783 3685 Πολλάκις
3837 3624 3953 3692 γὰρ
3985 3627 4020 3676 ὁ

2430 3716 2773 3786 παρακλήσει
2804 3718 2877 3786 μὴ
2906 3717 3171 3779 πεισθεὶς,
3224 3716 3451 3784 ἐπείσθη
3494 3715 3579 3782 τῷν
3615 3718 4013 3785 παρακνισμῴ,

2435 3828 2451 3859 ι
2480 3808 2605 3863 Ἐπὶ
2632 3808 2771 3859 ἔθνει
2796 3808 3090 3875 ἀσυνέτῳ.»
3129 3807 3192 3858 Ti
3222 3808 3330 3876 γὰρ
3366 3806 3798 3875 εὐτελέστερονῆ
3844 3806 4022 3858 ὰσυν-

2427 3901 2688 3969 ετώτερον
2737 3900 3170 3970 εἰδωλολατρῶνς
3215 3917 3235 3950 ι
3300 3901 3528 3961 Ἡσαΐας
3576 3899 3631 3951 δὲ
3695 3900 4017 3969 ἀποτοὶμᾷ,

2429 3992 2520 4042 καὶ
2546 3990 2745 4056 λέγει.»
2768 3991 3058 4060 ᾘρήσατο,
3087 3992 3241 4061 φησὶ,
3277 3991 3368 4043 καὶ
3398 3990 3737 4043 κινδυνεῦσαι
3781 3990 4013 4059 μᾶλλον,

2428 4082 2460 4150 ἢ
2489 4082 2965 4149 συνεσκιαστμένην
3000 4083 3172 4133 εἰπεῖν
3204 4082 3300 4151 τὴν
3336 4082 3591 4151 ἀλήθειαν
3618 4081 3711 4133 καὶ
3739 4082 3833 4151 τὴν
3861 4086 4019 4134 οἶκο-

2429 4172 2641 4239 νομέαν.
2707 4190 2725 4220 ι
2765 4171 2889 4232 Τοῖς
2916 4171 3015 4240 ἐμὲ
3058 4172 3131 4241 μὴ
3182 4171 3509 4240 ζητοῦσινε»
3564 4173 3606 4224 Τ
3612 4172 3715 4233 ius;
3742 4172 3799 4224 δὲ
3850 4176 3900 4224 ot
3936 4176 4015 4242 μὴ

2429 4260 2739 4330 ζητοῦντες,
2782 4264 2915 4332 μηδὲ
2946 4264 3327 4331 ἐπερωτῶντες
3356 4281 3369 4327 ;
3413 4266 3475 4316 Οἱ
3504 4263 3562 4327 ἐξ
3591 4263 3759 4315 ἐθνῶν
3780 4264 4013 4332 δηλαδή.

2440 4347 2606 4422 Ὁρᾷς
2628 4352 2802 4413 πόσας
2828 4348 2971 4420 εἶχον
3003 4351 3097 4404 τοῦ
3121 4353 3321 4419 γνῶναι
3344 4354 3625 4422 ἀφορμάς;
3652 4354 3884 4421 ὁρῶντες
3900 4353 4018 4422 γὰρ

767 4470 868 4509 nec
911 4450 1373 4523 interrogabant?
1430 4450 1497 4504 Hi
1556 4449 1815 4502 videlicet
1862 4451 1957 4517 qui
2004 4464 2035 4501 e
2073 4449 2328 4516 gentibus
2360 4472 2404 4527 ο

2434 4443 2518 4495 διὰ
2554 4445 2650 4511 τῆς
2707 4443 2941 4505 πίστεως
2987 4444 3371 4512 εὐδοκιμοῦντα
3400 4446 3466 4496 τὰ
3507 4444 3657 4510 ἔθνη,
3705 4441 3795 4515 [τὰ
3826 4442 4017 4516 Elian-1,]

768 4554 946 4602 erant.
977 4546 1142 4600 Vides
1170 4550 1402 4613 quantas
1451 4540 1728 4595 habebant
1770 4540 1836 4593 ad
1882 4539 2324 4607 cognoscendum

769 4637 1130 4692 occasiones?
1173 4634 1423 4688 videntes
1460 4632 1609 4687 enim
1641 4638 1831 4701 gentes
1863 4646 1960 4699 per
2011 4630 2171 4683 ﬁdem
2210 4646 2325 4683 ma-

763 4727 977 4799 gniﬁeri
1030 4736 1087 4780 et
1143 4726 1377 4795 placere,
1434 4723 1755 4777 debuissent
1830 4721 2156 4789 resipiscere
2189 4740 2202 4774 :
2233 4721 2326 4774 sed

762 4816 1073 4872 voluntarie
1103 4814 1358 4870 excaecati
1389 4822 1535 4867 sunt.
1573 4831 1589 4862 ι
1637 4812 1733 4865 His
1759 4810 1853 4880 qui
1891 4825 1974 4864 me
2007 4826 2116 4863 non
2156 4810 2328 4863 inter-

764 4908 1053 4979 rogabant.
1089 4925 1108 4961 »
1156 4907 1413 4963 Gentium
1450 4904 1693 4958 detrahit
1738 4904 1937 4957 fastum
1982 4921 1997 4955 :
2036 4902 2165 4971 quia
2210 4902 2332 4955 uni-

763 5015 921 5056 versa
960 5014 1050 5054 res
1071 4999 1258 5068 gratiae
1285 5006 1423 5051 erat.
1457 4996 1706 5050 Attamen
1732 5004 1815 5049 est
1838 5008 2057 5062 quoque
2082 4993 2332 5047 nonnihil

767 5101 823 5145 et
856 5089 1122 5160 gentium.
1161 5088 1295 5142 Nam
1317 5086 1466 5156 quod
1520 5088 1805 5140 inventum
1849 5086 1960 5155 jam
1995 5095 2051 5138 et
2101 5085 2330 5138 manife-

768 5188 972 5234 statum
1000 5177 1262 5245 deinceps
1287 5192 1395 5231 non
1428 5176 1795 5240 deseruerint,
1843 5175 2069 5228 virtutis
2111 5175 2333 5227 illorum

767 5273 893 5325 fuit.
926 5289 945 5322 ι
983 5271 1155 5325 Porro
1192 5268 1458 5322 adversus
1490 5268 1655 5321 Israel
1701 5267 1853 5322 dicit.
1891 5287 1909 5318 »
1952 5266 1995 5322 Ο
2020 5274 2222 5336 quanta
2253 5275 2337 5320 est

769 5362 1083 5415 Iudaeorum
1111 5359 1389 5416 accusatio
1420 5360 1433 5413 l
1468 5358 1749 5427 Siquidem
1784 5376 1853 5415 ne
1889 5361 2074 5415 dicant
2108 5378 2120 5412 :
2157 5359 2338 5425 Quare

771 5452 933 5504 nobis
961 5465 1070 5504 non
1122 5458 1207 5503 est
1239 5448 1644 5515 manifestatus,
1701 5451 1798 5505 sed
1832 5450 2111 5520 gentibus,
2157 5450 2338 5503 adhuc

773 5543 904 5611 quid
934 5543 1083 5595 circa
1115 5541 1242 5595 illos
1262 5540 1467 5596 factum
1491 5541 1561 5596 sit
1595 5542 1856 5597 ostendit.
1886 5543 2033 5597 Nam-
2047 5558 2143 5596 eos
2169 5543 2334 5595 etiam

775 5629 1196 5698 deprecabatur,
1228 5643 1333 5684 nec
1374 5638 1458 5683 est
1518 5629 1740 5685 auditus
1789 5632 2072 5689 Dominus.
2135 5632 2333 5685 Totum

774 5732 907 5773 vero
941 5720 1109 5782 diem,
1141 5720 1246 5775 hoc
1272 5728 1359 5775 est
1394 5728 1606 5789 tempus
1636 5722 2050 5777 incarnationis.
2106 5724 2202 5777 Vel
2235 5739 2333 5792 po-

2431 4534 2660 4601 ῶφειλον
2720 4534 3011 4601 ἀνανῆψαι.
3066 4534 3206 4586 Ἀλλ’
3291 4535 3507 4594 ἑκόντες
3587 4532 4012 4599 ἑτυφλώθησαν.

2438 4648 2455 4678 ι
2493 4629 2617 4689 Τοῖς
2646 4628 2743 4695 ἐμὲ
2775 4628 2849 4695 μὴ
2886 4625 3223 4695 ἐπερωτῶσι,
3265 4645 3282 4676 »
3318 4626 3438 4677 Τῶν
3473 4624 3640 4676 ἐθνῶν
3664 4624 3921 4691 καθαιρεῖ
3949 4624 4016 4675 τὸ

2431 4720 2703 4790 φρόνημα.
2737 4720 2879 4781 Ὅτι,
2904 4720 3056 4786 φησὶ,
3086 4718 3148 4770 τὸ
3180 4720 3285 4770 πᾶν
3311 4718 3407 4785 τῆς
3433 4718 3652 4785 χάριτος
3704 4712 3771 4783 ἦν
3798 4723 3826 4747 ⁶
3856 4714 4019 4782 ὅμως

2432 4812 2550 4863 ἐστὶ
2582 4810 2807 4863 καὶτῶν
2854 4810 3039 4861 ἐθνῶν.
3080 4810 3152 4862 Τὸ
3178 4809 3287 4878 γὰρ
3318 4808 3409 4859 τὸν
3437 4806 3727 4876 εὑρεθέντα
3780 4808 3876 4857 καὶ
3906 4824 4015 4871 φας

2433 4902 2591 4954 νέντα
2645 4901 2842 4971 μηκέτι
2896 4901 3072 4963 ἐάσαι,
3110 4901 3208 4969 τῆς
3246 4898 3423 4950 αὐτῶν
3452 4893 3521 4967 ἦν
3546 4897 3766 4965 ἀρετῆς.
3810 4913 3829 4945 ι
3866 4896 4020 4964 Πρὸς

2434 4995 2491 5047 δὲ
2523 4994 2614 5047 τὸν
2642 4994 2860 5064 Ἰσραὴλ
2905 4993 3071 5060 λέγει.
3114 5012 3133 5044 »
3201 4995 3263 5046 Ὢ
3317 4992 3652 5060 κατηγορίας
3700 4988 4015 5041 Ἰουδαίωνε

2437 5087 2553 5143 Ἵνα
2574 5085 2682 5154 γὰρ
2716 5087 2788 5153 μὴ
2810 5084 3029 5149 λέγωσι,
3052 5083 3202 5136 Διατὲ
3232 5084 3363 5149 ἡμῖν
3394 5083 3467 5150 μὴ
3491 5082 3715 5147 γέγονεν
3735 5078 4015 5147 ἐμφανὴς,

2435 5178 2568 5231 ἀλλὰ
2594 5180 2703 5238 τοῖς
2726 5177 2898 5228 ἔθνεσι
2924 5194 2937 5240 ;
2968 5175 3027 5226 τὸ
3046 5174 3204 5226 πλέον
3229 5175 3315 5225 ἐπ’
3341 5172 3520 5226 αὐτῶν
3550 5171 3837 5239 γενόμενον
3872 5169 3955 5221 εδε
3966 5190 4019 5221 ι-

2439 5268 2547 5333 ξεν,
2576 5269 2655 5320 ὅτι
2681 5266 2774 5320 καὶ
2805 5265 3125 5336 παρεκάλει,
3177 5264 3273 5316 καὶ
3301 5264 3401 5315 οὐκ
3448 5262 3690 5331 ἠκούσθη
3715 5262 3743 5312 ὁ
3780 5260 4011 5328 Κύριος.

2440 5359 2607 5428 Ὅλην
2633 5357 2710 5421 δὲ,
2746 5357 2901 5425 φησὶ,
2935 5356 3032 5423 τὴν
3070 5354 3306 5425 ἡμέραν,
3353 5348 3465 5406 οἷον
3494 5352 3584 5404 τὸν
3609 5356 3707 5421 τῆς
3737 5351 4018 5420 ἔνανθρω-

2440 5451 2659 5520 πήσεως
2688 5448 2903 5518 καιρόν.
2932 5448 3001 5498 Ἦ
3036 5446 3233 5514 μᾶλλον
3264 5446 3439 5499 πάντα
3475 5445 3565 5497 τὸν
3588 5443 3924 5513 ἔμπροσθεν,
3948 5446 4014 5510 ἐξ

2438 5536 2503 5609 ἧς
2535 5538 2755 5609 ἐξῆλθον
2780 5539 2838 5600 ἐξ
2864 5536 3159 5604 Αἰγύπτου.
3200 5553 3218 5582 ι
3254 5535 3397 5603 Πρὸς
3430 5534 3556 5586 λαὸν
3593 5532 3945 5589 ἀπειθοῦν-αι,
3987 5555 4009 5587 ι

2451 5631 2510 5682 Ὀ
2540 5631 2634 5698 μὲν
2655 5629 2786 5691 Θεὸς
2820 5629 3000 5680 ὲκὰλει
3034 5627 3123 5679 καὶ
3165 5620 3274 5677 οἷον
3302 5622 3757 5692 ἐναγκαλίσασθαι
3785 5622 4021 5692 {160:5}:-

2440 5739 2520 5774 το’
2548 5724 2599 5773 τί
2627 5720 2683 5773 δὲ
2712 5720 2863 5771 αὐτοί
2892 5736 2905 5781 ;
2958 5716 3246 5770 Ἦπείθουν
3273 5716 3369 5769 καὶ
3391 5713 3697 5780 ἀντέλεγον.

775 5810 887 5866 tius
913 5826 1073 5868 omne
1102 5812 1443 5884 pmteritum
1471 5822 1685 5885 tempus
1720 5830 1784 5869 ex
1811 5832 1918 5885 quo
1948 5818 2155 5887 egressi
2184 5827 2339 5872 erant
2374 5832 2435 5871 ex
2470 5814 2719 5883 .ﬁgypto.
2763 5832 2778 5862 ι
2816 5813 2891 5865 Ad
2940 5810 3201 5880 populum
3235 5823 3342 5862 non
3406 5808 3897 5875 obtemperantem.
3983 5826 4007 5859 ι
