4196 6468
143 407 229 468 537
1188 411 1584 472 COMMENT.
1630 412 1711 471 IN
1752 415 1992 477 EPIST.
2031 420 2133 478 AD
2159 420 2345 483 ROM.

3310 429 3417 492 538

141 524 269 577 Deus
297 523 526 592 quidem
564 524 793 580 vocabat
829 534 884 580 et
910 526 1066 595 quasi
1094 529 1395 598 amplexari
1428 529 1707 599 cupiebat,
1751 532 1882 600 quid
1962 547 2147 590 autem
2196 538 2319 592 illi?
2389 540 2508 595 Non
2565 543 2854 612 parebant,
2906 546 3020 600 imo
3066 545 3416 602 contradice-

143 615 277 669 bant.

738 733 985 786 ΚΕΦΛΛ.
1023 732 1115 789 ΙΖ’.

142 844 263 911 Περὶ
318 845 428 899 τοῦ
467 845 705 900 σκοποῦ
768 846 897 898 καθ’
960 847 1032 898 ὃν
1074 847 1515 914 ἐξεϐλήθησαν,
1565 845 1720 900 ὥστε

201 915 466 989 δεύτεροι
545 918 905 969 ἐπανελθεῖν
964 916 1120 989 (tito)
1167 917 1283 971 τῶν
1351 918 1721 989 τιμηθέντων

199 986 391 1041 ἐθνων
422 989 853 1055 συναχθέντων
881 987 1133 1044 πιστῶν.

202 1164 365 1234 Λέγω
418 1160 554 1227 οὖν,
601 1165 687 1234 μὴ
726 1165 1014 1221 ἀπώσατο
1044 1167 1076 1218 ὀ
1125 1165 1268 1230 Θεὸς
1296 1165 1405 1218 τὸν
1433 1166 1589 1220 λαόν
1617 1168 1721 1221 αὺ-

145 1257 275 1321 τοῦ;
303 1257 404 1324 Μὴ
444 1258 695 1326 γένοιτο.
730 1257 838 1312 Καὶ
870 1258 979 1328 γὰρ
1018 1258 1133 1326 ἐγὼ
1173 1260 1546 1327 Ἰσραηλίτης
1578 1260 1720 1328 εἰμὶ,

144 1353 203 1404 ἐκ
249 1350 599 1420 σπέρματος
670 1352 937 1419 Ἀὔραὰμ,
1001 1351 1205 1420 φυλῆς
1249 1352 1551 1422 Βενιαμίν.
1599 1356 1721 1408 Οὐκ

144 1444 415 1497 ἀπώσατο
449 1446 482 1496 d
539 1444 686 1509 Θεὸς
732 1446 840 1496 τὸν
886 1444 1276 1503 λαὸνιιὺτοῦ.
1327 1445 1400 1499 ὃν
1429 1447 1718 1516 προέγνω.

149 1536 211 1587 Ἦ
235 1536 347 1587 οὐκ
369 1534 573 1586 οἴδατε
604 1536 673 1586 ὲν·
699 1534 860 1600 Ἠλίᾳ
896 1535 951 1586 τί
982 1533 1145 1602 ,λέγει
1177 1536 1213 1602 ἡ
1242 1538 1477 1606 Γρηςρὴ,
1511 1540 1592 1603 ὠς
1625 1539 1718 1591 ἐν·

146 1624 415 1692 τυγχάνει
446 1623 526 1688 τῷ
559 1623 682 1687 Θεῷ
711 1624 861 1677 κατὰ
895 1624 1002 1678 τοῦ
1040 1625 1311 1692 Ἰσραὴλ,
1344 1626 1539 1693 λέγων
1559 1643 1571 1655 ·
1612 1628 1724 1679 Κύ-

140 1734 238 1783 ριε,
274 1717 420 1781 τοὺς
464 1716 777 1784 προφήτας
817 1731 935 1770 σου
971 1717 1356 1778 ἀπέκτειναν,
1394 1720 1491 1770 καί
1528 1718 1598 1771 τὰ
1623 1722 1722 1772 θυ-

146 1809 460 1877 σιαστήριά
492 1827 610 1864 σου
668 1810 1099 1878 κατέσκαψαν.
1143 1810 1309 1880 κάγὼ
1352 1813 1725 1881 ὑπελείφθην

141 1903 336 1969 μόνος,
374 1903 474 1955 καί
499 1900 739 1968 ζητοῦσι
760 1901 875 1968 τὴν
897 1900 1114 1968 ψυχήν
1132 1917 1251 1969 μου
1275 1916 1293 1963 ;
1317 1901 1497 1953 Ἀλλὰ
1541 1902 1597 1953 τί
1624 1900 1725 1953 .ὶέ-

2402 742 2627 800 CAPUT
2669 744 2834 800 XVII.

1828 848 1988 920 3&7
2014 850 2091 929 De
2125 868 2281 922 scopo
2324 857 2611 909 secundum
2649 875 2804 928 quem
2850 859 3002 923 eiecti
3032 867 3156 913 sunt
3191 868 3249 914 ut
3272 870 3419 929 post-

1902 922 2116 976 modum
2158 935 2546 978 reverterentur
2601 922 2901 982 imitatione
2953 933 3195 988 gentium
3254 922 3418 986 Iiono-

1901 1003 2167 1114 rattirum,
2193 996 2288 1048 hoc
2337 1005 2435 1061 est,
2470 995 2729 1065 ﬁdelium,
2762 1016 2880 1071 qua:
2908 985 2999 1053 iri"
3012 1000 3119 1071 ﬁde
3163 985 3417 1057 convene-

1900 1078 1999 1115 run
2030 1103 2045 1115 .

1968 1080 2045 1117 nt.

1903 1178 1997 1245 XI,
2038 1180 2155 1236 1-4.
2187 1181 2314 1235 Dico
2338 1184 2504 1254 igitur
2531 1201 2548 1238 :
2572 1183 2715 1239 Num
2751 1185 2948 1254 repulit
2984 1186 3123 1242 Deus
3164 1188 3418 1260 populum

1828 1292 1980 1329 suum
2012 1276 2038 1329 .9
2073 1276 2242 1332 Absit.
2275 1276 2415 1331 Nam
2447 1288 2495 1331 et
2544 1295 2635 1350 ego
2670 1280 2926 1334 Israelita
2958 1297 3075 1334 sum
3124 1297 3190 1335 ea:
3220 1283 3421 1338 semine

1830 1368 2124 1433 Abraham,
2168 1370 2332 1422 tribus
2361 1369 2662 1440 Benjamin.
2698 1370 2814 1425 Non
2848 1371 3039 1438 repulit
3072 1371 3213 1425 Deus
3247 1389 3419 1443 popu-

1834 1459 1941 1511 lum
1983 1476 2158 1523 suum,
2200 1476 2355 1524 quem
2388 1468 2547 1514 antea
2591 1469 2923 1529 cognoverat.
2973 1466 3055 1514 An
3113 1460 3325 1513 nescitis
3359 1460 3424 1513 de

1833 1551 1956 1605 Elia
1983 1552 2107 1621 quid
2130 1553 2270 1605 dicat
2301 1551 2580 1621 Scriptura
2604 1551 2629 1605 ?
2654 1552 2916 1621 quomodo
2948 1550 3255 1621 interpellat
3281 1552 3426 1620 apud

1834 1643 2003 1698 Deum
2044 1644 2296 1698 adversus
2328 1644 2525 1709 Israel,
2568 1644 2791 1698 dicens:
2823 1642 3070 1706 Domine,
3136 1644 3422 1713 prophetas

1834 1748 1950 1788 tuos
1977 1736 2301 1800 occiderunt,
2337 1743 2388 1788 et
2416 1734 2621 1787 altaria
2676 1746 2769 1787 tua
2798 1733 3189 1797 subuerterant,
3230 1742 3279 1786 et
3331 1748 3424 1801 ego

1833 1828 2050 1883 relictus
2090 1830 2168 1900 fui
2202 1828 2368 1893 solus,
2395 1838 2445 1880 et
2491 1839 2735 1896 qua'runt
2796 1828 3035 1879 animam
3073 1842 3269 1880 meam.
3318 1822 3422 1878 Sed

1834 1926 1962 1994 quid
1994 1925 2121 1976 dicit
2147 1924 2249 1989 ipsi
2294 1921 2571 1975 oraculum
2600 1920 2623 1974 ?
2656 1920 2869 1990 Reliqui
2900 1920 3028 1973 mihi
3061 1926 3260 1989 septem
3304 1917 3426 1972 mil-

146 2014 219 2064 γει
272 1993 440 2061 αὺτῷ
493 2000 527 2051 d
576 1994 1027 2065 χρηματισμός-ς
1090 1992 1433 2049 Κατέλιπον
1485 1993 1726 2063 ἐμαυτῷ

1838 2016 1933 2082 lia,
1964 2017 2056 2085 qui
2090 2032 2193 2068 non
2233 2024 2581 2068 curvaverant
2612 2029 2782 2083 genua
2813 2013 2915 2084 ipsi
2936 2010 3097 2066 Baal.

144 2090 626 2156 ἑπτακισχιλίους
673 2086 898 2155 ἄνδρας
923 2128 939 2153 ,
998 2087 1217 2153 οἵτινες
1278 2088 1389 2140 οὐκ
1445 2088 1728 2156 ἔκαμψαν
1760 2084 1801 2139 Β

145 2183 275 2250 γόνυ
308 2180 389 2249 τῇ
412 2180 603 2237 Βάαλ.

208 2275 324 2343 Ἆρ’
380 2268 479 2327 οῦν
510 2273 697 2343 ἐπειδὴ
730 2273 1041 2343 ἠπείθησαν
1096 2274 1191 2327 καὶ
1232 2273 1513 2333 ἀντεῖπον,
1554 2273 1629 2344 μὴ
1668 2275 1726 2326 ὲν

147 2367 371 2438 ὰποὸολῇ
432 2366 757 2435 γεγένηνται
793 2367 869 2431 ὡς
906 2366 1042 2437 μηδὲ
1074 2366 1403 2438 ἐπιστρέψαι
1437 2366 1721 2433 δύνασθαι,

148 2460 229 2512 καὶ
244 2461 333 2513 διὰ
360 2460 526 2514 τοῦτο
566 2461 952 2530 κατηργῆσθαι
991 2462 1090 2523 τὰς
1119 2460 1255 2531 πρὸς
1275 2461 1531 2531 Ἀδραὰμ
1552 2461 1722 2527 ἐπαγ-

150 2553 359 2620 γελίαςς
395 2553 701 2623 Οὑμενοῦν.
758 2555 870 2608 Καὶ
904 2553 1012 2623 γὰρ
1058 2553 1152 2605 καὶ
1185 2553 1313 2615 λαός
1356 2554 1504 2604 ἐστιν
1532 2550 1723 2613 αὑτοῦ,

152 2644 288 2711 gnat,
320 2647 418 2699 καὶ
448 2646 699 2715 προέγνω
723 2644 907 2708 αὑτὸν,
946 2644 1219 2709 τουτέστι,
1251 2643 1359 2714 πρὸ
1383 2644 1493 2696 τῶν
1530 2642 1724 2697 ὲθνῶν.

152 2739 249 2791 Καὶ
276 2738 381 2806 γὰρ
407 2737 620 2805 ἐγγὺςὸ
642 2738 866 2806 ἔλεγχος
895 2738 989 2790 καὶ
1030 2738 1062 2805 ἡ
1091 2736 1384 2805 βεϐαίωσις
1417 2735 1511 2788 τοῦ
1544 2736 1723 2802 λόγου.

152 2829 303 2891 Αὗτὺς
337 2829 475 2895 ἐγὼ,
512 2829 647 2897 φησὶ
702 2827 937 2889 Παῦλος,
969 2828 997 2880 6
1050 2825 1230 2894 κῆρυξ
1275 2828 1370 2879 καὶ
1407 2825 1727 2888 διδάσκαλος

152 2920 246 2971 τῶν
266 2920 463 2983 ἐθνῶν,
496 2918 838 2986 Ἰσραηλίτης
894 2918 1030 2987 εἰμί.
1058 2917 1270 2971 Οὐκοῦν
1300 2918 1399 2969 οῦκ
1433 2916 1727 2985 ἀπώσθητε

153 3012 248 3063 ἀπὸ
271 3010 433 3076 Θεοῦ,
471 3011 587 3065 ἀλλ’
640 3012 871 3071 ἑαυτοὺς
913 3010 1246 3064 ἀπωθεῖσθε.
1287 3028 1305 3061 ι
1345 3008 1438 3078 Μὴ
1465 3007 1729 3061 ἀπώσατο

151 3103 316 3166 ὁΘεδς
339 3103 435 3156 τὸν
480 3103 609 3155 λαὸν
656 3103 826 3156 αὐτοῦ
854 3121 867 3169 ;
903 3104 1040 3155 Κατ’
1075 3102 1347 3172 ἐρώτησιν
1380 3102 1475 3154 καὶ
1520 3100 1728 3167 ἀπαγό-

154 3211 325 3261 ρευσιν
357 3194 594 3263 προάγει
621 3195 710 3247 τὸν
743 3194 922 3261 λόγον.
962 3213 981 3245 ι
1009 3194 1124 3247 Οὐκ
1153 3195 1415 3247 ἀπώσατο
1440 3194 1615 3257 ὀΘεὸς
1639 3195 1730 3247 τὸν

152 3288 265 3339 λαὸν
290 3287 461 3341 αὐτοῦ
511 3286 573 3339 ὃν
600 3287 870 3355 προέγνω.
896 3304 914 3337 ι
971 3286 1036 3338 El
1065 3286 1175 3355 γὰρ
1218 3285 1500 3345 ἀπώσατο,
1530 3286 1630 3337 οὐκ
1661 3284 1728 3336 ἂν

153 3380 204 3442 ἐξ
228 3379 498 3432 Ἰουδαίων
524 3378 859 3439 ἀποστόλους
885 3378 979 3431 καὶ
1011 3380 1258 3449 κήρυκας
1283 3376 1587 3444 ἐξελέξατο.
1620 3376 1729 3428 Καὶ

155 3470 249 3536 γὰρ
271 3470 381 3535 ἐγὼ
427 3468 638 3531 Παῦλος
683 3468 939 3530 Ἰουδαῖός
973 3469 1111 3536 είμι.
1149 3486 1167 3518 ι
1198 3468 1267 3520 Ἢ
1296 3468 1395 3519 οὐκ
1443 3466 1622 3519 οἴδατε
1674 3467 1732 3516 ὲν

163 3564 341 3634 Ἠλίας
384 3584 403 3615 ι
458 3566 580 3617 ἰνα
618 3564 693 3634 μὴ
720 3562 956 3628 λέγωσιν
985 3562 1033 3615 οἱ
1069 3562 1344 3615 Ἰουδαῖοι*
1376 3558 1513 3615 Εἶτα.
1564 3561 1629 3614 σὺ
1661 3554 1732 3625 εἶ,

154 3659 321 3727 φησιν,
358 3659 387 3709 6
418 3659 527 3719 πᾶς
556 3657 682 3721 λαὸς
709 3656 802 3710 τοῦ
850 3657 1078 3726 Ἰσραὴλ
1102 3700 1115 3723 ,
1161 3658 1257 3709 καὶ
1287 3660 1368 3721 είς
1401 3657 1461 3710 σὲ
1507 3657 1736 3727 μέλλου-

154 3766 227 3801 σιν
259 3751 311 3803 αἱ
340 3750 486 3820 πρὸς
515 3749 771 3819 Ἀϐραὰμ
820 3749 1146 3817 ἐπαγγελίαι
1179 3752 1353 3818 πέρας
1402 3750 1732 3819 λαμϐάνεινς

156 3843 273 3911 φησὶ
324 3842 466 3912 πρὸς
516 3840 693 3905 τοῦτο,
750 3841 831 3894 ὅτι
890 3840 1082 3893 Πολλοί
1116 3842 1254 3892 εἰσιν
1283 3842 1330 3892 ol
1370 3842 1731 3911 σεσωσμένοι,

154 3934 273 3985 ἀλλὰ
303 3935 468 4002 ὑμεῖς
500 3933 766 3999 ἀγνοεῖτε.
806 3933 920 3985 Καὶ
963 3932 1072 4001 γὰρ
1128 3934 1223 3984 καὶ
1277 3932 1470 3995 Ἠλίας
1494 3973 1506 3995 ,
1574 3935 1736 4001 μόνος

154 4022 277 4092 ᾤετο
301 4022 721 4093 ὑπολελεῖφθαι,
776 4025 892 4077 ἀλλ’
925 4026 1160 4093 ἤκουσεν
1194 4020 1335 4077 εἶναι
1389 4025 1481 4077 καὶ
1514 4027 1729 4089 ἄλλους.

156 4117 295 4170 Οῦτω
326 4118 423 4170 καὶ
448 4116 571 4181 νῦν,
597 4116 753 4185 φησὶ.
788 4116 975 4169 πολλοί
1011 4119 1150 4169 εἰσιν
1180 4118 1231 4170 οἱ
1267 4116 1326 4183 ἐξ
1347 4116 1615 4172 Ἰουδαίων
1643 4138 1737 4172 πι-

158 4210 280 4272 στοὶ,
341 4209 468 4262 ἀλλ’
536 4209 696 4277 ὑμεῖς
761 4208 1107 4275 ἀγνοοῦντες,
1176 4208 1275 4278 ἐμὲ
1335 4210 1497 4277 μόνον
1535 4211 1734 4265 οἴεσθε.

164 4320 178 4350 ι
205 4302 366 4369 Κάγὼ
390 4301 731 4370 ὑπελείφθην
785 4302 967 4370 μόνος.
1004 4322 1024 4353 ι
1082 4303 1144 4354 El
1174 4301 1231 4354 δὲ
1257 4303 1286 4354 6
1316 4302 1506 4367 Ἠλίας
1552 4303 1737 4373 ἠγνόει

157 4396 227 4446 ὅτι
254 4396 410 4463 μόνος
446 4395 551 4447 οὐκ
572 4388 661 4464 ἦν,
688 4393 852 4464 σχολῇ
878 4394 928 4461 γ’
961 4394 1027 4447 ἂν
1057 4395 1217 4464 ὑμεῖς
1249 4394 1503 4466 εἰδείητε.
1543 4397 1735 4449 eam

156 4489 201 4540 τί
235 4489 377 4555 λέγει
411 4487 567 4557 αὐτῷ
591 4488 620 4539 6
644 4487 1068 4557 χρηματισμός;
1105 4506 1124 4539 ι
1172 4488 1490 4545 Τουτὲστιν.
1516 4491 1545 4543 6
1576 4490 1737 4557 λόγος

157 4580 236 4633 τοῦ
261 4581 418 4634 Θεοῦ·
447 4579 609 4633 τοῦτο
631 4580 739 4649 γὰρ
768 4578 1011 4646 λέγει,‹ό
1040 4581 1444 4650 χρηματισμός.
1462 4583 1655 4651 »Δηλοῖ
1682 4583 1737 4636 δὲ

158 4671 226 4732 τὺ,
263 4689 281 4722 ι
313 4672 653 4734 Κατέλιπον,
692 4686 710 4719 ι
750 4670 833 4721 ὅτι
884 4672 985 4740 τῆς
1011 4670 1104 4724 τοῦ
1134 4672 1269 4725 Θεοῦ
1309 4673 1531 4745 χάριτος
1561 4672 1629 4746 ἦν
1678 4676 1737 4730 τὸ

160 4762 276 4815 πολὺ
304 4763 497 4833 μέρος.

213 4854 403 4922 οὕτως
432 4850 557 4910 οὖν
594 4855 695 4910 καὶ
741 4856 811 4909 ἐν
854 4855 935 4920 τῷ
980 4855 1098 4909 νῦν
1133 4856 1316 4924 καιρῷ
1352 4858 1572 4927 λεῖμμα
1605 4862 1733 4912 κατ’

160 4946 406 5017 ἐκλογὴν
442 4949 694 5019 χάριτος
716 4948 985 5018 γέγονεν.
1040 4950 1112 5002 El
1144 4949 1207 5001 δὲ
1239 4949 1455 5017 χάριτι,
1492 4954 1603 5005 οὐκ
1645 4953 1732 5007 ἔτι

159 5040 216 5100 ἐξ
240 5039 441 5109 ἔργων.
482 5042 651 5097 Ἐπεὶ
682 5044 719 5110 ἡ
749 5042 921 5109 χάρις
943 5041 1144 5095 οὐκέτι
1189 5042 1413 5111 γίνεται
1450 5044 1639 5113 χάρις.
1671 5050 1737 5099 Et

160 5130 217 5182 δὲ
238 5131 301 5195 ἐξ
323 5133 539 5201 ἔργων.
600 5136 711 5187 οὐκ
742 5134 830 5187 ἐτι
857 5132 991 5187 ἐστὶ
1031 5133 1225 5202 χάρις,
1265 5135 1391 5187 ἐπεὶ
1425 5138 1493 5189 τὸ
1535 5137 1733 5208 ἔργον,

163 5225 257 5276 οὐκ
288 5224 375 5279 ἔτι
403 5225 588 5280 ἐστὶν
617 5225 817 5293 ἔργον.

226 5316 427 5391 Ὠσπερ
457 5313 558 5371 οῦν
584 5318 729 5383 τότε,
762 5318 948 5388 φησὶν,
978 5319 1043 5372 ὲκ
1071 5319 1273 5381 παντὸς
1294 5319 1387 5372 τοῦ
1417 5319 1547 5373 λαοῦ
1580 5322 1739 5374 ἐπτα-

168 5410 401 5479 κισχίλιοι
442 5410 784 5481 εὐηρέστουν
809 5451 824 5475 ,
875 5411 1017 5464 οὓτω
1071 5411 1165 5464 καὶ
1194 5411 1288 5465 νῦν
1318 5412 1489 5480 ὀλίγοι
1545 5414 1738 5483 εὐαρε-

171 5499 352 5566 στοῦσι,
374 5503 471 5557 καὶ
494 5503 655 5556 αὐτοὶ
681 5500 986 5571 λογίζονται
1017 5505 1097 5566 είς
1123 5505 1342 5573 σπέρμα
1369 5504 1732 5574 τῷἈϐραὰμ,

169 5592 247 5642 ra‘.
271 5594 365 5648 rint
389 5594 657 5659 ἐξέπεσεν
688 5596 721 5665 ἡ
777 5594 1082 5663 ἐπαγγελία
1115 5594 1209 5649 τοῦ
1259 5596 1417 5649 Θεοῦ.
1477 5616 1495 5647 ι
1533 5598 1642 5649 Καὶ
1677 5600 1734 5651 ἐν

169 5678 235 5749 τῷ
253 5680 342 5736 νῦν
378 5683 586 5755 καιρῷ.
630 5702 648 5734 ι
687 5683 899 5737 Οὐκοῦν
933 5685 1026 5738 ἐπὶ
1054 5685 1148 5738 τοῦ
1180 5684 1337 5738 Ἠλία
1367 5686 1549 5756 χάριτι
1600 5687 1733 5739 ἐσώ-

1900 2283 2360 2354 Quandoquidem
2414 2298 2549 2354 ergo
2605 2298 2717 2337 non
2788 2281 3270 2351 obtemperarent,
3313 2277 3426 2334 imo

1830 2377 2309 2441 contradixerunt,
2355 2390 2489 2430 num
2541 2375 2617 2429 ita
2658 2374 2863 2445 abiecti
2898 2382 3028 2429 sunt
3078 2379 3139 2427 ut
3175 2370 3424 2427 converti

1829 2479 2131 2542 nequeant,
2157 2479 2214 2525 et
2235 2469 2308 2523 ita
2342 2469 2515 2523 irritae
2546 2466 2707 2521 factm
2736 2475 2868 2521 sunt
2896 2466 2966 2520 ad
2990 2464 3268 2518 Abraham
3295 2477 3427 2532 pro-

1830 2562 2163 2619 missiones?
2188 2560 2433 2615 Minime.
2464 2559 2684 2613 Etenim
2710 2557 2949 2627 populus
2976 2556 3152 2627 ipsius
3191 2562 3297 2616 est,
3332 2553 3418 2609 in-

1831 2655 1969 2727 quit,
2001 2662 2057 2708 et
2086 2663 2244 2707 antea
2280 2660 2612 2722 cognoverat
2643 2650 2844 2719 ipsum,
2872 2649 2978 2704 boc
3000 2657 3105 2711 est,
3130 2657 3426 2717 antequam

1831 2756 2045 2819 gentes.
2076 2745 2363 2815 Siquidem
2398 2745 2455 2798 in
2499 2742 2753 2812 proximo
2789 2750 2872 2797 est
2908 2741 3163 2811 probatio
3196 2754 3423 2794 ac'eon-

1833 2839 2072 2893 ﬁrmatio
2120 2837 2421 2892 sermonis.
2470 2835 2586 2905 Ego
2632 2834 2751 2903 ipse
2788 2833 2865 2886 ait
2898 2832 3122 2898 Paulus,
3162 2831 3257 2900 qui
3292 2822 3430 2898 gen;

1835 2933 1971 2986 tium
2015 2931 2349 3001 praedicator
2378 2943 2498 2983 sum
2532 2943 2597 2982 ac
2628 2934 2956 2996 praeceptor,
2995 2923 3249 2978 Israelita
3279 2937 3428 2976 sitm.

1833 3024 2005 3094 Igitur
2032 3038 2142 3076 non
2175 3023 2311 3077 estis
2337 3037 2366 3075 a
2398 3020 2511 3073 Deo
2548 3018 2782 3089 repulsi,
2817 3018 2914 3072 sed
2942 3032 3041 3072 vos
3072 3017 3226 3086 ipsos
3273 3014 3431 3084 pelli-

1836 3116 1907 3169 tis
1950 3132 1964 3171 :
2016 3133 2033 3165 ι
2069 3114 2212 3168 Num
2248 3111 2458 3181 repulit
2502 3111 2652 3164 Deus
2710 3110 2982 3179 populum
3032 3106 3242 3161 suum?
3273 3125 3291 3158 ι
3324 3105 3431 3161 Per

1833 3206 2324 3275 interrogationem
2351 3218 2415 3258 ac
2437 3203 2789 3272 negationem
2808 3200 3065 3270 producit
3090 3213 3428 3253 sermonem.

1842 3318 1858 3348 ι
1891 3298 2011 3351 Non
2048 3296 2255 3365 repulit
2304 3295 2451 3349 Deus
2497 3292 2766 3363 populum
2804 3306 2990 3354 suum,
3044 3305 3209 3359 quem
3267 3297 3429 3343 antea

1836 3397 2188 3458 cognoverat.
2231 3405 2249 3438 ι
2305 3387 2441 3441 Nam
2490 3386 2535 3439 si
2576 3385 2895 3454 repulisset,
2958 3390 3305 3453 nequaquam
3363 3396 3432 3435 ex

1839 3484 2045 3538 ludatis
2070 3480 2352 3551 apostolos
2378 3494 2439 3533 ac
2469 3478 2866 3548 praedicatores
2894 3475 3172 3545 elegisset.
3206 3474 3429 3530 Etenim

1839 3593 1941 3645 ego
1986 3575 2189 3629 Paulus
2219 3572 2442 3627 Iudaeus
2487 3587 2631 3625 sum.
2674 3588 2692 3621 ι
2732 3569 2814 3624 An
2848 3569 3076 3623 nescitis
3103 3567 3173 3620 de
3207 3566 3369 3621 Elia?
3404 3585 3423 3618 ι

1840 3668 1922 3720 Ne
1955 3666 2141 3721 dicunt
2189 3663 2363 3719 Juda'i
2400 3680 2411 3715 :
2442 3660 2689 3730 Denique
2736 3667 2795 3713 tu
2856 3674 2917 3713 es
2957 3657 3140 3712 omnis
3191 3656 3432 3726 populus

1839 3760 2053 3814 Israel?
2088 3768 2143 3812 et
2176 3759 2230 3811 in
2275 3767 2326 3810 Ie
2358 3763 2670 3825 accepturae
2700 3762 2830 3808 sunt
2865 3752 3170 3805 terminum
3199 3764 3324 3819 quae
3346 3747 3431 3802 fa-

1839 3859 1940 3906 ctce
1962 3858 2092 3904 sunt
2124 3851 2189 3903 ad
2220 3850 2497 3903 Abraham
2525 3844 2973 3917 promissiones?
3004 3843 3236 3899 Ad'hoc
3266 3839 3433 3913 348

1839 3945 2023 4007 Multi,
2058 3945 2255 4012 inquii,
2290 3952 2417 3996 sunt
2454 3941 2548 4011 qui
2579 3940 2781 3995 servati
2817 3946 2966 4003 sunt,
3002 3937 3099 3992 sed
3144 3951 3240 3989 vos
3265 3937 3424 4004 igno-

1842 4037 1996 4091 ratis.
2023 4037 2239 4091 Etenim
2278 4036 2426 4089 Eiias
2465 4050 2689 4103 quoque
2742 4032 2891 4087 solus
2950 4029 3249 4100 putabatur
3308 4040 3431 4081 esse

1841 4131 2072 4185 relictus
2103 4147 2117 4193 ;
2171 4144 2363 4181 verum
2387 4126 2601 4180 audivit
2638 4132 2695 4179 et
2727 4124 2866 4178 alios
2902 4138 3045 4178 esse.
3087 4122 3171 4176 Ita
3196 4130 3252 4175 et
3282 4133 3432 4174 nunc

1840 4220 1999 4274 multi
2035 4230 2164 4273 sunt
2196 4234 2263 4271 ex
2292 4216 2499 4272 Judzeis
2526 4215 2736 4278 ﬁdeles,
2769 4214 2863 4268 sed
2892 4229 2989 4267 vos
3013 4211 3065 4266 id
3088 4213 3429 4282 ignorantes,

1841 4329 1928 4367 me
1970 4313 2146 4367 solum
2183 4326 2303 4365 esse
2335 4309 2562 4379 putatis.
2601 4328 2617 4360 ι
2649 4309 2718 4362 Ει
2750 4318 2853 4376 (σο
2906 4306 3134 4360 relictus
3204 4302 3283 4357 fui
3336 4317 3412 4358 so

1842 4404 1946 4459 lus.
1983 4422 2000 4455 ›
2034 4402 2185 4468 Quos
2207 4405 2249 4455 si
2281 4402 2429 4456 Elius
2461 4400 2751 4470 ignorabat
2782 4397 2929 4467 quod
2958 4396 3239 4450 solusnon
3263 4403 3433 4460 esset,

1842 4496 2207 4548 multominus
2251 4508 2348 4546 vos
2374 4492 2516 4546 seire
2541 4491 2793 4561 potestis.
2829 4510 2845 4540 ι
2881 4488 2986 4543 Sed
3010 4487 3146 4558 quid
3168 4487 3302 4542 dicit
3327 4486 3433 4556 ipsi

1843 4584 2174 4638 oraculum?
2215 4602 2232 4635 ›
2282 4583 2397 4636 Hoc
2432 4587 2539 4643 est,
2569 4595 2751 4635 sermo
2776 4580 2895 4635 Dei.
2933 4578 3108 4633 Porro
3139 4592 3245 4632 vox
3280 4595 3298 4627 ι
3326 4576 3434 4630 Re-

1844 4676 2016 4745 liqui,
2083 4694 2100 4725 i
2167 4675 2421 4744 designat
2472 4672 2619 4743 quod
2700 4672 2987 4743 potissima
3054 4685 3186 4740 pars
3244 4668 3437 4739 gratim

1760 4758 1815 4817 D
1841 4778 1975 4821 erat.

1915 4859 2007 4919 XI,
2046 4858 2097 4922 5,
2130 4857 2181 4911 6.
2216 4855 2302 4911 Sic
2330 4859 2494 4927 igitur
2510 4864 2558 4909 et
2583 4856 2638 4908 in
2684 4856 2781 4909 hoc
2809 4861 3044 4924 tempore
3081 4852 3319 4923 reliquit:
3348 4868 3435 4905 se-

1843 4953 2072 5007 cundum
2096 4950 2396 5003 electionem
2424 4950 2615 5020 gratiae
2642 4949 2799 5016 factae
2819 4954 2965 5001 sunt.
3000 4944 3154 5011 Quod
3170 4947 3215 4998 si
3231 4945 3436 5014 gratia,

1840 5048 1956 5116 jam
1988 5062 2093 5097 non
2128 5060 2190 5097 ea:
2220 5044 2465 5115 Operibus
2492 5059 2508 5096 :
2537 5040 2965 5112 quandoquidem
2992 5041 3169 5110 gratia
3188 5039 3308 5107 jam
3330 5053 3434 5091 non

1842 5147 1917 5191 est
1942 5141 2140 5207 gratia.
2167 5135 2223 5190 Si
2255 5146 2431 5191 autem
2464 5150 2529 5187 ex
2561 5134 2829 5206 Operibus,
2850 5133 2973 5201 jam
3001 5146 3103 5185 non
3125 5137 3202 5183 est
3231 5128 3433 5198 gratia.

1843 5228 1984 5284 Num
2018 5246 2147 5299 opus
2178 5230 2287 5294 iam
2320 5244 2425 5280 non
2454 5237 2532 5280 est
2573 5243 2724 5296 opus.

1913 5317 2394 5388 Quemadmodum
2418 5333 2549 5388 ergo
2574 5327 2703 5371 tum;
2731 5333 2795 5371 ea
2822 5314 2972 5369 omni
2992 5312 3197 5382 populo
3224 5317 3436 5379 septem

1842 5411 2015 5465 millia
2043 5410 2395 5481 placuerunt,
2429 5407 2505 5461 ita
2528 5413 2585 5461 et
2609 5421 2758 5460 nunc
2781 5404 2943 5474 pauci
2978 5403 3198 5472 placent
3224 5417 3237 5453 :
3269 5409 3325 5453 et
3353 5396 3437 5452 illi

1847 5509 2176 5572 reputantur
2202 5500 2255 5552 in
2290 5513 2480 5553 semen
2528 5496 2835 5557 Abraham,
2899 5508 3004 5548 nec
3053 5491 3259 5547 excidit
3306 5503 3439 5559 pro-

1846 5593 2041 5646 missio
2070 5591 2188 5645 Dei.
2237 5608 2254 5641 ι
2293 5589 2361 5643 Ει
2415 5589 2473 5643 in
2533 5588 2641 5644 hoc
2691 5596 2960 5657 tempore.
2998 5604 3017 5636 ι
3063 5584 3143 5639 Ita
3185 5592 3434 5653 tempore

1846 5686 1980 5739 Elia:
2010 5684 2185 5754 gratia
2232 5681 2437 5737 servati
2471 5688 2622 5737 sunt.
2652 5680 2789 5736 Nam
2818 5680 2923 5733 hoc
2969 5676 3245 5747 signiﬁcat
3296 5690 3434 5730 con-

170 5767 334 5835 θησαν.
367 5773 545 5826 Τοῦτο
571 5771 683 5841 γὰρ
719 5772 814 5826 καὶ
844 5776 893 5839 6,
940 5774 1062 5839 καὶ,
1098 5774 1249 5846 δηλοῖ
1276 5775 1591 5846 σύνδεσμος.
1626 5777 1731 5829 Καὶ

1840 5778 2053 5849 junctio
2087 5777 2201 5842 καί,
2240 5775 2294 5829 id
2332 5784 2437 5840 est,
2492 5783 2567 5829 et.
2604 5774 2682 5828 Ac
2726 5786 2964 5827 rursum.
2998 5769 3159 5825 Sicut
3200 5769 3255 5823 in
3286 5767 3430 5829 Elia,

175 5862 597 5939 παλινὪσπερ
651 5866 709 5918 ἐν
741 5865 921 5938 Ἠλίᾳ,
977 5869 1164 5939 φησὶν,
1220 5868 1535 5941 ὑπόλειμμά
1586 5873 1735 5924 ἐστιν

1844 5872 2045 5942 inquit,
2078 5873 2154 5926 ita
2182 5880 2235 5927 et
2258 5884 2404 5925 nunc
2428 5867 2675 5939 reliquiae
2707 5875 2833 5921 sunt
2853 5878 3045 5921 eorum
3073 5861 3166 5935 qui
3191 5862 3432 5933 placent,
