4196 6468
746 431 849 492 539

1808 425 2210 487 (ECUMENH
2239 423 2532 483 TllICCrE
2565 418 2906 480 EPISCOPI

3918 404 4033 465 5m

743 544 841 612 qui
875 540 1184 596 secundum
1215 547 1444 611 gratiam
1471 540 1633 593 electi
1662 549 1812 594 sunt.
1846 538 2089 593 Dicendo
2131 547 2315 591 autem

2425 533 2751 600 εὑαρέστων,
2785 534 2926 582 κατὰ
2972 527 3133 597 χάριν
3164 524 3547 591 ἐπιλεγέντων,
3582 520 3672 591 Τῷ
3703 522 3759 573 δὲ
3812 522 4028 583 εἰπεῖν,

748 654 766 684 ς
798 633 1158 697 Electionem,
1184 651 1201 683 ι
1245 632 1487 685 ostendit
1515 632 1681 685 etiam
1707 632 2010 685 electorum
2042 629 2323 698 probatio-

742 740 886 776 nem.
924 722 1046 775 Non
1080 723 1295 790 probati
1335 723 1507 783 enim,
1549 737 1895 790 nequaquam
1923 722 2084 776 electi
2112 729 2319 774 essent.

744 811 987 864 Dicendo
1045 826 1178 864 vero
1232 831 1249 860 ‹
1310 809 1521 873 Gratia,
1574 831 1590 860 ι
1642 812 1884 864 ostendit
1947 811 2041 864 Dei
2089 809 2319 863 donum.

747 921 764 951 ι
795 902 951 967 Quod
987 903 1030 957 si
1052 903 1245 971 gratia.
1286 922 1303 953 ι
1337 934 1407 942 -
1439 902 1492 956 Si
1525 904 1694 971 gratia
1732 903 2009 972 eligimnr,
2047 902 2204 957 facile
2238 908 2325 954 est

740 995 1029 1052 aet-edere.
1072 1003 1130 1047 et
1191 994 1243 1047 in
1292 995 1573 1048 Christum
1631 997 1880 1048 credere.
1930 995 2119 1061 Neque
2172 992 2322 1045 enim

741 1100 907 1151 opera
946 1084 1104 1137 nobis
1128 1085 1441 1137 necessaria
1467 1093 1595 1138 sunt
1628 1095 1684 1138 ut
1715 1087 1779 1138 ad
1828 1087 2004 1152 ipsum
2037 1097 2325 1136 curramus

740 1186 796 1230 et
827 1176 1138 1240 credamus,
1187 1176 1283 1231 sed
1330 1178 1446 1231 sola
1472 1194 1626 1230 mens
1655 1188 1710 1230 et
1749 1178 2005 1230 voluntas
2063 1175 2265 1231 sullicit
2307 1194 2319 1228 :

740 1264 1045 1317 secundum
1075 1266 1307 1333 gratiam
1336 1266 1482 1319 enim
1504 1276 1561 1318 et
1593 1280 1702 1318 non
1740 1275 1967 1333 propter
1997 1281 2167 1334 opera
2221 1279 2323 1318 nos

739 1354 995 1422 suscipit.
1048 1354 1234 1423 Itaque
1269 1356 1315 1409 si
1371 1371 1468 1423 per
1494 1357 1724 1424 gratiam
1762 1364 1919 1409 \‘ocat
1974 1366 2030 1410 et
2068 1355 2319 1423 suscipit,

740 1441 889 1494 nulla
924 1442 1082 1495 nobis
1101 1442 1164 1494 ad
1198 1442 1303 1495 hoc
1344 1458 1574 1510 operum
1607 1444 1927 1496 necessitas.
1967 1443 2099 1495 Nam
2126 1443 2169 1495 si
2220 1458 2322 1497 no-

740 1532 824 1585 bis
851 1548 1076 1587 necesse
1143 1542 1288 1587 esset
1336 1535 1543 1587 habere
1585 1550 1773 1602 opera,
1817 1536 1929 1602 jam
1980 1534 2156 1602 gratia
2214 1550 2322 1588 non

741 1632 986 1676 maneret
1037 1626 1230 1691 gratia,
1313 1640 1509 1690 nempe
1576 1642 1675 1693 per
1726 1641 1866 1692 opus
1935 1626 1988 1678 in
2051 1627 2323 1681 mercedis

741 1715 1168 1768 retributionem
1192 1727 1552 1769 commutata.
1589 1736 1604 1764 ι
1645 1716 2106 1784 Quandoquidem
2147 1718 2320 1785 gratia

735 1808 845 1875 jam
886 1824 993 1859 non
1023 1818 1105 1859 est
1130 1809 1325 1875 gratia.
1363 1830 1378 1858 ι
1416 1808 1532 1861 Non
1573 1810 1749 1862 solum
1768 1819 1953 1862 autem
1984 1810 2033 1861 id
2078 1809 2308 1863 absurdi

2432 645 2449 677 ι
2491 621 2773 688 Ἐκλογὴν,
2814 642 2830 670 ι
2873 620 3040 682 ἔδειξε
3084 618 3176 670 καὶ
3214 618 3323 670 τῶν
3354 615 3716 681 ἐπιλεγέντων
3741 612 3841 682 τὴν
3875 614 4033 665 δοκι-

2427 718 2553 784 μήν.
2582 716 2657 766 Οὐ
2685 714 2792 783 γὰρ
2817 712 2883 763 ἂν
2913 712 3164 778 ἀδόκιμοι
3200 708 3562 777 ὲπελέγησαν.
3609 706 3698 776 Τῷ
3727 706 3783 757 δὲ
3811 706 4027 765 εἰπεῖν,

2430 826 2448 858 ι
2485 807 2707 873 Χάριτι,
2737 824 2755 855 ι
2797 800 2965 864 ἔδειξε
3001 800 3099 869 τὴν
3134 800 3227 853 τοῦ
3254 798 3387 851 Θεοῦ
3418 797 3649 866 δωρεάν.
3687 816 3705 848 ι
3736 797 3799 849 Εἰ
3832 796 3893 849 δὲ
3922 796 4032 865 χά·

2428 915 2556 967 ριτι.
2600 916 2618 947 ι
2658 925 2726 934 -
2758 891 2955 966 [ΦΩΤ.]
3011 893 3071 944 El
3120 892 3304 960 χάριτι
3337 887 3697 959 ἐκλεγόμεθα,
3740 889 3933 959 ῥᾴδιον
3964 888 4030 940 τὸ

2426 987 2748 1058 προσελθεῖν
2773 987 2867 1038 καὶ
2924 983 3214 1036 πιστεῦσαι
3244 982 3482 1051 Χριστῷ.
3534 979 3667 1033 Οὐδὲ
3696 980 3805 1051 γάρ
3836 980 4028 1048 ἔργων

2427 1078 2683 1147 δεόμεθα,
2717 1080 2797 1140 εἰς
2857 1076 2914 1128 τὸ
2952 1075 3328 1145 προσδραμεῖν
3381 1072 3529 1141 αὐτῷ
3572 1073 3666 1124 καὶ
3696 1070 4025 1134 πιστεῦσαι,

2427 1170 2563 1223 ἀλλὰ
2589 1170 2725 1239 μόνη
2756 1166 2947 1235 γνώμη
2980 1168 3073 1218 καὶ
3106 1164 3425 1234 προαίρεσις
3452 1165 3630 1231 ἀρκεῖ.
3668 1164 3819 1215 Κατά
3852 1163 4028 1231 χάριν

2425 1261 2555 1329 γὰρ,
2593 1259 2687 1312 καὶ
2735 1257 2795 1309 οὐ
2847 1256 2915 1307 δι’
2950 1256 3089 1323 ἔργα
3123 1252 3504 1323 προσδέχεται.
3543 1252 3703 1303 Ὥστε
3746 1251 3795 1300 ει
3828 1251 4026 1318 χάριτι

2433 1352 2581 1405 ιιαλεί
2608 1352 2702 1403 καὶ
2733 1349 3113 1419 προσδέχεται,
3145 1348 3245 1401 οὐκ
3274 1349 3477 1417 ἔχομεν
3524 1348 3603 1409 εἰς
3630 1346 3789 1398 τοῦτο
3820 1345 4027 1414 χρείαν

2424 1443 2620 1513 ἔργων.
2660 1443 2813 1493 Ἐπεὶ
2857 1443 2903 1491 εἰ
2934 1440 3123 1508 χρείαν
3158 1440 3420 1507 σχοίημεν
3453 1437 3651 1506 ἔργων,
3681 1438 3779 1491 οὐκ
3806 1436 3888 1489 ἔτι
3922 1437 4029 1505 μὲ-

2426 1555 2505 1588 νει
2538 1535 2692 1606 χάρις
2727 1536 2759 1602 ὴ
2793 1534 2974 1602 χάρις,
3018 1534 3105 1585 διὰ
3155 1532 3249 1584 τοῦ
3309 1531 3473 1600 ἔργον
3520 1531 3600 1592 εἰς
3660 1528 4025 1597 ἀντιμισθίαν

2425 1625 2844 1694 περιισταμένη.
2889 1644 2903 1673 ι
2940 1625 3102 1675 Ὥστε
3137 1623 3239 1675 οὐκ
3264 1624 3380 1675 Emi
3411 1622 3568 1691 χάρις,
3603 1623 3635 1689 ἠ
3665 1621 3843 1691 χάρις.
3885 1639 3905 1671 ι
3938 1620 4019 1672 Οὐ

2427 1718 2587 1783 μόνον
2611 1717 2664 1768 δὲ
2700 1715 2858 1767 τοῦτο
2912 1714 3269 1784 ἁκολοιροήσει
3295 1714 3357 1766 τὸ
3379 1715 3602 1772 ἄτοπον,
3642 1716 3735 1766 ὲάν
3768 1713 3987 1780 νομίσω

2428 1825 2526 1876 μεν
2557 1807 2734 1860 ὃτιδεί
2757 1809 2883 1876 ipsi;
2919 1806 3095 1873 ἔργων
3122 1808 3202 1868 εἰς
3225 1806 3287 1859 τὸ
3322 1805 3638 1874 προσελθεῖν
3673 1805 3767 1857 καὶ
3795 1804 4024 1856 πιστεῦ-

740 1912 1132 1970 consequetur,
1167 1903 1211 1957 si
1262 1903 1594 1955 arbitremur
1637 1904 1782 1971 quod
1842 1905 2105 1972 operibus
2161 1905 2320 1957 nobis

2425 1917 2515 1950 σαι
2542 1900 2781 1969 Χριστῷ,
2814 1900 2949 1953 ἀλλὰ
2990 1901 3085 1951 καὶ
3120 1900 3309 1971 ἔτερον
3342 1901 3544 1970 ὅμοιον.
3578 1902 3639 1953 El
3692 1901 3802 1969 γὰρ
3833 1901 3893 1965 ἐξ
3920 1900 4024 1969 ἔρ-

739 2008 878 2059 opus
924 1993 994 2047 sit
1040 1992 1105 2045 ad
1159 1992 1531 2047 accedendum
1568 2004 1620 2046 et
1670 1994 2001 2046 credendum
2064 1997 2115 2047 in
2162 1995 2322 2048 Chri-

740 2095 907 2147 stum,
948 2100 1139 2138 verum
1190 2086 1355 2139 etiam
1405 2085 1554 2138 aliud
1596 2086 1794 2139 simile.
1825 2087 1961 2140 Nam
1991 2088 2035 2141 si
2071 2103 2139 2141 ex
2191 2104 2323 2156 ope-

739 2175 893 2229 ribus
923 2177 1185 2229 accedere
1223 2186 1479 2244 oportere
1507 2192 1608 2230 nos
1639 2178 2058 2239 arbitrabimur,
2095 2178 2323 2231 manife-

737 2276 883 2319 stum
913 2279 997 2321 est
1023 2268 1167 2337 quod
1200 2268 1382 2321 excisa
1419 2268 1488 2322 sit
1511 2269 1705 2335 gratia.
1738 2268 1793 2323 Si
1824 2268 1971 2323 enim
2004 2269 2183 2323 excisa
2213 2285 2319 2323 non

738 2367 842 2423 est,
873 2360 982 2428 jam
1015 2376 1191 2435 neque
1225 2375 1366 2427 opus
1402 2372 1585 2413 manet
1615 2377 1772 2427 opus,
1816 2376 1942 2413 eum
1983 2363 2162 2430 gratia
2211 2379 2319 2415 non

740 2450 1026 2514 permittat
1058 2461 1197 2517 opus
1226 2448 1549 2515 subsistere,
1571 2449 1736 2520 349
1762 2451 1857 2503 sed
1890 2453 2061 2521 gratis
2090 2452 2318 2505 electio-

741 2556 864 2593 nem
894 2538 1011 2593 fieri
1056 2540 1332 2593 ostendat.
1364 2540 1553 2594 Gratia
1583 2541 1857 2610 siquidem
1913 2551 1968 2595 et
2016 2560 2176 2611 opus,
2222 2561 2319 2597 n.1-

741 2640 863 2683 tura
888 2646 917 2683 a
949 2647 1007 2684 se
1039 2638 1231 2682 mutuo
1266 2629 1525 2683 distincta
1557 2639 1723 2683 sunt:
1750 2640 1805 2683 et
1832 2632 2056 2698 quidem
2089 2632 2155 2683 ad
2183 2649 2323 2699 opus

745 2736 959 2773 merces
986 2720 1259 2788 sequitur,
1301 2717 1396 2771 sed
1424 2734 1533 2770 non
1574 2719 1749 2786 gratia
1781 2739 1791 2771 :
1818 2734 1984 2786 porro
2021 2718 2193 2787 gratia
2221 2719 2320 2771 da—

742 2823 832 2864 tur
862 2828 966 2864 non
997 2820 1056 2863 ut
1083 2811 1398 2874 retributio,
1417 2811 1512 2863 sed
1533 2821 1591 2863 ut
1611 2812 1815 2864 donum
1834 2826 1896 2864 ac
1919 2812 2318 2867 muniﬁcentia.

745 2901 1091 2956 Manifestum
1120 2901 1305 2969 itaque
1344 2911 1429 2954 est
1459 2901 1603 2969 quod
1643 2918 1768 2955 cum
1796 2904 1969 2967 graaia
2007 2902 2321 2956 beneﬁcen-

741 2993 872 3046 tiam
899 3000 1139 3061 praastat,
1176 2992 1220 3046 si
1245 2992 1370 3061 quis
1406 2993 1509 3046 hac
1537 2992 1646 3047 frui
1669 2994 1975 3048 arbitretur
2012 3009 2108 3061 per
2131 3011 2318 3063 opera,

745 3085 975 3151 gratiam
1005 3098 1272 3152 quantum
1307 3083 1363 3137 in
1390 3100 1447 3138 se
1485 3094 1573 3139 est
1606 3086 1767 3150 tollit,
1804 3096 1858 3138 et
1884 3086 2057 3151 gratia
2082 3086 2190 3155 jam
2210 3103 2320 3140 non

746 3185 929 3229 manet
961 3176 1131 3241 gratia
1172 3193 1184 3227 :
1220 3192 1553 3244 rursumque
1596 3194 1763 3245 opera
1800 3179 1909 3245 jam
1944 3192 2051 3229 non
2096 3186 2319 3231 manent
2355 3228 2390 3245 η

741 3279 907 3327 opera
949 3282 960 3315 :
999 3264 1276 3332 propriam
1312 3264 1459 3316 enim
1484 3280 1592 3317 non
1641 3274 1863 3317 servant
1890 3274 2159 3326 naturam,
2185 3281 2321 3331 quo—
2353 3261 2392 3282 "

742 3357 887 3409 niam
920 3372 1087 3423 opera
1121 3356 1479 3424 consequitur
1505 3371 1715 3409 merces
1739 3368 1791 3409 et
1824 3374 1932 3408 non
1960 3358 2155 3425 gratia.
2185 3358 2318 3411 Gra-

744 3450 816 3499 tia
848 3446 1012 3514 igitur
1046 3445 1469 3499 beneficentiam
1508 3446 1858 3515 disponente,
1891 3445 1935 3500 si
1986 3448 2111 3517 quis
2152 3449 2317 3502 etiam

744 3551 839 3603 per
870 3554 1035 3604 opera
1071 3537 1212 3590 hanc
1238 3538 1458 3605 assequi
1489 3538 1717 3596 nitatur.
1751 3537 1801 3588 in
1846 3555 2043 3591 vanum
2093 3540 2199 3591 erit
2234 3540 2319 3592 ui-

743 3643 856 3689 sus,
888 3642 1066 3696 neque
1096 3643 1323 3695 operum
1359 3628 1468 3680 erit
1505 3640 1563 3681 ut
1586 3643 1751 3695 opera
1782 3628 1963 3681 adhuc
2000 3644 2321 3697 permanere

746 3719 958 3787 possint
985 3736 997 3772 :
1030 3735 1207 3788 neque
1242 3719 1328 3772 liis
1357 3721 1465 3773 erit
1513 3735 1747 3781 merces,
1776 3719 1987 3787 priores
2023 3730 2206 3788 partes
2229 3736 2321 3772 su-

746 3822 925 3866 mente
964 3813 1138 3881 gratia
1174 3832 1185 3866 :
1222 3813 1539 3882 frustraque
1587 3814 1860 3866 laborabit
1907 3823 1967 3866 ut
2005 3829 2102 3882 per
2152 3830 2320 3883 opera

740 3902 993 3969 accipiat,
1008 3902 1153 3971 quod
1172 3902 1344 3971 gratis
1362 3903 1599 3970 praebuit
1625 3903 2018 3972 gratim—Alio
2038 3904 2208 3955 modo.
2223 3922 2240 3953 ι
2264 3904 2320 3956 Si

739 3995 932 4061 gratia,
964 3993 1163 4061 inquit,
1190 3995 1301 4064 jam
1339 4008 1447 4047 non
1474 4008 1538 4046 ex
1574 3995 1858 4062 operibus.
1888 4013 1905 4046 ι
1944 3994 2001 4048 Si
2021 3995 2165 4049 enim
2189 4010 2323 4048 con-

742 4088 971 4140 cedatur
1009 4088 1155 4156 quod
1206 4089 1278 4140 sit
1311 4104 1377 4142 ex
1406 4088 1688 4157 operibus,
1722 4090 1902 4143 ablata
1934 4098 2017 4143 cst
2046 4090 2221 4158 gratia
2253 4105 2321 4143 ne

742 4178 815 4230 sit
847 4179 1042 4247 gratia.
1100 4180 1449 4247 Rursumque
1480 4180 1523 4232 si
1553 4196 1620 4232 ex
1679 4181 1965 4248 operibus.
1994 4182 2105 4247 jam
2147 4181 2319 4246 gratia

741 4284 847 4321 non
879 4279 981 4331 est,
1017 4270 1143 4339 quia
1174 4270 1216 4323 si
1264 4271 1601 4324 concedatur
1632 4272 1833 4341 gratia,
1863 4273 1975 4341 jam
2027 4288 2167 4339 opus
2210 4290 2319 4325 non

743 4368 929 4412 manet
959 4376 1118 4426 opus.
1165 4380 1181 4410 ι
1218 4361 1336 4414 lam
1370 4377 1476 4414 non
1531 4378 1597 4416 ex
1649 4364 1932 4431 Operibus.
1972 4383 1989 4413 ι
2029 4362 2103 4417 Ne
2136 4363 2322 4417 dicant

739 4450 886 4518 quod
914 4450 1043 4503 licet
1072 4452 1353 4519 proplietm
1379 4453 1834 4516 exliortabantur,
1870 4462 1926 4507 et
1981 4455 2126 4507 Deus
2155 4456 2322 4509 advo-

2425 2008 2536 2057 γων
2562 1991 2842 2059 προσιέναι
2871 1991 2981 2042 δεῖν
3007 1993 3155 2061 ἡμᾶς
3172 1992 3505 2061 νομίσωμεν,
3527 1991 3686 2061 δῆλον
3706 1991 3779 2051 ὡς
3803 1992 4020 2061 ἀνῄρηο

2424 2085 2574 2152 ταιή
2610 2084 2788 2150 χάρις.
2825 2082 2978 2134 Ἐπεὶ
3012 2084 3060 2134 εἰ
3097 2080 3172 2153 μὴ
3203 2081 3495 2152 ἀνῄρηται,
3535 2082 3636 2134 οὐκ
3685 2082 3763 2133 ἔτι
3783 2082 3907 2135 οὐδὲ
3954 2082 4023 2133 τὸ

2423 2173 2583 2241 ἔργον
2630 2174 2780 2240 μένει
2813 2173 2991 2242 ἔργον,
3026 2174 3125 2242 τῆς
3168 2172 3391 2243 χάριτος
3418 2173 3518 2226 οὐκ
3545 2173 3723 2241 ἐώσης
3747 2172 3883 2235 ὅλως
3919 2172 4019 2241 ἔρ-

2423 2285 2517 2334 γον
2546 2268 2870 2335 ὑποστῆναι,
2908 2267 3044 2319 ἀλλά
3076 2269 3279 2336 προῖκα
3310 2267 3406 2336 τὴν
3437 2266 3669 2336 ἐκλογὴν
3696 2267 4019 2321 ἐπιδεικνυ-

2429 2360 2617 2429 μένης.
2648 2358 2995 2429 Κεχὼρισται
3030 2360 3129 2425 μὲν
3160 2360 3268 2428 γὰρ
3317 2361 3409 2411 ἀπ’
3441 2359 3688 2428 ἀλλήλων
3720 2363 3785 2429 τῇ
3824 2360 4017 2427 φύσει,

2425 2453 2585 2522 χάρις
2618 2456 2710 2505 καὶ
2742 2453 2924 2521 ἔργον.
2978 2453 3087 2506 Καὶ
3116 2454 3193 2521 τῷ
3224 2454 3319 2521 μὲν
3350 2453 3496 2521 ἔργῳ
3553 2453 3745 2505 ἔπεται
3795 2453 4014 2521 μισθὸς,

2424 2544 2535 2596 ἀλλ’
2565 2546 2626 2596 οὐ
2652 2544 2812 2613 χάρις
2838 2561 2849 2572 ·
2914 2547 2947 2615 ή
2998 2546 3054 2598 δὲ
3100 2545 3258 2615 χάρις
3306 2545 3531 2607 δίδοται,
3562 2544 3659 2614 οὐχ
3688 2546 3764 2607 ὠς
3793 2548 4021 2614 ἀντιμι-

2427 2635 2569 2701 allia,
2593 2638 2726 2689 ἀλλὰ
2755 2639 3012 2705 ὡςδῶρον
3041 2645 3132 2691 καὶ
3164 2640 3465 2710 φιλοτιμία.
3495 2641 3662 2711 Δῆλον
3691 2637 3782 2693 οὖν
3806 2642 3884 2692 ὅτι
3915 2644 4019 2708 τῆς

2424 2728 2645 2794 χάριτος
2701 2729 2801 2797 τὴν
2831 2730 3151 2797 εὐεργεσίαν
3193 2733 3614 2801 παρεχομένης,
3650 2736 3782 2795 εἴτις
3838 2733 4017 2785 οἴεται

2422 2821 2509 2872 διὰ
2538 2821 2646 2873 τῶν
2678 2821 2856 2888 ἔργων
2903 2822 3107 2891 ταύτης
3130 2824 3451 2889 ἀπολαύειν,
3475 2828 3695 2896 ἀναιρεί
3721 2827 3817 2894 τὴν
3849 2828 4020 2894 χάριν

2423 2911 2482 2962 τὸ
2509 2912 2630 2961 ὅσον
2659 2928 2719 2975 γε
2744 2912 2830 2978 ἐφ’
2880 2912 3084 2980 ἐαυτῷ.
3117 2914 3209 2966 καὶ
3248 2916 3309 2965 οὐ
3343 2916 3495 2983 μένει
3540 2917 3702 2986 χάρις
3737 2917 3813 2967 ἔτι
3850 2919 3879 2983 ἡ
3912 2918 4019 2985 χὰ-

2429 3019 2531 3071 ρις.
2592 3002 2758 3054 Πάλιν
2808 3002 2865 3054 δὲ
2894 3003 3016 3055 οὐδὲ
3062 3004 3131 3056 τά
3170 3004 3307 3072 ἔργα
3359 3007 3512 3074 μένει
3543 3007 3699 3078 ἔργα.
3750 3008 3858 3076 Τήί
3902 3011 4017 3077 γὰρ

2425 3094 2633 3145 οἰκείαν
2682 3095 2741 3145 οὐ
2798 3093 2959 3158 σώζει
3001 3095 3184 3161 φύσιν,
3243 3098 3366 3149 ἐπεὶ
3400 3100 3513 3161 τοῖς
3557 3098 3739 3169 ἔργοις
3791 3101 4011 3168 μιςθὶς,

2428 3181 2541 3231 ἀλλ’
2568 3181 2627 3232 οὐ
2654 3182 2813 3249 χάρις
2841 3182 3143 3236 ἀκολουθεῖ.
3167 3185 3280 3254 Τῆς
3299 3186 3519 3256 χάριτος
3540 3183 3633 3240 οὖν
3662 3206 3837 3257 χορητ
3855 3190 4017 3258 ,Στης

2426 3275 2521 3342 τὴν
2547 3275 2887 3341 εὐεργεσίαν,
2922 3277 3022 3329 κᾶν
3043 3295 3125 3340 τις
3142 3278 3211 3330 δι’
3236 3278 3414 3349 ἔργων
3434 3280 3641 3351 ταύτης
3669 3288 3853 3351 τυχεῒι
3893 3302 4015 3334 '13:-

2428 3365 2638 3435 ραθείη,
2670 3369 2748 3426 εἰς
2794 3367 2972 3435 μάτην
3000 3369 3153 3423 ἔσται
3182 3371 3214 3438 ή
3246 3373 3439 3441 πεῖρα,
3478 3374 3615 3441 μήτε
3666 3375 3771 3424 τῶν
3806 3374 4012 3441 ἔργω),

2424 3459 2601 3526 ἔργων
2631 3458 2711 3511 ἔτι
2751 3460 3066 3530 δυναμένων
3119 3462 3413 3532 διαμεῖναι.
3446 3465 3521 3517 Οὐ
3550 3464 3659 3535 γὰρ
3698 3466 3851 3520 ἔσται
3881 3469 4014 3519 tol—

2422 3566 2535 3610 τοις
2565 3549 2772 3618 μισθὸς,
2801 3553 2897 3619 τῆς
2943 3552 3165 3621 χάριτος
3194 3555 3600 3626 προλαεούσης,
3651 3559 3744 3609 καὶ
3784 3576 4018 3625 ματαιο-

2425 3637 2712 3700 πονοῦντος
2757 3640 2943 3693 λαϐεῖν
2981 3641 3049 3693 δι’
3092 3642 3291 3711 ἔργων,
3353 3644 3381 3696 ὃ
3427 3648 3629 3713 προῖκα
3669 3648 3945 3717 παρέσχεν
3980 3652 4013 3718 ἡ

2424 3726 2945 3795 χάρις.-”Αν1λως.
2974 3729 3033 3781 El
3055 3730 3262 3800 χάριτι,
3283 3735 3468 3803 φησὶν,
3494 3736 3594 3787 οὐκ
3621 3736 3700 3788 ἔτι
3725 3736 3783 3799 ἐξ
3808 3739 4012 3805 ἔργων,

2423 3818 2547 3869 ἐπεὶ
2598 3819 2644 3870 εἰ
2691 3820 3022 3889 συγχωρηθῇ
3052 3821 3112 3873 τὸ
3140 3821 3201 3885 ἐξ
3254 3823 3451 3891 ἔργων,
3480 3825 3748 3895 ἀνῄρηται
3781 3830 3810 3896 ἡ
3848 3832 4014 3895 χάρις

2424 3912 2582 3978 χάρις
2614 3907 2770 3963 εἶναι.
2809 3912 2975 3964 Πάλιν
3012 3916 3059 3964 ει
3087 3912 3146 3978 ἔξ
3172 3915 3369 3985 ἔργων,
3408 3917 3506 3969 οὐκ
3556 3919 3635 3971 ἔτι
3677 3921 3791 3969 ἐστὶ
3822 3923 4008 3987 χάρις.

2439 4002 2589 4053 Ἐπεὶ
2623 4004 2670 4054 εἰ
2699 4004 3024 4073 συγχωρηθῇ
3055 4008 3086 4074 ἡ
3111 4009 3289 4074 χάρ;ς,
3318 4008 3417 4060 οὐκ
3466 4008 3545 4060 ἔτι
3580 4009 3728 4077 μένει
3757 4012 3819 4062 τὸ
3849 4012 4015 4078 ἔργον

2423 4083 2599 4160 ἔργον.
2639 4112 2656 4143 ι
2689 4095 2800 4146 Οὐκ
2836 4094 2916 4146 ἔτι
2943 4098 2999 4160 ἐξ
3038 4097 3237 4165 ἔργων.
3283 4117 3300 4147 ι
3352 4098 3471 4149 Ἵνα
3507 4101 3583 4168 μὴ
3615 4100 3874 4167 λέγωσιν,
3925 4105 4013 4155 ὅτι

2428 4183 2490 4235 Ei
2516 4186 2607 4235 καὶ
2632 4187 2909 4253 προφῆται
2937 4188 3297 4256 προέτρεπον,
3330 4189 3422 4241 καὶ
3446 4193 3473 4242 ὁ
3506 4190 3641 4253 Θεὸς
3679 4195 4009 4260 παρεκάλει,

2426 4280 2518 4328 καί
2552 4279 2584 4345 ἡ
2616 4278 3009 4347 παραζήλωσις
3046 4284 3202 4351 ἱκανὴ
3233 4278 3299 4353 ἦν
3328 4285 3479 4353 ἡμᾶς
3508 4288 3714 4349 πεῖσαι,
3767 4288 4014 4356 astato;-

2428 4368 2567 4432 μεθα
2594 4369 2661 4443 δὲ.⁴
2695 4372 2843 4438 ὅμως
2881 4376 3121 4440 φορτικά
3147 4392 3288 4439 τινα,
3324 4377 3418 4427 καὶ
3459 4376 3558 4446 οὐχ
3591 4377 4010 4446 ὑπηκούσαμεν,

2423 4459 2511 4510 διὰ
2548 4458 2913 4532 τοῦτο,,φησὶ,
2970 4464 3129 4532 χάρις
3186 4466 3305 4517 ἐπὶ
3342 4464 3406 4517 τὸ
3435 4468 3562 4529 πᾶν,
3610 4468 3702 4519 καὶ
3742 4471 3804 4519 οὐ
3848 4470 4011 4537 χρεία

739 4538 922 4601 cabat,
962 4540 1188 4608 ipsaque
1235 4542 1301 4595 ad
1348 4543 1755 4597 aemulationem
1816 4547 2135 4613 provocatio
2170 4546 2314 4600 sulli-

2426 4548 2601 4617 ἔργων
2622 4552 2701 4613 εἰς
2738 4551 2796 4602 τὸ
2831 4554 3140 4605 πιστεύσαι.
3173 4554 3307 4606 οὐδὲ
3350 4556 3460 4624 γὰρ
3486 4559 3535 4608 οἰ
3592 4558 4006 4626 προσελθόντες,

737 4628 889 4683 ciens
912 4642 1030 4685 erat
1058 4640 1117 4684 ut
1137 4634 1298 4687 nobis
1324 4634 1681 4702 persuaderet
1710 4653 1720 4688 :
1750 4645 1930 4689 tamen
1954 4640 2138 4705 gravLa
2166 4654 2317 4705 qua:-

736 4718 861 4771 dam
891 4736 921 4773 a
952 4719 1114 4774 nobis
1142 4722 1499 4789 petebantur,
1550 4733 1606 4777 et
1639 4725 1713 4777 ita
1770 4740 1882 4778 non
1912 4725 2320 4794 obtemperavi-

738 4823 861 4860 mus
888 4825 901 4861 :
933 4818 1224 4877 propterea
1248 4811 1385 4864 dicit
1418 4829 1431 4865 :
1463 4814 1653 4866 Gratia
1679 4823 1763 4867 est
1788 4824 1896 4867 tota
1946 4831 2057 4879 res,
2087 4832 2189 4871 nec
2211 4818 2319 4871 ulla

734 4910 968 4963 operum
998 4902 1301 4955 necessitas
1329 4912 1415 4955 est
1449 4904 1515 4954 ad
1549 4904 1909 4958 credendum.
1944 4905 2134 4974 Neque
2170 4908 2318 4961 enim

737 4986 772 5038 ii
802 4989 897 5054 qui
925 5002 1297 5055 accesserunt,
1334 5002 1559 5061 propter
1582 5006 1813 5062 praeacta
1842 5012 2009 5064 opera
2042 4998 2223 5053 idonei
2251 4998 2317 5053 ad

736 5078 1079 5132 vocationem
1112 5081 1375 5143 visisunt,
1394 5084 1486 5136 sed
1508 5085 1600 5137 Dei
1618 5087 1791 5153 gratia
1809 5096 1893 5140 est
1911 5095 2025 5141 tota
2058 5104 2164 5142 res.
2181 5088 2314 5142 Nam

737 5181 878 5233 opus
908 5168 1018 5233 jam
1042 5184 1148 5221 non
1172 5179 1256 5223 est
1274 5185 1434 5239 opus,
1463 5172 1674 5240 priores
1702 5185 1951 5231 sumente
1972 5178 2166 5246 gratia,
2196 5196 2319 5247 qua:

734 5255 845 5324 jam
878 5260 1013 5310 tacta
1049 5270 1131 5313 est
1162 5277 1320 5328 opus,
1350 5270 1405 5315 et
1439 5264 1965 5336 velutrepellitopus
1983 5284 2050 5322 ne
2068 5271 2317 5338 sitopus.

810 5346 949 5412 Quid
979 5350 1143 5418 igitur
1172 5353 1196 5403 2’
1224 5353 1375 5416 Quod
1424 5357 1644 5423 inquirit
1705 5357 1899 5422 Israel,
1955 5362 2050 5412 hoc
2098 5377 2202 5413 non
2244 5370 2319 5415 est

738 5452 1041 5495 consecutus
1071 5445 1093 5495 ἶ)
1128 5446 1310 5498 electio
1338 5464 1458 5500 vero
1493 5458 1570 5501 est
1598 5460 1896 5513 consecuta,
1933 5454 2111 5505 cwteri
2140 5464 2318 5506 autent

739 5533 989 5583 exca'rati
1016 5542 1159 5586 sunt.
1212 5534 1667 5599 Quemadmodum
1723 5543 1977 5609 scriptum
2012 5554 2087 5595 est
2116 5560 2133 5595 :
2168 5546 2320 5597 Dedit

739 5624 813 5675 eis
847 5622 979 5676 Deus
1015 5627 1262 5695 spiritum
1319 5633 1749 5698 compunctiouis,
1812 5634 1988 5687 oculos
2016 5643 2072 5686 ut
2100 5652 2203 5688 non
2239 5638 2316 5690 vi-

741 5714 923 5778 deant,
950 5726 997 5768 et
1027 5737 1180 5773 aures
1217 5729 1272 5773 ut
1310 5738 1414 5774 non
1444 5724 1691 5785 audiant,
1723 5742 1883 5793 usque
1914 5727 1984 5778 ad
2008 5727 2318 5781 hodiernum

737 5806 898 5862 diem.
937 5809 1005 5863 Et
1032 5810 1201 5865 Darid
1236 5815 1357 5869 dici:
1389 5832 1404 5868 :
1433 5814 1552 5869 Fiat
1580 5833 1758 5871 mensa
1791 5834 1966 5871 corum
1992 5820 2044 5872 in
2074 5819 2317 5890 laqueum

2420 4640 2509 4691 διὰ
2544 4640 2680 4711 ἔργα
2734 4644 3113 4711 προγενόμενα
3170 4644 3443 4714 ἀξιόχρεοι
3505 4649 3639 4718 πρὸς
3681 4651 3781 4719 τὴν
3813 4652 4010 4721 κλῆσιν

2423 4730 2626 4794 ἔδοξαν,
2654 4730 2788 4784 ἀλλὰ
2812 4733 2968 4800 χάρις
2994 4733 3129 4785 Θεοῦ
3162 4737 3276 4787 ἐστι
3310 4737 3368 4788 τὸ
3398 4739 3524 4791 πᾶν.
3552 4738 3706 4791 Ἐπεὶ
3735 4743 3793 4793 τὸ
3844 4743 4009 4811 ἔργον

2422 4819 2852 4894 [οὐκέτιέργον].
2887 4825 2944 4876 El
2974 4826 3133 4894 γάρὴ
3165 4828 3326 4896 χάρις
3344 4827 3505 4898 ἔργον
3532 4832 3870 4899 ἀπαιτείται,
3895 4837 4009 4905 ἄρα

2420 4914 2480 4966 τὸ
2504 4912 2662 4982 ἔργον
2690 4917 2790 4967 οὐκ
2813 4917 2893 4967 ἔτι
2913 4918 3060 4969 ἐστὶν
3084 4918 3268 4987 ἔργον,
3306 4925 3403 4989 τῆς
3434 4923 3662 4993 χάριτος
3695 4927 4007 4994 προλαϐοῦ-

2429 5023 2548 5073 σης,
2577 5008 2669 5059 καὶ
2720 5010 3017 5083 γενομένης
3046 5010 3228 5077 ἔργον,
3259 5014 3352 5065 καὶ
3409 5006 3523 5065 οἷον
3552 5015 3909 5087 ἔξωθητάσης
3948 5022 4010 5071 τὸ

2422 5098 2579 5165 ἔργον
2601 5099 2665 5150 ὲκ
2690 5098 2783 5151 τοῦ
2811 5095 2948 5153 εἶναι
2976 5103 3155 5169 ἔργον.

2500 5365 2561 5419 Τί
2581 5359 2731 5427 σῦν;
2757 5362 2789 5418 ὃ
2808 5363 3069 5433 ἐπιζητεῖ
3109 5367 3381 5435 Ἰσραὴλ,
3406 5368 3623 5424 τούτου
3650 5372 3763 5423 οὐκ
3788 5372 4004 5428 ἐπέτυ-

2422 5474 2568 5527 χεν;
2607 5459 2645 5525 ἡ
2676 5458 2744 5511 δὲ
2758 5458 2978 5525 ἐκλογὴ
3008 5459 3300 5528 ἐπέτυχεν
3322 5484 3333 5492 ·
3370 5463 3424 5513 ol
3447 5460 3517 5513 δὲ
3541 5462 3743 5515 λοιποὶ
3771 5464 4005 5531 ἐπωρώ-

2423 5555 2638 5617 θησαν,
2669 5551 2863 5616 καθὼς
2888 5553 3228 5619 γέγραπται·
3261 5552 3525 5606 Ἔδωκεν
3552 5555 3757 5619 αὐτοῖς
3793 5559 3823 5609 ό
3860 5559 4004 5625 Θεὸς

2422 5643 2658 5709 πνεῦμα
2686 5645 3087 5709 κατανύξεως,
3107 5646 3453 5713 ὀφθαλμοὺς
3482 5646 3591 5700 τοῦ
3606 5648 3695 5716 μὴ
3718 5648 4001 5714 βλέπειν,

2423 5732 2521 5786 καὶ
2544 5732 2661 5786 ὦτα
2694 5734 2901 5801 τοῦμὴ
2935 5735 3179 5787 ἀκούειν
3193 5735 3303 5800 ἕως
3332 5733 3438 5800 τῆς
3464 5735 3732 5804 σήμερον
3751 5738 3997 5805 ἡμέρας.

2424 5823 2529 5877 Καὶ
2582 5825 2763 5877 Δαιῖδ
2805 5824 2965 5893 λέγει
3000 5842 3011 5855 ·
3043 5825 3359 5891 Γενηθήτω
3416 5823 3447 5890 ἡ
3505 5825 3757 5896 τιὰπεζα
3800 5827 4000 5881 αὐτῶν
