4196 6468
752 431 857 494 543

1816 417 2210 480 (ECUMENH
2242 412 2534 475 TRICCE
2561 408 2907 471 EPISCOPI

3903 402 4010 464 5H

752 544 888 612 ipsis
927 540 1357 596 consolationem
1388 538 1652 593 invenire.
1687 537 1901 591 Etenim
1940 541 2184 604 peccata,
2226 530 2323 588 ait,

2467 524 2784 593 ταραμυθίαν
2822 521 3005 582 αὐτοῖς
3032 520 3233 588 εὑρεῖν.
3262 518 3342 571 Ta
3390 518 3489 589 μὲν
3516 515 3625 586 γὰρ
3668 516 4011 585 ἁμαρτήμα-

752 632 987 687 maxima
1015 637 1174 695 sunt;
1206 645 1336 683 num
1360 643 1489 697 ergo
1516 628 1695 680 taliter
1726 627 2088 694 impegerunt,
2116 628 2176 673 ut
2205 636 2328 673 eum

754 724 1079 786 ceciderint,
1107 722 1341 791 amplius
1396 738 1504 774 non
1536 728 1821 789 resurgant
1854 718 2019 772 etiam
2045 718 2090 771 si
2122 715 2333 769 velint?

756 814 934 878 Absit,
978 813 1193 881 inquit;
1255 828 1567 880 quanquam
1631 810 1778 863 enim
1834 806 2201 878 imp‘egerunt,
2250 821 2333 859 re-

758 904 867 972 cipi
930 911 1162 971 possunt
1211 917 1240 955 a
1275 902 1403 957 Deo.
1443 900 1487 952 si
1530 899 1692 952 modo
1746 900 1936 953 velint.
1980 898 2112 951 Vide
2154 907 2334 949 tamen

758 996 904 1064 quod
944 995 996 1047 in
1041 995 1155 1062 ipsa
1195 1009 1413 1061 quoque
1456 993 1833 1045 consolatione
1887 989 2155 1043 obnoxios
2206 988 2337 1041 facit

760 1101 856 1139 eos
909 1085 1270 1138 maximorum
1332 1096 1705 1151 peccatorum.
1729 1112 1797 1123 —
1837 1081 1954 1134 Alio
1982 1080 2153 1132 modo.
2187 1079 2336 1144 Quo-

761 1179 907 1233 niam
950 1179 1091 1231 inter
1120 1194 1215 1231 eos
1240 1178 1333 1245 qui
1372 1178 1700 1246 impingunt,
1750 1174 1971 1242 quidam
2004 1188 2163 1227 crure
2221 1182 2340 1225 tan-

764 1279 877 1323 tum
910 1269 1215 1332 offendunt,
1244 1269 1333 1322 alii
1379 1284 1506 1321 vero
1530 1268 1693 1320 etiam
1723 1266 2005 1328 decidunt,
2036 1266 2225 1319 volens
2268 1263 2341 1318 si-

764 1358 878 1409 mul
903 1357 1121 1411 Judmos
1153 1360 1215 1410 ad
1242 1372 1495 1425 magnum
1526 1356 1691 1409 animi
1727 1372 2017 1411 mmrorem
2041 1356 2337 1414 deducere,

768 1457 828 1502 ut
867 1449 958 1515 qui
1002 1450 1150 1515 prius
1188 1450 1569 1503 contumeliosi
1605 1450 1855 1511 fuissent,
1888 1449 2049 1501 simul
2084 1448 2246 1500 etiam
2273 1444 2339 1500 ad

767 1533 930 1587 ﬁnem
958 1536 1233 1588 adhortari
1266 1554 1278 1588 :
1308 1536 1459 1591 ‘dicit
1501 1537 1645 1605 quod
1685 1537 1943 1605 impactio
1971 1550 2161 1589 eorum
2201 1535 2339 1588 facta

768 1633 873 1685 est,
910 1641 1018 1677 non
1071 1634 1130 1678 ut
1155 1628 1379 1679 omnino
1414 1628 1759 1686 deciderent,
1796 1628 1891 1681 sed
1922 1636 1981 1680 ut
2014 1642 2177 1680 crure
2221 1634 2342 1679 lan-

772 1725 886 1768 tum
920 1717 1267 1771 olfenderent
1309 1736 1322 1771 :
1361 1734 1538 1788 neque
1572 1720 1678 1773 hoc
1717 1728 1942 1781 temere,
1982 1720 2077 1772 sed
2124 1719 2346 1785 dispen-

773 1807 985 1861 satione
1037 1808 1272 1877 quadam
1337 1810 1442 1863 hoc
1497 1810 1698 1864 factum
1735 1821 1840 1871 est,
1874 1819 1930 1862 ut
1978 1824 2076 1878 per
2125 1809 2344 1862 illorum

2430 633 2519 682 τα,
2544 615 2699 685 φησι,
2744 615 3004 684 μέγιστα*
3032 608 3141 682 ἆρα
3162 612 3216 664 δὲ
3250 610 3326 681 μὴ
3350 610 3575 663 τοιαῦτα
3602 609 3889 671 ἔπταισαν,
3924 610 3944 659 ἰ
3977 626 4011 659 α

2431 706 2693 770 πεσόντες
2748 705 2821 776 μὴ
2869 704 3176 758 ἀναστῶσιν
3221 702 3302 755 ῐτι
3361 701 3464 755 κᾶν
3509 700 3860 772 βουληθῶσις
3920 701 4015 771 Μὴ

2432 800 2666 867 γένοιτο,
2723 795 2911 865 φησίν.
2956 790 3059 848 Οἴα
3089 794 3199 864 γὰρ
3248 794 3315 847 ἂν
3355 794 3645 857 ἔπταισαν,
3703 792 3883 845 δεκτοί
3906 795 4011 844 είσο

2432 891 2571 960 Θεῷ,
2596 888 2947 959 βουληθέντες
2972 887 3149 955 μόνον.
3179 888 3323 955 Πλὴν
3345 888 3445 955 ὅρα
3471 887 3553 938 ὅτι
3578 888 3671 939 καὶ
3695 886 3751 937 ἐν
3786 886 3921 953 αὐτῇ
3946 887 4011 952 τῇ

2437 981 2758 1051 παραμυθίᾳ
2781 978 3114 1041 ὑπευθύνους
3140 978 3337 1040 αὐτοὺς
3368 980 3512 1030 ποιεῖ
3539 977 3809 1045 μεγίστων
3837 978 4019 1045 ἀμαρο

2436 1075 2810 1146 τημὰτων.-
2858 1070 3055 1143 ΙΦΩΤ.]
3102 1072 3359 1133 Ἄλλως.
3422 1070 3642 1138 Ἐπειδὴ
3694 1070 3801 1122 τῶν
3846 1086 4022 1137 προσ-

2438 1168 2762 1227 πταιόντων,
2811 1166 2859 1216 οἱ
2893 1164 2990 1232 μὲν
3022 1163 3305 1224 πταίοντες
3337 1162 3784 1224 ὑποσκελίζονται
3836 1162 4019 1229 μόνον,

2437 1259 2487 1310 οἱ
2516 1258 2573 1309 δὲ
2602 1258 2699 1309 καὶ
2736 1256 3131 1307 καταπίπτουσι
3152 1295 3166 1317 ,
3200 1254 3371 1305 θέλων
3402 1254 3527 1314 τοὺς
3580 1253 3865 1314 Ἰουδαίους
3906 1254 4021 1318 ἅμα

2444 1352 2543 1421 μὲν
2572 1353 2669 1419 τῆς
2707 1351 2900 1417 πολλῆς
2935 1349 3171 1417 ἀθυμίας
3198 1348 3274 1408 ὡς
3309 1347 3777 1418 προῦὂρισμὲνους
3805 1348 4025 1411 ἀπαγα-

2440 1445 2708 1513 γεῖν,ἆμα
2736 1444 2791 1496 δὲ
2819 1443 2912 1495 καὶ
2942 1444 3033 1494 ἐπὶ
3057 1442 3153 1511 τὴν
3173 1442 3352 1493 πίστιν
3379 1440 3803 1510 προτρέψασθαι,
3831 1441 4020 1506 φησὶν),

2442 1539 2524 1589 ὅτι
2551 1536 2609 1587 τὸ
2639 1537 2886 1602 πταῖσμα
2929 1533 3130 1596 αὑτῶν,
3161 1533 3282 1599 οὐχὶ
3314 1533 3391 1593 εἰς
3432 1531 3782 1583 κατάπτωσιν
3809 1530 4025 1581 τελείαν

2444 1628 2690 1693 γέγονεν,
2721 1626 2854 1678 ἀλλὰ
2882 1626 3041 1694 μόνον
3072 1619 3183 1676 οἷον
3210 1623 3695 1693 ὑπεσκελίσθησαν.
3734 1622 3841 1675 Καὶ
3867 1620 4028 1673 τοῦτο

2445 1720 2546 1786 οὑχ
2576 1719 2788 1780 ἁπλῶς,
2818 1718 2953 1769 ἀλλά
2971 1717 3058 1769 διά
3073 1734 3195 1769 τινα
3212 1716 3525 1783 οἰκονομίαν
3546 1714 3920 1783 συνεχωρήθη,
3942 1713 4030 1765 ἵνα

2446 1812 2503 1862 ἐν
2522 1808 2599 1877 τῷ
2628 1809 2850 1861 ἐκείνων
2876 1807 3304 1876 παραπτώματι.
3338 1808 3559 1873 γένηται
3597 1807 3742 1876 μὲνὴ
3781 1810 4027 1874 σωτηρία

773 1899 1132 1954 offensionem
1165 1904 1312 1955 salus
1344 1902 1437 1956 fiat
1468 1904 1724 1972 gentibus
1758 1922 1771 1957 :
1810 1903 1901 1956 fiat
1920 1914 2103 1957 autem
2120 1911 2175 1955 et
2201 1902 2348 1970 ipso-

2467 1904 2560 1963 τοῖς
2590 1902 2822 1964 ἔθνεσιν,
2857 1900 3080 1969 γένηται
3106 1899 3159 1951 δὲ
3183 1902 3280 1953 καὶ
3322 1900 3505 1951 αὐτῶν
3551 1901 3771 1953 ἐκείνων
3807 1904 3837 1967 ἡ
3866 1903 4030 1968 ἀνόρ-

776 2005 896 2043 rum
921 1993 1147 2054 erectio,
1188 1993 1312 2047 illos
1348 1995 1442 2063 qui
1489 2004 1615 2048 sunt
1648 2011 1713 2047 ex
1745 1994 1998 2063 gentibus
2043 1993 2349 2047 aemulando
2382 2016 2383 2019 η

774 2080 1129 2137 aciinitando.
1157 2086 1305 2153 Ipsos
1329 2087 1508 2154 itaque
1522 2086 1838 2150 offendisse,
1862 2086 2353 2155 confertquodam—

777 2176 941 2228 modo
985 2176 1050 2229 ad
1116 2178 1358 2245 ipsorum
1420 2183 1779 2243 erectionem,
1840 2180 1884 2233 si
1923 2179 2166 2249 ipsorum
2196 2181 2352 2248 lapsu

778 2267 924 2319 salus
949 2279 1031 2320 est
1059 2270 1355 2336 gentibus:
1391 2271 1441 2323 in
1476 2272 1651 2324 salute
1699 2282 1882 2324 autem
1938 2272 2216 2325 azmulatio
2251 2289 2262 2319 :
2296 2271 2353 2324 in

777 2360 1124 2414 aemulatione
1186 2377 1336 2423 vero,
1376 2379 1568 2416 eorum
1619 2365 1712 2431 qui
1754 2362 2085 2417 ceciderant
2126 2362 2353 2416 erectio.

781 2449 928 2504 Talis
951 2460 1185 2520 namque
1215 2463 1295 2506 est
1331 2455 1422 2507 Dei
1457 2455 1751 2508 incll‘abilis
1784 2465 1839 2509 et
1865 2454 2355 2523 incomprehensi-

784 2542 909 2595 bilis
950 2546 1292 2611 providentia
1321 2560 1385 2599 ac
1437 2547 1794 2614 dispensatio,
1840 2548 1984 2614 quod
2024 2562 2089 2600 ex
2120 2546 2205 2600 bis
2235 2562 2359 2614 qua:

784 2633 1015 2687 maxime
1039 2635 1592 2704 videnturimplicata
1644 2636 1902 2702 explicet,
1942 2646 1997 2689 et
2024 2652 2086 2688 ex
2115 2634 2360 2688 adversis

784 2740 847 2777 ea
881 2735 1101 2793 prmsli'l
1127 2743 1265 2795 qua:
1302 2728 1524 2780 utiliora
1550 2737 1696 2781 sunt.
1731 2727 2013 2795 Siquidem
2064 2727 2237 2781 Judaei
2288 2726 2361 2779 ita

788 2816 1144 2883 iunpo-gerant,
1172 2830 1230 2870 ut
1258 2828 1313 2872 et
1335 2819 1596 2873 caderent
1628 2828 1685 2873 et
1723 2821 1989 2889 jacereut,
2015 2828 2071 2872 et
2102 2834 2204 2872 nec
2255 2817 2359 2872 sibi

794 2922 893 2958 nec
933 2907 1056 2960 aliis
1122 2908 1354 2976 alicujus
1408 2909 1682 2964 commodi
1744 2925 1907 2963 causa
1954 2911 2186 2963 fierent:
2220 2911 2365 2963 Deus

787 3007 969 3052 autem
1002 2998 1157 3067 lapsu
1190 3000 1433 3065 illorum,
1473 3012 1529 3055 et
1560 3002 1625 3055 ad
1651 3003 1897 3071 gentium
1944 3003 2174 3056 salutem
2232 3017 2367 3055 usus

788 3101 895 3156 est,
922 3100 977 3144 et
1002 3090 1067 3143 ad
1100 3106 1289 3143 eorum
1320 3091 1563 3160 ipsorum
1606 3094 1942 3147 erectionem
1978 3110 2008 3147 a
2042 3094 2217 3162 lapsu.
2258 3094 2363 3147 Ita-

790 3197 897 3250 que
930 3199 1037 3235 non
1063 3184 1143 3236 sic
1185 3184 1553 3251 impegcrunt,
1608 3186 1719 3238 Deo
1749 3185 1864 3237 ιιιοο
1910 3185 2265 3252 disponente.
2305 3193 2363 3236 ut

790 3273 1079 3337 caderent;
1113 3274 1206 3325 sed
1244 3275 1589 3341 impegerunt
1637 3284 1697 3327 ut
1732 3277 2155 3343 corrigerentur.
2205 3275 2365 3343 352

798 3360 1181 3428 Magisautcm,
1211 3363 1354 3416 sicut
1378 3364 1511 3417 dicit
1533 3365 1845 3431 Apostolus,
1872 3365 2149 3419 utdivitiaa
2175 3366 2365 3419 mundi

799 3452 995 3507 tierent
1051 3470 1111 3507 ac
1166 3456 1374 3509 divitiae
1424 3458 1692 3525 gentium,
1742 3465 1798 3511 et
1848 3457 1976 3511 inde
2028 3466 2244 3524 peracta
2287 3466 2367 3510 est

798 3535 989 3598 mundi
1044 3546 1445 3607 reconciliatio,
1476 3548 1835 3614 omniumque
1862 3548 2103 3615 perfecta
2130 3548 2370 3601 resusci-

802 3639 956 3699 tatio,
988 3652 1094 3690 non
1121 3653 1312 3691 eorum
1347 3646 1559 3691 tantum
1614 3638 1709 3706 qui
1765 3637 2125 3706 impegeraut,
2179 3653 2371 3691 verum

799 3728 966 3781 eiiam
1002 3743 1193 3782 eorum
1226 3729 1319 3797 qui
1362 3744 1536 3797 usque
1586 3729 1651 3782 ad
1691 3738 1921 3781 mortem
1978 3744 2041 3782 ac
2080 3729 2374 3782 mortifica-

805 3823 1007 3875 tionem
1028 3820 1372 3875 deciderant.
1401 3822 1468 3875 Et
1492 3822 1637 3874 vide.
1676 3821 1837 3875 Initio
1866 3822 2111 3890 quidem,
2158 3823 2373 3877 Judan-

806 3930 928 3968 rum
972 3914 1413 3968 incredulitatem
1466 3915 1681 3968 vocavit
1730 3915 2136 3983 impactionem,
2176 3915 2373 3969 deinde

802 4008 1036 4074 lapsum.
1066 4008 1359 4075 Postquam
1387 4017 1568 4061 autem
1593 4009 1837 4061 ostendit
1857 4010 1936 4061 eis
1956 4009 2224 4062 bonorum
2257 4024 2371 4062 ma-

802 4098 1173 4165 gnitudinem,
1214 4098 1259 4152 si
1318 4099 1480 4150 modo
1538 4100 1921 4167 obtemperare
1982 4100 2170 4160 velint,
2229 4100 2377 4169 ipsos

807 4187 973 4238 etiam
1013 4188 1209 4249 erexit,
1248 4186 1467 4239 divitias
1502 4188 1745 4254 gentium
1762 4174 2051 4256 appellans
2083 4200 2139 4242 et
2184 4188 2375 4242 mundi

810 4278 1342 4341 reconciliationem,
1396 4293 1661 4347 suamque
1703 4294 1944 4331 carnem.
1994 4278 2148 4332 Tunc
2212 4280 2375 4331 etiam

810 4376 1015 4436 quanta
1045 4368 1115 4421 sit
1148 4368 1551 4423 incredulitatis
1597 4369 1910 4422 absurditas
1939 4368 2199 4432 ostendit,
2232 4369 2377 4423 indi-

812 4474 944 4511 cans
996 4460 1143 4525 ipsos
1180 4475 1279 4527 per
1309 4460 1451 4513 banc
1480 4459 1651 4513 factos
1684 4475 1804 4514 esse
1850 4469 2116 4513 mortuos.
2175 4461 2377 4514 Verum

2452 1994 2637 2053 θωσις.
2658 1993 3119 2062 παραζηλούντων
3136 1994 3602 2061 καῖ’μιμουμένων
3623 1996 3748 2055 τοὺς
3764 1994 3821 2059 ἐξ
3837 1993 4030 2047 ἐθνῶν.

2453 2084 2618 2136 Ὥστε
2640 2084 2699 2135 τὸ
2724 2086 3093 2153 προσπταῖσαι
3126 2085 3321 2145 αὐτοὺς
3340 2124 3356 2145 ,
3387 2085 3587 2152 τρόπον
3612 2086 3733 2138 τινὰ
3753 2090 3833 2148 είς
3871 2089 4035 2156 ἀνόρ-

2456 2176 2623 2227 θωσιν
2669 2175 2848 2227 αὑτῶν
2880 2177 3144 2236 συντελεῖ,
3178 2178 3335 2244 εἴπερ
3394 2176 3454 2226 ἐν
3487 2176 3565 2244 τῷ
3618 2178 4032 2246 παραπτώματι

2457 2265 2635 2317 αὐτῶν
2682 2267 2714 2332 ἡ
2749 2268 2992 2333 σωτηρία
3018 2270 3129 2327 τοῖς
3165 2266 3394 2325 ἔθνεσιν,
3428 2267 3486 2317 ἐν
3535 2268 3590 2320 δέ
3626 2271 3691 2337 τῇ
3728 2272 3972 2337 σωτηρία
4000 2271 4034 2337 ὴ

2457 2357 2863 2425 παραζήλωσις,
2892 2357 2977 2409 διὰ
2998 2358 3052 2409 δὲ
3078 2358 3177 2423 τῆς
3222 2358 3684 2426 παραζηλὼσεωε.
3718 2365 3746 2427 ἡ
3799 2363 3907 2413 τῶν
3934 2380 4035 2412 πε-

2458 2450 2755 2502 πτωκότων
2785 2449 3101 2515 ἀνόρθωσις.
3140 2449 3375 2519 Τοιαύτη
3426 2451 3535 2521 γὰρ
3561 2453 3590 2519 ὴ
3643 2451 3735 2504 τοῦ
3766 2452 3903 2504 Θεοῦ
3934 2453 4038 2523 ἄῤ-

2464 2545 2625 2613 ρητος
2662 2542 2757 2593 καὶ
2805 2541 3190 2610 ἀκατάληπτος
3222 2546 3448 2613 πρόνοια
3500 2546 3593 2596 καὶ
3622 2546 3923 2612 οἰκονομία,
3978 2547 4040 2609 ἐξ

2462 2633 2683 2702 ἀπόρων
2734 2632 2934 2703 πόρους
2977 2634 3230 2703 παρέχει,
3282 2635 3375 2686 καὶ
3411 2635 3473 2686 ἐκ
3516 2634 3624 2685 τῶν
3667 2635 3923 2685 ἐναντίων
3968 2637 4041 2685 τε

2463 2728 2820 2797 χρηστότερα.
2850 2726 2913 2777 υἱ
2936 2726 3032 2791 μὲν
3055 2727 3164 2793 γὰρ
3184 2726 3427 2778 Ἰουδαῖοι
3458 2727 3742 2780 ἔπταισαν.
3776 2726 3915 2778 ῶστε
3941 2730 4041 2779 καὶ

2463 2818 2651 2868 πεσεῖν
2692 2816 2789 2868 καὶ
2813 2817 3044 2876 κεῖσθαι,
3078 2819 3170 2868 καὶ
3211 2817 3345 2885 μήτε
3380 2819 3611 2877 ἑαυτοῖς,
3659 2818 3795 2885 μήτε
3828 2820 4041 2885 ἑτέροις

2464 2906 2702 2975 χρηστοῦ
2750 2924 2893 2968 τινος
2943 2907 3270 2975 γενήσεσθαι
3332 2908 3517 2961 αἴτιοι.
3564 2908 3623 2961 '0
3676 2909 3731 2961 δέ
3790 2909 3924 2971 Θεὸς
3964 2911 4045 2979 τῷ

2467 2999 2689 3051 ἐκείνοιν
2720 2998 3147 3067 παραπτώματι,
3196 3000 3289 3051 καὶ
3316 2999 3451 3068 πρὸς
3474 3000 3572 3068 τὴν
3600 3000 3707 3051 τῶν
3738 3001 3910 3053 ἐθνῶν
3940 3018 4049 3052 σω-

2466 3092 2659 3161 τηρίαν
2686 3092 3055 3160 ἀπεχρήσατο,
3086 3090 3179 3143 καὶ
3228 3092 3309 3152 είς
3350 3091 3449 3157 τὴν
3482 3092 3661 3144 αὑτῶν
3687 3092 3914 3144 ἐκείνοιν
3937 3094 4048 3145 ἀπο

2468 3180 2561 3233 τού
2587 3182 3034 3248 παραπτώματος
3074 3181 3465 3248 ἐπανόρθωσιν.
3500 3182 3664 3233 Ὥστε
3716 3183 3816 3235 οὑκ
3854 3184 4048 3236 ἐπται-

2475 3292 2572 3327 σαν
2640 3275 2831 3345 (ταῦτα
2868 3276 2962 3327 τού
2999 3274 3135 3327 Θεοῦ
3165 3276 3595 3343 οίκονομοῦντος)
3661 3278 3748 3329 ἶνα
3782 3280 4051 3343 πέσωστν,

2472 3365 2587 3419 ἀλλ’
2612 3366 2897 3428 ἔπταισαν,
2928 3367 3013 3419 ἵνα
3042 3367 3461 3435 διορθὼσωνται·
3498 3369 3697 3437 μᾶλλον
3734 3370 3815 3431 δὲ,
3846 3371 3927 3433 ὡς
3956 3372 4055 3424 at)-

2472 3458 2560 3520 τός
2618 3474 2803 3526 φησιν,
2837 3459 2923 3510 ἵνα
2954 3458 3182 3521 πλοῦτος
3209 3460 3414 3528 κόσμου
3435 3461 3681 3527 γένηται.
3702 3462 3795 3512 καὶ
3819 3462 4053 3524 πλοῦτος

2473 3552 2663 3605 ἐθνῶν.
2691 3552 2801 3604 Καὶ
2844 3553 2909 3603 ἐκ
2939 3550 3129 3603 τούτου
3162 3551 3325 3606 πάλιν
3354 3550 3539 3605 τελεία
3585 3552 3900 3621 καταλλαγὴ
3960 3556 4056 3605 κό-

2476 3662 2632 3713 σμου,
2672 3645 2766 3697 καὶ
2798 3643 2979 3696 τελεία
3012 3641 3231 3694 πάντων
3282 3644 3597 3705 ἀνασίωσις,
3660 3645 3720 3697 οὑ
3750 3647 3911 3711 μόνον
3943 3646 4054 3697 τῶν

2476 3734 2990 3801 προσπταισάντων,
3041 3732 3177 3785 ἀλλά
3203 3732 3301 3784 καὶ
3336 3733 3444 3783 τῶν
3485 3734 3647 3801 μέχρι
3686 3736 3919 3788 θανάτου
3960 3741 4057 3789 καὶ

2476 3824 2794 3892 νεκρὼσεως
2823 3823 3263 3876 καταπεσόντων.
3290 3824 3395 3876 Καὶ
3418 3824 3541 3891 ὅρα·
3577 3826 3901 3893 Ἀρχόμενος
3934 3830 4055 3894 μὲν,

2479 3919 2724 3983 πταῖσμα
2758 3915 2859 3982 τὴν
2909 3914 3194 3966 ἀπείθειαν
3224 3914 3405 3967 ἐκάλει
3436 3915 3545 3965 τῶν
3574 3916 3864 3977 Ἰουδαίων,
3904 3915 4057 3987 εἶτα,

2478 4006 2856 4075 παράπτωμα.
2894 4004 3113 4075 Ἐπειδὴ
3143 4004 3202 4057 δὲ
3230 4004 3434 4067 ἔδειξεν
3468 4008 3652 4068 αὐτοῖς
3678 4007 3797 4070 (ἐὰν
3833 4009 4065 4076 βούλων-

2477 4116 2567 4150 ται
2610 4098 2767 4167 μόνον
2817 4096 3127 4163 πεισθῆναι)
3176 4096 3235 4148 τὸ
3268 4096 3496 4163 μέγεθος
3541 4098 3651 4149 τῶν
3679 4099 3923 4165 ἀγαθῶν,
3964 4105 4063 4155 καὶ

2481 4188 2685 4256 ἐπῆρεν
2735 4187 2952 4249 αὐτοὺς,
2987 4185 3217 4240 πλοῦτον
3246 4186 3416 4239 ἐθνῶν
3455 4187 3636 4240 καλῶν
3664 4191 3756 4242 καὶ
3790 4193 4066 4245 καταλλα-

2479 4279 2582 4347 γὴν
2617 4278 2843 4347 κόσμου,
2876 4277 2972 4330 καὶ
3005 4278 3183 4347 σάρκα
3204 4276 3411 4330 οἰκείαν
3445 4294 3458 4306 ·
3486 4278 3609 4331 τότε
3641 4281 3861 4350 καὶτῆς
3898 4287 4066 4337 mm-

2482 4370 2630 4432 θείας
2657 4370 2718 4422 τὸ
2750 4370 2955 4423 ἄτοπον
2977 4369 3161 4438 ὴλίκον
3188 4370 3306 4421 ἐστὶ
3333 4369 3590 4433 δεικνύει,
3611 4374 3836 4441 νεκροὺς
3862 4377 4070 4443 αὐτοὺς

2482 4462 2569 4515 διά
2589 4461 2791 4529 ταύτης
2811 4460 3245 4528 ἀποφαινόμενος
3270 4462 3548 4527 γενέσθαι.
3586 4462 3749 4517 Ἀλλά
3780 4468 3872 4517 καὶ
3902 4469 4070 4523 τοῦτο

815 4550 919 4603 boc
950 4565 1171 4618 quoque
1194 4550 1335 4603 miro
1364 4550 1525 4603 modo
1550 4549 1699 4617 facit,
1732 4551 2136 4620 admodumque
2164 4552 2350 4620 sapicn

2488 4554 2606 4606 λίαν
2646 4553 2962 4622 θαυμασίως
3021 4555 3167 4605 ποιεῖ
3199 4553 3294 4604 καὶ
3352 4553 3550 4619 σοφῶς.
3583 4554 3800 4622 Ἐπειδὴ
3844 4560 3958 4628 γὰρ
4009 4564 4073 4614 τὸ

816 4650 920 4694 ter.
962 4641 1177 4694 Etenim
1202 4640 1333 4709 quia
1361 4640 1686 4708 simpliciter
1718 4649 1964 4694 mortuos
2017 4641 2165 4709 ipsos
2197 4642 2383 4709 appel-

817 4732 931 4784 lare
959 4731 1117 4784 valde
1163 4747 1409 4785 amarum
1437 4741 1557 4807 erat
1589 4747 1651 4785 ac
1694 4747 1834 4800 pene
1864 4732 2229 4795 intolerabile,
2265 4746 2382 4784 ma-

818 4823 1009 4891 gisque
1040 4821 1105 4875 ad
1135 4823 1391 4892 injuriam
1418 4822 1737 4875 conferebat
1758 4838 1921 4890 quam
1955 4822 2021 4874 ad
2050 4822 2384 4875 exhortatio-

820 4928 994 4967 nem:
1024 4913 1076 4968 id
1108 4929 1216 4967 non
1253 4914 1327 4969 ita
1387 4914 1539 4967 aride
1584 4914 1758 4982 ponit,
1790 4914 1884 4967 sed
1933 4913 2125 4967 miscet
2154 4913 2287 4967 illud
2321 4929 2388 4967 ac

820 5004 1003 5057 laudis
1029 5004 1221 5058 ordine
1264 5004 1541 5073 producit,
1565 5004 1776 5057 dicens.
1817 5023 1834 5055 ι
1866 5004 1997 5068 Quae
2024 5002 2131 5056 erit
2178 5018 2383 5056 assum-

823 5098 939 5165 ptio
972 5098 1217 5164 ipsorum
1261 5096 1367 5150 nisi
1416 5096 1526 5149 vita
1556 5112 1619 5149 ex
1666 5095 1943 5149 mortuis?
1984 5114 2001 5143 ι
2059 5109 2158 5162 per
2220 5096 2389 5147 vitam

824 5188 1045 5257 quidem
1082 5203 1292 5256 ponens
1312 5188 1459 5255 quod
1494 5188 1762 5251 delectet;
1791 5187 2000 5240 addens
2026 5196 2231 5248 autem,
2267 5205 2283 5234 ι
2312 5186 2390 5239 Ex

826 5280 1083 5342 mortuis,
1123 5300 1141 5331 ι
1192 5280 1509 5334 subindicat
1570 5280 1716 5348 quod
1774 5281 1991 5333 illorum
2040 5277 2392 5332 incredulitas

827 5369 1179 5424 mortiﬁcatio
1204 5370 1391 5423 fuerit.
1424 5369 1629 5423 Deinde
1655 5369 1749 5421 ubi
1780 5369 2007 5421 dixisset
2036 5368 2185 5436 quod
2209 5368 2393 5436 lapsus

830 5463 1043 5516 illorum
1078 5461 1219 5519 facta
1251 5462 1323 5515 sit
1351 5463 1497 5515 salus
1530 5461 1798 5531 gentium,
1824 5476 1891 5514 ex
1915 5463 2019 5514 hoc
2049 5476 2393 5529 consequen-

832 5561 915 5604 ter
948 5551 1118 5619 magis
1150 5552 1353 5604 astruit
1384 5551 1528 5619 quod
1557 5552 1801 5619 ipsorum
1827 5566 2047 5618 quoque
2090 5549 2277 5603 futura
2325 5549 2395 5603 sit

834 5646 1001 5698 salus.
1034 5644 1365 5698 Deducendo
1398 5651 1579 5696 autem
1633 5653 2037 5710 argumentum,
2098 5644 2194 5697 ubi
2240 5658 2394 5696 more

833 5752 934 5789 suo
951 5750 1075 5789 ante
1107 5736 1315 5803 periodi
1346 5734 1710 5803 expletiouem
1730 5735 2054 5789 circuitibus
2073 5751 2203 5789 usus
2225 5745 2391 5800 esset,

833 5831 1022 5884 dicens
1056 5847 1067 5881 :
1108 5849 1126 5881 ι
1164 5830 1329 5884 Vobis
1375 5828 1597 5898 quidem
1647 5827 1771 5883 dico
1809 5828 2079 5898 gentibus.
2126 5848 2145 5881 υ
2188 5830 2398 5883 Rursus

2485 4648 2712 4715 νεκροὺς
2742 4646 2942 4708 αὐτοὺς
2983 4645 3169 4705 ἀπλῶς
3197 4644 3589 4713 ὀνομασθῆναι,
3615 4645 3734 4699 λίαν
3760 4642 3830 4717 ἦν
3864 4656 4072 4721 πικρὸν

2487 4740 2579 4790 καὶ
2611 4727 2980 4805 καταφορικδν
2999 4776 3014 4794 .
3049 4737 3143 4788 καὶ
3170 4737 3251 4799 είς
3280 4734 3436 4804 ὓϐριν
3469 4737 3714 4804 μᾶλλονῆ
3741 4741 4075 4807 παραίνεσιν

2490 4829 2798 4889 συκιτελοῦν,
2836 4827 2933 4895 οὐχ
2974 4825 3148 4889 οὕτως
3175 4827 3308 4879 αὑτὸ
3350 4827 3532 4894 τίθησι
3576 4828 3777 4897 ξηρῶς,
3809 4832 3951 4885 ἀλλὰ
3983 4837 4076 4903 με.

2489 4937 2678 4986 γνυσιν
2710 4918 2863 4977 αὑτὸ,
2890 4919 2985 4970 καὶ
3015 4920 3072 4970 ἐν
3109 4918 3261 4980 τάξει
3309 4918 3533 4970 ἐπαίνου
3564 4920 3817 4987 προάγει,
3862 4922 4071 4991 λέγων·

2497 5030 2510 5062 ι
2550 5012 2644 5070 Τίς
2680 5011 2713 5079 ὴ
2752 5008 3059 5077 πρόσληψις
3085 5007 3288 5070 αὐτῶν,
3327 5011 3375 5060 εἰ
3411 5009 3483 5077 μὴ
3528 5010 3642 5079 ζωὴ
3672 5012 3736 5063 ἐκ
3760 5014 4014 5080 νεκρῶνς
4052 5036 4071 5066 ι

2490 5103 2586 5156 Διά
2612 5102 2711 5171 μὲν
2731 5081 2849 5162 τοῦ,
2874 5119 2891 5151 ι
2918 5100 3086 5165 ζωὴ.»
3110 5101 3173 5151 ea
3202 5099 3493 5167 εὐφραῖνον
3508 5101 3697 5164 τιθεὶς,
3727 5102 3814 5155 διὰ
3855 5104 3913 5158 δὲ
3950 5108 4077 5171 τοῦ,

2498 5212 2516 5245 ι
2553 5194 2650 5245 Ἐκ
2676 5189 2906 5259 νεκρῶν,
2935 5206 2953 5239 ι
2993 5189 3357 5252 ὑποσημαίνει
3394 5188 3474 5239 ὅτι
3516 5190 3548 5255 ὴ
3594 5189 3844 5243 ἀπείθεια
3862 5192 4079 5259 αὐτῶν,

2493 5283 2757 5351 νέκρωσις
2790 5276 2878 5348 ἦν.
2916 5274 3050 5330 Εἶτα
3080 5276 3248 5329 εἰπὼν
3278 5277 3359 5329 ὅτι
3389 5278 3449 5328 τὸ
3489 5279 3842 5347 παράπτωμα
3889 5285 4082 5337 αὐτῶν

2496 5373 2738 5441 σωτηρία
2783 5371 2975 5437 γέγονε
3008 5369 3117 5420 τῶν
3171 5367 3368 5432 ἐθνῶν,
3405 5369 3603 5435 ἐυεξῆς
3640 5372 3703 5422 ἐκ
3742 5372 3835 5423 τοῦ
3869 5374 4086 5440 μᾶλλον

2496 5466 2779 5535 ἐπιχειρεῖ,
2830 5464 2912 5514 ὅτι
2965 5461 3182 5522 πάντως
3232 5458 3327 5512 καὶ
3381 5460 3559 5511 αὐτῶν
3592 5460 3743 5514 ἔσται
3802 5467 4081 5533 σωτηρία,

2497 5555 2832 5627 Προαγαγὼν
2856 5554 2911 5605 δέ
2940 5552 2999 5605 τὸ
3038 5551 3377 5619 ἐπιχείρημα
3416 5552 3627 5619 (ἐπειδὴ
3657 5554 3731 5615 ὡς
3768 5553 3887 5615 £09;
3926 5559 4087 5628 ας,τῴ

2498 5652 2604 5719 πρὸ
2628 5647 2720 5700 τοῦ
2744 5643 3039 5713 ἀπαρτίσαι
3065 5642 3163 5709 τὴν
3186 5640 3434 5709 περίοδον
3460 5659 3523 5693 πε
3534 5641 3775 5709 ριὸολαῖς
3800 5646 4087 5711 ἐχρήσατο

2498 5742 2583 5794 διὰ
2624 5738 2737 5800 τοῦ,
2788 5755 2806 5786 ι
2844 5736 3005 5801 Ὑμῖν
3034 5724 3164 5799 γὰρ’
3188 5731 3352 5798 λέγω,
3379 5750 3394 5779 ι
3435 5733 3525 5783 καὶ
3556 5732 3701 5799 ἑξῆς)
3738 5775 3752 5797 ,
3788 5736 3956 5788 πάλιν
3985 5742 4090 5791 ξπ-

2501 5829 2872 5899 αναλαμϐἁνει
2908 5826 2967 5877 τὸ
3000 5823 3353 5893 ἐπιχείρημα,
3410 5825 3501 5877 καί
3533 5840 3717 5892 How.
3766 5844 3781 5875 ι
3813 5827 3875 5879 εἰ
3905 5834 4018 5895 τὰρ
4054 5837 4087 5895 ἡ
