4194 6468
724 396 833 456 5'55

1800 395 2198 457 (ECUMENII
2238 396 2530 457 TRICCE
2561 396 2906 457 EPISCOPI

3890 409 3999 467 556

724 518 886 559 verso
924 501 1061 556 ﬁunt
1089 500 1214 554 ﬁdei
1243 515 1305 555 ac
1338 502 1657 573 Etangelii?
1692 502 1892 556 Verum
1930 504 2171 557 dicimus
2201 502 2299 571 pri-

2423 501 2521 553 οὐκ
2548 501 2651 568 ἔφη
2692 502 2779 554 διὰ
2823 504 2921 570 τῆς
2956 503 3191 565 πίστεως
3221 503 3331 556 τῶν
3366 504 3424 571 ἐξ
3454 507 3623 559 ἐθνῶν
3670 511 4016 581 παραζηλοῦν

722 612 873 650 mum
910 592 1054 664 quod
1103 609 1212 647 non
1244 594 1464 657 dixerit,
1519 612 1617 663 per
1648 595 1809 649 ﬁdem
1853 612 2047 649 eorum
2099 595 2192 663 qui
2242 610 2309 649 ex

720 687 979 757 gentibus
1025 694 1188 739 erant
1228 685 1447 739 Iudaeos
1494 686 1561 739 ad
1607 686 1975 740 :emulandum
2021 687 2312 754 provocari

718 778 802 831 vel
839 776 1063 837 imitari,
1093 775 1187 829 sed
1214 791 1311 843 per
1332 776 1438 828 hoc
1463 777 1607 844 quod
1644 786 1834 845 gentes
1860 778 2311 847 gloriﬁcarentur

718 880 773 922 et
802 867 1182 922 laudarentur.
1217 866 1400 921 Gloria
1435 868 1583 921 enim
1624 879 1680 921 et
1713 869 1832 923 laus
1867 870 2111 939 gentium
2154 870 2314 924 insti-

716 969 908 1027 gatura
930 968 1050 1013 erat
1082 958 1206 1012 illos
1231 966 1285 1011 et
1314 958 1380 1010 ad
1405 960 1815 1014 aemulationem
1844 976 1907 1013 ac
1943 960 2306 1015 imitationem

718 1059 1109 1118 provocatura.
1140 1050 1258 1103 Non
1295 1058 1423 1102 sunt
1461 1050 1646 1119 itaque
1676 1052 1952 1103 contraria
1989 1051 2057 1104 ad
2090 1067 2147 1105 se
2176 1053 2312 1106 invi-

716 1158 836 1195 cem
870 1158 990 1210 qua:
1022 1141 1167 1195 dicta
1195 1148 1344 1195 sunt.
1375 1143 1632 1197 Secundo
1659 1152 1844 1195 autem
1872 1161 1884 1196 :
1910 1145 2101 1213 Neque
2131 1162 2310 1201 enun-

716 1234 905 1287 tiative
940 1233 1081 1287 dixit
1114 1234 1262 1303 quod
1318 1234 1386 1287 ad
1430 1234 1803 1288 aemulandum
1856 1233 2310 1303 provocabantur

712 1324 909 1387 Judaei,
955 1324 1051 1379 sed
1085 1326 1341 1394 ambigue
1364 1326 1651 1391 vacillans,
1693 1326 1941 1380 aitenim
1971 1344 1981 1379 :
2030 1345 2045 1376 ι
2080 1326 2135 1379 Si
2166 1340 2310 1394 quo-

712 1415 876 1469 modo
906 1416 972 1469 ad
1012 1416 1379 1470 aemulandum
1428 1433 1724 1485 provocem
1762 1432 1982 1471 carnem
2019 1432 2194 1470 meam
2234 1434 2245 1467 :
2283 1435 2301 1469 ι

712 1522 776 1560 ac
808 1507 851 1559 si
883 1506 1031 1559 dicat
1073 1525 1084 1559 :
1123 1526 1138 1556 ι
1172 1506 1454 1560 Forsitan)
1488 1508 1569 1560 vel
1601 1494 1869 1561 Fortassis
1903 1506 2015 1562 ﬁet.
2052 1507 2315 1574 Quamvis

712 1597 882 1648 etiam
912 1596 1147 1650 dixisset
1190 1612 1287 1665 per
1324 1598 1540 1649 illorum
1588 1597 1773 1659 ﬁdem,
1812 1606 1867 1651 et
1902 1614 2011 1653 non
2051 1615 2150 1668 per
2180 1600 2299 1669 glo-

712 1686 850 1740 riam
885 1697 941 1740 et
977 1686 1167 1740 laudes
1211 1687 1276 1740 ad
1326 1688 1701 1740 aemulandum
1743 1690 2031 1757 provocari
2062 1690 2304 1755 Judaeos,

718 1793 899 1847 neque
942 1778 1014 1832 ita
1062 1793 1244 1832 sermo
1293 1778 1397 1831 sibi
1450 1788 1737 1847 pugnaret.
1789 1776 2005 1832 Etenim
2068 1796 2167 1847 per
2198 1781 2302 1832 hoc

2419 596 2513 647 καὶ
2558 595 2841 663 μιμεῖσθαι
2872 597 3009 657 ,τοὺς
3042 595 3351 661 Ἰουδαίους,
3401 600 3535 653 ἀλλά
3574 602 3661 654 διά
3698 603 3758 655 τὺ
3796 606 4017 670 δοξάζε-

2420 684 2542 736 σθαι
2568 686 2787 747 αὐτοὺς.
2824 686 2912 739 διὰ
2957 686 3008 739 τὸ
3040 689 3399 743 ἐπαινεῖσθαι.
3444 692 3508 744 Ἥ
3530 692 3640 762 γὰρ
3686 695 3813 760 δόξα
3858 698 3951 750 καὶ
3989 700 4017 751 δ

2424 775 2645 838 ἔπαινος
2674 780 2702 829 ὁ
2732 780 2812 839 εἰς
2844 779 2970 839 τοὺς
3001 777 3061 841 ἐξ
3093 778 3287 845 ἐθνῶν,
3334 783 3641 851 ἀνερεθίσει
3672 788 3872 849 αὐτοὺς
3919 791 4016 842 καὶ

2416 870 2495 930 εἰς
2530 866 2691 937 ζῆλον
2722 870 2815 921 καὶ
2849 869 3083 940 μίμησιν
3126 872 3522 940 παρακαλέσει,
3550 875 3691 928 ὥστε
3715 878 3816 931 οὐκ
3851 882 4017 933 ἐναν-

2417 959 2506 1011 ria
2538 962 2684 1011 ἐστὶν
2734 960 2986 1031 ἀλλήλοις
3025 961 3095 1014 τὰ
3147 964 3434 1035 εἰρημένα.
3481 949 3745 1039 Δεύτερον
3778 970 3856 1034 δὲ,
3891 974 4015 1025 οὐδὲ

2419 1051 2560 1102 κατὰ
2591 1051 2895 1119 ἀπόφανσιν
2928 1052 3051 1123 ἔφη,
3105 1055 3188 1107 ὅτι
3244 1058 3735 1128 παραξηλώσουσιν
3790 1063 3839 1114 οἱ
3880 1063 4015 1117 Ἰου-

2417 1142 2577 1199 δαῖοι.
2606 1144 2721 1196 ἀλλ’
2752 1145 3069 1215 ἀμφιϐόλως
3100 1148 3389 1214 διστάζων.
3430 1153 3527 1205 «Εἴ
3555 1170 3672 1217 πως
3694 1156 3822 1225 γὰρ,
3854 1159 4011 1225 φησὶ,

2422 1236 2806 1306 παραζηλώσω
2848 1256 2949 1308 μου
2990 1239 3090 1310 τὴν
3122 1242 3323 1310 σάρκα.
3366 1260 3385 1293 ι
3443 1237 3589 1309 Οίον,
3627 1247 3806 1310 Ἱσως,
3846 1248 4011 1319 τάχα.

2422 1325 2585 1377 Ὥστε
2633 1328 2680 1378 εἰ
2700 1328 2792 1379 καὶ
2820 1329 2906 1381 διὰ
2945 1331 3043 1399 τῆς
3078 1332 3257 1385 αὐτῶν
3291 1334 3547 1397 πίστεως,
3572 1336 3693 1405 οὐχὶ
3716 1337 3773 1389 δὲ
3800 1338 3889 1391 διά
3912 1342 4014 1410 τῆς

2416 1415 2574 1484 δόξης
2606 1420 2698 1471 καὶ
2724 1418 2833 1472 τῶν
2874 1422 3116 1475 ἐπαίνων
3151 1424 3306 1492 ἔλεγε
3344 1426 3699 1495 παραζηλοῦν
3728 1430 4010 1492 τουςἸου-

2417 1506 2620 1573 δαίους,
2651 1512 2760 1564 οὐδ’
2793 1513 2967 1576 οὕτως
3000 1517 3254 1587 ἐμάχετο.
3288 1518 3388 1571 Διά
3412 1520 3510 1588 μὲν
3548 1519 3658 1591 γὰρ
3685 1521 3776 1573 τοῦ
3806 1526 4008 1585 εἰπεῖν,

2423 1615 2441 1646 ι
2480 1598 2698 1668 Ἐχθροὶ
2754 1602 2825 1654 δι’
2882 1604 3047 1672 ὑμᾶς,
3081 1625 3100 1658 ο
3140 1607 3249 1659 τῶν
3282 1608 3552 1662 Ἰουδαίων
3601 1614 3700 1680 τὴν
3750 1613 4012 1666 ἀπιστίαν

2417 1686 2586 1755 λέγει,
2623 1692 2715 1744 καὶ
2766 1693 2863 1761 τὴν
2899 1694 3099 1756 αἰτίαν,
3134 1695 3202 1747 δι’
3248 1698 3314 1767 ἦν
3356 1699 3713 1768 σφοδρότερον
3761 1703 4010 1772 ἀπεχῡά-

2415 1799 2597 1836 νονται
2638 1789 2701 1853 τῇ
2741 1787 2940 1839 πίστει.
2970 1790 3068 1840 Διά
3104 1789 3159 1842 δὲ
3189 1789 3305 1853 τοῦ,
3342 1810 3360 1842 ι
3387 1792 3452 1843 El’
3481 1811 3592 1855 πως
3623 1794 4012 1865 παραζηλώσω

714 1868 861 1936 quod
892 1867 967 1919 ait
1001 1884 1013 1919 :
1054 1885 1070 1917 ι
1116 1868 1325 1921 Inimici
1364 1878 1590 1937 propter
1622 1883 1739 1931 vos,
1790 1886 1807 1919 ι
1852 1868 2299 1922 incredulitatem

2415 1889 2515 1940 μου
2551 1875 2649 1943 τὴν
2683 1879 2879 1945 σάρκα,
2917 1898 2933 1927 ι
2971 1880 3068 1946 τὴν
3103 1880 3239 1931 ἰδίαν
3269 1881 3609 1935 ἐνδείκνυται
3642 1886 3881 1955 σπουδὴν
3914 1888 4012 1939 καὶ

712 1959 846 2013 dicit
871 1959 1187 2012 Judzeorum
1219 1967 1272 2012 et
1304 1976 1521 2013 causam
1554 1970 1781 2029 propter
1811 1976 1974 2029 quam
2002 1963 2302 2016 vehemen—

710 2049 824 2102 tius
876 2048 1005 2101 odio
1050 2049 1317 2101 haberent
1367 2048 1549 2103 ﬁdem.
1601 2050 1704 2103 Per
1755 2050 1888 2104 illud
1931 2060 2137 2113 autem,
2182 2072 2198 2101 ι
2246 2052 2303 2106 Si

711 2157 820 2210 quo
842 2141 1003 2193 modo
1023 2141 1088 2193 ad
1105 2142 1471 2194 :emulandum
1490 2157 1783 2211 provocem
1804 2159 2028 2197 carnem
2055 2161 2252 2209 meam,
2283 2164 2300 2196 ι

710 2249 870 2285 suum
915 2233 1158 2287 studiuzn
1192 2232 1433 2285 ostendit
1474 2234 1762 2303 animique
1796 2236 2297 2305 promptitudinem

712 2339 875 2392 quam
914 2323 1147 2377 habebnt
1198 2334 1257 2375 ut
1304 2324 1483 2378 salvos
1537 2324 1743 2379 faceret
1786 2327 1879 2395 qui
1931 2342 1996 2380 ex
2046 2328 2303 2396 gentibus

708 2432 887 2477 erant.
928 2423 993 2476 Et
1028 2432 1227 2491 prmter
1261 2438 1323 2475 ea
1354 2439 1474 2491 qum
1498 2422 1644 2474 dicta
1677 2430 1833 2483 sunt,
1879 2438 2056 2490 neque
2100 2424 2169 2475 ita
2200 2440 2302 2491 pu-

710 2524 939 2583 gnarent
979 2514 1114 2568 dicti
1180 2530 1482 2574 sermones.
1550 2515 1767 2567 etiamsi
1812 2524 2111 2583 utrumque
2150 2515 2292 2568 atlir-

711 2607 910 2661 mando
929 2607 1177 2661 dixisset.
1207 2607 1354 2660 Niliil
1380 2606 1528 2659 enim
1556 2614 1770 2659 vetaret
1814 2606 2082 2674 quosdam
2105 2622 2299 2660 eorum

711 2700 804 2769 qui
836 2699 1209 2753 credidissent
1254 2698 1542 2767 instigatos
1581 2699 1749 2751 fuisse
1782 2700 2033 2765 gentium
2074 2700 2201 2761 ﬁde,
2247 2709 2306 2751 ut

709 2793 1105 2847 armularentur
1130 2801 1186 2845 et
1233 2792 1525 2846 crederent
1560 2810 1570 2842 :
1613 2807 1943 2860 rursumque
1978 2794 2179 2845 inultus
2206 2792 2301 2861 qui

710 2900 817 2937 non
851 2883 1223 2945 crediderant,
1268 2883 1645 2952 indignatione
1674 2893 1729 2936 et
1754 2883 1881 2937 odio
1908 2884 2172 2936 adversus
2209 2901 2304 2937 eos

716 2977 809 3045 qui
843 2992 872 3030 e
903 2977 1162 3046 gentibus
1182 2985 1359 3041 erant,
1386 2976 1642 3030 duriores
1671 2975 1983 3031 factoscsse
2009 2977 2299 3044 minusque

710 3071 1005 3125 credentes
1050 3070 1379 3139 evangelieze
1430 3069 1812 3138 prmdieationi
1870 3086 1881 3120 :
1937 3069 2107 3123 veluti
2170 3069 2301 3137 ipsis

708 3176 929 3230 quoque
966 3160 1133 3214 rebus
1183 3169 1266 3213 est
1323 3158 1532 3213 videre.
1568 3158 1854 3227 Siquidem
1890 3159 1943 3212 hi
1976 3159 2069 3227 qui
2112 3167 2303 3227 gentes

2406 1966 2737 2035 προθυμίαν,
2770 1972 2834 2038 ἦν
2860 1965 3005 2038 εἶχεν
3032 1972 3110 2031 εἰς
3162 1972 3220 2023 τὸ
3244 1972 3415 2025 σῶσαι
3450 1976 3572 2036 τους
3599 1974 3658 2039 ἐξ
3706 1975 4003 2033 Ἰουδαίων.

2408 2057 2516 2109 Καὶ
2541 2057 2709 2125 χωρὶς
2733 2059 2788 2109 δὲ
2816 2061 2922 2111 τῶν
2948 2061 3276 2129 εἰρημένων,
3331 2065 3443 2117 οὐδ’
3466 2066 3641 2131 οὕτως
3671 2070 3914 2137 ἐμάχετο
3939 2075 4010 2122 τά

2412 2148 2692 2217 λεχθέντα,
2729 2152 2832 2202 κᾶν
2864 2152 3031 2218 ἄμφω
3080 2154 3463 2220 ἀποφαντικῶς
3502 2157 3706 2227 εἴρητο.
3746 2161 3854 2213 Καὶ
3892 2162 4008 2231 γὰρ

2402 2240 2554 2292 οὐδὲν
2590 2241 2815 2305 ἐκώλυε,
2861 2242 3009 2304 τινας
3044 2244 3140 2311 μὲν
3182 2245 3290 2296 τῶν
3317 2250 3758 2302 πεπιστευκότων
3806 2255 4009 2319 ἀνερε-

2405 2331 2686 2395 Οισθέντας
2724 2336 2786 2403 τῇ
2821 2334 2997 2387 πίστει
3044 2335 3151 2389 τῶν
3206 2337 3399 2399 ἐθνῶν,
3458 2342 3855 2409 παραζηλῶσαι
3909 2350 4011 2398 καὶ

2406 2424 2715 2488 πιστεῦσαι,
2740 2428 2831 2477 καὶ
2856 2426 2961 2478 τῶν
2988 2427 3059 2497 μὴ
3086 2432 3529 2482 πεπιστευκότων
3564 2433 3725 2485 πάλιν
3744 2434 4002 2499 πολλοὺς,

2406 2517 2675 2587 ἀπεχθείᾳ
2705 2519 2799 2571 καὶ
2834 2520 2978 2587 μίσει
3014 2519 3091 2589 τῷ
3115 2521 3249 2590 πρὸς
3283 2523 3409 2585 τοὺς
3453 2524 3509 2586 ἐξ
3538 2524 3726 2586 ἐθνῶν,
3761 2528 3972 2597 σκληρο

2399 2607 2589 2674 τέρους
2633 2608 2725 2659 καὶ
2779 2609 3213 2680 ἀπειθεστέρους
3257 2612 3512 2679 γενέσθαι
3545 2614 3619 2683 τῷ
3655 2616 4008 2686 εὑαγγελικῷ

2404 2703 2743 2769 κηρύγματι.
2777 2700 2851 2764 ὼς
2877 2701 3026 2753 ἔστιν
3070 2702 3163 2754 καὶ
3205 2703 3293 2755 ἐπ’
3322 2705 3502 2757 αὐτῶν
3534 2706 3666 2758 ίδείν
3696 2709 3801 2759 τῶν
3851 2726 4006 2778 πρα-

2410 2792 2657 2859 γμάτων.
2722 2790 2924 2860 οἱμὲν
2988 2792 3096 2861 γὰρ
3148 2794 3478 2863 μιμούμενοι
3538 2796 3665 2858 τοὺς
3713 2795 3773 2860 ἐξ
3802 2799 4004 2863 ὲθνῶν⁹

2403 2884 2795 2953 προσέρχονται
2834 2884 2899 2951 τῇ
2931 2882 3111 2934 πίστει
3143 2884 3236 2936 καὶ
3263 2884 3560 2946 σώζονται·
3599 2888 3645 2939 ol
3693 2888 3750 2941 δὲ
3780 2890 4006 2953 τοίτοις

2401 2974 2857 3042 ἀπεχθανόμενοι,
2887 2974 3271 3045 σφροδρότεροι
3294 2975 3478 3046 ἐχθροὶ
3506 2979 3604 3031 καὶ
3620 2980 3721 3047 τῆς
3752 2982 4004 3044 πίστεως

2404 3064 2778 3116 καθίστανται.
2814 3082 2832 3114 ι
2863 3064 3019 3117 Κατά
3048 3064 3105 3116 δὲ
3132 3064 3232 3133 τὴν
3286 3066 3538 3137 ἐκλογήν,
3590 3088 3609 3121 ι
3648 3071 3809 3123 Κατά
3849 3072 3905 3124 δέ
3932 3075 4004 3125 τὸ

2403 3155 2715 3225 ἐκλελέχθαι
2739 3156 2864 3220 τοὺς
2892 3156 3135 3227 πατέρας
3186 3158 3365 3212 αὐτῶν
3391 3160 3495 3213 ὑπὸ
3528 3160 3686 3227 Θεοῦ,
3717 3166 4003 3233 ἀγαπητοί

711 3253 1028 3311 imitantur.
1062 3250 1335 3305 accedunt
1386 3249 1453 3302 ad
1501 3249 1661 3303 ﬁdem
1697 3259 1748 3302 et
1791 3250 1924 3303 salvi
1978 3250 2116 3302 llunt
2149 3268 2160 3301 :
2202 3248 2296 3318 qui
2325 3244 2367 3301 ϐ
2402 3250 2558 3301 εἰσιν.

709 3360 841 3399 iero
893 3345 977 3399 his
1020 3344 1405 3414 indignantur,
1455 3344 1900 3399 vehementiores
1951 3345 2159 3399 inimici
2216 3345 2343 3399 lidei
2393 3344 2827 3399 constituuntur.

2914 3364 2932 3397 ι
2987 3343 3305 3400 Secundum
3335 3347 3663 3403 electionem
3710 3362 3921 3416 autem,
3972 3368 3993 3398 ι

709 3451 906 3506 nempe
937 3436 1063 3506 quia
1095 3447 1281 3506 patres
1302 3451 1498 3491 eorum
1531 3436 1693 3490 electi
1725 3446 1854 3491 sunt
1886 3452 1916 3491 a
1945 3437 2077 3502 Deo,
2111 3436 2300 3492 dilecti
2333 3446 2482 3491 sunt.

786 3624 810 3661 ι
835 3607 1064 3674 Propter
1088 3605 1298 3658 Patres.
1327 3624 1343 3654 ι
1385 3605 1547 3676 360
1585 3605 1795 3660 Deinde
1827 3606 2087 3675 quoniam
2126 3607 2180 3661 in
2210 3606 2295 3659 in-

710 3698 1036 3754 creduiitate
1051 3706 1494 3766 permanserunt,
1518 3706 1573 3750 et
1591 3697 1662 3750 ob
1677 3698 1781 3751 hoc
1805 3698 1990 3753 dilecti
2012 3714 2119 3752 non
2141 3706 2290 3761 sunt,

710 3806 903 3845 secure
932 3790 1165 3859 loquens
1190 3788 1323 3842 dicit
1368 3806 1381 3841 :
1430 3808 1446 3837 ‹
1475 3789 1704 3857 Propter
1730 3797 1934 3857 patres.
1966 3808 1983 3840 ι
2018 3792 2097 3843 Ae
2128 3790 2171 3843 si
2207 3790 2293 3843 di-

714 3892 865 3937 erret
896 3900 909 3935 :
939 3882 1261 3950 Quanquam
1295 3881 1395 3950 ipsi
1434 3891 1657 3951 propter
1682 3882 2126 3936 incredulitatem
2150 3882 2291 3936 dile-

714 3976 787 4030 cti
813 3992 922 4029 non
952 3974 1082 4037 sint,
1112 3983 1355 4027 attamen
1381 3982 1608 4043 promer
1633 3984 1821 4044 patres
1837 3976 2019 4029 adhuc
2051 3977 2292 4046 diligun-

712 4083 840 4133 tur;
904 4070 1050 4122 unde
1101 4078 1158 4122 et
1206 4068 1440 4122 salutem
1510 4069 1809 4138 recipiunt.
1866 4088 1885 4121 ι
1948 4070 2017 4124 Et
2073 4070 2291 4123 vocatio

711 4162 829 4217 Dei.
898 4178 917 4212 ι
984 4160 1148 4214 Facta
1204 4160 1467 4214 videlicet
1518 4161 1666 4215 circa
1716 4177 1890 4230 genus
1951 4162 2290 4217 Judaeorum.

716 4273 733 4303 ι
768 4251 1239 4318 Quemadmodum
1276 4252 1422 4305 enim
1454 4262 1509 4304 et
1532 4267 1627 4305 vos
1664 4252 1959 4321 aliquando
2013 4252 2291 4306 increduli

710 4346 897 4399 fuistis
935 4343 1065 4398 Deo.
1106 4343 1411 4398 p0stendit
1449 4344 1541 4397 hic
1568 4355 1759 4414 gentes
1798 4346 2037 4413 primum
2075 4354 2299 4399 vocatas

710 4436 903 4498 fuisse,
952 4433 1152 4487 deinde
1200 4433 1461 4503 quoniam
1512 4448 1621 4487 non
1670 4433 2022 4497 obedierunt,
2073 4432 2294 4487 Judeos

714 4523 1157 4579 misericordiam
1191 4531 1540 4586 consecutos,
1580 4532 1702 4590 post
1748 4522 1866 4577 haec
1897 4537 2117 4577 rursum
2150 4523 2291 4576 idem

713 4636 742 4670 ε
766 4617 986 4669 diverso
1018 4614 1365 4683 contingere.
1394 4614 1625 4679 Quando
1651 4614 1875 4683 quidem
1908 4614 2053 4668 enim
2096 4616 2293 4669 nolue-

713 4720 843 4762 runt
882 4706 1055 4762 Judaei
1101 4706 1355 4770 credere,
1384 4706 1571 4760 denuo
1603 4714 1809 4759 vocatae
1838 4716 1968 4761 sunt
2002 4714 2215 4775 gentes,
2239 4714 2294 4759 et

712 4799 956 4854 secundo
984 4807 1190 4852 vocatae
1230 4796 1589 4850 crediderunt
1624 4813 1636 4847 :
1675 4796 1728 4849 id
1760 4806 1942 4849 tamen
1978 4811 2087 4849 non
2113 4796 2178 4848 ad
2200 4796 2296 4850 Ju-

717 4892 965 4944 dreorum
998 4889 1175 4957 vergit
1212 4888 1562 4957 ejectioncm,
1594 4886 1690 4940 sed
1724 4896 1783 4940 ut
1812 4887 1914 4955 ipsi
1944 4902 2161 4956 quoque
2192 4888 2295 4939 mi-

714 4966 1072 5035 sericordiam
1128 4987 1566 5045 consequantur.
1630 4995 1647 5027 ι
1678 4976 1989 5045 Aliquando
2023 4977 2293 5031 increduli

713 5074 914 5125 fuistis.
966 5090 983 5120 ι
1037 5069 1141 5123 Per
1187 5068 1303 5121 haec
1351 5068 1573 5122 Judmos
1612 5068 1680 5121 ad
1724 5068 1885 5122 ﬁdem
1926 5069 1981 5122 in
2014 5068 2291 5123 Christum

713 5165 1082 5218 adhortatur:
1114 5160 1386 5227 simulque
1434 5161 1633 5213 bonam
1680 5161 1762 5214 eis
1808 5176 1960 5229 spem
2011 5163 2193 5225 oﬁ'ert,
2230 5178 2293 5216 ac

714 5271 936 5311 omnem
979 5256 1159 5308 elevat
1206 5252 1496 5321 pudorem.
1542 5254 1619 5306 Ne
1653 5254 1884 5322 pudore,
1934 5255 2133 5323 inquit,
2177 5255 2290 5307 suf-

711 5347 982 5409 lundaris,
1024 5345 1128 5399 etsi
1166 5344 1487 5397 incredulus
1540 5344 1691 5397 fuisti
1725 5355 1783 5399 ut
1806 5346 2103 5399 accederes
2137 5363 2148 5397 :
2193 5362 2290 5398 ne-

712 5458 821 5510 que
853 5439 1116 5506 desperes
1152 5436 1298 5503 quod
1346 5436 1557 5489 tardius
1596 5437 1846 5500 accedas,
1879 5452 1999 5491 sero
2034 5438 2161 5491 licet
2198 5438 2294 5491 ad-

713 5530 960 5591 veniens,
984 5525 1422 5580 misericordiam
1448 5527 1827 5597 consequeris.
1859 5527 2074 5581 Etenim
2100 5538 2289 5596 gentes

713 5624 878 5678 etiam
908 5634 1033 5672 eum
1069 5624 1275 5671 vocatae
1321 5625 1505 5671 essent
1548 5619 1786 5689 primum
1824 5619 2125 5672 incredulae
2165 5618 2285 5672 fue-

714 5722 844 5767 runt
902 5722 957 5765 at
992 5724 1140 5764 nunc
1186 5707 1568 5773 crediderunt,
1616 5725 1795 5779 neque
1840 5710 2047 5779 pudore
2076 5709 2285 5764 affecta:

714 5813 840 5863 sunt
864 5801 935 5858 ob
968 5799 1205 5869 priorem
1241 5799 1704 5866 incredulitatem,
1733 5817 1909 5871 neque
1932 5816 1995 5857 ex
2025 5801 2283 5856 tarditate

2477 3606 2605 3659 «Διά
2629 3607 2753 3670 τοὺς
2787 3605 3095 3674 Πατέρας.»
3132 3605 3474 3678 [ΟΙΚΟΥΜ.]
3502 3604 3629 3659 Εἶτα
3656 3608 3845 3677 ἐπειδὴ
3865 3610 3998 3662 ἐνα-

2405 3699 2822 3767 πομεμενήκασι
2839 3700 2904 3767 τῇ
2924 3697 3171 3768 ἀπιστίᾳ.
3192 3698 3284 3749 καὶ
3302 3697 3388 3749 δια
3405 3696 3564 3749 τοῦτο
3577 3699 3674 3749 οὐκ
3698 3700 3962 3766 εἰσὶνάγα
3979 3730 3996 3741 ο

2405 3792 2588 3858 πητοὶ,
2616 3787 2873 3855 ἀσφαλῶς
2895 3786 3091 3852 λαλῶν,
3116 3788 3267 3855 φησὶ,
3297 3789 3424 3840 «Διά
3442 3789 3567 3849 τους
3590 3789 3888 3859 πατέρας,›
3913 3793 3994 3855 ὡς

2404 3883 2453 3934 εί
2487 3876 2663 3932 εἶπενο
2685 3880 2744 3931 El
2765 3880 2857 3931 καὶ
2884 3880 3035 3933 αὐτοὶ
3064 3879 3151 3932 διὰ
3170 3880 3265 3945 τὴν
3290 3881 3546 3933 ἀπιστίαν
3564 3882 3663 3933 οὐκ
3684 3883 3991 3951 ἀγαπητοὶ,

2401 3972 2486 4024 διὰ
2515 3974 2695 4041 μέντοι
2713 3972 2838 4033 τοὺς
2856 3972 3093 4039 πατέρας
3111 3969 3189 4023 ἔτι
3208 3972 3549 4039 ἀγαπῶνται,
3569 3974 3688 4025 ὅθεν
3708 3974 3798 4025 καὶ
3816 3991 3994 4041 σωτη-

2402 4066 2521 4135 ρίαν
2543 4064 2872 4132 ἐκδέχονται.
2899 4082 2915 4112 ι
2938 4063 3047 4114 Καὶ
3073 4064 3106 4132 ἡ
3126 4063 3318 4130 κλῆσις
3336 4063 3428 4115 τοῦ
3458 4064 3647 4119 Θεοῦ.»
3680 4066 3742 4117 Ἥ
3760 4069 3994 4133 γενομέ-

2398 4175 2482 4227 νη,
2518 4155 2671 4224 φησὶ,
2701 4155 2829 4224 περὶ
2864 4154 2923 4205 τὸ
2956 4153 3106 4217 ἔθνος
3142 4154 3250 4205 τῶν
3278 4155 3569 4207 Ἰουδαίων.
3602 4156 3843 4227 «Ὠσπερ
3872 4160 3989 4228 γάρ

2397 4250 2493 4303 καὶ
2512 4250 2668 4317 ὑμεῖς
2687 4264 2815 4301 ποτε
2831 4246 3166 4316 ἠπειθήσατε
3189 4246 3266 4315 τῷ
3290 4245 3426 4314 Θεῷ.
3443 4264 3461 4296 ι
3488 4247 3676 4299 Δείκνυ
3686 4266 3766 4299 σιν
3784 4250 3949 4302 ἐνταῦ
3964 4281 3988 4292 ο

2406 4343 2473 4395 θα
2496 4343 2620 4404 τοὺς
2644 4341 2702 4404 ἐξ
2733 4340 2901 4393 ἐθνῶν
2936 4339 3203 4408 πρότερον
3232 4339 3623 4408 κεκλημένους,
3650 4336 3768 4393 εἶτα
3794 4345 3988 4413 ἐπειδὴ

2397 4436 2494 4502 οὐχ
2522 4434 2860 4502 ὑπήκουσαν,
2912 4432 3039 4492 τοὺς
3074 4429 3359 4493 Ἰουδαίους
3390 4431 3733 4498 ἐλεηθέντας.
3774 4435 3887 4487 Καὶ
3919 4438 3981 4489 τὸ

2400 4527 2534 4579 αὐτὸ
2573 4525 2734 4577 πάλιν
2790 4522 3001 4591 συμϐὰν
3053 4521 3191 4589 μετὰ
3238 4521 3431 4574 ταῦτα.
3483 4519 3699 4591 Ἐπειδὴ
3734 4525 3839 4590 γὰρ
3878 4528 3985 4578 οῖικ

2400 4617 2671 4686 ἠθέλησαν
2716 4616 2765 4666 οἰ
2807 4614 3050 4666 Ἰουδαῖοι
3097 4613 3404 4675 πιστεῦσαι,
3458 4615 3621 4666 πάλιν
3664 4616 3862 4686 ἐκλήθη
3914 4624 3986 4669 τα.

2399 4709 2547 4776 ἔθνη,
2579 4709 2671 4759 καὶ
2728 4704 3013 4773 κληθέντα,
3075 4701 3133 4754 τὸ
3184 4702 3437 4773 δεύτερον
3482 4704 3831 4768 ἐπίστευσαν,
3860 4708 3981 4759 ἀλλ’

2399 4800 2500 4851 οὐκ
2555 4800 2632 4859 είς
2662 4800 2762 4865 τὴν
2804 4794 3031 4863 ἐκϐολὴν
3086 4793 3195 4847 τῶν
3244 4794 3514 4847 Ἰουδαίων
3564 4795 3811 4866 τελευτᾷ,
3850 4798 3987 4851 ἀλλ’

2398 4888 2478 4948 είς
2544 4890 2602 4938 τὸ
2631 4887 2723 4939 καὶ
2761 4885 2958 4945 αὐτοὺς
2984 4884 3267 4954 ἐλεηθῆναι
3327 4885 3505 4937 πάλιν.
3550 4905 3568 4935 ι
3635 4888 3770 4939 Ποτὲ
3818 4890 3983 4956 ἠπει-

2399 4977 2621 5046 θήσατε.
2656 4995 2677 5030 ι
2727 5007 2795 5017 --
2840 4974 3041 5047 [ΦΩΤ.]
3083 4975 3454 5046 Προτρέπεται
3515 4978 3641 5040 τοὺς
3689 4979 3984 5044 Ἰουδαίους

2398 5070 2490 5119 ἐπί
2540 5071 2638 5137 τὴν
2689 5070 2766 5129 εἰς
2812 5067 3047 5135 Χριστὸν
3104 5067 3288 5119 πίστιν
3327 5067 3415 5119 διὰ
3464 5068 3688 5133 τούτων,
3725 5071 3816 5121 καὶ
3861 5070 3983 5139 ἄλλα

2398 5159 2639 5229 χρηστὰς
2667 5159 2847 5219 αὐτοῖς
2898 5158 3117 5219 ἐλπίδας
3170 5156 3462 5221 ὑποτείνει,
3510 5161 3602 5211 καὶ
3660 5162 3843 5213 πᾶσαν
3883 5166 3979 5215 αξ-

2398 5252 2597 5320 σχύνην
2628 5252 2857 5319 ἀναιρεῖ.
2891 5250 2982 5319 Μὴ
3013 5250 3326 5319 αἰσχυνθῇς,
3361 5254 3517 5320 φησὶ,
3543 5253 3645 5303 κᾶν
3665 5255 3978 5323 ὴπείθησας

2402 5341 2735 5410 προσελθεῖν,
2766 5340 2886 5409 μηδ’
2926 5339 3233 5409 ἀπελπίαῃς
3264 5342 3337 5402 ὡς
3379 5342 3702 5411 βραδύτερον
3736 5362 3977 5413 προτερ-

2396 5434 2643 5501 χὸμενος,
2664 5430 2831 5501 τεύξῃ
2857 5430 2951 5482 καὶ
2979 5429 3073 5498 ὀψὲ
3106 5430 3341 5502 προσιὼν
3368 5432 3461 5483 τοῦ
3486 5433 3684 5495 ἐλέους.
3722 5436 3833 5486 Καὶ
3862 5441 3975 5506 γὰρ

2394 5524 2581 5576 καὶτὰ
2626 5522 2752 5591 ἔθνη
2815 5521 3102 5590 κληθέντα,
3158 5520 3463 5590 ἠπείθησαν
3501 5525 3789 5593 πρότερον,
3838 5529 3977 5580 ἀλλά

2394 5616 2487 5669 νῦν
2546 5614 2897 5675 ἐπίστευσαν,
2944 5614 3079 5682 μήτε
3123 5614 3223 5682 τὴν
3277 5614 3572 5683 προτέραν,
3614 5618 3975 5685 αἰσχυνθέντα

2394 5705 2702 5768 ἀπείθειαν,
2741 5706 2869 5775 μήθ’
2901 5704 3005 5757 ὑπὸ
3056 5704 3155 5771 τῆς
3185 5704 3514 5773 βραδυτῆτος
3546 5710 3624 5771 εἰς
3666 5711 3766 5777 τὴν
3797 5727 3975 5779 σωτηο

2397 5800 2515 5869 ρίαν
2540 5796 3071 5868 παρεμποδισθέντα.
3092 5797 3231 5867 Μηδ’
3253 5798 3415 5862 αὐτὸς
3442 5800 3639 5866 τοίνυν,
3658 5793 3702 5854 ὦ
3724 5801 3970 5866 Ἰουὸαῖε,
