4194 6468
178 461 278 523 557

1250 448 1643 509 COMMENT.
1679 441 1757 504 IN
1793 443 2033 503 EPIST-
2076 444 2177 503 AD
2206 442 2389 502 ΒΟΜ.

3328 442 3432 506 558

181 577 305 645 μήτ’
362 573 683 645 αἰσχυνθῇς,
730 572 867 643 μήτε
918 570 1249 641 ἐπελπίσῃς.
1311 569 1456 622 Αλλά
1498 564 1759 639 πρόσελθε

1875 563 2039 616 ullum
2072 578 2247 633 passa!
2276 572 2407 617 sunt
2444 562 2900 632 impedimentum
2945 564 3012 619 ad
3044 563 3297 618 salutem.
3336 562 3436 631 lgi-

178 668 481 737 προθύμως
509 668 575 735 τῇ
613 665 816 725 πίστει,
866 662 958 715 καὶ
997 662 1221 722 παντως
1252 658 1544 728 ἐλεηθήσῃ.
1577 659 1645 709 Ἦ
1670 656 1764 709 οὖν

177 757 503 828 προτροπῆς
543 756 637 807 καὶ
672 753 1050 823 παραινέσεως
1082 752 1247 803 τόπον
1291 749 1476 819 ἐπέχει
1508 748 1576 801 τὰ
1609 750 1763 817 εἰρη-

179 850 339 918 μένα,
371 848 405 917 ἢ
439 849 535 899 καὶ
557 847 914 916 προφητείας,
949 843 1288 912 πιστούμενα
1314 841 1376 893 τὸ
1410 838 1624 909 μέλλον,
1657 838 1767 891 ἀπὸ

174 941 270 1008 της
294 942 403 990 τῶν
435 938 812 1006 ὲκόεὸηκότων
840 933 1197 1004 παραθέσεως
1217 933 1311 984 καὶ
1343 929 1667 1002 μαρτυρίας.
1694 930 1767 981 Τὸ

172 1031 254 1091 δὲ,
274 1049 293 1079 ι
320 1030 615 1099 Ἠλεηθητε
630 1031 695 1098 τῇ
710 1028 912 1079 τούτων
929 1025 1233 1095 ἀπειθείᾳ,ι
1258 1024 1370 1084 καὶ,
1394 1042 1412 1075 ι
1436 1021 1768 1091 Ἥπείθησαν

172 1124 252 1174 τῶ
301 1123 557 1190 ὑμετέρῳ
591 1120 753 1181 ἐλέει,
786 1138 805 1168 ι
838 1118 1021 1186 φησλν,
1059 1118 1157 1185 οὐχ
1186 1116 1267 1167 ὅτι
1306 1116 1339 1184 ἠ
1371 1113 1624 1167 ἀπείθεια
1658 1112 1767 1163 τῶν

175 1213 456 1265 Ἰουδαίων
503 1212 653 1264 αἰτία
681 1212 874 1279 γέγονε
925 1209 1019 1261 τοῦ
1063 1207 1352 1277 ἐλεηθῆναι
1378 1208 1446 1258 τά
1477 1204 1628 1274 ἔθνη,
1659 1203 1765 1256 οὐδ’

108 1288 109 1291 Ἴ
173 1304 257 1357 δτι
292 1305 353 1354 τὸ
382 1303 529 1365 ἕλεος
567 1304 674 1354 τῶν
703 1300 893 1363 ἐθνῶν,
941 1300 1113 1351 αἴτιον
1148 1299 1335 1366 γέγονε
1367 1296 1465 1364 τῆς
1494 1294 1767 1347 Ἰουδαίων

176 1397 491 1456 ἀπειθείας.
532 1394 672 1448 ἀλλά
720 1394 891 1447 ταῦτα
920 1410 1074 1463 φησι,
1120 1392 1332 1453 δεικνὺς
1361 1389 1455 1443 καὶ
1477 1388 1764 1451 διδάσκων,

175 1490 259 1540 δτι
293 1490 323 1539 ὁ
352 1487 487 1549 Θεὸς
534 1486 789 1538 οὐδέποτε
820 1484 1030 1537 διέλιπε
1070 1482 1131 1534 τὸ
1156 1480 1323 1534 αὑτοῦ
1351 1478 1538 1542 ποιῶν,
1579 1480 1671 1531 καὶ
1704 1479 1767 1531 τὸ

177 1578 330 1640 ἔλεος
358 1577 525 1630 αὑτοῦ
560 1575 844 1646 πηγεπων.
897 1575 1019 1627 Κᾶν
1050 1574 1159 1641 γὰρ
1206 1571 1375 1625 πάλαι
1414 1570 1512 1639 μὲν
1554 1569 1766 1638 ἠπείθει

176 1669 246 1721 τὰ
271 1670 427 1737 ἔθνη,
484 1667 580 1721 νῦν
628 1668 684 1719 δὲ
736 1664 1055 1720 ἀπειθοῦσιν
1082 1665 1349 1729 Ἰουδαῖοι,
1405 1662 1567 1723 αὐτὸς
1617 1663 1766 1732 ὅμως

178 1758 489 1827 εὐεργετῶν
520 1758 611 1810 καὶ
652 1758 819 1811 ἐλεῶν
845 1758 907 1810 οὐ
952 1756 1319 1825 διαλιμπάνει.
1375 1755 1483 1806 Καὶ
1517 1752 1671 1822 δῆλον
1703 1754 1765 1805 ὲκ

178 1851 276 1904 τοῦ
310 1852 406 1903 καὶ
436 1850 500 1902 τό
533 1867 558 1902 ε
597 1849 866 1902 ἐλεεῖσθαι
898 1849 1024 1911 τοὺς
1068 1847 1357 1909 Ἰουδαίους
1397 1844 1764 1898 ἀπειθούντων

1867 665 1957 709 tur
1997 671 2175 723 neque
2209 654 2306 717 tui,
2360 655 2474 723 ipse
2510 657 2716 721 Iudaee,
2756 656 3076 721 erubescas,
3120 670 3301 725 neque
3338 656 3436 711 de-

1864 761 2072 816 speres.
2094 747 2189 799 sed
2220 756 2474 815 prompto
2498 761 2681 799 annuo
2709 747 2772 801 ad
2805 746 2968 802 ﬁdem
2996 747 3216 811 accede,
3241 754 3297 799 et
3317 761 3439 799 om-

1865 839 1998 891 nino
2047 837 2481 891 miserieordiam
2525 840 2901 907 consequeris.
2943 839 3075 906 Quae
3103 853 3233 909 ergo
3289 840 3440 894 dicta

1865 939 1994 983 sunt
2023 938 2117 983 aut
2148 929 2551 983 exhortationis
2581 941 2635 985 et
2686 930 3083 985 admonitionis
3120 931 3301 985 locum
3344 933 3442 984 ha-

1865 1016 2088 1084 bebant,
2137 1020 2221 1073 vel
2268 1018 2433 1073 etiam
2481 1022 2807 1090 prophetiae,
2841 1022 3141 1077 astruendo
3192 1022 3245 1075 id
3290 1022 3439 1091 quod

1867 1107 2113 1162 futurum
2158 1121 2240 1164 est
2288 1127 2355 1165 ex
2395 1112 2809 1180 comparatione
2857 1122 2913 1167 et
2961 1114 3276 1168 testimonio
3322 1116 3444 1183 ejus

1866 1200 2014 1269 quod
2054 1201 2162 1270 jam
2198 1204 2499 1270 prateessit.
2534 1202 2692 1270 Quod
2738 1214 2921 1259 autem
2953 1206 3089 1260 dictt
3122 1223 3134 1259 :
3169 1225 3187 1257 ι
3231 1206 3443 1279 Miseri-

1867 1292 2109 1346 cordiam
2132 1296 2413 1349 consecuti
2430 1298 2566 1350 estis
2586 1312 2685 1366 per
2702 1297 2921 1350 illorum
2943 1297 3405 1358 incredulitatem.
3420 1316 3437 1348 ι

1865 1396 1942 1451 et,
1979 1404 1996 1435 ι
2022 1386 2297 1440 lncreduli
2332 1386 2459 1441 lacti
2488 1398 2618 1443 sunt
2643 1389 2697 1442 in
2736 1390 2905 1442 vestri
2940 1388 3395 1447 misericordiam.
3420 1407 3438 1439 ι

1865 1492 1975 1530 non
2008 1478 2125 1530 vult
2158 1476 2304 1547 quod
2337 1477 2696 1532 incredulitas
2724 1480 3040 1533 Judaeorum
3080 1495 3245 1534 causa
3278 1482 3447 1536 luerit

1869 1577 1927 1620 ut
1967 1579 2160 1637 gentes
2206 1569 2648 1623 misericordiam
2713 1583 3211 1640 consequerentur,
3264 1589 3444 1642 neque

1869 1658 2016 1725 quod
2064 1659 2446 1712 misericordia
2485 1660 2746 1729 gentibus
2796 1663 3447 1730 praestita,lueritcausa

1872 1749 2280 1805 incredulitatis
2316 1750 2633 1806 Judteornm
2668 1769 2680 1804 :
2714 1754 2810 1807 sed
2844 1754 2960 1809 haec
2985 1756 3121 1811 dicit
3146 1757 3447 1812 ostendens

1871 1856 1933 1894 ac
1972 1840 2177 1895 docens
2216 1842 2362 1911 quod
2401 1843 2545 1898 Deus
2584 1860 2871 1913 nunquam
2921 1850 3335 1916 pitetermiserit
3371 1849 3449 1902 la-

181 1943 294 1994 τῶν
327 1943 522 2005 ὲθνῶν,
555 1943 652 1996 καὶ
672 1942 766 1992 νῦν
800 1940 1065 1992 ἐλεεῖσθαι
1093 1939 1160 1991 τά
1182 1939 1332 2006 ἔθνη,
1363 1936 1471 1988 τῶν
1494 1934 1767 1988 Ἰουδαίων

1875 1946 1991 1984 cere
2020 1932 2165 1999 quod
2194 1949 2354 1986 suum
2392 1941 2497 1997 est,
2531 1951 2796 2006 suamque
2847 1938 3282 1994 misericordiam
3329 1956 3449 1995 sca-

182 2033 572 2085 ἀπειθούντων.
594 2032 702 2086 Καὶ
729 2030 787 2084 τὸ
815 2031 894 2082 ἔτι
923 2032 1277 2099 σαφέστερον,
1309 2029 1389 2081 ὅτι
1414 2028 1506 2079 καὶ
1535 2027 1613 2078 ἔτι
1644 2026 1769 2088 τοὺς

181 2126 476 2187 Ἰουδαίους
519 2124 623 2178 κᾶν
662 2124 963 2193 ἠπείθησαν
997 2122 1229 2191 ἐλεήσει.
1268 2120 1421 2188 ’Ἅμα
1456 2119 1511 2171 δὲ
1558 2118 1652 2170 καὶ
1685 2116 1769 2169 ἐν·

180 2219 347 2283 δειξὲς
375 2222 489 2270 ἐστι
512 2218 643 2286 πρὸς
665 2217 789 2278 τοὺς
810 2216 1118 2275 Ἰουδαίους,
1137 2216 1218 2265 ὅτι
1243 2213 1361 2264 Κάν
1379 2212 1553 2275 αὐτοὶ,
1583 2212 1768 2281 φησ’.ν.

184 2313 443 2379 ἐξέστητε
480 2309 579 2378 τῆς
628 2308 885 2369 πίστεως.
929 2305 1005 2376 μὴ
1045 2305 1302 2373 νομίσητε
1344 2304 1422 2355 ὃτι
1455 2302 1676 2355 ἔλαττόν
1720 2319 1769 2353 τι

187 2404 347 2470 ἔσχεν
369 2404 404 2469 ἡ
428 2401 632 2459 πίστις.
664 2400 872 2468 Ὠσπερ
901 2399 1009 2465 γὰρ
1032 2396 1197 2448 πάλαι
1230 2394 1333 2447 τῶν
1356 2395 1524 2446 ἐθνῶν
1554 2394 1771 2459 ἐξεστηο

186 2496 386 2559 κὸτων,
409 2494 561 2545 οὐδὲν
586 2493 805 2544 ἔλαττον
829 2492 954 2558 ἔσχε
978 2488 1046 2539 τά
1063 2488 1159 2555 τῆς
1184 2488 1263 2549 είς
1290 2487 1422 2538 θεον
1452 2484 1745 2554 θεραπεία,

184 2585 363 2647 οὕτως
410 2586 503 2638 καὶ
540 2582 657 2649 νῦν,
696 2582 851 2653 ὑμῶν
882 2578 1332 2648 ἀποσχιζομένων
1380 2578 1478 2646 τῆς
1507 2577 1768 2637 πίστεως,

186 2680 339 2731 οὐδὲν
363 2678 586 2730 ἔλαττον
635 2678 701 2728 τὰ
742 2678 838 2744 τῆς
862 2674 1095 2735 πίστεως
1140 2671 1272 2735 ἕξει.
1307 2668 1677 2737 Ἐσχημάτισε
1714 2666 1772 2719 δὲ

188 2770 325 2839 πρὸς
356 2771 483 2831 τοὺς
513 2769 571 2834 ἐξ
596 2767 763 2821 ἐθνῶν
788 2766 854 2819 τὰ
879 2764 1147 2834 εἰρημένα
1176 2761 1651 2831 ἀνεπαχθέστερον
1682 2758 1771 2811 τὸν

189 2863 329 2930 πρὸς
355 2861 644 2921 Ἰουδαίους
692 2860 913 2927 ἔλεγχον
943 2856 1267 2925 βουλόμενος
1307 2855 1578 2907 ποεῖσθαι.
1603 2854 1772 2905 Δυναα

186 2953 279 3003 τὸν
302 2952 382 3015 δὲ,
432 2951 528 3002 καὶ
564 2951 698 3019 πρὸς
750 2952 877 3013 τοὺς
911 2947 971 3012 ἐξ
1001 2948 1171 3001 ἐθνῶν
1218 2945 1469 2999 ἐκλαϐεῖν
1520 2944 1770 3014 εἰρῆσθαι

188 3044 383 3108 ταῦτα,
444 3042 585 3096 ὥστε
644 3043 719 3112 μὴ
789 3040 1214 3112 μεγαλοφρονεῖν
1285 3040 1367 3091 ὃτι
1424 3036 1769 3089 ἐπίστευσαν.

193 3137 365 3190 Ἐὶὲει
392 3135 500 3204 γὰρ
535 3136 629 3187 καὶ
672 3135 830 3203 ὑμεῖς
857 3134 1284 3193 πεπιστεύκατε,
1325 3131 1415 3184 καὶ
1447 3130 1495 3182 οἱ
1542 3127 1764 3198 ἀπειθή-

193 3243 408 3287 σαντες,
430 3228 611 3291 φησὶν,
637 3224 1019 3291 ἐλεηθήσονται
1039 3224 1128 3273 καὶ
1155 3220 1559 3273 πιστεύσουσιν.

1875 2025 2067 2079 turire.
2130 2024 2454 2095 Quanquam
2509 2028 2656 2081 enim
2714 2029 2844 2083 olim
2888 2038 3080 2100 gentes
3150 2033 3450 2087 incredula:

1874 2117 2119 2181 luerunt,
2168 2133 2314 2171 nunc
2364 2127 2548 2171 autem
2600 2118 2772 2173 Judaei
2828 2136 2937 2175 non
2989 2122 3278 2177 credunt:
3332 2124 3448 2193 ipse

1876 2216 2057 2259 tamen
2091 2207 2375 2262 beneﬁciis
2421 2208 2635 2261 allicere
2671 2224 2733 2263 ac
2781 2210 3029 2265 misereri
3064 2228 3173 2277 non
3222 2224 3399 2267 cessat
3434 2230 3448 2267 :

1878 2298 2044 2366 idque
2078 2297 2430 2351 manifestum
2482 2308 2568 2352 est
2604 2315 2670 2352 ex
2708 2316 2774 2353 eo
2798 2302 2942 2369 quod
2976 2312 3031 2356 et
3066 2311 3195 2357 tunc
3237 2306 3452 2360 iniseri-

1873 2389 2118 2442 cordiam
2151 2390 2406 2457 praestitit
2441 2390 2645 2444 Jndxis
2674 2407 2795 2444 cum
2837 2402 3025 2461 gentes
3056 2406 3243 2448 essent
3272 2398 3451 2450 incre-

1875 2481 2040 2541 dnlte.
2069 2491 2125 2534 et
2152 2497 2299 2534 nunc
2329 2481 2766 2536 misericordiam
2793 2485 2987 2537 tribuit
3022 2487 3300 2554 geniilius.
3324 2504 3450 2542 cum

1875 2574 2049 2628 Judaei
2091 2582 2219 2627 sunt
2267 2574 2555 2628 increduli.
2590 2574 2859 2630 Praeterea
2896 2578 3062 2631 etiam
3108 2580 3450 2633 manifestius

1875 2680 1942 2718 ex
1972 2680 2040 2718 eo
2072 2665 2184 2729 ﬁet,
2227 2665 2375 2734 quod
2421 2667 2587 2720 etiam
2615 2666 2954 2732 Iudaeorum,
2991 2670 3147 2740 361
3192 2671 3319 2725 licet
3361 2673 3447 2725 in-

1877 2758 2087 2813 creduli
2125 2758 2254 2812 lacti
2300 2758 2431 2823 sint,
2479 2759 2661 2813 adhuc
2693 2762 3005 2815 miseretur.
3058 2762 3231 2817 Simul
3262 2774 3447 2818 autem

1874 2858 1931 2904 et
1980 2850 2262 2904 accusatio
2309 2857 2396 2904 est
2442 2849 2711 2907 adversus
2750 2850 2989 2917 Judaeos,
3021 2865 3085 2908 ac
3114 2853 3160 2908 si
3196 2854 3449 2912 diceret:

1874 2941 2202 3011 Quanquam
2252 2940 2353 3010 ipsi
2400 2958 2429 2996 a
2471 2940 2576 2995 ﬁde
2627 2941 2973 3008 destiteritis,
3013 2958 3083 2998 ne
3125 2946 3453 3002 existimetis

1877 3033 2022 3104 quod
2061 3034 2196 3089 ﬁdes
2225 3036 2408 3087 minus
2440 3033 2697 3088 habuerit
2723 3035 2942 3089 virium.
2975 3034 3451 3102 Quemadmodum

1876 3125 2028 3180 enim
2054 3126 2185 3180 olim
2221 3141 2348 3179 cum
2383 3136 2575 3196 gentes
2598 3124 2986 3188 descivissent.
3034 3128 3111 3182 nil
3147 3129 3455 3185 detractum

1876 3227 1964 3273 est
1991 3218 2166 3273 cultui
2189 3217 2379 3272 divino
2411 3260 2423 3272 .
2454 3218 2529 3271 ita
2551 3227 2607 3272 et
2637 3234 2784 3273 nunc
2812 3220 2972 3274 vobis
2993 3235 3021 3274 a
3055 3220 3159 3275 ﬁde
3186 3223 3452 3291 rescissis,

192 3318 331 3371 nihil
389 3315 519 3369 ﬁdei
554 3315 899 3369 detrahetur.
941 3312 1162 3366 Ellinsit
1219 3318 1401 3365 autem
1437 3307 1695 3378 praedicta
1764 3306 2032 3362 adversus
2082 3315 2295 3377 gentes,
2328 3307 2636 3376 graviorem
2692 3307 2923 3363 reddere
2960 3310 3150 3364 volens
3189 3310 3455 3365 adversus

193 3410 411 3465 ludeos
445 3408 948 3477 reprehensionem.
979 3406 1216 3460 Possunt
1258 3412 1438 3456 tamen
1502 3403 1669 3457 etiam
1726 3401 1843 3454 haec
1879 3401 2145 3455 adversus
2174 3411 2364 3469 gentes
2395 3399 2628 3469 intelligi
2672 3415 2793 3455 esse
2823 3400 2970 3455 dicta
3004 3420 3016 3455 :
3052 3418 3122 3457 ne
3182 3403 3308 3458 ideo
3365 3406 3453 3458 in-

193 3503 478 3557 solescant
509 3503 655 3571 quod
682 3500 1041 3555 crediderint.
1082 3500 1218 3554 Nam
1264 3508 1320 3553 et
1362 3514 1479 3563 vos,
1518 3498 1719 3567 inquit.
1748 3512 1845 3566 per
1885 3496 2295 3552 miserationem
2337 3495 2432 3550 Dei
2459 3495 2776 3551 credidistis
2805 3515 2818 3549 :
2843 3506 2901 3551 et
2938 3496 3013 3551 illi
3054 3499 3147 3568 qui
3180 3499 3455 3555 increduli

195 3594 324 3648 lacti
375 3602 539 3657 sunt,
621 3593 1055 3649 misericordiam
1103 3602 1513 3662 consequentur
1564 3608 1631 3647 ac
1667 3590 1913 3645 credent.

266 3752 312 3802 Σ
320 3748 635 3802 ιτνέχλεισε
664 3749 773 3817 γὰρ
816 3752 849 3803 ό
881 3749 1023 3814 Θεὸς
1055 3748 1195 3814 τοὺς
1234 3749 1462 3815 πάντας
1494 3750 1580 3813 εἰς
1604 3748 1774 3801 ἀπεί-

1958 3748 2049 3812 Xl,
2091 3748 2180 3813 ΖΞ,
2217 3748 2307 3802 26.
2335 3745 2609 3803 Conclusit
2643 3748 2783 3802 enim
2821 3746 2961 3803 Dens
2989 3763 3169 3805 omnes
3196 3749 3252 3804 in
3284 3750 3460 3806 incre-

198 3844 387 3903 θειαν,
421 3840 523 3893 ἵνα
552 3840 691 3906 τοὺς
730 3840 963 3906 πάντας
1000 3840 1251 3909 ἐλεήσῃ.
1278 3841 1338 3892 ’Ὡ
1373 3840 1565 3905 ,ϐάθος
1584 3840 1776 3892 πλού-

196 3948 303 3985 του
325 3932 422 3983 καὶ
456 3934 676 3999 σοφίας
699 3933 793 3985 καὶ
829 3935 1103 4001 γνώσεως
1132 3931 1315 3986 Θεοῦ]
1347 3932 1426 3988 ὡς
1462 3932 1779 3997 ἀνεξερεύ-

195 4039 352 4089 ruta
404 4023 477 4077 τὰ
533 4025 785 4091 κρίματα
837 4025 1044 4087 αὑτοῦ,
1079 4024 1177 4077 καὶ
1227 4024 1673 4093 ἀνεξιχνίαστοι
1718 4025 1777 4076 αἱ

196 4114 323 4168 ὁδοὶ
362 4113 597 4167 aurai)!
638 4118 733 4180 Τίς
780 4114 889 4183 γὰρ
922 4115 1075 4183 ἔγνω
1122 4114 1272 4167 γοῦν
1304 4116 1521 4183 Kvplov
1549 4130 1568 4173 .'
1598 4113 1633 4180 ἢ
1688 4115 1780 4179 τίς

195 4206 546 4274 σύμϐουλος
604 4204 789 4258 αὑτοῦ
848 4204 1131 4272 ἐγένετο;
1179 4204 1213 4271 ii
1268 4206 1358 4269 τίς
1433 4204 1773 4271 πρςέδωκεν

194 4294 360 4360 αὐτῷ
386 4297 485 4349 καὶ
510 4295 1062 4362 ἀνταποδοθήσεται
1087 4295 1280 4359 abuit;
1314 4295 1437 4347 ’Ὀτι
1459 4296 1528 4359 ἐξ
1563 4296 1773 4359 αὐτοῦ,

198 4392 299 4443 καὶ
344 4392 432 4443 δι’
460 4389 667 4452 αὐτοῦ,
705 4388 801 4441 καὶ
834 4391 921 4455 εὶς
957 4390 1144 4442 αὐτὸν
1182 4388 1251 4442 τὰ
1288 4388 1501 4442 πάντα.
1540 4387 1702 4452 Αὐτῷ
1740 4388 1776 4455 ἠ

198 4482 353 4545 δόξα
386 4482 472 4546 εἰς
498 4481 641 4546 τοὺς
667 4479 912 4546 αιῶνας.
943 4480 1141 4548 Ἀμήν.

277 4629 294 4657 s
310 4608 630 4661 Συνέκὶεισε
648 4610 774 4671 τοὺς
792 4608 998 4670 πάντας
1022 4610 1101 4671 εἰς
1123 4608 1427 4662 ἀπείθειαν.
1442 4627 1461 4659 ι
1490 4608 1779 4661 Τουτέστιν

199 4700 431 4766 sane“
450 4700 696 4761 ἅπαντας
719 4699 1098 4761 ἀπειθοῦντας.
1114 4727 1183 4740 —-
1200 4698 1305 4751 Καὶ
1330 4699 1551 4764 ἄλλως.
1598 4696 1777 4769 ΦΩΤ.]

200 4790 297 4852 τὸ,
335 4790 718 4841 ιΣννὲκλεισεν
738 4791 765 4841 ὀ
786 4789 914 4851 Θςὸς
942 4791 1062 4851 τοὺς
1091 4789 1295 4850 πάντας
1329 4791 1409 4851 εἰς
1436 4790 1774 4855 ἀπείθειαν,›

197 4880 294 4932 δύο
312 4879 534 4932 δύναται
557 4878 769 4946 δηλοῦν·
798 4879 830 4947 ἢ
862 4880 941 4930 ὅτι
960 4878 1202 4940 ἀπειθεῖς
1228 4879 1654 4950 ὲποίησεν,ὅπερ
1678 4884 1781 4936 οὐκ

204 4975 321 5040 ἔχει
367 4971 577 5040 χώραν,
627 4970 777 5041 nam
831 4969 1079 5030 ἀπειθεῖς
1127 4970 1438 5033 ἀπέδειξεν,
1483 4971 1619 5041 ὅπερ
1665 4975 1781 5027 ἐστὶ

196 5065 291 5116 καὶ
316 5063 536 5131 ἀληθές.
561 5065 659 5116 Διά
686 5063 794 5133 γὰρ
822 5064 921 5131 τῆς
958 5063 1156 5131 πολλῆς
1190 5063 1356 5116 αὐτοῦ
1390 5047 1648 5133 προνοίας
1676 5064 1770 5117 καὶ

1882 3838 2182 3901 dulitntem,
2228 3846 2285 3890 nt
2331 3839 2563 3891 omnium
2623 3839 2980 3891 misereretur.
3028 3836 3073 3893 0
3126 3839 3457 3909 profunditas

1883 3931 2188 3986 divitiarum
2226 3940 2273 3984 ct
2313 3934 2588 4002 sapientia:
2633 3940 2682 3985 et
2743 3933 3051 4003 cognitionis
3113 3932 3241 3994 Dei,
3297 3928 3459 4004 quam

1881 4026 2252 4079 inscrutabilia
2283 4034 2408 4080 sunt
2446 4027 2651 4096 judicia
2689 4026 2834 4094 ejus,
2874 4035 2923 4079 et
2958 4027 3456 4096 impervesligabilcs

1884 4119 1979 4171 cia:
2007 4119 2169 4185 ipsius
2190 4120 2209 4170 .'
2238 4117 2364 4180 Quis
2386 4119 2524 4171 enim
2555 4118 2791 4187 cognovit
2816 4125 3037 4170 mentem
3073 4117 3327 4171 Domini?
3356 4119 3461 4171 Aut

1885 4210 2000 4277 quis
2029 4209 2362 4261 consiliarius
2401 4208 2483 4261 illi
2512 4210 2611 4277 fuit
2632 4210 2657 4261 ?
2681 4209 2782 4262 Aut
2808 4210 2923 4279 quis
2958 4210 3104 4278 prior
3133 4209 3275 4262 dedit
3307 4211 3374 4275 ei,
3410 4218 3459 4263 et

1884 4299 2129 4351 reddetur
2163 4298 2302 4368 ipsi?
2346 4297 2610 4362 Quoniam
2642 4313 2705 4351 ea:
2742 4298 2853 4364 ipso
2891 4306 2938 4349 et
2969 4314 3062 4367 per
3102 4298 3273 4366 ipsum
3318 4308 3366 4352 et
3403 4300 3460 4352 in

1882 4394 2055 4463 ipsum
2084 4402 2207 4447 sunt
2237 4394 2437 4447 omnia.
2459 4392 2571 4464 Ipsi
2608 4392 2781 4463 gloria
2809 4393 2862 4447 in
2885 4392 3100 4446 sarcula.
3127 4393 3315 4445 Amen.

1965 4630 1983 4663 s
2022 4608 2309 4665 Conclusit
2340 4623 2534 4663 omnes
2566 4608 2621 4662 in
2647 4608 3110 4664 incredulitatem.
3156 4629 3175 4662 ι
3219 4610 3331 4667 lloc
3351 4622 3455 4675 est.

1886 4702 2127 4756 convicit
2155 4700 2580 4755 incredulitatis.
2632 4700 2753 4754 Alio
2802 4703 2927 4754 item
2966 4704 3140 4756 modo.
3186 4702 3461 4759 Particula

1886 4792 2002 4847 haec
2028 4809 2045 4841 ι
2066 4789 2353 4845 Conclusit
2368 4790 2512 4843 Deus
2528 4806 2720 4846 omnes
2740 4794 2792 4845 in
2811 4791 3277 4856 incredulitatem,
3309 4813 3324 4844 ι
3344 4794 3457 4849 duo

1884 4882 2193 4951 signiﬁcare
2229 4892 2409 4953 potest
2434 4900 2447 4935 :
2475 4883 2558 4936 vel
2583 4884 2729 4952 quod
2757 4883 3070 4937 incredulos
3101 4883 3247 4947 fecit,
3272 4897 3329 4941 et
3353 4889 3459 4944 hoc

1885 4972 2068 5026 locum
2114 4988 2225 5026 non
2256 4973 2450 5037 habet;
2479 4973 2563 5025 vel
2596 4972 2743 5041 quod
2773 4973 3087 5027 incredulos
3113 4974 3461 5030 demonstra-

1885 5062 1984 5125 vit,
2017 5073 2074 5116 et
2105 5062 2213 5116 hoc
2241 5063 2406 5116 etiam
2435 5076 2623 5115 verum
2651 5069 2754 5117 est.
2789 5063 2923 5116 Nam
2953 5078 3053 5132 per
3072 5070 3301 5120 multam
3327 5084 3459 5136 pro-

195 5154 538 5222 εὐεργεσίας,
571 5154 637 5223 ῆν
673 5154 960 5217 διαπαντὸς
987 5157 1064 5217 εἰς
1097 5154 1413 5224 ἀνθρώπους
1438 5156 1767 5221 ἐπεδείξατο,

1876 5151 2175 5205 videntiam
2201 5167 2265 5205 ac
2284 5151 2724 5217 beneﬁcentiam,
2759 5168 2923 5222 quam
2958 5169 3174 5225 semper
3198 5172 3326 5227 erga
3355 5159 3425 5213 ho
3446 5190 3458 5201 -

199 5246 404 5316 μᾶλλον
427 5244 607 5297 αὐτῶν
628 5246 725 5313 τὴν
742 5245 1027 5297 ἀπείθειαν
1053 5245 1148 5297 καὶ
1170 5246 1585 5316 ἀγνωμοσύνην,
1613 5248 1769 5314 ἐστη-

196 5336 414 5388 hit-suos
446 5350 506 5386 τε
551 5335 645 5387 καὶ
677 5334 1059 5405 ὲθριάμσευσε.
1092 5336 1261 5403 Δῆλον
1287 5335 1343 5387 δὲ
1397 5336 1479 5388 ὅτι
1524 5336 1634 5388 τῶν
1696 5335 1772 5405 μὴ

198 5426 649 5479 πεπιπευκὲτων
682 5426 761 5488 εἰς
793 5426 976 5490 αὑτὸν,
1012 5426 1122 5478 εἴτε
1167 5426 1225 5491 ἐξ
1248 5426 1539 5491 Ἰουδαίων,
1577 5429 1683 5479 εἴτε
1718 5428 1779 5491 ἑξ

204 5516 376 5570 ἱθνῶν
400 5512 529 5568 εἷεν.
575 5517 664 5567 Atii
709 5518 802 5567 καὶ
837 5520 913 5578 τὸ,
958 5534 974 5565 ι
1026 5517 1253 5579 πάντας,
1291 5535 1308 5568 ι
1350 5518 1502 5586 φησὶ,
1560 5520 1685 5581 τοὺς
1715 5520 1779 5571 ἔτι

202 5608 315 5663 τύν
336 5606 430 5660 δύο
454 5606 599 5659 λαῶν
630 5607 1041 5676 ἀντιστήσαντας
1087 5607 1528 5678 περιλαμῦἀνων.
1573 5608 1693 5671 Πῶς
1721 5608 1779 5662 δὲ

206 5697 554 5753 συνέκλεισεν
581 5697 611 5749 6
637 5697 768 5760 Θεὸς
816 5699 940 5760 τοὺς
974 5700 1179 5761 πάντας
1210 5702 1287 5762 εἰς
1324 5700 1637 5763 ἀπείθειαν;
1672 5702 1778 5753 Εὖ-

198 5791 446 5859 εργετῶν
489 5792 577 5844 καὶ
608 5790 1000 5861 προνοούμενος
1054 5794 1146 5846 καὶ
1192 5794 1493 5862 οἰκτείρων.
1531 5795 1595 5847 Τί
1648 5790 1777 5859 οἷῆς

206 5882 484 5946 ’.ὶηειθεῖς
524 5883 809 5950 γεγονότες
831 5886 889 5936 ο)
924 5885 1154 5938 δώσουσι
1190 5886 1365 5956 ﬁunt);
1394 5888 1499 5942 Καὶ
1531 5888 1581 5941 τί
1630 5887 1787 5942 τοῦτο

1876 5242 2053 5297 mines
2110 5242 2547 5308 demonstravit,
2605 5245 2825 5299 illorum
2892 5247 3336 5302 incredulitatem
3386 5266 3451 5305 ac

1878 5333 2167 5403 perﬁdiam
2199 5336 2372 5405 magis
2405 5335 2614 5389 notavit
2638 5350 2701 5390 ac
2742 5336 3068 5405 divulgavit.
3100 5336 3452 5395 Manifestum

1878 5435 1965 5480 est
2013 5436 2197 5482 autem
2252 5427 2399 5496 quod
2449 5428 2606 5481 multi
2651 5442 2761 5482 non
2812 5430 3168 5501 crediderunt
3217 5433 3272 5487 in
3302 5448 3451 5499 eum,

1883 5519 2002 5574 sive
2040 5519 2212 5574 Judaei
2235 5522 2350 5575 sive
2378 5521 2608 5591 gentiles
2636 5530 2823 5576 essent
2848 5538 2861 5574 :
2898 5522 3020 5577 ideo
3053 5539 3271 5593 quoque
3296 5524 3452 5579 dicit.

1892 5631 1909 5662 ι
1938 5610 2160 5677 Omnes,
2191 5630 2209 5665 ι
2236 5628 2334 5667 eos
2363 5612 2454 5681 qui
2474 5628 2543 5667 ex
2562 5612 2779 5667 duobus
2797 5614 3011 5683 populis
3028 5614 3291 5668 increduli
3335 5614 3457 5669 lue-

1889 5712 2018 5755 runt
2042 5705 2437 5774 complectens.
2471 5703 2762 5770 Quomodo
2784 5718 2967 5760 autem
3006 5704 3278 5761 conclusit
3316 5706 3462 5761 Deus

1891 5808 2081 5850 omnes
2104 5797 2157 5849 in
2180 5795 2615 5852 incredulitatem
2633 5797 2656 5849 ?
2672 5796 2956 5852 Beneﬁciis
2978 5796 3241 5862 alliciens,
3270 5798 3459 5867 provi—

1899 5885 2035 5941 dens
2065 5902 2125 5941 ac
2156 5892 2535 5944 miserescens.
2560 5889 2700 5954 Quid
2722 5904 2876 5961 ergo,
2900 5905 3024 5944 cum
3048 5889 3309 5945 increduli
3344 5889 3464 5947 lue-
