4194 6468
732 386 839 449 563

1797 384 2195 446 (ECUMENII
2236 385 2529 447 ΤΒΙΟΟιΕ
2560 385 2905 450 EPISCOPI

3878 385 3988 449 δοι

729 514 798 553 ne
824 494 1046 569 quidam
1084 492 1400 551 Iudaeorum
1427 493 1675 549 dicerent
1707 509 1721 547 ι
1751 493 1925 565 Igitur
1966 510 2146 565 neque
2178 511 2300 551 om-

2411 496 2562 551 τοῦτο
2594 497 2813 564 ἐπάγει,
2852 515 2869 548 ι
2908 493 3069 549 Ἀλλὰ
3104 493 3583 564 μεταμορφοῦσθε,
3626 513 3645 547 ι
3682 496 3987 564 τουτέστιν,

728 590 863 644 nino
894 603 994 642 nos
1021 595 1242 656 oportet
1270 584 1552 641 transferri
1586 595 1679 640 aut
1714 586 2089 655 transfigurari
2125 602 2154 641 a
2190 596 2301 642 tra-

728 682 841 735 dita
882 679 1045 735 nobis
1095 680 1147 733 in
1200 680 1317 748 lege
1366 677 1618 733 doctrina
1656 697 1669 731 :
1719 686 2010 748 propterea
2054 679 2241 734 subdit
2282 695 2295 732 :

735 792 753 822 ε
796 770 903 824 Sed
957 769 1446 826 transformemini.
1482 788 1499 818 ι
1534 769 1647 823 Hoc
1686 779 1791 829 est.
1842 778 2064 839 oportet
2093 786 2187 824 vos
2214 785 2300 824 se-

728 862 974 917 cundum
1027 862 1120 916 Dei
1174 862 1513 916 voluntatem
1564 860 1873 915 transferri.
1921 862 2171 930 Magnum
2215 870 2299 915 est

727 965 911 1008 autem
944 954 1243 1008 discrimen
1280 952 1548 1007 doctrinm
1580 969 1701 1022 qua:
1727 968 1757 1005 a
1784 952 1990 1005 mundo
2022 958 2183 1005 estet
2209 967 2298 1005 sa-

727 1048 950 1116 pientiae
978 1062 1099 1114 quae
1125 1054 1209 1100 est
1247 1044 1552 1099 secundum
1581 1044 1676 1098 Dei
1707 1044 2067 1097 volunlatem.
2109 1043 2177 1096 Et
2208 1043 2300 1097 illa

728 1138 952 1207 quidem
981 1137 1155 1207 ipsam
1186 1152 1407 1206 quoque
1454 1136 1681 1206 legalem
1726 1134 1953 1204 ﬁguram
2002 1134 2206 1203 perdit,
2244 1134 2300 1188 in

729 1231 890 1283 aliam
946 1228 1181 1282 miseria:
1228 1238 1324 1283 aut
1366 1226 1736 1294 corruptionis
1776 1225 2005 1278 formam
2036 1225 2241 1278 ducens
2284 1240 2297 1275 :

730 1324 848 1377 hzec
878 1332 1063 1377 autem
1098 1323 1275 1377 solum
1299 1337 1405 1375 non
1438 1320 1619 1389 perdit
1654 1318 1788 1388 legis
1822 1318 2045 1388 figuram
2078 1316 2145 1380 (si
2177 1314 2299 1385 qui-

729 1414 853 1467 dem
884 1413 1079 1484 legalia
1116 1413 1171 1467 in
1202 1412 1373 1481 ﬁgura
1398 1420 1454 1465 et
1489 1420 1617 1479 typo
1650 1426 1712 1464 ac
1743 1409 1932 1462 umbra
1967 1406 2169 1477 erant).
2200 1405 2297 1461 sed

729 1506 915 1573 potius
953 1505 1134 1558 reddit
1174 1504 1353 1572 ipsum
1396 1502 1679 1555 meliorem
1714 1517 1727 1552 :
1763 1514 1907 1561 eam,
1958 1514 2079 1568 qua:
2124 1514 2151 1551 a
2180 1499 2297 1567 lege

728 1598 941 1664 reliqua
972 1604 1108 1655 erat,
1141 1595 1372 1649 formam
1399 1603 1455 1646 et
1487 1591 1955 1661 pulchritudinem
1982 1590 2207 1657 explens
2236 1604 2299 1643 ac

729 1690 1043 1761 perficiens,
1077 1689 1201 1743 ideo
1226 1698 1371 1741 recte
1408 1687 1484 1740 ait
1534 1703 1547 1737 :

732 1786 838 1847 hoc
882 1794 1066 1837 autem
1116 1781 1263 1838 salus
1294 1796 1357 1835 ac
1406 1779 1693 1849 perfectio.

806 1916 825 1948 ι
858 1896 966 1951 Sed
1016 1893 1504 1950 transformemini.
1548 1912 1565 1944 ι
1603 1891 1787 1945 Mundi
1819 1906 2020 1945 vocans
2052 1893 2302 1961 figuram,
2339 1876 2377 1928 Β

730 1988 953 2041 virtutis
997 1987 1227 2041 formam
1278 1986 1443 2051 dicit,
1499 1985 1796 2038 ostendens
1844 1984 2149 2037 naturalem
2190 1984 2308 2052 ejus

730 2076 1221 2147 pulchritudinem.
1265 2094 1282 2126 ι
1314 2076 1419 2129 Per
1446 2073 1855 2128 renovationem
1895 2092 1912 2124 ›
1952 2072 2307 2140 Quandoqui-

731 2168 854 2221 dem
889 2168 933 2219 is
963 2167 1056 2236 qui
1088 2166 1362 2219 humanus
1396 2175 1478 2217 est
1507 2181 1520 2228 ;
1558 2178 1665 2216 non
1698 2171 1878 2232 potest
1908 2177 2015 2215 non
2056 2177 2306 2231 peccare,

732 2263 853 2315 ait:
910 2261 1132 2313 Renova
1184 2273 1397 2327 semper
1446 2257 1798 2325 temetipsum
1841 2271 1939 2325 per
1980 2256 2310 2324 resipiscen-

733 2354 883 2406 tiam.
912 2350 1217 2407 Nibilenim
1247 2349 1382 2403 adeo
1413 2349 1648 2401 animam
1681 2363 1985 2416 corpusque
2021 2348 2306 2411 inveterat,

733 2452 896 2511 atque
936 2449 1241 2511 peceatum.
1294 2458 1311 2491 ι
1349 2440 1418 2495 Ut
1451 2439 1717 2508 probetis.
1766 2457 1784 2489 »
1826 2437 1933 2493 Aut
1977 2438 2081 2493 hoc
2128 2437 2305 2491 dicit:

738 2539 1020 2590 Itenovare
1054 2543 1116 2587 ut
1144 2533 1325 2587 discas
1355 2532 1486 2601 quid
1519 2531 1652 2584 utile
1684 2530 1752 2583 sit
1781 2569 1794 2593 ,
1843 2537 1897 2583 et
1928 2546 2048 2599 quae
2078 2530 2175 2583 Dei
2214 2544 2310 2583 νου

733 2628 935 2682 luutas.
979 2645 996 2677 ι
1035 2625 1105 2680 Ει
1144 2625 1528 2694 beneplacens.
1569 2642 1586 2674 ι
1625 2622 1704 2676 Ad
1741 2621 1958 2676 Judzeos
2000 2636 2307 2675 sermonem

734 2718 926 2788 dirigit
955 2718 1047 2786 qui
1081 2718 1254 2786 legem
1290 2714 1566 2769 habebant
1604 2732 1616 2744 ο
1658 2712 1847 2767 dicens
1879 2712 2023 2781 quod
2050 2712 2131 2765 lex
2165 2713 2258 2765 Dei
2287 2712 2310 2763 ?

735 2826 865 2865 sane
894 2809 1116 2878 quidem
1142 2808 1400 2861 voluntas
1426 2816 1562 2869 erat,
1588 2815 1643 2860 at
1669 2821 1775 2858 non
1817 2804 2184 2873 beneplacens
2213 2819 2310 2858 ne-

735 2915 842 2969 que
865 2900 1123 2969 perfecta,
1157 2897 1251 2953 sed
1282 2898 1353 2951 ob
1374 2906 1635 2963 vestram,
1657 2897 1855 2965 inquit,
1878 2896 2306 2950 imbecillitatem

735 2994 1022 3061 permissa,
1073 2990 1314 3061 perfecta
1357 2999 1540 3044 autem
1577 2998 1631 3044 et
1666 2988 2049 3058 beneplacens,
2107 3003 2307 3043 novum

734 3093 819 3137 εει
856 3092 1264 3137 testamentum.

808 3175 923 3240 XII,
954 3176 1005 3229 5.
1041 3175 1168 3228 Dico
1205 3177 1340 3227 enim
1370 3190 1462 3243 per
1496 3174 1726 3243 gratiam
1770 3187 1883 3241 qua:
1907 3172 2033 3223 data
2074 3181 2149 3223 est
2183 3171 2307 3223 mihi

738 3266 945 3320 cuilibet
999 3267 1232 3319 versanti
1276 3268 1413 3319 inter
1454 3281 1560 3327 vos,
1594 3280 1663 3316 ne
1697 3264 1806 3332 quis
1861 3264 2107 3332 efferatur
2155 3278 2308 3316 sensu

735 3358 882 3410 ultra
922 3374 1076 3427 quam
1101 3366 1300 3425 oportet
1324 3373 1476 3408 sensu
1507 3356 1695 3425 efferri,
1726 3355 1817 3407 sed
1846 3357 2037 3408 sentiat
2069 3355 2131 3407 de
2166 3372 2221 3408 se
2244 3354 2313 3407 ad

738 3449 1067 3513 modestiam,
1092 3458 1147 3500 ut
1167 3450 1346 3517 cuique
1361 3447 1497 3500 Deus
1518 3449 1743 3516 partitus
1761 3454 1834 3499 est
1860 3446 2307 3512 mensuram/idei.

808 3537 945 3591 Cum
1001 3538 1255 3606 superius
1317 3536 1589 3590 dixisset:
1650 3555 1668 3586 ι
1742 3537 1846 3590 Per
1908 3536 2310 3599 miserationes,

739 3644 907 3681 nunc.
933 3646 1054 3678 ι-ι
1078 3628 1179 3681 Per
1202 3629 1428 3697 gratiam
1458 3628 1551 3691 ait,
1584 3626 1654 3680 ob
1684 3626 2310 3694 modestiam,»scipsum

740 3734 1083 3788 nequaquam
1121 3719 1226 3773 fide
1263 3718 1486 3789 dignum
1520 3718 1838 3773 existimans
1871 3719 1937 3771 ad
1982 3717 2314 3786 persuaden-

741 3812 894 3865 dum.
948 3811 1240 3879 Pr0pterea
1289 3810 1564 3864 interdum
1625 3810 1848 3879 quidem
1911 3809 2309 3873 miserationes,

744 3901 1073 3971 quandoque
1117 3915 1249 3955 vero
1278 3901 1507 3968 gratiam
1550 3901 1825 3971 producit.
1869 3901 2062 3955 Dicens
2107 3908 2310 3963 autem,

750 4012 768 4043 ι
805 3992 908 4045 Per
942 3990 1194 4060 gratiam.
1242 4009 1260 4041 ι
1302 3990 1396 4044 Dei
1442 3990 1704 4045 beneﬁcia
1737 3991 2012 4045 memoria:
2048 3990 2311 4059 suggerit.

751 4102 769 4130 ι
805 4081 1043 4136 Cuilibet
1070 4080 1310 4135 versanti
1337 4081 1479 4137 inter
1504 4098 1619 4138 vos.
1651 4102 1668 4133 ι
1700 4082 1854 4148 Quod
1883 4083 1959 4136 ait
1987 4100 2000 4135 :
2035 4101 2051 4133 ι
2076 4081 2316 4137 Cuilibet

747 4171 986 4224 versanti
1023 4172 1166 4224 inter
1196 4187 1311 4235 vos,
1352 4191 1370 4222 ι
1427 4174 1591 4227 variis
1636 4174 1813 4227 modis
1844 4172 2071 4242 intelligi
2109 4181 2311 4241 potest.

743 4263 864 4328 νει,
885 4262 1009 4316 dico
1037 4262 1263 4317 cuilibet
1282 4265 1516 4318 versanti
1545 4265 1689 4319 inter
1714 4280 1828 4329 vos,
1847 4265 1901 4319 id
1923 4274 2027 4331 est,
2059 4265 2315 4321 omnibus

744 4353 890 4417 dico,
916 4370 1107 4409 omnes
1129 4356 1419 4420 admoneo,
1438 4366 1493 4411 et
1522 4358 1663 4413 hanc
1685 4366 2008 4427 potestatem
2039 4373 2105 4412 ex
2138 4357 2313 4428 gratia

746 4445 941 4499 habeo.
986 4446 1105 4511 Vel,
1137 4446 1261 4502 dico
1296 4465 1310 4499 :
1350 4448 1428 4503 Ne
1463 4449 1768 4503 eﬂ‘eramini
1802 4465 1965 4504 sensu
2004 4465 2103 4518 per
2140 4450 2313 4502 ullum

2411 588 2491 641 ὅτι
2510 588 2600 638 Δεῖ
2625 588 2768 656 ὑμᾶς
2790 587 2932 640 κατὰ
2971 586 3032 640 τὸ
3054 584 3268 656 θέλημα
3296 585 3390 639 τοῦ
3413 587 3548 640 Θεοῦ
3572 590 3988 657 μετατίθεσθαι.

2408 678 2549 731 Πολὺ
2583 678 2640 730 δὲ
2674 678 2735 731 τὸ
2767 679 2928 748 μέσον
2954 678 3053 747 τῆς
3081 679 3187 732 ἀπὸ
3226 679 3319 732 τοῦ
3356 681 3565 748 κόσμου
3605 682 3983 743 διδασκαλίας,

2408 771 2501 823 καὶ
2544 769 2643 839 τῆς
2691 770 2834 823 κατὰ
2870 769 2930 820 τὸ
2969 770 3181 838 θέλημα
3222 769 3317 823 τοῦ
3355 770 3488 823 Θεοῦ
3545 772 3759 839 σοφίας.
3800 774 3909 824 Kal
3956 776 3990 843 ἡ

2412 860 2512 929 μὲν
2534 862 2627 912 καὶ
2676 859 2808 912 αὐτὸ
2865 860 2928 913 τὸ
2978 861 3165 929 σχῆμα
3199 861 3261 914 τὸ
3301 862 3524 931 νομικὸν
3556 864 3869 927 ἀπόλλυσιν,
3905 866 3991 926 εἰς

2408 952 2537 1006 ἄλλο
2624 954 2809 1023 σχῆμα
2892 954 3089 1016 κακίας
3167 956 3260 1009 καὶ
3363 956 3661 1025 διαφθορᾶς
3731 957 3939 1024 ἄγουσα
3972 1000 3988 1023 ,

2407 1048 2438 1115 ἡ
2468 1048 2521 1099 δὲ
2543 1046 2603 1099 ού
2641 1048 2801 1117 μόνον
2822 1048 2921 1101 οὐκ
2952 1048 3215 1100 ἀπόλλυσι
3244 1049 3303 1100 τὸ
3325 1050 3417 1101 τοῦ
3454 1051 3619 1117 νόμου
3672 1050 3857 1118 σχῆμα
3906 1052 3991 1117 (ἐν

2410 1138 2650 1208 σχήματι
2687 1139 2796 1209 γὰρ
2815 1140 2907 1192 καὶ
2929 1140 3081 1209 τύπῳ
3108 1140 3202 1192 καὶ
3229 1141 3357 1207 σκιᾷ
3380 1140 3447 1192 τὰ
3476 1140 3568 1192 τοῦ
3601 1142 3765 1210 νόμου
3802 1143 3987 1210 ὑπῆρ-

2354 1280 2355 1283 η
2409 1230 2550 1297 χεν),
2585 1228 2718 1282 ἀλλὰ
2751 1230 2845 1282 καὶ
2879 1229 3079 1298 βελτιοῖ
3114 1229 3268 1289 αὐτὸ,
3317 1229 3413 1298 τὴν
3465 1229 3791 1299 λειπομένην
3835 1230 3991 1300 αὐτῷ

2418 1318 2635 1387 μορφὴν
2686 1320 2779 1371 καὶ
2810 1319 2870 1370 τὸ
2914 1320 3130 1382 κάλλος,
3190 1320 3568 1388 ἀπαρτίζουσα
3618 1320 3712 1372 καὶ
3745 1321 3993 1388 ἀναπληο

2408 1409 2595 1481 ροῦσα.
2624 1413 2712 1464 Διὸ
2732 1411 2931 1473 καλῶς,
2964 1430 2981 1463 ι
3012 1413 3102 1482 Μὴ
3124 1412 3621 1481 συσχηματίζεσθε,
3644 1414 3829 1483 φησὶν,
3856 1413 3995 1465 ἀλλὰ

2410 1498 2890 1568 μεταμορφοῦσθε.
2928 1518 2945 1550 ι
2982 1500 3054 1552 Τὸ
3088 1500 3188 1569 μὲν
3218 1501 3327 1571 γάρ
3364 1501 3514 1553 ἐστιν
3540 1500 3806 1563 ἀπώλεια,
3846 1502 3906 1553 τὸ
3934 1502 3995 1554 δὲ

2408 1590 2649 1658 σωτηρία
2712 1590 2807 1642 καὶ
2866 1591 3162 1661 τελειότης.

1620 1704 1637 1735 ι
1677 1685 1754 1739 Ne
1779 1684 2216 1756 configuremini,
2248 1683 2344 1737 sed
2385 1683 2887 1750 transformemini;
2934 1704 2951 1736 ι
2995 1686 3156 1756 365
3206 1701 3332 1739 nam
3384 1686 3519 1741 illud
3565 1688 3823 1757 perditio,
3878 1694 3987 1751 est,

2485 1906 2504 1938 ι
2526 1887 2689 1941 Ἀλλὰ
2710 1889 3185 1961 μεταμορφοῦσθε.
3202 1910 3218 1941 ι
3241 1890 3314 1944 Τδ
3336 1892 3428 1945 τοῦ
3452 1892 3657 1963 κᾶσμου
3686 1894 3869 1963 σχῆμα
3889 1911 3993 1947 κα-

2409 1980 2537 2043 λῶν,
2556 1982 2653 2050 τὴν
2673 1983 2770 2051 τῆς
2796 1983 2998 2053 ἀρετῆς
3019 1984 3234 2055 μορφὴν
3259 1986 3435 2047 καλεῖ,
3453 1986 3666 2049 δεικνὺς
3691 1988 3747 2039 τὸ
3762 1988 3995 2054 φυσικὸν

2410 2072 2577 2141 αὐτῆς
2602 2074 2818 2135 κάλλος.
2855 2075 2962 2145 «Τῇ
3002 2076 3421 2131 ἀνακαινώσει.)
3461 2078 3679 2148 Ἐπειδὴ
3705 2078 3995 2150 ἄνθρωπον

2411 2160 2541 2216 ὄντα
2559 2164 2657 2217 οὐκ
2687 2164 2801 2217 ἔστι
2828 2165 2903 2235 μὴ
2925 2166 3216 2237 ἁμαρτεῖν,
3253 2169 3440 2238 φησὶν,
3468 2169 3766 2224 ἀνακαίνου
3798 2184 4003 2224 σαυιον

2410 2254 2498 2308 διὰ
2518 2257 2803 2324 μετανοίας
2826 2258 2930 2309 ἀεί.
2954 2259 3117 2312 Οὐδὲν
3140 2260 3249 2331 γὰρ
3269 2260 3441 2325 οὓτως
3466 2262 3686 2317 παλαιοῖ
3703 2263 3879 2333 ψυχὴν
3901 2266 3999 2317 καὶ

2413 2348 2590 2415 σῶμα,
2620 2347 2694 2411 ὡς
2726 2349 2989 2420 ἁμαρτία.
3032 2368 3048 2401 ι
3077 2351 3169 2415 Εἰς
3196 2353 3255 2404 τὸ
3295 2353 3628 2423 δοκιμάζειν.
3662 2374 3680 2407 ι
3723 2355 3792 2407 Ἤ
3836 2355 3999 2408 τοῦτὸ

2411 2458 2598 2510 φησιν,
2631 2442 3097 2512 ἀνακαινωθῆναι,
3142 2444 3268 2499 Ἐὰν
3301 2446 3478 2520 μάθῃς
3516 2446 3568 2499 τί
3594 2447 3655 2499 τὸ
3688 2446 3996 2516 συμφέρον,

2409 2535 2502 2586 καὶ
2529 2534 2581 2585 τί
2610 2534 2669 2586 τὸ
2699 2533 3019 2603 θέληματοῦ
3050 2535 3206 2589 Θεοῦ.
3239 2557 3257 2588 ι
3291 2540 3398 2592 Kal
3441 2540 3756 2609 εὐάρεστον.
3793 2557 3810 2589 ι
3849 2540 3999 2608 “pb;

2424 2625 2707 2688 Ἰουδαίους
2745 2626 3109 2691 ἀποτείνεται,
3167 2629 3361 2693 οἵτινες
3413 2632 3619 2701 εἴχοντο
3679 2630 3769 2682 τοῦ
3802 2632 3995 2698 νόμου,

2410 2714 2604 2783 λέγων,
2640 2717 2719 2768 ὅτι
2754 2718 2865 2769 Καὶ
2894 2720 2922 2769 ὁ
2950 2719 3115 2787 νόμος
3150 2719 3268 2788 μὲν,
3307 2721 3520 2789 θέλημα
3561 2718 3628 2791 ἦν
3681 2722 3836 2784 Θεοῦ,
3878 2722 3994 2775 ἀλλ’

2409 2805 2510 2858 οὐκ
2539 2806 2853 2876 εὐάρεστον,
2876 2811 2999 2862 οὕτε
3024 2811 3251 2873 τέλειον,
3284 2813 3422 2866 ἀλλὰ
3452 2814 3543 2865 διὰ
3560 2814 3658 2884 τὴν
3681 2814 3993 2879 ἀσθένειαν,

2412 2897 2599 2966 φησὶν,
2636 2898 2789 2966 ὑμῶν
2815 2901 3193 2972 συγχωρηθέν.
3215 2904 3433 2956 Τέλειον
3458 2905 3514 2957 δὲ
3551 2907 3641 2957 καὶ
3664 2906 3993 2975 εὐάρεστον,

2411 2990 2445 3059 ἡ
2484 2989 2597 3042 Νέα
2631 2991 2899 3062 Διαθὴκη.

2488 3160 2651 3230 Λέγω
2673 3160 2783 3230 τὰρ
2814 3160 2911 3213 διὰ
2964 3161 3074 3230 τῆς
3130 3163 3372 3230 χάριτος
3404 3163 3515 3230 τῆς
3568 3164 3851 3233 δοθείσης
3897 3186 4003 3234 μοι

2413 3255 2590 3309 παντὶ
2614 3253 2693 3318 τῷ
2716 3255 2838 3306 ὄντι
2861 3254 2930 3307 ἐν
2954 3254 3112 3321 ὑμῖν,
3144 3254 3230 3323 μὴ
3264 3256 3659 3325 ὑπερφρονεῖν
3685 3260 3818 3327 παρ’
3843 3260 3879 3311 ἃ
3909 3260 4008 3314 δεῖ

2412 3347 2677 3415 φρονεῖν,
2702 3346 2861 3400 ἀλλὰ
2883 3346 3128 3415 φρονεῖν
3163 3351 3248 3412 εἰς
3279 3349 3343 3400 τὸ
3365 3350 3717 3416 σωφρονεῖν,
3760 3351 4003 3417 ἑκάστῳ

2413 3442 2491 3505 ὡς
2516 3443 2547 3491 d
2573 3439 2715 3503 Θεὸς
2747 3438 2982 3505 ἐμέρισε
3008 3438 3231 3507 μέτρον
3268 3440 3544 3505 πίστεως.

2489 3528 2655 3587 'Avw,
2681 3526 2805 3577 «Διά
2828 3526 2935 3577 τῶν
2952 3526 3271 3595 οἰκτιρμῶν,
3290 3546 3306 3576 ι
3330 3528 3589 3598 εἰρηκὼς,
3606 3526 3723 3591 νῦν,
3754 3530 3998 3599 «Διά-τῆς

2414 3615 2652 3685 χάριτος,
2688 3634 2706 3666 ι
2730 3616 2914 3685 φησὶν,
2932 3614 3168 3683 οὖδαμοῦ
3193 3614 3505 3678 ἀξιόπιστον
3548 3617 3737 3669 ἐαυτὸν
3759 3620 4001 3687 νομίζων

2413 3708 2500 3760 διὰ
2525 3707 3023 3776 ταπεινοφροσύνην
3053 3708 3185 3776 πρὸς
3228 3708 3287 3759 τὸ
3327 3711 3532 3760 πεῖσαι.
3562 3709 3658 3760 Διὰ
3680 3710 3841 3761 τοῦτο
3864 3712 4001 3763 ποτὲ

2418 3797 2519 3867 μὲν
2554 3799 2680 3859 τοὺς
2714 3799 3054 3868 οἰκτιρμοὺς,
3088 3799 3220 3850 ποτὲ
3273 3798 3329 3849 δέ
3369 3799 3468 3868 τὴν
3502 3800 3661 3868 χάριν
3696 3802 4001 3868 προδῶ-λε-

2414 3906 2523 3943 ται.
2559 3888 2741 3941 Εἰπὼν
2777 3889 2855 3952 δὲ,
2898 3888 3025 3940 «Διὰ
3048 3890 3145 3956 τῆς
3161 3889 3402 3959 χάριτος,
3437 3908 3456 3940 ι
3489 3890 3599 3942 τῶν
3660 3892 4001 3961 εὐεργεσιῶν

2416 3980 2933 4050 ὑπομιμνήσκειτοῦ
2958 3978 3113 4033 θεοῦ.
3141 3999 3159 4029 ι
3186 3982 3355 4032 Παντὶ
3374 3980 3449 4051 τῷ
3483 3982 3595 4034 δντι
3633 3982 3690 4035 ἐν
3722 3983 3907 4052 ὑμῖν.»
3928 4015 4005 4029 -ο

2417 4071 2619 4144 [ΦΩΤ.]
2644 4074 2734 4133 Τὸ,
2758 4090 2775 4121 ι
2789 4072 2958 4124 Παντὶ
2973 4071 3048 4141 τῷ
3061 4072 3174 4124 ὄντι
3192 4073 3249 4122 ἐν
3265 4073 3411 4139 ὑμῖν,
3428 4091 3445 4122 ι
3464 4072 3735 4141 διαφόρως
3759 4076 4003 4144 ἐγχωρεῖ

2416 4162 2696 4232 νοηθῆναι.
2730 4163 2799 4213 Ἤ
2817 4162 2896 4213 ὅτι
2921 4163 3079 4229 Λέγω
3104 4163 3265 4213 παντὶ
3282 4161 3481 4230 «(nam
3505 4164 3560 4213 tv
3578 4163 3724 4231 ὑμῖν,
3745 4167 3999 4218 τουτέστι

2417 4254 2558 4305 nam
2583 4252 2744 4320 λέγω,
2773 4253 2909 4304 πᾶσι
2944 4253 3217 4322 παραινῶ,
3243 4254 3337 4305 καὶ
3374 4254 3580 4324 ταύτην
3605 4255 3703 4321 τὴν
3737 4253 3997 4318 ἐξουσίαν

2419 4344 2485 4395 ἐκ
2518 4342 2616 4411 τῆς
2650 4343 2870 4412 χάριτος
2890 4342 3015 4412 ἔχω.
3053 4343 3146 4405 Ἢ,
3171 4344 3327 4410 Λέγω
3352 4344 3426 4413 μὴ
3453 4346 3817 4415 ὑπερφρονεῖν
3849 4346 3998 4416 ὑμᾶς

2416 4433 2474 4485 ἐν
2498 4434 2661 4487 παντὶ
2689 4432 2988 4503 χαρίσματι
3009 4433 3088 4503 τῷ
3118 4433 3230 4486 ὄντι
3260 4437 3317 4485 ἐν
3345 4436 3491 4504 ὑμῖν.
3517 4436 3732 4505 Ταύτην
3755 4437 3866 4507 γὰρ
3895 4438 3999 4508 τὴν

746 4535 947 4590 donum
992 4537 1109 4591 sive
1154 4537 1383 4607 gratiam
1432 4553 1594 4607 supra
1644 4538 1947 4608 quemlibet
2001 4547 2307 4593 versantem

2416 4525 2624 4578 ἔννοιαν
2654 4527 2746 4577 καὶ
2784 4526 2851 4577 τὰ
2886 4526 3198 4593 ἐπαγόμενα
3231 4525 3397 4591 δηλοῖ,
3427 4528 3485 4578 ἐν
3504 4521 3584 4589 οἷς
3616 4544 3779 4596 φησιν
3828 4528 3998 4583 Ἐκά-

748 4625 891 4678 inter
940 4640 1055 4680 vos.
1090 4625 1316 4693 (Graeca
1362 4626 1508 4680 enim
1567 4637 1865 4697 utrumque
1934 4642 2154 4683 sensum
2211 4627 2310 4681 ad-

746 4718 971 4771 mittunt
1020 4716 1163 4783 λέγω
1195 4719 1357 4770 παντὶ
1387 4718 1461 4781 τῷ
1502 4720 1614 4772 ὄντι
1654 4737 1711 4772 εν
1738 4721 1868 4789 ὑμῖν
1919 4718 1994 4790 μὴ
2033 4722 2312 4797 ὑπερφρο-

747 4805 898 4866 νεῖν.)
927 4805 1083 4859 Hunc
1106 4820 1343 4874 namque
1369 4806 1704 4861 intellectum
1737 4808 1978 4862 indicant
2005 4808 2169 4863 etiam
2192 4823 2312 4877 quae

747 4896 1079 4959 :ubduntur,
1111 4896 1313 4964 quibus
1341 4896 1415 4950 ait
1446 4914 1459 4949 :
1496 4917 1513 4948 ι
1554 4898 1622 4953 Ut
1650 4899 1849 4969 cuique
1888 4898 2031 4955 Deus
2077 4900 2313 4970 partitus

746 4999 850 5051 cst,
877 5007 892 5037 ι
913 4994 1022 5042 etc.
1053 4986 1357 5042 Admodum
1391 4997 1570 5060 autem
1599 4974 1871 5061 sapienter
1901 5007 1964 5046 ac
1992 4992 2310 5061 prudenter,

747 5077 1130 5131 admonitqu
1177 5092 1273 5129 eos
1318 5093 1387 5131 ne
1431 5093 1593 5132 sensu
1631 5079 1945 5147 etl'erretur,
1994 5083 2309 5150 praeposuit,

754 5188 770 5216 ι
806 5169 900 5221 Per
938 5172 1164 5236 gratiam
1196 5168 1312 5221 Dei.
1346 5189 1362 5220 ι
1391 5168 1658 5234 Quoniam
1686 5173 1832 5227 enim
1866 5173 2138 5242 aliquibus
2170 5173 2313 5227 acci-

747 5258 829 5311 dit
854 5268 913 5311 ut
930 5257 1256 5312 admoneant
1281 5274 1345 5313 ac
1369 5261 1683 5329 prmcipiant
1706 5276 1771 5314 ex
1795 5262 1959 5329 fastu,
1998 5264 2310 5333 huiusmodi

747 5352 1108 5420 cogitationes
1139 5353 1515 5421 praevertenda
1544 5356 1771 5410 curavit.
1814 5357 1932 5411 Non
1974 5366 2077 5421 est,
2114 5358 2309 5427 inquit,

747 5458 811 5493 ex
838 5456 960 5493 meo
1001 5438 1196 5493 aﬂectu
1224 5450 1282 5494 ut
1309 5458 1406 5496 vos
1443 5443 1785 5509 admoneam,
1819 5462 1916 5515 per
1956 5447 2050 5501 Dei
2085 5450 2311 5517 gratiam

750 5532 851 5584 hoc
876 5530 1036 5593 facio,
1057 5530 1169 5600 ipse
1189 5532 1499 5602 jubet,ejus
1526 5546 1853 5605 praeceptum
1883 5538 2100 5607 impleo.
2135 5539 2311 5609 Opor-

749 5631 827 5676 tet
850 5622 1029 5692 itaque
1058 5622 1437 5693 obtemperare
1458 5634 1514 5680 et
1546 5642 1653 5681 non
1676 5643 2000 5697 repugnare.
2039 5650 2057 5681 ι
2086 5632 2163 5687 Ne
2190 5634 2314 5702 quis

745 5712 1006 5766 c-ﬂ‘cratur
1042 5728 1229 5769 sensu.
1271 5733 1289 5766 ι
1328 5715 1404 5769 De
1448 5717 1612 5770 animi
1656 5719 1919 5773 modestia
1969 5723 2310 5777 exhortatur.

748 5801 865 5857 l\'on
921 5804 1062 5858 ultra
1113 5821 1425 5861 mensuram
1460 5806 1526 5863 de
1577 5808 1737 5862 nobis
1772 5808 1936 5882 366
1989 5814 2289 5869 sentiamus

2420 4629 2530 4682 στῳ
2558 4613 2633 4674 ὡς
2664 4615 2692 4665 ὁ
2737 4612 2869 4674 Θεὸς
2924 4613 3170 4684 ἐμέρισε,
3203 4631 3221 4663 ι
3265 4614 3358 4666 καὶ
3404 4613 3551 4683 ἑξῆς.
3578 4615 3760 4681 Σοφῶ,
3790 4615 3987 4670 δελέαν

2417 4709 2511 4759 καὶ
2563 4704 2796 4766 συνετῶς
2828 4704 3120 4774 προέταξε,
3153 4704 3363 4773 μέλλων
3393 4707 3591 4769 αὐτοὺς
3610 4706 3882 4759 νουθετεῖν
3912 4711 3997 4771 είς

2416 4798 2478 4849 τὸ
2519 4798 2593 4867 μὴ
2621 4798 3002 4866 ὑπερφρονεῖν,
3023 4797 3102 4858 τὸ,
3138 4814 3157 4846 ε
3185 4796 3283 4849 Διὰ
3306 4799 3398 4867 τῆς
3424 4800 3644 4868 χάριτος
3661 4801 3752 4853 τοῦ
3772 4801 3933 4857 Θεοῦ.
3966 4822 3987 4855 δ

2430 4888 2647 4959 Ἐπειδὴ
2667 4890 2777 4958 γὰρ
2809 4891 2900 4941 καὶ
2921 4889 2981 4941 τὸ
3016 4888 3289 4941 νουθετεῖν
3326 4892 3418 4941 καὶ
3439 4892 3767 4956 ἐπιτάττειν,
3809 4894 3997 4957 ἄλλοις

2419 4986 2587 5039 ἐνίοτε
2613 4985 2670 5050 ἐξ
2698 4985 3115 5055 ὑπερφροσύνης
3172 4984 3400 5051 γίνεται,
3460 4983 3749 5052 προλαϐὼν
3799 4986 3995 5039 ἰάσατο

2417 5078 2543 5138 τοὺς
2580 5077 2853 5138 τοιούτους
2875 5075 3184 5144 λογισμούς.
3211 5076 3323 5127 Ούκ
3351 5075 3486 5135 ἔστι,
3516 5077 3704 5143 φησὶν,
3763 5075 3823 5141 ἐξ
3845 5078 3992 5146 ἐμῆς

2419 5169 2595 5241 ὁρμῆς
2608 5169 2667 5221 τὸ
2686 5167 2957 5220 νουθετεῖν
2986 5168 3149 5235 ὑμᾶς.
3176 5166 3271 5219 Διὰ
3293 5168 3390 5236 τῆς
3411 5167 3632 5236 χάριτος
3664 5167 3819 5219 τοῦτο
3844 5170 3991 5220 ποιῶ

2418 5260 2513 5313 τοῦ
2547 5259 2897 5323 Θεοῦ.Αύτδς
2944 5259 3177 5311 κελεύει.
3212 5257 3387 5310 Αὑτοῦ
3438 5259 3720 5327 ἐπίταγμα
3767 5259 3988 5328 πληρῶ.

2419 5354 2513 5403 Δεῖ
2548 5346 2639 5404 οὖν
2689 5350 2974 5403 πείθεσθαι
3008 5351 3103 5403 καὶ
3136 5348 3211 5419 μὴ
3238 5349 3560 5416 ἀντιλέγειν.
3612 5368 3631 5398 ι
3686 5350 3776 5418 Μὴ
3818 5351 3993 5421 ὑπερ-

2419 5446 2690 5511 φρονεῖν.»
2726 5444 2987 5511 Παραινεῖ
3014 5444 3141 5512 περὶ
3175 5441 3691 5511 ταπεινοφροσύνης,
3725 5442 3801 5511 μὴ
3832 5444 3991 5513 παρὰ

2418 5538 2487 5591 τὰ
2518 5539 2710 5610 μέτρα,
2751 5539 2903 5609 φησὶ,
2938 5538 3245 5609 φρονῶμεν.

2472 5630 2641 5683 Τοῦτο
2660 5630 2765 5699 γὰρ
2795 5630 2977 5692 ἀνοίας
3003 5629 3304 5698 ἢάπονοὶας
3330 5628 3495 5681 ἐστίν.
3525 5646 3544 5678 ι
3584 5628 3742 5680 ’Δλλὰ
3764 5632 3989 5699 φρονεῖν

2419 5723 2500 5783 εἰς
2557 5723 2616 5774 τδ
2648 5724 2966 5792 σωφρονεῖν.
3006 5740 3024 5773 ι
3055 5722 3321 5791 Φρόνησιν
3380 5720 3488 5791 γὰρ
3549 5720 3835 5789 ἐλάσομεν,
3884 5722 3987 5791 οὐχ

2423 5816 2512 5866 ἵνα
2564 5816 2643 5877 εἰς
2677 5814 2938 5870 ἀπόνοιαν
2970 5814 3106 5884 αἰτῇ
3137 5812 3492 5886 χρησώμεθα,
3522 5813 3614 5866 καὶ
3642 5814 3986 5885 μωράνωμεν
