  <div class='ocr_page' id='page_1' title='image "/cluster/home/n/w/nwhite01/storage/ocr_20150623/118/nnc1.0046980148/296.png"; bbox 0 0 4194 6468; ppageno 0'>
   <div class='ocr_carea' id='block_1_1' title="bbox 146 374 247 439">
    <p class='ocr_par' dir='ltr' id='par_1_1' title="bbox 146 374 247 439">
     <span class='ocr_line' id='line_1_1' title="bbox 146 374 247 439; baseline -0.03 -1"><span class='ocrx_word' id='word_1_1' title='bbox 146 374 247 439; x_wconf 81' lang='lat'><strong>573</strong></span> 
     </span>
    </p>
   </div>
   <div class='ocr_carea' id='block_1_2' title="bbox 1213 380 3359 466">
    <p class='ocr_par' dir='ltr' id='par_1_2' title="bbox 1213 380 3359 466">
     <span class='ocr_line' id='line_1_2' title="bbox 1213 380 3359 466; baseline 0.011 -24"><span class='ocrx_word' id='word_1_2' title='bbox 1213 380 1607 446; x_wconf 79' lang='lat' dir='ltr'><strong>COMMENT.</strong></span> <span class='ocrx_word' id='word_1_3' title='bbox 1641 385 1724 447; x_wconf 89' lang='lat' dir='ltr'><strong>IN</strong></span> <span class='ocrx_word' id='word_1_4' title='bbox 1762 388 1997 449; x_wconf 78' lang='lat' dir='ltr'><strong>EPIST.</strong></span> <span class='ocrx_word' id='word_1_5' title='bbox 2055 392 2151 452; x_wconf 79' lang='lat' dir='ltr'><strong>AD</strong></span> <span class='ocrx_word' id='word_1_6' title='bbox 2192 393 2376 455; x_wconf 83' lang='lat' dir='ltr'><strong>ROM.</strong></span> <span class='ocrx_word' id='word_1_7' title='bbox 3291 404 3359 466; x_wconf 81' lang='grc'><strong>57</strong></span> 
     </span>
    </p>
   </div>
   <div class='ocr_carea' id='block_1_3' title="bbox 141 480 1711 577">
    <p class='ocr_par' dir='ltr' id='par_1_3' title="bbox 141 480 1711 573">
     <span class='ocr_line' id='line_1_3' title="bbox 141 480 1711 573; baseline 0.009 -39"><span class='ocrx_word' id='word_1_8' title='bbox 141 482 228 534; x_wconf 80' lang='grc' dir='ltr'><strong>τὸν</strong></span> <span class='ocrx_word' id='word_1_9' title='bbox 253 480 508 550; x_wconf 75' lang='grc' dir='ltr'><strong>ἀδελφὸν,</strong></span> <span class='ocrx_word' id='word_1_10' title='bbox 534 482 639 536; x_wconf 74' lang='grc' dir='ltr'><strong>κᾶν</strong></span> <span class='ocrx_word' id='word_1_11' title='bbox 677 484 845 558; x_wconf 86' lang='grc' dir='ltr'><strong>πένης</strong></span> <span class='ocrx_word' id='word_1_12' title='bbox 995 488 1152 543; x_wconf 78' lang='grc' dir='ltr'><strong>Ἐπεὶ</strong></span> <span class='ocrx_word' id='word_1_13' title='bbox 1204 492 1278 561; x_wconf 77' lang='grc' dir='ltr'><strong>μὴ</strong></span> <span class='ocrx_word' id='word_1_14' title='bbox 1329 494 1443 546; x_wconf 78' lang='grc' dir='ltr'><strong>ἔστι</strong></span> <span class='ocrx_word' id='word_1_15' title='bbox 1486 494 1711 573; x_wconf 77' lang='grc' dir='ltr'><strong>πλούτοι</strong></span> 
     </span>
    </p>
   </div>
   <div class='ocr_carea' id='block_1_4' title="bbox 1813 480 3403 577">
    <p class='ocr_par' dir='ltr' id='par_1_4' title="bbox 1830 496 3403 577">
     <span class='ocr_line' id='line_1_4' title="bbox 1830 496 3403 577; baseline 0.013 -26"><span class='ocrx_word' id='word_1_16' title='bbox 1830 496 2048 552; x_wconf 78' lang='lat' dir='ltr'><strong>Veluti:</strong></span> <span class='ocrx_word' id='word_1_17' title='bbox 2083 501 2137 555; x_wconf 90' lang='lat' dir='ltr'><strong>Si</strong></span> <span class='ocrx_word' id='word_1_18' title='bbox 2162 518 2416 573; x_wconf 78' lang='lat' dir='ltr'><strong>magnum</strong></span> <span class='ocrx_word' id='word_1_19' title='bbox 2453 504 2609 560; x_wconf 90' lang='lat' dir='ltr'><strong>ducis</strong></span> <span class='ocrx_word' id='word_1_20' title='bbox 2644 507 2874 577; x_wconf 88' lang='lat' dir='ltr'><strong>teipsum</strong></span> <span class='ocrx_word' id='word_1_21' title='bbox 2907 528 2920 566; x_wconf 89' lang='lat'><strong>:</strong></span> <span class='ocrx_word' id='word_1_22' title='bbox 2953 512 3115 567; x_wconf 97' lang='lat' dir='ltr'><strong>talem</strong></span> <span class='ocrx_word' id='word_1_23' title='bbox 3147 513 3317 570; x_wconf 89' lang='lat' dir='ltr'><strong>ducas</strong></span> <span class='ocrx_word' id='word_1_24' title='bbox 3345 518 3403 570; x_wconf 72' lang='lat' dir='ltr'><strong>el</strong></span> 
     </span>
    </p>
   </div>
   <div class='ocr_carea' id='block_1_5' title="bbox 141 576 1719 658">
    <p class='ocr_par' dir='ltr' id='par_1_5' title="bbox 141 576 1719 658">
     <span class='ocr_line' id='line_1_5' title="bbox 141 576 1719 658; baseline 0.011 -30"><span class='ocrx_word' id='word_1_25' title='bbox 141 576 229 629; x_wconf 76' lang='grc' dir='ltr'><strong>καὶ</strong></span> <span class='ocrx_word' id='word_1_26' title='bbox 260 578 458 639; x_wconf 79' lang='grc' dir='ltr'><strong>πενίας</strong></span> <span class='ocrx_word' id='word_1_27' title='bbox 512 578 783 646; x_wconf 82' lang='grc' dir='ltr'><strong>διάκρισις</strong></span> <span class='ocrx_word' id='word_1_28' title='bbox 817 582 973 652; x_wconf 82' lang='grc' dir='ltr'><strong>παρὰ</strong></span> <span class='ocrx_word' id='word_1_29' title='bbox 1015 584 1154 650; x_wconf 79' lang='grc' dir='ltr'><strong>Θεῷ.</strong></span> <span class='ocrx_word' id='word_1_30' title='bbox 1186 587 1312 650; x_wconf 84' lang='grc' dir='ltr'><strong>Πῶς</strong></span> <span class='ocrx_word' id='word_1_31' title='bbox 1339 588 1386 641; x_wconf 88' lang='grc' dir='ltr'><strong>δ’</strong></span> <span class='ocrx_word' id='word_1_32' title='bbox 1418 590 1484 643; x_wconf 69' lang='grc' dir='ltr'><strong>ἂν</strong></span> <span class='ocrx_word' id='word_1_33' title='bbox 1511 592 1719 658; x_wconf 74' lang='grc' dir='ltr'><strong>γένοιτό</strong></span> 
     </span>
    </p>
   </div>
   <div class='ocr_carea' id='block_1_6' title="bbox 142 669 1714 753">
    <p class='ocr_par' dir='ltr' id='par_1_6' title="bbox 142 669 1714 753">
     <span class='ocr_line' id='line_1_6' title="bbox 142 669 1714 753; baseline 0.011 -34"><span class='ocrx_word' id='word_1_34' title='bbox 142 683 218 719; x_wconf 80' lang='grc' dir='ltr'><strong>σοι</strong></span> <span class='ocrx_word' id='word_1_35' title='bbox 244 685 445 736; x_wconf 86' lang='grc' dir='ltr'><strong>τουτο;</strong></span> <span class='ocrx_word' id='word_1_36' title='bbox 492 669 620 724; x_wconf 82' lang='grc' dir='ltr'><strong>Ἐὰν</strong></span> <span class='ocrx_word' id='word_1_37' title='bbox 673 672 748 742; x_wconf 83' lang='grc' dir='ltr'><strong>μὴ</strong></span> <span class='ocrx_word' id='word_1_38' title='bbox 803 677 1009 745; x_wconf 80' lang='grc' dir='ltr'>φρονῇς</span> <span class='ocrx_word' id='word_1_39' title='bbox 1060 678 1189 747; x_wconf 79' lang='grc' dir='ltr'><strong>περὶ</strong></span> <span class='ocrx_word' id='word_1_40' title='bbox 1237 681 1465 734; x_wconf 74' lang='grc' dir='ltr'><strong>σεαυτοῦ</strong></span> <span class='ocrx_word' id='word_1_41' title='bbox 1515 682 1714 753; x_wconf 75' lang='grc' dir='ltr'><strong>ὑψηλὰ,</strong></span> 
     </span>
    </p>
   </div>
   <div class='ocr_carea' id='block_1_7' title="bbox 138 760 1718 838">
    <p class='ocr_par' dir='ltr' id='par_1_7' title="bbox 138 760 1718 838">
     <span class='ocr_line' id='line_1_7' title="bbox 138 760 1718 838; baseline 0.009 -26"><span class='ocrx_word' id='word_1_42' title='bbox 138 760 273 812; x_wconf 73' lang='grc' dir='ltr'><strong>ἀλλὰ</strong></span> <span class='ocrx_word' id='word_1_43' title='bbox 310 762 571 834; x_wconf 76' lang='grc' dir='ltr'><strong>συμφέρῃ</strong></span> <span class='ocrx_word' id='word_1_44' title='bbox 594 764 689 815; x_wconf 81' lang='grc' dir='ltr'><strong>καὶ</strong></span> <span class='ocrx_word' id='word_1_45' title='bbox 716 767 1006 838; x_wconf 61' lang='grc' dir='ltr'><strong>συωπάγῃ</strong></span> <span class='ocrx_word' id='word_1_46' title='bbox 1044 771 1157 832; x_wconf 84' lang='grc' dir='ltr'><strong>τοῖς</strong></span> <span class='ocrx_word' id='word_1_47' title='bbox 1180 775 1482 836; x_wconf 73' lang='grc' dir='ltr'><strong>ταπεινοῖς,</strong></span> <span class='ocrx_word' id='word_1_48' title='bbox 1522 775 1617 828; x_wconf 64' lang='grc' dir='ltr'><strong>καὶ</strong></span> <span class='ocrx_word' id='word_1_49' title='bbox 1638 778 1718 838; x_wconf 81' lang='grc' dir='ltr'><strong>εἰς</strong></span> 
     </span>
    </p>
   </div>
   <div class='ocr_carea' id='block_1_8' title="bbox 135 852 1718 934">
    <p class='ocr_par' dir='ltr' id='par_1_8' title="bbox 135 852 1718 934">
     <span class='ocr_line' id='line_1_8' title="bbox 135 852 1718 934; baseline 0.01 -32"><span class='ocrx_word' id='word_1_50' title='bbox 135 852 231 919; x_wconf 71' lang='grc' dir='ltr'><strong>τὴν</strong></span> <span class='ocrx_word' id='word_1_51' title='bbox 258 852 489 905; x_wconf 75' lang='grc' dir='ltr'><strong>ἐκείνων</strong></span> <span class='ocrx_word' id='word_1_52' title='bbox 531 858 973 929; x_wconf 72' lang='grc' dir='ltr'><strong>συγκαταϐαίνῃς</strong></span> <span class='ocrx_word' id='word_1_53' title='bbox 1020 860 1315 917; x_wconf 79' lang='grc' dir='ltr'><strong>εὐτέλειαν.</strong></span> <span class='ocrx_word' id='word_1_54' title='bbox 1360 863 1454 915; x_wconf 85' lang='grc' dir='ltr'><strong>Ἐκ</strong></span> <span class='ocrx_word' id='word_1_55' title='bbox 1485 864 1548 934; x_wconf 82' lang='grc' dir='ltr'><strong>δὴ</strong></span> <span class='ocrx_word' id='word_1_56' title='bbox 1597 866 1718 918; x_wconf 84' lang='grc' dir='ltr'><strong>τού-</strong></span> 
     </span>
    </p>
   </div>
   <div class='ocr_carea' id='block_1_9' title="bbox 135 943 1719 1018">
    <p class='ocr_par' dir='ltr' id='par_1_9' title="bbox 135 943 1719 1018">
     <span class='ocr_line' id='line_1_9' title="bbox 135 943 1719 1018; baseline 0.01 -26"><span class='ocrx_word' id='word_1_57' title='bbox 135 959 240 993; x_wconf 85' lang='grc' dir='ltr'><strong>των</strong></span> <span class='ocrx_word' id='word_1_58' title='bbox 292 943 354 994; x_wconf 79' lang='grc' dir='ltr'><strong>τδ</strong></span> <span class='ocrx_word' id='word_1_59' title='bbox 420 944 651 1015; x_wconf 80' lang='grc' dir='ltr'><strong>φύσημα</strong></span> <span class='ocrx_word' id='word_1_60' title='bbox 696 948 790 1000; x_wconf 80' lang='grc' dir='ltr'><strong>καὶ</strong></span> <span class='ocrx_word' id='word_1_61' title='bbox 827 948 927 1018; x_wconf 79' lang='grc' dir='ltr'><strong>τὴν</strong></span> <span class='ocrx_word' id='word_1_62' title='bbox 977 951 1285 1016; x_wconf 75' lang='grc' dir='ltr'><strong>κενοδοξίαν</strong></span> <span class='ocrx_word' id='word_1_63' title='bbox 1334 955 1514 1007; x_wconf 78' lang='grc' dir='ltr'><strong>αὐτῶν</strong></span> <span class='ocrx_word' id='word_1_64' title='bbox 1546 974 1719 1008; x_wconf 90' lang='grc' dir='ltr'><strong>κατα-</strong></span> 
     </span>
    </p>
   </div>
   <div class='ocr_carea' id='block_1_10' title="bbox 138 1034 1718 1117">
    <p class='ocr_par' dir='ltr' id='par_1_10' title="bbox 138 1034 1718 1117">
     <span class='ocr_line' id='line_1_10' title="bbox 138 1034 1718 1117; baseline 0.009 -32"><span class='ocrx_word' id='word_1_65' title='bbox 138 1034 371 1089; x_wconf 80' lang='grc' dir='ltr'><strong>στέλλει.</strong></span> <span class='ocrx_word' id='word_1_66' title='bbox 415 1036 576 1097; x_wconf 77' lang='grc' dir='ltr'><strong>Εἰκὸς</strong></span> <span class='ocrx_word' id='word_1_67' title='bbox 599 1038 707 1107; x_wconf 77' lang='grc' dir='ltr'><strong>γὰρ</strong></span> <span class='ocrx_word' id='word_1_68' title='bbox 734 1034 800 1108; x_wconf 77' lang='grc' dir='ltr'><strong>ἦν</strong></span> <span class='ocrx_word' id='word_1_69' title='bbox 830 1041 1026 1103; x_wconf 82' lang='grc' dir='ltr'><strong>αὐτοὺς</strong></span> <span class='ocrx_word' id='word_1_70' title='bbox 1064 1042 1150 1096; x_wconf 77' lang='grc' dir='ltr'><strong>διὰ</strong></span> <span class='ocrx_word' id='word_1_71' title='bbox 1186 1044 1284 1115; x_wconf 79' lang='grc' dir='ltr'><strong>τὴν</strong></span> <span class='ocrx_word' id='word_1_72' title='bbox 1330 1046 1503 1111; x_wconf 86' lang='grc' dir='ltr'><strong>πόλιν,</strong></span> <span class='ocrx_word' id='word_1_73' title='bbox 1542 1048 1718 1117; x_wconf 83' lang='grc' dir='ltr'><strong>τούτῳ</strong></span> 
     </span>
    </p>
   </div>
   <div class='ocr_carea' id='block_1_11' title="bbox 134 1128 1715 1209">
    <p class='ocr_par' dir='ltr' id='par_1_11' title="bbox 134 1128 1715 1209">
     <span class='ocr_line' id='line_1_11' title="bbox 134 1128 1715 1209; baseline 0.009 -31"><span class='ocrx_word' id='word_1_74' title='bbox 134 1128 339 1179; x_wconf 70' lang='grc' dir='ltr'><strong>ἁλῶναι</strong></span> <span class='ocrx_word' id='word_1_75' title='bbox 370 1129 464 1181; x_wconf 71' lang='grc' dir='ltr'><strong>καὶ</strong></span> <span class='ocrx_word' id='word_1_76' title='bbox 496 1131 816 1199; x_wconf 79' lang='grc' dir='ltr'><strong>κατέχεσθαι</strong></span> <span class='ocrx_word' id='word_1_77' title='bbox 843 1133 918 1203; x_wconf 82' lang='grc' dir='ltr'><strong>τῷ</strong></span> <span class='ocrx_word' id='word_1_78' title='bbox 955 1135 1139 1188; x_wconf 81' lang='grc' dir='ltr'><strong>πάθει.</strong></span> <span class='ocrx_word' id='word_1_79' title='bbox 1174 1136 1293 1206; x_wconf 79' lang='grc' dir='ltr'><strong>«Μὴ</strong></span> <span class='ocrx_word' id='word_1_80' title='bbox 1332 1138 1548 1205; x_wconf 74' lang='grc' dir='ltr'><strong>γίνεσθε</strong></span> <span class='ocrx_word' id='word_1_81' title='bbox 1579 1141 1715 1209; x_wconf 82' lang='grc' dir='ltr'><strong>φρό-</strong></span> 
     </span>
    </p>
   </div>
   <div class='ocr_carea' id='block_1_12' title="bbox 134 1221 1717 1298">
    <p class='ocr_par' dir='ltr' id='par_1_12' title="bbox 134 1221 1717 1298">
     <span class='ocr_line' id='line_1_12' title="bbox 134 1221 1717 1298; baseline 0.011 -30"><span class='ocrx_word' id='word_1_82' title='bbox 134 1236 279 1285; x_wconf 79' lang='grc' dir='ltr'><strong>νιμοι</strong></span> <span class='ocrx_word' id='word_1_83' title='bbox 314 1221 445 1290; x_wconf 86' lang='grc' dir='ltr'><strong>παρ’</strong></span> <span class='ocrx_word' id='word_1_84' title='bbox 468 1223 735 1286; x_wconf 76' lang='grc' dir='ltr'><strong>ἑαυτοῖς.»</strong></span> <span class='ocrx_word' id='word_1_85' title='bbox 764 1225 1045 1290; x_wconf 83' lang='grc' dir='ltr'><strong>Τουτέστι,</strong></span> <span class='ocrx_word' id='word_1_86' title='bbox 1072 1229 1163 1298; x_wconf 81' lang='grc' dir='ltr'><strong>Μὴ</strong></span> <span class='ocrx_word' id='word_1_87' title='bbox 1197 1230 1417 1298; x_wconf 82' lang='grc' dir='ltr'><strong>ἡγεῖσθε</strong></span> <span class='ocrx_word' id='word_1_88' title='bbox 1460 1227 1600 1285; x_wconf 77' lang='grc' dir='ltr'><strong>εἶναι</strong></span> <span class='ocrx_word' id='word_1_89' title='bbox 1627 1250 1717 1285; x_wconf 82' lang='grc' dir='ltr'><strong>σο-</strong></span> 
     </span>
    </p>
   </div>
   <div class='ocr_carea' id='block_1_13' title="bbox 135 1314 1717 1398">
    <p class='ocr_par' dir='ltr' id='par_1_13' title="bbox 135 1314 1717 1398">
     <span class='ocr_line' id='line_1_13' title="bbox 135 1314 1717 1398; baseline 0.011 -35"><span class='ocrx_word' id='word_1_90' title='bbox 135 1316 241 1379; x_wconf 65' lang='lat' dir='ltr'><strong>go‘z,</strong></span> <span class='ocrx_word' id='word_1_91' title='bbox 268 1314 367 1366; x_wconf 81' lang='grc' dir='ltr'><strong>καὶ</strong></span> <span class='ocrx_word' id='word_1_92' title='bbox 399 1316 627 1383; x_wconf 70' lang='grc' dir='ltr'><strong>μηδενός</strong></span> <span class='ocrx_word' id='word_1_93' title='bbox 657 1319 927 1387; x_wconf 76' lang='grc' dir='ltr'><strong>νοήματος</strong></span> <span class='ocrx_word' id='word_1_94' title='bbox 956 1320 1177 1383; x_wconf 73' lang='grc' dir='ltr'><strong>ἐνδεεῖς.</strong></span> <span class='ocrx_word' id='word_1_95' title='bbox 1205 1324 1341 1393; x_wconf 80' lang='grc' dir='ltr'><strong>Φησὶ</strong></span> <span class='ocrx_word' id='word_1_96' title='bbox 1363 1326 1471 1396; x_wconf 82' lang='grc' dir='ltr'><strong>γὰρ</strong></span> <span class='ocrx_word' id='word_1_97' title='bbox 1512 1328 1543 1397; x_wconf 82' lang='grc' dir='ltr'>ἡ</span> <span class='ocrx_word' id='word_1_98' title='bbox 1578 1328 1717 1398; x_wconf 76' lang='grc' dir='ltr'><strong>Γρα-</strong></span> 
     </span>
    </p>
   </div>
   <div class='ocr_carea' id='block_1_14' title="bbox 136 1406 1716 1482">
    <p class='ocr_par' dir='ltr' id='par_1_14' title="bbox 136 1406 1716 1482">
     <span class='ocr_line' id='line_1_14' title="bbox 136 1406 1716 1482; baseline 0.013 -30"><span class='ocrx_word' id='word_1_99' title='bbox 136 1407 205 1471; x_wconf 78' lang='grc' dir='ltr'><strong>φή</strong></span> <span class='ocrx_word' id='word_1_100' title='bbox 243 1421 257 1433; x_wconf 90' lang='grc'><strong>·</strong></span> <span class='ocrx_word' id='word_1_101' title='bbox 308 1424 326 1454; x_wconf 77' lang='grc' dir='ltr'><strong>ι</strong></span> <span class='ocrx_word' id='word_1_102' title='bbox 358 1406 494 1459; x_wconf 64' lang='grc' dir='ltr'><strong>Οὐαὶ</strong></span> <span class='ocrx_word' id='word_1_103' title='bbox 525 1408 573 1458; x_wconf 75' lang='grc' dir='ltr'><strong>οἱ</strong></span> <span class='ocrx_word' id='word_1_104' title='bbox 628 1411 838 1463; x_wconf 78' lang='grc' dir='ltr'><strong>συνετοὶ</strong></span> <span class='ocrx_word' id='word_1_105' title='bbox 877 1413 1008 1482; x_wconf 84' lang='grc' dir='ltr'><strong>παρ’</strong></span> <span class='ocrx_word' id='word_1_106' title='bbox 1053 1415 1289 1478; x_wconf 75' lang='grc' dir='ltr'><strong>ἑαυτοῖς,</strong></span> <span class='ocrx_word' id='word_1_107' title='bbox 1335 1418 1427 1469; x_wconf 67' lang='grc' dir='ltr'><strong>καὶ</strong></span> <span class='ocrx_word' id='word_1_108' title='bbox 1487 1419 1716 1472; x_wconf 73' lang='grc' dir='ltr'><strong>ἐνώπιον</strong></span> 
     </span>
    </p>
   </div>
   <div class='ocr_carea' id='block_1_15' title="bbox 131 1495 1716 1581">
    <p class='ocr_par' dir='ltr' id='par_1_15' title="bbox 131 1495 1716 1581">
     <span class='ocr_line' id='line_1_15' title="bbox 131 1495 1716 1581; baseline 0.012 -36"><span class='ocrx_word' id='word_1_109' title='bbox 131 1495 312 1545; x_wconf 75' lang='grc' dir='ltr'><strong>αὐτῶν</strong></span> <span class='ocrx_word' id='word_1_110' title='bbox 346 1497 767 1567; x_wconf 76' lang='grc' dir='ltr'><strong>ἐπιστήμονες.»</strong></span> <span class='ocrx_word' id='word_1_111' title='bbox 824 1520 842 1552; x_wconf 77' lang='grc' dir='ltr'><strong>ι</strong></span> <span class='ocrx_word' id='word_1_112' title='bbox 870 1504 1051 1555; x_wconf 79' lang='grc' dir='ltr'><strong>Κακδν</strong></span> <span class='ocrx_word' id='word_1_113' title='bbox 1095 1506 1216 1558; x_wconf 79' lang='grc' dir='ltr'><strong>ἀντὶ</strong></span> <span class='ocrx_word' id='word_1_114' title='bbox 1253 1508 1477 1563; x_wconf 77' lang='grc' dir='ltr'><strong>κακοῦ.»</strong></span> <span class='ocrx_word' id='word_1_115' title='bbox 1516 1512 1575 1563; x_wconf 85' lang='lat' dir='ltr'><strong>Ei</strong></span> <span class='ocrx_word' id='word_1_116' title='bbox 1609 1513 1716 1581; x_wconf 68' lang='grc' dir='ltr'><strong>γὰρ</strong></span> 
     </span>
    </p>
   </div>
   <div class='ocr_carea' id='block_1_16' title="bbox 130 1585 1712 1673">
    <p class='ocr_par' dir='ltr' id='par_1_16' title="bbox 130 1585 1712 1673">
     <span class='ocr_line' id='line_1_16' title="bbox 130 1585 1712 1673; baseline 0.013 -38"><span class='ocrx_word' id='word_1_117' title='bbox 130 1585 331 1652; x_wconf 66' lang='grc' dir='ltr'><strong>ψεκτὸς</strong></span> <span class='ocrx_word' id='word_1_118' title='bbox 388 1591 479 1639; x_wconf 76' lang='grc' dir='ltr'><strong>καὶ</strong></span> <span class='ocrx_word' id='word_1_119' title='bbox 535 1589 717 1652; x_wconf 75' lang='grc' dir='ltr'><strong>ἄθλιος</strong></span> <span class='ocrx_word' id='word_1_120' title='bbox 755 1593 782 1645; x_wconf 99' lang='lat'><strong>6</strong></span> <span class='ocrx_word' id='word_1_121' title='bbox 833 1594 1005 1646; x_wconf 84' lang='grc' dir='ltr'><strong>ποιῶν</strong></span> <span class='ocrx_word' id='word_1_122' title='bbox 1052 1595 1114 1648; x_wconf 74' lang='grc' dir='ltr'><strong>τὸ</strong></span> <span class='ocrx_word' id='word_1_123' title='bbox 1167 1599 1356 1661; x_wconf 84' lang='grc' dir='ltr'><strong>κακὸν,</strong></span> <span class='ocrx_word' id='word_1_124' title='bbox 1402 1601 1488 1653; x_wconf 77' lang='grc' dir='ltr'><strong>ἵνα</strong></span> <span class='ocrx_word' id='word_1_125' title='bbox 1547 1603 1712 1673; x_wconf 78' lang='grc' dir='ltr'><strong>τίμὴ</strong></span> 
     </span>
    </p>
   </div>
   <div class='ocr_carea' id='block_1_17' title="bbox 132 1674 1714 1759">
    <p class='ocr_par' dir='ltr' id='par_1_17' title="bbox 132 1674 1714 1759">
     <span class='ocr_line' id='line_1_17' title="bbox 132 1674 1714 1759; baseline 0.015 -35"><span class='ocrx_word' id='word_1_126' title='bbox 132 1674 355 1741; x_wconf 71' lang='grc' dir='ltr'><strong>φεύγεις</strong></span> <span class='ocrx_word' id='word_1_127' title='bbox 379 1677 477 1747; x_wconf 82' lang='grc' dir='ltr'><strong>τὴν</strong></span> <span class='ocrx_word' id='word_1_128' title='bbox 506 1678 739 1747; x_wconf 75' lang='grc' dir='ltr'><strong>μίμησιν</strong></span> <span class='ocrx_word' id='word_1_129' title='bbox 768 1682 878 1733; x_wconf 87' lang='grc' dir='ltr'><strong>τῶν</strong></span> <span class='ocrx_word' id='word_1_130' title='bbox 902 1684 1105 1744; x_wconf 84' lang='grc' dir='ltr'><strong>κακῶν.</strong></span> <span class='ocrx_word' id='word_1_131' title='bbox 1136 1686 1270 1739; x_wconf 66' lang='grc' dir='ltr'>ἀλλὰ</span> <span class='ocrx_word' id='word_1_132' title='bbox 1299 1688 1374 1758; x_wconf 79' lang='grc' dir='ltr'><strong>τῷ</strong></span> <span class='ocrx_word' id='word_1_133' title='bbox 1401 1691 1714 1759; x_wconf 82' lang='grc' dir='ltr'><strong>ἀμύνασθαι</strong></span> 
     </span>
    </p>
   </div>
   <div class='ocr_carea' id='block_1_18' title="bbox 128 1765 1710 1849">
    <p class='ocr_par' dir='ltr' id='par_1_18' title="bbox 128 1765 1710 1849">
     <span class='ocr_line' id='line_1_18' title="bbox 128 1765 1710 1849; baseline 0.014 -33"><span class='ocrx_word' id='word_1_134' title='bbox 128 1765 313 1835; x_wconf 76' lang='grc' dir='ltr'><strong>ἔνοχον</strong></span> <span class='ocrx_word' id='word_1_135' title='bbox 356 1769 550 1821; x_wconf 77' lang='grc' dir='ltr'><strong>σαυτὸν</strong></span> <span class='ocrx_word' id='word_1_136' title='bbox 580 1771 844 1842; x_wconf 82' lang='grc' dir='ltr'><strong>καθιστᾷς</strong></span> <span class='ocrx_word' id='word_1_137' title='bbox 884 1776 977 1827; x_wconf 78' lang='grc' dir='ltr'><strong>καὶ</strong></span> <span class='ocrx_word' id='word_1_138' title='bbox 1011 1780 1265 1832; x_wconf 78' lang='grc' dir='ltr'><strong>κοινωνὸν</strong></span> <span class='ocrx_word' id='word_1_139' title='bbox 1294 1782 1392 1849; x_wconf 77' lang='grc' dir='ltr'><strong>τῆς</strong></span> <span class='ocrx_word' id='word_1_140' title='bbox 1423 1783 1710 1848; x_wconf 76' lang='grc' dir='ltr'><strong>ἀσεϐείαςς</strong></span> 
     </span>
    </p>
   </div>
   <div class='ocr_carea' id='block_1_19' title="bbox 136 1858 1714 1942">
    <p class='ocr_par' dir='ltr' id='par_1_19' title="bbox 136 1858 1714 1942">
     <span class='ocr_line' id='line_1_19' title="bbox 136 1858 1714 1942; baseline 0.012 -36"><span class='ocrx_word' id='word_1_141' title='bbox 136 1874 154 1905; x_wconf 74' lang='grc' dir='ltr'><strong>ι</strong></span> <span class='ocrx_word' id='word_1_142' title='bbox 184 1858 587 1929; x_wconf 72' lang='grc' dir='ltr'><strong>Προνοούμενοι</strong></span> <span class='ocrx_word' id='word_1_143' title='bbox 638 1863 798 1916; x_wconf 78' lang='grc' dir='ltr'><strong>καλά.</strong></span> <span class='ocrx_word' id='word_1_144' title='bbox 825 1883 843 1915; x_wconf 75' lang='grc' dir='ltr'><strong>ι</strong></span> <span class='ocrx_word' id='word_1_145' title='bbox 886 1867 1056 1920; x_wconf 74' lang='grc' dir='ltr'><strong>Τοῦτό</strong></span> <span class='ocrx_word' id='word_1_146' title='bbox 1091 1887 1276 1939; x_wconf 84' lang='grc' dir='ltr'><strong>φησιν,</strong></span> <span class='ocrx_word' id='word_1_147' title='bbox 1319 1873 1399 1925; x_wconf 79' lang='grc' dir='ltr'><strong>ὅτι</strong></span> <span class='ocrx_word' id='word_1_148' title='bbox 1451 1876 1714 1942; x_wconf 80' lang='grc' dir='ltr'><strong>Πρόνοιαν</strong></span> 
     </span>
    </p>
   </div>
   <div class='ocr_carea' id='block_1_20' title="bbox 132 1950 1713 2033">
    <p class='ocr_par' dir='ltr' id='par_1_20' title="bbox 132 1950 1713 2033">
     <span class='ocr_line' id='line_1_20' title="bbox 132 1950 1713 2033; baseline 0.013 -34"><span class='ocrx_word' id='word_1_149' title='bbox 132 1950 376 2003; x_wconf 73' lang='grc' dir='ltr'><strong>ποιεῖσθε</strong></span> <span class='ocrx_word' id='word_1_150' title='bbox 410 1951 505 2004; x_wconf 81' lang='grc' dir='ltr'><strong>τοῦ</strong></span> <span class='ocrx_word' id='word_1_151' title='bbox 532 1953 687 2006; x_wconf 73' lang='grc' dir='ltr'><strong>καλοὶ</strong></span> <span class='ocrx_word' id='word_1_152' title='bbox 736 1956 1045 2022; x_wconf 84' lang='grc' dir='ltr'><strong>φαίνεσθαι,</strong></span> <span class='ocrx_word' id='word_1_153' title='bbox 1082 1962 1139 2012; x_wconf 84' lang='grc' dir='ltr'><strong>ὲν</strong></span> <span class='ocrx_word' id='word_1_154' title='bbox 1174 1962 1252 2033; x_wconf 83' lang='grc' dir='ltr'><strong>τῷ</strong></span> <span class='ocrx_word' id='word_1_155' title='bbox 1291 1963 1478 2033; x_wconf 79' lang='grc' dir='ltr'><strong>μηδενὶ</strong></span> <span class='ocrx_word' id='word_1_156' title='bbox 1512 1966 1713 2020; x_wconf 79' lang='grc' dir='ltr'><strong>διδόναι</strong></span> 
     </span>
    </p>
   </div>
   <div class='ocr_carea' id='block_1_21' title="bbox 128 2042 1716 2127">
    <p class='ocr_par' dir='ltr' id='par_1_21' title="bbox 128 2042 1716 2127">
     <span class='ocr_line' id='line_1_21' title="bbox 128 2042 1716 2127; baseline 0.013 -34"><span class='ocrx_word' id='word_1_157' title='bbox 128 2042 299 2110; x_wconf 57' lang='grc' dir='ltr'><strong>ψόγου</strong></span> <span class='ocrx_word' id='word_1_158' title='bbox 350 2045 645 2114; x_wconf 80' lang='grc' dir='ltr'><strong>πρόφασιν.</strong></span> <span class='ocrx_word' id='word_1_159' title='bbox 678 2078 747 2088; x_wconf 93' lang='lat'><strong>——</strong></span> <span class='ocrx_word' id='word_1_160' title='bbox 773 2050 843 2103; x_wconf 88' lang='grc' dir='ltr'><strong>Ἦ</strong></span> <span class='ocrx_word' id='word_1_161' title='bbox 880 2052 1069 2124; x_wconf 77' lang='grc' dir='ltr'><strong>ἐπειδὴ</strong></span> <span class='ocrx_word' id='word_1_162' title='bbox 1115 2055 1228 2109; x_wconf 75' lang='grc' dir='ltr'><strong>ἄνω</strong></span> <span class='ocrx_word' id='word_1_163' title='bbox 1278 2051 1422 2120; x_wconf 78' lang='grc' dir='ltr'><strong>εἷπε,</strong></span> <span class='ocrx_word' id='word_1_164' title='bbox 1463 2076 1481 2109; x_wconf 79' lang='grc' dir='ltr'><strong>ι</strong></span> <span class='ocrx_word' id='word_1_165' title='bbox 1511 2059 1716 2127; x_wconf 67' lang='grc' dir='ltr'><strong>Μηδενὶ</strong></span> 
     </span>
    </p>
   </div>
   <div class='ocr_carea' id='block_1_22' title="bbox 129 2135 1709 2215">
    <p class='ocr_par' dir='ltr' id='par_1_22' title="bbox 129 2135 1709 2215">
     <span class='ocr_line' id='line_1_22' title="bbox 129 2135 1709 2215; baseline 0.011 -30"><span class='ocrx_word' id='word_1_166' title='bbox 129 2135 301 2188; x_wconf 70' lang='grc' dir='ltr'><strong>κακὸν</strong></span> <span class='ocrx_word' id='word_1_167' title='bbox 342 2136 465 2191; x_wconf 76' lang='grc' dir='ltr'><strong>ἀντὶ</strong></span> <span class='ocrx_word' id='word_1_168' title='bbox 501 2140 671 2193; x_wconf 73' lang='grc' dir='ltr'><strong>κακοῦ</strong></span> <span class='ocrx_word' id='word_1_169' title='bbox 706 2142 1101 2209; x_wconf 74' lang='grc' dir='ltr'><strong>ἀποδιδόντες,ι</strong></span> <span class='ocrx_word' id='word_1_170' title='bbox 1149 2147 1472 2215; x_wconf 85' lang='grc' dir='ltr'><strong>προσέθεικε</strong></span> <span class='ocrx_word' id='word_1_171' title='bbox 1505 2152 1596 2203; x_wconf 80' lang='grc' dir='ltr'><strong>καὶ</strong></span> <span class='ocrx_word' id='word_1_172' title='bbox 1629 2151 1709 2213; x_wconf 82' lang='grc' dir='ltr'><strong>τὸ,</strong></span> 
     </span>
    </p>
   </div>
   <div class='ocr_carea' id='block_1_23' title="bbox 135 2229 1711 2314">
    <p class='ocr_par' dir='ltr' id='par_1_23' title="bbox 135 2229 1711 2314">
     <span class='ocr_line' id='line_1_23' title="bbox 135 2229 1711 2314; baseline 0.012 -37"><span class='ocrx_word' id='word_1_173' title='bbox 135 2248 150 2277; x_wconf 77' lang='grc' dir='ltr'><strong>ι</strong></span> <span class='ocrx_word' id='word_1_174' title='bbox 178 2229 577 2299; x_wconf 83' lang='grc' dir='ltr'><strong>Προνοούμενοι</strong></span> <span class='ocrx_word' id='word_1_175' title='bbox 616 2233 811 2288; x_wconf 75' lang='grc' dir='ltr'><strong>καλά.»</strong></span> <span class='ocrx_word' id='word_1_176' title='bbox 873 2235 961 2300; x_wconf 81' lang='grc' dir='ltr'><strong>Ὠς</strong></span> <span class='ocrx_word' id='word_1_177' title='bbox 1007 2240 1056 2290; x_wconf 86' lang='grc' dir='ltr'><strong>εἰ</strong></span> <span class='ocrx_word' id='word_1_178' title='bbox 1107 2239 1313 2306; x_wconf 76' lang='grc' dir='ltr'><strong>ἔλεγεν,</strong></span> <span class='ocrx_word' id='word_1_179' title='bbox 1372 2242 1487 2295; x_wconf 77' lang='grc' dir='ltr'><strong>Οὐκ</strong></span> <span class='ocrx_word' id='word_1_180' title='bbox 1529 2245 1711 2314; x_wconf 83' lang='grc' dir='ltr'><strong>ἀρκεῖ,</strong></span> 
     </span>
    </p>
   </div>
   <div class='ocr_carea' id='block_1_24' title="bbox 132 2321 1708 2403">
    <p class='ocr_par' dir='ltr' id='par_1_24' title="bbox 132 2321 1708 2403">
     <span class='ocr_line' id='line_1_24' title="bbox 132 2321 1708 2403; baseline 0.01 -32"><span class='ocrx_word' id='word_1_181' title='bbox 132 2321 295 2389; x_wconf 79' lang='grc' dir='ltr'><strong>μόνον</strong></span> <span class='ocrx_word' id='word_1_182' title='bbox 340 2323 403 2374; x_wconf 74' lang='grc' dir='ltr'><strong>τὸ</strong></span> <span class='ocrx_word' id='word_1_183' title='bbox 457 2323 532 2393; x_wconf 79' lang='grc' dir='ltr'><strong>μὴ</strong></span> <span class='ocrx_word' id='word_1_184' title='bbox 573 2325 880 2380; x_wconf 76' lang='grc' dir='ltr'><strong>ἀποδιδόναι</strong></span> <span class='ocrx_word' id='word_1_185' title='bbox 922 2329 1088 2393; x_wconf 84' lang='grc' dir='ltr'><strong>κακὰ,</strong></span> <span class='ocrx_word' id='word_1_186' title='bbox 1138 2330 1275 2385; x_wconf 73' lang='grc' dir='ltr'><strong>ἀλλὰ</strong></span> <span class='ocrx_word' id='word_1_187' title='bbox 1328 2333 1410 2385; x_wconf 85' lang='grc' dir='ltr'><strong>δεῖ</strong></span> <span class='ocrx_word' id='word_1_188' title='bbox 1450 2336 1545 2386; x_wconf 69' lang='grc' dir='ltr'><strong>καὶ</strong></span> <span class='ocrx_word' id='word_1_189' title='bbox 1581 2353 1708 2403; x_wconf 86' lang='grc' dir='ltr'><strong>προ-</strong></span> 
     </span>
    </p>
   </div>
   <div class='ocr_carea' id='block_1_25' title="bbox 132 2415 1711 2495">
    <p class='ocr_par' dir='ltr' id='par_1_25' title="bbox 132 2415 1711 2495">
     <span class='ocr_line' id='line_1_25' title="bbox 132 2415 1711 2495; baseline 0.009 -30"><span class='ocrx_word' id='word_1_190' title='bbox 132 2418 267 2467; x_wconf 82' lang='grc' dir='ltr'><strong>νοεῖν</strong></span> <span class='ocrx_word' id='word_1_191' title='bbox 318 2415 414 2468; x_wconf 79' lang='grc' dir='ltr'><strong>τοῦ</strong></span> <span class='ocrx_word' id='word_1_192' title='bbox 466 2417 791 2485; x_wconf 76' lang='grc' dir='ltr'><strong>ποιήσαντος</strong></span> <span class='ocrx_word' id='word_1_193' title='bbox 825 2422 972 2490; x_wconf 78' lang='grc' dir='ltr'><strong>ἡμᾶς</strong></span> <span class='ocrx_word' id='word_1_194' title='bbox 1017 2422 1224 2484; x_wconf 86' lang='grc' dir='ltr'><strong>κακῶς.</strong></span> <span class='ocrx_word' id='word_1_195' title='bbox 1252 2440 1269 2472; x_wconf 76' lang='grc' dir='ltr'><strong>ι</strong></span> <span class='ocrx_word' id='word_1_196' title='bbox 1312 2424 1422 2475; x_wconf 73' lang='grc' dir='ltr'><strong>Καὶ</strong></span> <span class='ocrx_word' id='word_1_197' title='bbox 1473 2427 1579 2495; x_wconf 85' lang='grc' dir='ltr'><strong>γὰρ</strong></span> <span class='ocrx_word' id='word_1_198' title='bbox 1620 2427 1711 2479; x_wconf 78' lang='grc' dir='ltr'><strong>καὶ</strong></span> 
     </span>
    </p>
   </div>
   <div class='ocr_carea' id='block_1_26' title="bbox 129 2507 1709 2582">
    <p class='ocr_par' dir='ltr' id='par_1_26' title="bbox 129 2507 1709 2582">
     <span class='ocr_line' id='line_1_26' title="bbox 129 2507 1709 2582; baseline 0.006 -22"><span class='ocrx_word' id='word_1_199' title='bbox 129 2507 261 2568; x_wconf 75' lang='grc' dir='ltr'><strong>ἄνω,</strong></span> <span class='ocrx_word' id='word_1_200' title='bbox 294 2508 397 2560; x_wconf 78' lang='grc' dir='ltr'><strong>οὐκ</strong></span> <span class='ocrx_word' id='word_1_201' title='bbox 450 2510 693 2580; x_wconf 73' lang='grc' dir='ltr'><strong>ἠρκέσθη</strong></span> <span class='ocrx_word' id='word_1_202' title='bbox 728 2510 806 2582; x_wconf 81' lang='grc' dir='ltr'><strong>τῷ</strong></span> <span class='ocrx_word' id='word_1_203' title='bbox 851 2514 924 2578; x_wconf 82' lang='grc' dir='ltr'><strong>μὴ</strong></span> <span class='ocrx_word' id='word_1_204' title='bbox 960 2514 1301 2582; x_wconf 77' lang='grc' dir='ltr'><strong>καταρᾶσθαι</strong></span> <span class='ocrx_word' id='word_1_205' title='bbox 1331 2516 1456 2579; x_wconf 77' lang='grc' dir='ltr'><strong>τοὺς</strong></span> <span class='ocrx_word' id='word_1_206' title='bbox 1484 2516 1709 2570; x_wconf 82' lang='grc' dir='ltr'><strong>διώκον-</strong></span> 
     </span>
    </p>
   </div>
   <div class='ocr_carea' id='block_1_27' title="bbox 128 2599 1712 2673">
    <p class='ocr_par' dir='ltr' id='par_1_27' title="bbox 128 2599 1712 2673">
     <span class='ocr_line' id='line_1_27' title="bbox 128 2599 1712 2673; baseline 0.007 -23"><span class='ocrx_word' id='word_1_207' title='bbox 128 2616 244 2660; x_wconf 87' lang='grc' dir='ltr'><strong>τας,</strong></span> <span class='ocrx_word' id='word_1_208' title='bbox 286 2599 425 2653; x_wconf 74' lang='grc' dir='ltr'><strong>ἀλλὰ</strong></span> <span class='ocrx_word' id='word_1_209' title='bbox 463 2602 557 2654; x_wconf 77' lang='grc' dir='ltr'><strong>καὶ</strong></span> <span class='ocrx_word' id='word_1_210' title='bbox 583 2601 823 2669; x_wconf 74' lang='grc' dir='ltr'><strong>εὐλογεῖν</strong></span> <span class='ocrx_word' id='word_1_211' title='bbox 863 2603 1216 2673; x_wconf 78' lang='grc' dir='ltr'><strong>προσέταξεν.</strong></span> <span class='ocrx_word' id='word_1_212' title='bbox 1256 2624 1274 2657; x_wconf 77' lang='grc' dir='ltr'>ι</span> <span class='ocrx_word' id='word_1_213' title='bbox 1309 2606 1369 2658; x_wconf 85' lang='lat' dir='ltr'><strong>El</strong></span> <span class='ocrx_word' id='word_1_214' title='bbox 1400 2606 1625 2661; x_wconf 69' lang='grc' dir='ltr'><strong>δυνατὸν</strong></span> <span class='ocrx_word' id='word_1_215' title='bbox 1653 2609 1712 2660; x_wconf 86' lang='grc' dir='ltr'><strong>τὸ</strong></span> 
     </span>
    </p>
   </div>
   <div class='ocr_carea' id='block_1_28' title="bbox 130 2691 1711 2768">
    <p class='ocr_par' dir='ltr' id='par_1_28' title="bbox 130 2691 1711 2768">
     <span class='ocr_line' id='line_1_28' title="bbox 130 2691 1711 2768; baseline 0.008 -27"><span class='ocrx_word' id='word_1_216' title='bbox 130 2691 185 2755; x_wconf 75' lang='grc' dir='ltr'>ἐξ</span> <span class='ocrx_word' id='word_1_217' title='bbox 218 2692 434 2759; x_wconf 74' lang='grc' dir='ltr'><strong>ὑμῶν.»</strong></span> <span class='ocrx_word' id='word_1_218' title='bbox 476 2693 632 2745; x_wconf 87' lang='grc' dir='ltr'><strong>Ἐστι</strong></span> <span class='ocrx_word' id='word_1_219' title='bbox 654 2694 761 2764; x_wconf 85' lang='grc' dir='ltr'><strong>γὰρ</strong></span> <span class='ocrx_word' id='word_1_220' title='bbox 789 2695 878 2747; x_wconf 83' lang='grc' dir='ltr'><strong>ὅτε</strong></span> <span class='ocrx_word' id='word_1_221' title='bbox 911 2696 972 2747; x_wconf 80' lang='grc' dir='ltr'><strong>οὐ</strong></span> <span class='ocrx_word' id='word_1_222' title='bbox 1010 2695 1236 2749; x_wconf 81' lang='grc' dir='ltr'><strong>δυνατὸν</strong></span> <span class='ocrx_word' id='word_1_223' title='bbox 1274 2697 1402 2750; x_wconf 71' lang='grc' dir='ltr'><strong>1ἔνθα</strong></span> <span class='ocrx_word' id='word_1_224' title='bbox 1461 2700 1591 2768; x_wconf 76' lang='grc' dir='ltr'><strong>περὶ</strong></span> <span class='ocrx_word' id='word_1_225' title='bbox 1621 2700 1711 2753; x_wconf 85' lang='grc' dir='ltr'><strong>εύ-</strong></span> 
     </span>
    </p>
   </div>
   <div class='ocr_carea' id='block_1_29' title="bbox 132 2779 1709 2850">
    <p class='ocr_par' dir='ltr' id='par_1_29' title="bbox 132 2779 1709 2850">
     <span class='ocr_line' id='line_1_29' title="bbox 132 2779 1709 2850; baseline 0.005 -17"><span class='ocrx_word' id='word_1_226' title='bbox 132 2784 347 2842; x_wconf 78' lang='grc' dir='ltr'><strong>σεδείας</strong></span> <span class='ocrx_word' id='word_1_227' title='bbox 389 2785 420 2835; x_wconf 90' lang='lat'><strong>6</strong></span> <span class='ocrx_word' id='word_1_228' title='bbox 448 2783 623 2850; x_wconf 80' lang='grc' dir='ltr'><strong>λόγος.</strong></span> <span class='ocrx_word' id='word_1_229' title='bbox 668 2785 925 2837; x_wconf 81' lang='grc' dir='ltr'><strong>Διατοῦτο</strong></span> <span class='ocrx_word' id='word_1_230' title='bbox 971 2781 1146 2850; x_wconf 77' lang='grc' dir='ltr'><strong>εἷπεν,</strong></span> <span class='ocrx_word' id='word_1_231' title='bbox 1188 2788 1278 2839; x_wconf 74' lang='grc' dir='ltr'><strong>«ΕΞ</strong></span> <span class='ocrx_word' id='word_1_232' title='bbox 1308 2779 1551 2842; x_wconf 77' lang='grc' dir='ltr'><strong>δυνατόν,</strong></span> <span class='ocrx_word' id='word_1_233' title='bbox 1579 2809 1596 2841; x_wconf 79' lang='grc' dir='ltr'><strong>ι</strong></span> <span class='ocrx_word' id='word_1_234' title='bbox 1637 2790 1709 2843; x_wconf 75' lang='grc' dir='ltr'><strong>Τὸ</strong></span> 
     </span>
    </p>
   </div>
   <div class='ocr_carea' id='block_1_30' title="bbox 126 2872 1709 2950">
    <p class='ocr_par' dir='ltr' id='par_1_30' title="bbox 126 2872 1709 2950">
     <span class='ocr_line' id='line_1_30' title="bbox 126 2872 1709 2950; baseline 0.006 -27"><span class='ocrx_word' id='word_1_235' title='bbox 126 2872 199 2934; x_wconf 79' lang='grc' dir='ltr'><strong>δὲ,</strong></span> <span class='ocrx_word' id='word_1_236' title='bbox 241 2890 259 2921; x_wconf 73' lang='grc' dir='ltr'><strong>ι</strong></span> <span class='ocrx_word' id='word_1_237' title='bbox 286 2872 377 2935; x_wconf 82' lang='grc' dir='ltr'><strong>Ἐξ</strong></span> <span class='ocrx_word' id='word_1_238' title='bbox 403 2872 611 2942; x_wconf 52' lang='lat' dir='ltr'><strong>suam</strong></span> <span class='ocrx_word' id='word_1_239' title='bbox 636 2874 904 2936; x_wconf 83' lang='grc' dir='ltr'><strong>τουτέστι,</strong></span> <span class='ocrx_word' id='word_1_240' title='bbox 939 2874 1010 2927; x_wconf 83' lang='grc' dir='ltr'><strong>Σὺ</strong></span> <span class='ocrx_word' id='word_1_241' title='bbox 1028 2875 1088 2927; x_wconf 84' lang='grc' dir='ltr'><strong>τὸ</strong></span> <span class='ocrx_word' id='word_1_242' title='bbox 1120 2876 1211 2928; x_wconf 81' lang='grc' dir='ltr'><strong>σὸν</strong></span> <span class='ocrx_word' id='word_1_243' title='bbox 1239 2878 1483 2947; x_wconf 73' lang='grc' dir='ltr'><strong>ποίησον,</strong></span> <span class='ocrx_word' id='word_1_244' title='bbox 1516 2882 1610 2932; x_wconf 76' lang='grc' dir='ltr'><strong>καὶ</strong></span> <span class='ocrx_word' id='word_1_245' title='bbox 1634 2881 1709 2950; x_wconf 81' lang='grc' dir='ltr'><strong>μὴ</strong></span> 
     </span>
    </p>
   </div>
   <div class='ocr_carea' id='block_1_31' title="bbox 129 2963 1711 3041">
    <p class='ocr_par' dir='ltr' id='par_1_31' title="bbox 129 2963 1711 3041">
     <span class='ocr_line' id='line_1_31' title="bbox 129 2963 1711 3041; baseline 0.006 -26"><span class='ocrx_word' id='word_1_246' title='bbox 129 2966 423 3034; x_wconf 69' lang='grc' dir='ltr'><strong>παράσχῃς</strong></span> <span class='ocrx_word' id='word_1_247' title='bbox 478 2963 675 3034; x_wconf 75' lang='grc' dir='ltr'><strong>ἔχθρας</strong></span> <span class='ocrx_word' id='word_1_248' title='bbox 732 2965 988 3037; x_wconf 78' lang='grc' dir='ltr'><strong>ἀφορμὴν</strong></span> <span class='ocrx_word' id='word_1_249' title='bbox 1047 2967 1121 3038; x_wconf 83' lang='grc' dir='ltr'><strong>μὴ</strong></span> <span class='ocrx_word' id='word_1_250' title='bbox 1174 2968 1418 3037; x_wconf 83' lang='grc' dir='ltr'><strong>Ἕλληνι,</strong></span> <span class='ocrx_word' id='word_1_251' title='bbox 1468 2971 1541 3041; x_wconf 82' lang='grc' dir='ltr'><strong>μὴ</strong></span> <span class='ocrx_word' id='word_1_252' title='bbox 1579 2972 1711 3025; x_wconf 86' lang='grc' dir='ltr'><strong>’1ου-</strong></span> 
     </span>
    </p>
   </div>
   <div class='ocr_carea' id='block_1_32' title="bbox 126 3056 1708 3127">
    <p class='ocr_par' dir='ltr' id='par_1_32' title="bbox 126 3056 1708 3127">
     <span class='ocr_line' id='line_1_32' title="bbox 126 3056 1708 3127; baseline 0.005 -20"><span class='ocrx_word' id='word_1_253' title='bbox 126 3056 281 3125; x_wconf 84' lang='grc' dir='ltr'><strong>διιῐῳ.</strong></span> <span class='ocrx_word' id='word_1_254' title='bbox 314 3056 486 3109; x_wconf 85' lang='grc' dir='ltr'><strong>Τοῦτο</strong></span> <span class='ocrx_word' id='word_1_255' title='bbox 516 3056 623 3127; x_wconf 79' lang='grc' dir='ltr'><strong>γὰρ</strong></span> <span class='ocrx_word' id='word_1_256' title='bbox 655 3057 715 3109; x_wconf 72' lang='grc' dir='ltr'><strong>τὸ</strong></span> <span class='ocrx_word' id='word_1_257' title='bbox 746 3058 886 3125; x_wconf 83' lang='grc' dir='ltr'><strong>μετὰ</strong></span> <span class='ocrx_word' id='word_1_258' title='bbox 921 3059 1157 3121; x_wconf 84' lang='grc' dir='ltr'><strong>πάντων,</strong></span> <span class='ocrx_word' id='word_1_259' title='bbox 1200 3062 1467 3125; x_wconf 83' lang='grc' dir='ltr'><strong>τουτέστι,</strong></span> <span class='ocrx_word' id='word_1_260' title='bbox 1498 3064 1708 3115; x_wconf 83' lang='grc' dir='ltr'><strong>πιστῶν</strong></span> 
     </span>
    </p>
   </div>
   <div class='ocr_carea' id='block_1_33' title="bbox 1820 588 3401 673">
    <p class='ocr_par' dir='ltr' id='par_1_33' title="bbox 1820 588 3401 673">
     <span class='ocr_line' id='line_1_33' title="bbox 1820 588 3401 673; baseline 0.013 -31"><span class='ocrx_word' id='word_1_261' title='bbox 1820 588 2047 644; x_wconf 80' lang='lat' dir='ltr'><strong>fratrem</strong></span> <span class='ocrx_word' id='word_1_262' title='bbox 2085 600 2275 657; x_wconf 89' lang='lat' dir='ltr'><strong>tuum,</strong></span> <span class='ocrx_word' id='word_1_263' title='bbox 2323 595 2537 651; x_wconf 87' lang='lat' dir='ltr'><strong>etiamsi</strong></span> <span class='ocrx_word' id='word_1_264' title='bbox 2584 614 2794 667; x_wconf 84' lang='lat' dir='ltr'><strong>pauper</strong></span> <span class='ocrx_word' id='word_1_265' title='bbox 2840 602 2932 667; x_wconf 86' lang='lat' dir='ltr'><strong>sit,</strong></span> <span class='ocrx_word' id='word_1_266' title='bbox 2968 605 3232 673; x_wconf 88' lang='lat' dir='ltr'><strong>quoniam</strong></span> <span class='ocrx_word' id='word_1_267' title='bbox 3292 623 3401 662; x_wconf 90' lang='lat' dir='ltr'><strong>non</strong></span> 
     </span>
    </p>
   </div>
   <div class='ocr_carea' id='block_1_34' title="bbox 1819 683 3395 766">
    <p class='ocr_par' dir='ltr' id='par_1_34' title="bbox 1819 683 3395 766">
     <span class='ocr_line' id='line_1_34' title="bbox 1819 683 3395 766; baseline 0.011 -31"><span class='ocrx_word' id='word_1_268' title='bbox 1819 683 2236 737; x_wconf 80' lang='lat' dir='ltr'><strong>estdivitiarum</strong></span> <span class='ocrx_word' id='word_1_269' title='bbox 2255 701 2319 739; x_wconf 91' lang='lat' dir='ltr'><strong>ac</strong></span> <span class='ocrx_word' id='word_1_270' title='bbox 2340 692 2679 757; x_wconf 79' lang='lat' dir='ltr'><strong>paupertatis</strong></span> <span class='ocrx_word' id='word_1_271' title='bbox 2707 692 3001 748; x_wconf 84' lang='lat' dir='ltr'><strong>discrimen</strong></span> <span class='ocrx_word' id='word_1_272' title='bbox 3031 699 3174 766; x_wconf 87' lang='lat' dir='ltr'><strong>apud</strong></span> <span class='ocrx_word' id='word_1_273' title='bbox 3205 699 3395 752; x_wconf 68' lang='lat' dir='ltr'><strong>Deum.</strong></span> 
     </span>
    </p>
   </div>
   <div class='ocr_carea' id='block_1_35' title="bbox 1818 773 3402 851">
    <p class='ocr_par' dir='ltr' id='par_1_35' title="bbox 1818 773 3402 851">
     <span class='ocr_line' id='line_1_35' title="bbox 1818 773 3402 851; baseline 0.013 -27"><span class='ocrx_word' id='word_1_274' title='bbox 1818 773 1937 839; x_wconf 86' lang='lat' dir='ltr'><strong>Quo</strong></span> <span class='ocrx_word' id='word_1_275' title='bbox 1977 786 2160 829; x_wconf 87' lang='lat' dir='ltr'><strong>autem</strong></span> <span class='ocrx_word' id='word_1_276' title='bbox 2205 778 2369 831; x_wconf 92' lang='lat' dir='ltr'><strong>modo</strong></span> <span class='ocrx_word' id='word_1_277' title='bbox 2406 779 2523 834; x_wconf 82' lang='lat' dir='ltr'><strong>ﬁeri</strong></span> <span class='ocrx_word' id='word_1_278' title='bbox 2555 782 2658 835; x_wconf 85' lang='lat' dir='ltr'><strong>hoc</strong></span> <span class='ocrx_word' id='word_1_279' title='bbox 2690 793 2869 851; x_wconf 90' lang='lat' dir='ltr'><strong>potest</strong></span> <span class='ocrx_word' id='word_1_280' title='bbox 2899 785 2921 837; x_wconf 90' lang='lat'><strong>?</strong></span> <span class='ocrx_word' id='word_1_281' title='bbox 2954 786 3007 838; x_wconf 90' lang='lat' dir='ltr'><strong>Si</strong></span> <span class='ocrx_word' id='word_1_282' title='bbox 3051 805 3157 841; x_wconf 88' lang='lat' dir='ltr'><strong>non</strong></span> <span class='ocrx_word' id='word_1_283' title='bbox 3196 790 3402 844; x_wconf 78' lang='lat' dir='ltr'><strong>sentias</strong></span> 
     </span>
    </p>
   </div>
   <div class='ocr_carea' id='block_1_36' title="bbox 1818 866 3485 948">
    <p class='ocr_par' dir='ltr' id='par_1_36' title="bbox 1818 866 3485 948">
     <span class='ocr_line' id='line_1_36' title="bbox 1818 866 3485 948; baseline 0.012 -30"><span class='ocrx_word' id='word_1_284' title='bbox 1818 866 1884 919; x_wconf 88' lang='lat' dir='ltr'><strong>de</strong></span> <span class='ocrx_word' id='word_1_285' title='bbox 1906 875 1956 919; x_wconf 91' lang='lat' dir='ltr'><strong>te</strong></span> <span class='ocrx_word' id='word_1_286' title='bbox 1978 867 2097 934; x_wconf 91' lang='lat' dir='ltr'><strong>ipso</strong></span> <span class='ocrx_word' id='word_1_287' title='bbox 2124 868 2402 931; x_wconf 89' lang='lat' dir='ltr'><strong>sublimia,</strong></span> <span class='ocrx_word' id='word_1_288' title='bbox 2433 874 2528 925; x_wconf 90' lang='lat' dir='ltr'><strong>sed</strong></span> <span class='ocrx_word' id='word_1_289' title='bbox 2556 876 2862 930; x_wconf 65' lang='lat' dir='ltr'><strong>‘conferaris</strong></span> <span class='ocrx_word' id='word_1_290' title='bbox 2887 888 2942 931; x_wconf 93' lang='lat' dir='ltr'><strong>et</strong></span> <span class='ocrx_word' id='word_1_291' title='bbox 2967 882 3401 937; x_wconf 79' lang='lat' dir='ltr'><strong>accmnmoderis</strong></span> <span class='ocrx_word' id='word_1_292' title='bbox 3481 940 3485 948; x_wconf 72' lang='grc'><strong>,</strong></span> 
     </span>
    </p>
   </div>
   <div class='ocr_carea' id='block_1_37' title="bbox 1819 958 3396 1034">
    <p class='ocr_par' dir='ltr' id='par_1_37' title="bbox 1819 958 3396 1034">
     <span class='ocr_line' id='line_1_37' title="bbox 1819 958 3396 1034; baseline 0.011 -25"><span class='ocrx_word' id='word_1_293' title='bbox 1819 958 2141 1024; x_wconf 82' lang='lat' dir='ltr'><strong>humilibus,</strong></span> <span class='ocrx_word' id='word_1_294' title='bbox 2173 969 2229 1013; x_wconf 90' lang='lat' dir='ltr'><strong>et</strong></span> <span class='ocrx_word' id='word_1_295' title='bbox 2258 961 2311 1014; x_wconf 92' lang='lat' dir='ltr'><strong>in</strong></span> <span class='ocrx_word' id='word_1_296' title='bbox 2337 962 2553 1016; x_wconf 90' lang='lat' dir='ltr'><strong>illorum</strong></span> <span class='ocrx_word' id='word_1_297' title='bbox 2582 967 2990 1022; x_wconf 80' lang='lat' dir='ltr'><strong>condescendas</strong></span> <span class='ocrx_word' id='word_1_298' title='bbox 3013 971 3396 1034; x_wconf 85' lang='lat' dir='ltr'><strong>abjcctiouem.</strong></span> 
     </span>
    </p>
   </div>
   <div class='ocr_carea' id='block_1_38' title="bbox 1819 1048 3400 1130">
    <p class='ocr_par' dir='ltr' id='par_1_38' title="bbox 1819 1048 3400 1130">
     <span class='ocr_line' id='line_1_38' title="bbox 1819 1048 3400 1130; baseline 0.011 -31"><span class='ocrx_word' id='word_1_299' title='bbox 1819 1048 1915 1101; x_wconf 86' lang='lat' dir='ltr'><strong>llis</strong></span> <span class='ocrx_word' id='word_1_300' title='bbox 1949 1067 2078 1105; x_wconf 87' lang='lat' dir='ltr'><strong>sane</strong></span> <span class='ocrx_word' id='word_1_301' title='bbox 2109 1053 2359 1107; x_wconf 75' lang='lat' dir='ltr'><strong>timorem</strong></span> <span class='ocrx_word' id='word_1_302' title='bbox 2389 1071 2452 1109; x_wconf 83' lang='lat' dir='ltr'><strong>ac.</strong></span> <span class='ocrx_word' id='word_1_303' title='bbox 2483 1072 2676 1109; x_wconf 82' lang='lat' dir='ltr'><strong>vanam</strong></span> <span class='ocrx_word' id='word_1_304' title='bbox 2707 1062 2934 1126; x_wconf 81' lang='lat' dir='ltr'><strong>gloriam</strong></span> <span class='ocrx_word' id='word_1_305' title='bbox 2977 1063 3195 1114; x_wconf 74' lang='lat' dir='ltr'><strong>illm-um</strong></span> <span class='ocrx_word' id='word_1_306' title='bbox 3232 1064 3400 1130; x_wconf 83' lang='lat' dir='ltr'><strong>repri-</strong></span> 
     </span>
    </p>
   </div>
   <div class='ocr_carea' id='block_1_39' title="bbox 1820 1142 3400 1219">
    <p class='ocr_par' dir='ltr' id='par_1_39' title="bbox 1820 1142 3400 1219">
     <span class='ocr_line' id='line_1_39' title="bbox 1820 1142 3400 1219; baseline 0.008 -26"><span class='ocrx_word' id='word_1_307' title='bbox 1820 1142 1936 1194; x_wconf 87' lang='lat' dir='ltr'><strong>mit.</strong></span> <span class='ocrx_word' id='word_1_308' title='bbox 1972 1143 2281 1199; x_wconf 88' lang='lat' dir='ltr'><strong>Verisimile</strong></span> <span class='ocrx_word' id='word_1_309' title='bbox 2303 1147 2446 1200; x_wconf 87' lang='lat' dir='ltr'><strong>enim</strong></span> <span class='ocrx_word' id='word_1_310' title='bbox 2477 1160 2589 1201; x_wconf 76' lang='lat' dir='ltr'><strong>erat</strong></span> <span class='ocrx_word' id='word_1_311' title='bbox 2628 1148 2748 1202; x_wconf 90' lang='lat' dir='ltr'><strong>illos</strong></span> <span class='ocrx_word' id='word_1_312' title='bbox 2787 1162 3007 1219; x_wconf 85' lang='lat' dir='ltr'><strong>propter</strong></span> <span class='ocrx_word' id='word_1_313' title='bbox 3039 1168 3193 1205; x_wconf 89' lang='lat' dir='ltr'><strong>suam</strong></span> <span class='ocrx_word' id='word_1_314' title='bbox 3220 1154 3400 1207; x_wconf 84' lang='lat' dir='ltr'><strong>civita-</strong></span> 
     </span>
    </p>
   </div>
   <div class='ocr_carea' id='block_1_40' title="bbox 1819 1238 3399 1300">
    <p class='ocr_par' dir='ltr' id='par_1_40' title="bbox 1819 1238 3399 1300">
     <span class='ocr_line' id='line_1_40' title="bbox 1819 1238 3399 1300; baseline 0.008 -16"><span class='ocrx_word' id='word_1_315' title='bbox 1819 1240 1948 1292; x_wconf 89' lang='lat' dir='ltr'><strong>tem,</strong></span> <span class='ocrx_word' id='word_1_316' title='bbox 1986 1241 2174 1300; x_wconf 82' lang='lat' dir='ltr'><strong>captos</strong></span> <span class='ocrx_word' id='word_1_317' title='bbox 2211 1249 2328 1288; x_wconf 85' lang='lat' dir='ltr'><strong>esse</strong></span> <span class='ocrx_word' id='word_1_318' title='bbox 2370 1252 2431 1289; x_wconf 91' lang='lat' dir='ltr'><strong>ac</strong></span> <span class='ocrx_word' id='word_1_319' title='bbox 2460 1238 2698 1291; x_wconf 89' lang='lat' dir='ltr'><strong>detineri</strong></span> <span class='ocrx_word' id='word_1_320' title='bbox 2742 1239 2845 1293; x_wconf 88' lang='lat' dir='ltr'><strong>hoc</strong></span> <span class='ocrx_word' id='word_1_321' title='bbox 2875 1240 3088 1295; x_wconf 76' lang='lat' dir='ltr'><strong>all‘ectu.</strong></span> <span class='ocrx_word' id='word_1_322' title='bbox 3124 1261 3140 1291; x_wconf 78' lang='grc' dir='ltr'>ι</span> <span class='ocrx_word' id='word_1_323' title='bbox 3176 1242 3253 1295; x_wconf 78' lang='lat' dir='ltr'><strong>Ne</strong></span> <span class='ocrx_word' id='word_1_324' title='bbox 3277 1244 3399 1296; x_wconf 71' lang='lat' dir='ltr'><strong>sitis</strong></span> 
     </span>
    </p>
   </div>
   <div class='ocr_carea' id='block_1_41' title="bbox 1818 1322 3399 1396">
    <p class='ocr_par' dir='ltr' id='par_1_41' title="bbox 1818 1322 3399 1396">
     <span class='ocr_line' id='line_1_41' title="bbox 1818 1322 3399 1396; baseline 0.008 -23"><span class='ocrx_word' id='word_1_325' title='bbox 1818 1322 2118 1390; x_wconf 75' lang='lat' dir='ltr'><strong>prudentes</strong></span> <span class='ocrx_word' id='word_1_326' title='bbox 2149 1324 2292 1391; x_wconf 86' lang='lat' dir='ltr'><strong>apud</strong></span> <span class='ocrx_word' id='word_1_327' title='bbox 2328 1328 2709 1396; x_wconf 81' lang='lat' dir='ltr'><strong>vosmetipsos.</strong></span> <span class='ocrx_word' id='word_1_328' title='bbox 2752 1348 2768 1379; x_wconf 78' lang='grc' dir='ltr'><strong>ι</strong></span> <span class='ocrx_word' id='word_1_329' title='bbox 2804 1329 2916 1383; x_wconf 80' lang='lat' dir='ltr'><strong>Hoc.</strong></span> <span class='ocrx_word' id='word_1_330' title='bbox 2965 1342 3046 1383; x_wconf 86' lang='lat' dir='ltr'><strong>cst</strong></span> <span class='ocrx_word' id='word_1_331' title='bbox 3088 1349 3152 1385; x_wconf 89' lang='lat' dir='ltr'><strong>ne</strong></span> <span class='ocrx_word' id='word_1_332' title='bbox 3184 1332 3399 1386; x_wconf 77' lang='lat' dir='ltr'><strong>dueatis</strong></span> 
     </span>
    </p>
   </div>
   <div class='ocr_carea' id='block_1_42' title="bbox 1816 1415 3394 1491">
    <p class='ocr_par' dir='ltr' id='par_1_42' title="bbox 1816 1415 3394 1491">
     <span class='ocr_line' id='line_1_42' title="bbox 1816 1415 3394 1491; baseline 0.006 -26"><span class='ocrx_word' id='word_1_333' title='bbox 1816 1428 1914 1466; x_wconf 89' lang='lat' dir='ltr'><strong>vos</strong></span> <span class='ocrx_word' id='word_1_334' title='bbox 1938 1415 2085 1482; x_wconf 87' lang='lat' dir='ltr'><strong>ipsos</strong></span> <span class='ocrx_word' id='word_1_335' title='bbox 2112 1431 2231 1470; x_wconf 82' lang='lat' dir='ltr'><strong>esse</strong></span> <span class='ocrx_word' id='word_1_336' title='bbox 2265 1418 2546 1486; x_wconf 87' lang='lat' dir='ltr'><strong>sapientes</strong></span> <span class='ocrx_word' id='word_1_337' title='bbox 2575 1428 2628 1472; x_wconf 86' lang='lat' dir='ltr'><strong>et</strong></span> <span class='ocrx_word' id='word_1_338' title='bbox 2651 1422 2855 1475; x_wconf 87' lang='lat' dir='ltr'><strong>nullius</strong></span> <span class='ocrx_word' id='word_1_339' title='bbox 2889 1422 3121 1475; x_wconf 83' lang='lat' dir='ltr'><strong>consilio</strong></span> <span class='ocrx_word' id='word_1_340' title='bbox 3155 1433 3394 1491; x_wconf 76' lang='lat' dir='ltr'><strong>egentes.</strong></span> 
     </span>
    </p>
   </div>
   <div class='ocr_carea' id='block_1_43' title="bbox 1824 1503 3394 1578">
    <p class='ocr_par' dir='ltr' id='par_1_43' title="bbox 1824 1503 3394 1578">
     <span class='ocr_line' id='line_1_43' title="bbox 1824 1503 3394 1578; baseline 0.01 -24"><span class='ocrx_word' id='word_1_341' title='bbox 1824 1521 1841 1553; x_wconf 79' lang='grc' dir='ltr'><strong>ι</strong></span> <span class='ocrx_word' id='word_1_342' title='bbox 1881 1503 1973 1556; x_wconf 76' lang='lat' dir='ltr'><strong>Vze</strong></span> <span class='ocrx_word' id='word_1_343' title='bbox 2016 1504 2355 1571; x_wconf 86' lang='lat' dir='ltr'><strong>sapientibus</strong></span> <span class='ocrx_word' id='word_1_344' title='bbox 2396 1509 2538 1577; x_wconf 88' lang='lat' dir='ltr'><strong>apud</strong></span> <span class='ocrx_word' id='word_1_345' title='bbox 2569 1511 2778 1578; x_wconf 87' lang='lat' dir='ltr'><strong>seipsos</strong></span> <span class='ocrx_word' id='word_1_346' title='bbox 2806 1524 2859 1566; x_wconf 85' lang='lat' dir='ltr'><strong>et</strong></span> <span class='ocrx_word' id='word_1_347' title='bbox 2893 1530 3075 1568; x_wconf 89' lang='lat' dir='ltr'><strong>coram</strong></span> <span class='ocrx_word' id='word_1_348' title='bbox 3115 1516 3248 1569; x_wconf 80' lang='lat' dir='ltr'><strong>facie</strong></span> <span class='ocrx_word' id='word_1_349' title='bbox 3297 1533 3394 1570; x_wconf 87' lang='lat' dir='ltr'><strong>sua</strong></span> 
     </span>
    </p>
   </div>
   <div class='ocr_carea' id='block_1_44' title="bbox 1818 1594 3396 1671">
    <p class='ocr_par' dir='ltr' id='par_1_44' title="bbox 1818 1594 3396 1671">
     <span class='ocr_line' id='line_1_44' title="bbox 1818 1594 3396 1671; baseline 0.011 -28"><span class='ocrx_word' id='word_1_350' title='bbox 1818 1594 2186 1659; x_wconf 86' lang='lat' dir='ltr'><strong>prudentibus</strong></span> <span class='ocrx_word' id='word_1_351' title='bbox 2211 1597 2276 1650; x_wconf 83' lang='lat'><strong>&quot;.</strong></span> <span class='ocrx_word' id='word_1_352' title='bbox 2321 1616 2338 1647; x_wconf 76' lang='grc' dir='ltr'><strong>ι</strong></span> <span class='ocrx_word' id='word_1_353' title='bbox 2377 1630 2446 1640; x_wconf 92' lang='grc'><strong><em>-</em></strong></span> <span class='ocrx_word' id='word_1_354' title='bbox 2476 1617 2493 1648; x_wconf 76' lang='grc' dir='ltr'><strong>ι</strong></span> <span class='ocrx_word' id='word_1_355' title='bbox 2538 1601 2733 1654; x_wconf 85' lang='lat' dir='ltr'><strong>Malum</strong></span> <span class='ocrx_word' id='word_1_356' title='bbox 2785 1619 2881 1671; x_wconf 91' lang='lat' dir='ltr'><strong>pro</strong></span> <span class='ocrx_word' id='word_1_357' title='bbox 2914 1606 3076 1657; x_wconf 88' lang='lat' dir='ltr'><strong>malo.</strong></span> <span class='ocrx_word' id='word_1_358' title='bbox 3124 1624 3141 1656; x_wconf 74' lang='grc' dir='ltr'><strong>ι</strong></span> <span class='ocrx_word' id='word_1_359' title='bbox 3182 1605 3316 1659; x_wconf 83' lang='lat' dir='ltr'><strong>Nam</strong></span> <span class='ocrx_word' id='word_1_360' title='bbox 3351 1607 3396 1660; x_wconf 86' lang='lat' dir='ltr'><strong>si</strong></span> 
     </span>
    </p>
   </div>
   <div class='ocr_carea' id='block_1_45' title="bbox 1820 1683 3398 1765">
    <p class='ocr_par' dir='ltr' id='par_1_45' title="bbox 1820 1683 3398 1765">
     <span class='ocr_line' id='line_1_45' title="bbox 1820 1683 3398 1765; baseline 0.011 -31"><span class='ocrx_word' id='word_1_361' title='bbox 1820 1683 2220 1751; x_wconf 74' lang='lat' dir='ltr'><strong>vituperandus</strong></span> <span class='ocrx_word' id='word_1_362' title='bbox 2260 1702 2323 1740; x_wconf 91' lang='lat' dir='ltr'><strong>ac</strong></span> <span class='ocrx_word' id='word_1_363' title='bbox 2353 1689 2519 1742; x_wconf 89' lang='lat' dir='ltr'><strong>miser</strong></span> <span class='ocrx_word' id='word_1_364' title='bbox 2546 1701 2629 1744; x_wconf 84' lang='lat' dir='ltr'><strong>est</strong></span> <span class='ocrx_word' id='word_1_365' title='bbox 2660 1694 2755 1760; x_wconf 87' lang='lat' dir='ltr'><strong>qui</strong></span> <span class='ocrx_word' id='word_1_366' title='bbox 2791 1695 2996 1747; x_wconf 90' lang='lat' dir='ltr'><strong>malum</strong></span> <span class='ocrx_word' id='word_1_367' title='bbox 3035 1695 3184 1757; x_wconf 81' lang='lat' dir='ltr'><strong>facit,</strong></span> <span class='ocrx_word' id='word_1_368' title='bbox 3227 1713 3398 1765; x_wconf 87' lang='lat' dir='ltr'><strong>quare</strong></span> 
     </span>
    </p>
   </div>
   <div class='ocr_carea' id='block_1_46' title="bbox 1819 1776 3399 1847">
    <p class='ocr_par' dir='ltr' id='par_1_46' title="bbox 1819 1776 3399 1847">
     <span class='ocr_line' id='line_1_46' title="bbox 1819 1776 3399 1847; baseline 0.012 -21"><span class='ocrx_word' id='word_1_369' title='bbox 1819 1790 1927 1827; x_wconf 85' lang='lat' dir='ltr'><strong>non</strong></span> <span class='ocrx_word' id='word_1_370' title='bbox 1965 1776 2103 1846; x_wconf 79' lang='lat' dir='ltr'><strong>fugis</strong></span> <span class='ocrx_word' id='word_1_371' title='bbox 2129 1780 2393 1834; x_wconf 90' lang='lat' dir='ltr'><strong>malorum</strong></span> <span class='ocrx_word' id='word_1_372' title='bbox 2419 1782 2781 1840; x_wconf 87' lang='lat' dir='ltr'><strong>imitationem</strong></span> <span class='ocrx_word' id='word_1_373' title='bbox 2808 1789 2831 1840; x_wconf 85' lang='lat'><strong>?</strong></span> <span class='ocrx_word' id='word_1_374' title='bbox 2862 1789 2967 1843; x_wconf 86' lang='lat' dir='ltr'><strong>Sed</strong></span> <span class='ocrx_word' id='word_1_375' title='bbox 2996 1798 3051 1844; x_wconf 86' lang='lat' dir='ltr'><strong>ut</strong></span> <span class='ocrx_word' id='word_1_376' title='bbox 3086 1801 3138 1846; x_wconf 90' lang='lat' dir='ltr'><strong>te</strong></span> <span class='ocrx_word' id='word_1_377' title='bbox 3168 1792 3399 1847; x_wconf 87' lang='lat' dir='ltr'><strong>ulcisca-</strong></span> 
     </span>
    </p>
   </div>
   <div class='ocr_carea' id='block_1_47' title="bbox 1820 1869 3396 1948">
    <p class='ocr_par' dir='ltr' id='par_1_47' title="bbox 1820 1869 3396 1948">
     <span class='ocr_line' id='line_1_47' title="bbox 1820 1869 3396 1948; baseline 0.01 -28"><span class='ocrx_word' id='word_1_378' title='bbox 1820 1869 1914 1929; x_wconf 82' lang='lat' dir='ltr'><strong>ris,</strong></span> <span class='ocrx_word' id='word_1_379' title='bbox 1970 1870 2268 1925; x_wconf 79' lang='lat' dir='ltr'><strong>obnoxium</strong></span> <span class='ocrx_word' id='word_1_380' title='bbox 2323 1876 2614 1930; x_wconf 88' lang='lat' dir='ltr'><strong>constituis</strong></span> <span class='ocrx_word' id='word_1_381' title='bbox 2665 1879 3013 1948; x_wconf 89' lang='lat' dir='ltr'><strong>temetipsum</strong></span> <span class='ocrx_word' id='word_1_382' title='bbox 3067 1898 3129 1935; x_wconf 90' lang='lat' dir='ltr'><strong>ac</strong></span> <span class='ocrx_word' id='word_1_383' title='bbox 3187 1884 3396 1936; x_wconf 83' lang='lat' dir='ltr'><strong>socium</strong></span> 
     </span>
    </p>
   </div>
   <div class='ocr_carea' id='block_1_48' title="bbox 1820 1956 3397 2027">
    <p class='ocr_par' dir='ltr' id='par_1_48' title="bbox 1820 1956 3397 2027">
     <span class='ocr_line' id='line_1_48' title="bbox 1820 1956 3397 2027; baseline 0.013 -20"><span class='ocrx_word' id='word_1_384' title='bbox 1820 1956 2132 2024; x_wconf 84' lang='lat' dir='ltr'><strong>impietatis.</strong></span> <span class='ocrx_word' id='word_1_385' title='bbox 2160 1962 2517 2019; x_wconf 76' lang='lat' dir='ltr'><strong>Providentes</strong></span> <span class='ocrx_word' id='word_1_386' title='bbox 2543 1966 2681 2020; x_wconf 90' lang='lat' dir='ltr'><strong>bona</strong></span> <span class='ocrx_word' id='word_1_387' title='bbox 2738 1987 2754 2018; x_wconf 72' lang='grc' dir='ltr'><strong>ι</strong></span> <span class='ocrx_word' id='word_1_388' title='bbox 2787 1968 2897 2023; x_wconf 87' lang='lat' dir='ltr'><strong>Hoc</strong></span> <span class='ocrx_word' id='word_1_389' title='bbox 2914 1970 3078 2023; x_wconf 89' lang='lat' dir='ltr'><strong>dicit:</strong></span> <span class='ocrx_word' id='word_1_390' title='bbox 3108 1971 3397 2027; x_wconf 72' lang='lat' dir='ltr'><strong>Providetc</strong></span> 
     </span>
    </p>
   </div>
   <div class='ocr_carea' id='block_1_49' title="bbox 1820 2049 3399 2121">
    <p class='ocr_par' dir='ltr' id='par_1_49' title="bbox 1820 2049 3399 2121">
     <span class='ocr_line' id='line_1_49' title="bbox 1820 2049 3399 2121; baseline 0.01 -20"><span class='ocrx_word' id='word_1_391' title='bbox 1820 2060 1878 2101; x_wconf 89' lang='lat' dir='ltr'><strong>ut</strong></span> <span class='ocrx_word' id='word_1_392' title='bbox 1922 2049 2046 2103; x_wconf 89' lang='lat' dir='ltr'><strong>boni</strong></span> <span class='ocrx_word' id='word_1_393' title='bbox 2089 2054 2393 2121; x_wconf 84' lang='lat' dir='ltr'><strong>appareatis</strong></span> <span class='ocrx_word' id='word_1_394' title='bbox 2430 2073 2441 2107; x_wconf 82' lang='grc' dir='ltr'><strong>ι</strong></span> <span class='ocrx_word' id='word_1_395' title='bbox 2480 2065 2538 2109; x_wconf 90' lang='lat' dir='ltr'><strong>ut</strong></span> <span class='ocrx_word' id='word_1_396' title='bbox 2581 2058 2633 2110; x_wconf 91' lang='lat' dir='ltr'><strong>in</strong></span> <span class='ocrx_word' id='word_1_397' title='bbox 2680 2060 2831 2114; x_wconf 91' lang='lat' dir='ltr'><strong>nullo</strong></span> <span class='ocrx_word' id='word_1_398' title='bbox 2874 2063 3215 2117; x_wconf 83' lang='lat' dir='ltr'><strong>occasionem</strong></span> <span class='ocrx_word' id='word_1_399' title='bbox 3257 2064 3399 2117; x_wconf 81' lang='lat' dir='ltr'><strong>detis</strong></span> 
     </span>
    </p>
   </div>
   <div class='ocr_carea' id='block_1_50' title="bbox 1816 2144 3396 2223">
    <p class='ocr_par' dir='ltr' id='par_1_50' title="bbox 1816 2144 3396 2223">
     <span class='ocr_line' id='line_1_50' title="bbox 1816 2144 3396 2223; baseline 0.009 -28"><span class='ocrx_word' id='word_1_400' title='bbox 1816 2144 2165 2211; x_wconf 82' lang='lat' dir='ltr'><strong>vituperandi</strong></span> <span class='ocrx_word' id='word_1_401' title='bbox 2209 2162 2325 2200; x_wconf 85' lang='lat' dir='ltr'><strong>vos.</strong></span> <span class='ocrx_word' id='word_1_402' title='bbox 2358 2177 2428 2187; x_wconf 91' lang='lat'><strong><em>—</em></strong></span> <span class='ocrx_word' id='word_1_403' title='bbox 2454 2149 2572 2214; x_wconf 79' lang='lat' dir='ltr'><strong>Vel,</strong></span> <span class='ocrx_word' id='word_1_404' title='bbox 2612 2162 2900 2221; x_wconf 84' lang='lat' dir='ltr'><strong>postquam</strong></span> <span class='ocrx_word' id='word_1_405' title='bbox 2928 2156 3184 2223; x_wconf 85' lang='lat' dir='ltr'><strong>superius</strong></span> <span class='ocrx_word' id='word_1_406' title='bbox 3237 2156 3396 2209; x_wconf 85' lang='lat' dir='ltr'><strong>dixit.</strong></span> 
     </span>
    </p>
   </div>
   <div class='ocr_carea' id='block_1_51' title="bbox 1822 2237 3395 2312">
    <p class='ocr_par' dir='ltr' id='par_1_51' title="bbox 1822 2237 3395 2312">
     <span class='ocr_line' id='line_1_51' title="bbox 1822 2237 3395 2312; baseline 0.009 -25"><span class='ocrx_word' id='word_1_407' title='bbox 1822 2254 1840 2285; x_wconf 75' lang='grc' dir='ltr'><strong>ι</strong></span> <span class='ocrx_word' id='word_1_408' title='bbox 1872 2237 2012 2289; x_wconf 74' lang='grc' dir='ltr'><strong>ΝυΗὶ</strong></span> <span class='ocrx_word' id='word_1_409' title='bbox 2043 2238 2244 2290; x_wconf 90' lang='lat' dir='ltr'><strong>malum</strong></span> <span class='ocrx_word' id='word_1_410' title='bbox 2275 2255 2373 2308; x_wconf 88' lang='lat' dir='ltr'><strong>pro</strong></span> <span class='ocrx_word' id='word_1_411' title='bbox 2396 2242 2540 2295; x_wconf 82' lang='lat' dir='ltr'><strong>male</strong></span> <span class='ocrx_word' id='word_1_412' title='bbox 2571 2244 2881 2312; x_wconf 88' lang='lat' dir='ltr'><strong>reddentes,</strong></span> <span class='ocrx_word' id='word_1_413' title='bbox 2915 2265 2933 2297; x_wconf 83' lang='grc'><strong>›</strong></span> <span class='ocrx_word' id='word_1_414' title='bbox 2958 2247 3352 2302; x_wconf 89' lang='lat' dir='ltr'><strong>addiditetiam</strong></span> <span class='ocrx_word' id='word_1_415' title='bbox 3382 2266 3395 2301; x_wconf 89' lang='lat'><strong>:</strong></span> 
     </span>
    </p>
   </div>
   <div class='ocr_carea' id='block_1_52' title="bbox 1824 2328 3399 2404">
    <p class='ocr_par' dir='ltr' id='par_1_52' title="bbox 1824 2328 3399 2404">
     <span class='ocr_line' id='line_1_52' title="bbox 1824 2328 3399 2404; baseline 0.011 -26"><span class='ocrx_word' id='word_1_416' title='bbox 1824 2346 1840 2378; x_wconf 77' lang='grc' dir='ltr'><strong>ι</strong></span> <span class='ocrx_word' id='word_1_417' title='bbox 1870 2328 2226 2384; x_wconf 80' lang='lat' dir='ltr'><strong>Providentes</strong></span> <span class='ocrx_word' id='word_1_418' title='bbox 2248 2331 2423 2397; x_wconf 85' lang='lat' dir='ltr'><strong>bona;</strong></span> <span class='ocrx_word' id='word_1_419' title='bbox 2452 2352 2469 2383; x_wconf 77' lang='grc' dir='ltr'><strong>ι</strong></span> <span class='ocrx_word' id='word_1_420' title='bbox 2508 2343 2762 2404; x_wconf 88' lang='lat' dir='ltr'><strong>tanquam</strong></span> <span class='ocrx_word' id='word_1_421' title='bbox 2784 2339 3005 2393; x_wconf 83' lang='lat' dir='ltr'><strong>dixisset</strong></span> <span class='ocrx_word' id='word_1_422' title='bbox 3040 2358 3052 2392; x_wconf 90' lang='lat'><strong>:</strong></span> <span class='ocrx_word' id='word_1_423' title='bbox 3116 2341 3234 2395; x_wconf 83' lang='lat' dir='ltr'><strong>Non</strong></span> <span class='ocrx_word' id='word_1_424' title='bbox 3266 2344 3399 2396; x_wconf 84' lang='lat' dir='ltr'><strong>satis</strong></span> 
     </span>
    </p>
   </div>
   <div class='ocr_carea' id='block_1_53' title="bbox 1813 2424 3397 2502">
    <p class='ocr_par' dir='ltr' id='par_1_53' title="bbox 1813 2424 3397 2502">
     <span class='ocr_line' id='line_1_53' title="bbox 1813 2424 3397 2502; baseline 0.009 -28"><span class='ocrx_word' id='word_1_425' title='bbox 1813 2431 1897 2474; x_wconf 87' lang='lat' dir='ltr'><strong>est</strong></span> <span class='ocrx_word' id='word_1_426' title='bbox 1924 2429 2132 2473; x_wconf 90' lang='lat' dir='ltr'><strong>tantum</strong></span> <span class='ocrx_word' id='word_1_427' title='bbox 2163 2438 2269 2475; x_wconf 89' lang='lat' dir='ltr'><strong>non</strong></span> <span class='ocrx_word' id='word_1_428' title='bbox 2293 2424 2523 2479; x_wconf 87' lang='lat' dir='ltr'><strong>reddere</strong></span> <span class='ocrx_word' id='word_1_429' title='bbox 2545 2428 2706 2492; x_wconf 89' lang='lat' dir='ltr'><strong>mala,</strong></span> <span class='ocrx_word' id='word_1_430' title='bbox 2730 2429 2825 2483; x_wconf 91' lang='lat' dir='ltr'><strong>sed</strong></span> <span class='ocrx_word' id='word_1_431' title='bbox 2842 2441 3055 2499; x_wconf 90' lang='lat' dir='ltr'><strong>oportet</strong></span> <span class='ocrx_word' id='word_1_432' title='bbox 3076 2449 3293 2502; x_wconf 86' lang='lat' dir='ltr'><strong>quoque</strong></span> <span class='ocrx_word' id='word_1_433' title='bbox 3323 2435 3397 2488; x_wconf 88' lang='lat' dir='ltr'><strong>illi</strong></span> 
     </span>
    </p>
   </div>
   <div class='ocr_carea' id='block_1_54' title="bbox 1813 2511 3400 2595">
    <p class='ocr_par' dir='ltr' id='par_1_54' title="bbox 1813 2511 3400 2595">
     <span class='ocr_line' id='line_1_54' title="bbox 1813 2511 3400 2595; baseline 0.011 -32"><span class='ocrx_word' id='word_1_434' title='bbox 1813 2511 2105 2580; x_wconf 85' lang='lat' dir='ltr'><strong>providere</strong></span> <span class='ocrx_word' id='word_1_435' title='bbox 2135 2515 2227 2582; x_wconf 91' lang='lat' dir='ltr'><strong>qui</strong></span> <span class='ocrx_word' id='word_1_436' title='bbox 2259 2516 2530 2571; x_wconf 78' lang='lat' dir='ltr'><strong>malefacit</strong></span> <span class='ocrx_word' id='word_1_437' title='bbox 2561 2520 2741 2573; x_wconf 88' lang='lat' dir='ltr'><strong>nobis.</strong></span> <span class='ocrx_word' id='word_1_438' title='bbox 2771 2540 2787 2572; x_wconf 71' lang='grc' dir='ltr'>ι</span> <span class='ocrx_word' id='word_1_439' title='bbox 2823 2522 2954 2575; x_wconf 87' lang='lat' dir='ltr'><strong>Nam</strong></span> <span class='ocrx_word' id='word_1_440' title='bbox 2978 2533 3031 2577; x_wconf 86' lang='lat' dir='ltr'><strong>et</strong></span> <span class='ocrx_word' id='word_1_441' title='bbox 3062 2525 3115 2578; x_wconf 90' lang='lat' dir='ltr'><strong>in</strong></span> <span class='ocrx_word' id='word_1_442' title='bbox 3150 2526 3400 2595; x_wconf 84' lang='lat' dir='ltr'><strong>superio-</strong></span> 
     </span>
    </p>
   </div>
   <div class='ocr_carea' id='block_1_55' title="bbox 1816 2602 3400 2686">
    <p class='ocr_par' dir='ltr' id='par_1_55' title="bbox 1816 2602 3400 2686">
     <span class='ocr_line' id='line_1_55' title="bbox 1816 2602 3400 2686; baseline 0.012 -33"><span class='ocrx_word' id='word_1_443' title='bbox 1816 2602 1970 2656; x_wconf 82' lang='lat' dir='ltr'><strong>ribus</strong></span> <span class='ocrx_word' id='word_1_444' title='bbox 1994 2619 2100 2657; x_wconf 93' lang='lat' dir='ltr'><strong>non</strong></span> <span class='ocrx_word' id='word_1_445' title='bbox 2128 2606 2261 2658; x_wconf 90' lang='lat' dir='ltr'><strong>satis</strong></span> <span class='ocrx_word' id='word_1_446' title='bbox 2290 2606 2362 2658; x_wconf 91' lang='lat' dir='ltr'><strong>illi</strong></span> <span class='ocrx_word' id='word_1_447' title='bbox 2397 2608 2518 2670; x_wconf 76' lang='lat' dir='ltr'><strong>fuit,</strong></span> <span class='ocrx_word' id='word_1_448' title='bbox 2551 2626 2619 2663; x_wconf 82' lang='lat' dir='ltr'><strong>ne,</strong></span> <span class='ocrx_word' id='word_1_449' title='bbox 2639 2612 3031 2669; x_wconf 86' lang='lat' dir='ltr'><strong>maledicerent</strong></span> <span class='ocrx_word' id='word_1_450' title='bbox 3064 2631 3400 2686; x_wconf 85' lang='lat' dir='ltr'><strong>persequen-</strong></span> 
     </span>
    </p>
   </div>
   <div class='ocr_carea' id='block_1_56' title="bbox 1817 2694 3399 2776">
    <p class='ocr_par' dir='ltr' id='par_1_56' title="bbox 1817 2694 3399 2776">
     <span class='ocr_line' id='line_1_56' title="bbox 1817 2694 3399 2776; baseline 0.009 -29"><span class='ocrx_word' id='word_1_451' title='bbox 1817 2694 1983 2758; x_wconf 86' lang='lat' dir='ltr'><strong>tibus,</strong></span> <span class='ocrx_word' id='word_1_452' title='bbox 2003 2695 2110 2754; x_wconf 57' lang='lat' dir='ltr'><strong>,scd</strong></span> <span class='ocrx_word' id='word_1_453' title='bbox 2140 2698 2306 2750; x_wconf 89' lang='lat' dir='ltr'><strong>etiam</strong></span> <span class='ocrx_word' id='word_1_454' title='bbox 2333 2698 2663 2756; x_wconf 85' lang='lat' dir='ltr'><strong>benedicere</strong></span> <span class='ocrx_word' id='word_1_455' title='bbox 2686 2703 2868 2772; x_wconf 86' lang='lat' dir='ltr'><strong>jussit.</strong></span> <span class='ocrx_word' id='word_1_456' title='bbox 2908 2725 2924 2755; x_wconf 78' lang='grc' dir='ltr'><strong>ι</strong></span> <span class='ocrx_word' id='word_1_457' title='bbox 2950 2706 3004 2759; x_wconf 92' lang='lat' dir='ltr'><strong>Si</strong></span> <span class='ocrx_word' id='word_1_458' title='bbox 3038 2709 3299 2776; x_wconf 83' lang='lat' dir='ltr'><strong>possibile</strong></span> <span class='ocrx_word' id='word_1_459' title='bbox 3317 2718 3399 2762; x_wconf 79' lang='lat' dir='ltr'><strong>est</strong></span> 
     </span>
    </p>
   </div>
   <div class='ocr_carea' id='block_1_57' title="bbox 1813 2789 3400 2855">
    <p class='ocr_par' dir='ltr' id='par_1_57' title="bbox 1813 2789 3400 2855">
     <span class='ocr_line' id='line_1_57' title="bbox 1813 2789 3400 2855; baseline 0.009 -18"><span class='ocrx_word' id='word_1_460' title='bbox 1813 2796 2077 2855; x_wconf 81' lang='lat' dir='ltr'><strong>quantum</strong></span> <span class='ocrx_word' id='word_1_461' title='bbox 2119 2802 2185 2842; x_wconf 76' lang='lat' dir='ltr'><strong>ex</strong></span> <span class='ocrx_word' id='word_1_462' title='bbox 2219 2789 2375 2843; x_wconf 84' lang='lat' dir='ltr'><strong>vobis</strong></span> <span class='ocrx_word' id='word_1_463' title='bbox 2404 2799 2508 2845; x_wconf 88' lang='lat' dir='ltr'><strong>est.</strong></span> <span class='ocrx_word' id='word_1_464' title='bbox 2548 2813 2564 2842; x_wconf 80' lang='grc' dir='ltr'><strong>ι</strong></span> <span class='ocrx_word' id='word_1_465' title='bbox 2607 2795 2822 2848; x_wconf 86' lang='lat' dir='ltr'><strong>Accidit</strong></span> <span class='ocrx_word' id='word_1_466' title='bbox 2851 2797 2997 2850; x_wconf 88' lang='lat' dir='ltr'><strong>enim</strong></span> <span class='ocrx_word' id='word_1_467' title='bbox 3030 2799 3309 2853; x_wconf 88' lang='lat' dir='ltr'><strong>interdum</strong></span> <span class='ocrx_word' id='word_1_468' title='bbox 3341 2809 3400 2852; x_wconf 89' lang='lat' dir='ltr'><strong>ut</strong></span> 
     </span>
    </p>
   </div>
   <div class='ocr_carea' id='block_1_58' title="bbox 1812 2879 3396 2961">
    <p class='ocr_par' dir='ltr' id='par_1_58' title="bbox 1812 2879 3396 2961">
     <span class='ocr_line' id='line_1_58' title="bbox 1812 2879 3396 2961; baseline 0.008 -29"><span class='ocrx_word' id='word_1_469' title='bbox 1812 2879 2070 2946; x_wconf 90' lang='lat' dir='ltr'><strong>possibile</strong></span> <span class='ocrx_word' id='word_1_470' title='bbox 2092 2895 2198 2933; x_wconf 92' lang='lat' dir='ltr'><strong>non</strong></span> <span class='ocrx_word' id='word_1_471' title='bbox 2225 2881 2318 2945; x_wconf 87' lang='lat' dir='ltr'><strong>sit,</strong></span> <span class='ocrx_word' id='word_1_472' title='bbox 2346 2883 2437 2935; x_wconf 90' lang='lat' dir='ltr'><strong>ubi</strong></span> <span class='ocrx_word' id='word_1_473' title='bbox 2470 2884 2535 2938; x_wconf 89' lang='lat' dir='ltr'><strong>de</strong></span> <span class='ocrx_word' id='word_1_474' title='bbox 2563 2884 2765 2953; x_wconf 86' lang='lat' dir='ltr'><strong>pietate</strong></span> <span class='ocrx_word' id='word_1_475' title='bbox 2793 2902 2975 2942; x_wconf 91' lang='lat' dir='ltr'><strong>sermo</strong></span> <span class='ocrx_word' id='word_1_476' title='bbox 3002 2899 3113 2953; x_wconf 88' lang='lat' dir='ltr'><strong>est;</strong></span> <span class='ocrx_word' id='word_1_477' title='bbox 3145 2904 3396 2961; x_wconf 84' lang='lat' dir='ltr'><strong>propter-</strong></span> 
     </span>
    </p>
   </div>
   <div class='ocr_carea' id='block_1_59' title="bbox 1810 2971 3398 3046">
    <p class='ocr_par' dir='ltr' id='par_1_59' title="bbox 1810 2971 3398 3046">
     <span class='ocr_line' id='line_1_59' title="bbox 1810 2971 3398 3046; baseline 0.011 -23"><span class='ocrx_word' id='word_1_478' title='bbox 1810 2985 1874 3023; x_wconf 88' lang='lat' dir='ltr'><strong>ea</strong></span> <span class='ocrx_word' id='word_1_479' title='bbox 1917 2971 2098 3025; x_wconf 86' lang='lat' dir='ltr'><strong>dixit:</strong></span> <span class='ocrx_word' id='word_1_480' title='bbox 2156 2991 2173 3023; x_wconf 80' lang='grc' dir='ltr'><strong>ι</strong></span> <span class='ocrx_word' id='word_1_481' title='bbox 2229 2973 2285 3027; x_wconf 91' lang='lat' dir='ltr'><strong>Si</strong></span> <span class='ocrx_word' id='word_1_482' title='bbox 2328 2976 2589 3042; x_wconf 87' lang='lat' dir='ltr'><strong>possibile</strong></span> <span class='ocrx_word' id='word_1_483' title='bbox 2648 2987 2751 3031; x_wconf 93' lang='lat' dir='ltr'><strong>est.</strong></span> <span class='ocrx_word' id='word_1_484' title='bbox 2796 2997 2813 3029; x_wconf 84' lang='grc'>›</span> <span class='ocrx_word' id='word_1_485' title='bbox 2856 3010 2925 3019; x_wconf 90' lang='grc'><strong>-</strong></span> <span class='ocrx_word' id='word_1_486' title='bbox 2960 3002 2979 3032; x_wconf 84' lang='grc'><em>‹</em></span> <span class='ocrx_word' id='word_1_487' title='bbox 3017 2980 3290 3046; x_wconf 88' lang='lat' dir='ltr'><strong>Quantum</strong></span> <span class='ocrx_word' id='word_1_488' title='bbox 3332 3000 3398 3039; x_wconf 79' lang='lat' dir='ltr'><strong>ex</strong></span> 
     </span>
    </p>
   </div>
   <div class='ocr_carea' id='block_1_60' title="bbox 1814 3060 3398 3133">
    <p class='ocr_par' dir='ltr' id='par_1_60' title="bbox 1814 3060 3398 3133">
     <span class='ocr_line' id='line_1_60' title="bbox 1814 3060 3398 3133; baseline 0.01 -22"><span class='ocrx_word' id='word_1_489' title='bbox 1814 3060 1969 3114; x_wconf 85' lang='lat' dir='ltr'><strong>vobis</strong></span> <span class='ocrx_word' id='word_1_490' title='bbox 2011 3071 2116 3115; x_wconf 90' lang='lat' dir='ltr'><strong>est.</strong></span> <span class='ocrx_word' id='word_1_491' title='bbox 2156 3080 2174 3113; x_wconf 83' lang='grc'>›</span> <span class='ocrx_word' id='word_1_492' title='bbox 2222 3063 2336 3117; x_wconf 82' lang='grc' dir='ltr'><strong>11οο</strong></span> <span class='ocrx_word' id='word_1_493' title='bbox 2366 3074 2470 3129; x_wconf 88' lang='lat' dir='ltr'><strong>est,</strong></span> <span class='ocrx_word' id='word_1_494' title='bbox 2502 3073 2557 3117; x_wconf 91' lang='lat' dir='ltr'><strong>tu</strong></span> <span class='ocrx_word' id='word_1_495' title='bbox 2585 3068 2728 3133; x_wconf 87' lang='lat' dir='ltr'><strong>quod</strong></span> <span class='ocrx_word' id='word_1_496' title='bbox 2760 3077 2912 3121; x_wconf 91' lang='lat' dir='ltr'><strong>tuum</strong></span> <span class='ocrx_word' id='word_1_497' title='bbox 2939 3079 3023 3123; x_wconf 90' lang='lat' dir='ltr'><strong>cst</strong></span> <span class='ocrx_word' id='word_1_498' title='bbox 3056 3071 3256 3125; x_wconf 75' lang='lat' dir='ltr'><strong>tacito:</strong></span> <span class='ocrx_word' id='word_1_499' title='bbox 3305 3089 3398 3126; x_wconf 91' lang='lat' dir='ltr'><strong>ne-</strong></span> 
     </span>
    </p>
   </div>
   <div class='ocr_carea' id='block_1_61' title="bbox 128 3148 1711 3228">
    <p class='ocr_par' dir='ltr' id='par_1_61' title="bbox 128 3148 1709 3224">
     <span class='ocr_line' id='line_1_61' title="bbox 128 3148 1709 3224; baseline 0.004 -24"><span class='ocrx_word' id='word_1_500' title='bbox 128 3150 220 3200; x_wconf 77' lang='grc' dir='ltr'><strong>καὶ</strong></span> <span class='ocrx_word' id='word_1_501' title='bbox 270 3148 537 3201; x_wconf 69' lang='grc' dir='ltr'><strong>ἀπίστων.</strong></span> <span class='ocrx_word' id='word_1_502' title='bbox 580 3167 598 3198; x_wconf 74' lang='grc' dir='ltr'><strong>ι</strong></span> <span class='ocrx_word' id='word_1_503' title='bbox 632 3148 723 3217; x_wconf 80' lang='grc' dir='ltr'><strong>Μὴ</strong></span> <span class='ocrx_word' id='word_1_504' title='bbox 773 3150 1001 3211; x_wconf 80' lang='grc' dir='ltr'><strong>ἑαυτοὺς</strong></span> <span class='ocrx_word' id='word_1_505' title='bbox 1043 3150 1436 3214; x_wconf 70' lang='grc' dir='ltr'><strong>ἐκδικοῦντες.»</strong></span> <span class='ocrx_word' id='word_1_506' title='bbox 1494 3154 1709 3224; x_wconf 80' lang='grc' dir='ltr'><strong>Ἐπειδὴ</strong></span> 
     </span>
    </p>
   </div>
   <div class='ocr_carea' id='block_1_62' title="bbox 1813 3148 3401 3228">
    <p class='ocr_par' dir='ltr' id='par_1_62' title="bbox 1814 3152 3401 3228">
     <span class='ocr_line' id='line_1_62' title="bbox 1814 3152 3401 3228; baseline 0.01 -25"><span class='ocrx_word' id='word_1_507' title='bbox 1814 3168 1921 3219; x_wconf 89' lang='lat' dir='ltr'><strong>que</strong></span> <span class='ocrx_word' id='word_1_508' title='bbox 1953 3152 2252 3207; x_wconf 70' lang='lat' dir='ltr'><strong>inimicitia:</strong></span> <span class='ocrx_word' id='word_1_509' title='bbox 2286 3170 2472 3207; x_wconf 88' lang='lat' dir='ltr'><strong>ansam</strong></span> <span class='ocrx_word' id='word_1_510' title='bbox 2503 3157 2746 3225; x_wconf 68' lang='lat' dir='ltr'><strong>prmlteas</strong></span> <span class='ocrx_word' id='word_1_511' title='bbox 2777 3158 2938 3228; x_wconf 79' lang='lat'><strong>372</strong></span> <span class='ocrx_word' id='word_1_512' title='bbox 2969 3171 3063 3213; x_wconf 89' lang='lat' dir='ltr'><strong>aut</strong></span> <span class='ocrx_word' id='word_1_513' title='bbox 3094 3163 3281 3218; x_wconf 72' lang='lat' dir='ltr'><strong>Gra‘co</strong></span> <span class='ocrx_word' id='word_1_514' title='bbox 3305 3174 3401 3219; x_wconf 81' lang='lat' dir='ltr'><strong>aut</strong></span> 
     </span>
    </p>
   </div>
   <div class='ocr_carea' id='block_1_63' title="bbox 126 3239 1706 3314">
    <p class='ocr_par' dir='ltr' id='par_1_63' title="bbox 126 3239 1706 3314">
     <span class='ocr_line' id='line_1_63' title="bbox 126 3239 1706 3314; baseline 0.002 -22"><span class='ocrx_word' id='word_1_515' title='bbox 126 3239 279 3292; x_wconf 74' lang='grc' dir='ltr'><strong>τοῦτο</strong></span> <span class='ocrx_word' id='word_1_516' title='bbox 342 3239 656 3302; x_wconf 81' lang='grc' dir='ltr'><strong>ἀκόλουθον,</strong></span> <span class='ocrx_word' id='word_1_517' title='bbox 703 3240 795 3291; x_wconf 73' lang='grc' dir='ltr'><strong>τὸν</strong></span> <span class='ocrx_word' id='word_1_518' title='bbox 847 3240 1175 3310; x_wconf 74' lang='grc' dir='ltr'><strong>ἠδικημένον</strong></span> <span class='ocrx_word' id='word_1_519' title='bbox 1206 3244 1451 3306; x_wconf 78' lang='grc' dir='ltr'><strong>ἐκδικῖας</strong></span> <span class='ocrx_word' id='word_1_520' title='bbox 1501 3248 1706 3314; x_wconf 82' lang='grc' dir='ltr'><strong>τυχεῖν,</strong></span> 
     </span>
    </p>
   </div>
   <div class='ocr_carea' id='block_1_64' title="bbox 127 3330 1708 3405">
    <p class='ocr_par' dir='ltr' id='par_1_64' title="bbox 127 3330 1708 3405">
     <span class='ocr_line' id='line_1_64' title="bbox 127 3330 1708 3405; baseline 0.002 -22"><span class='ocrx_word' id='word_1_521' title='bbox 127 3333 279 3384; x_wconf 74' lang='grc' dir='ltr'><strong>τοῦτο</strong></span> <span class='ocrx_word' id='word_1_522' title='bbox 315 3331 448 3383; x_wconf 74' lang='grc' dir='ltr'><strong>αὐτὸ</strong></span> <span class='ocrx_word' id='word_1_523' title='bbox 493 3330 895 3397; x_wconf 65' lang='grc' dir='ltr'><strong>ἐπαγγέλλεταί</strong></span> <span class='ocrx_word' id='word_1_524' title='bbox 933 3348 1034 3391; x_wconf 90' lang='grc' dir='ltr'><strong>σοι,</strong></span> <span class='ocrx_word' id='word_1_525' title='bbox 1090 3334 1244 3401; x_wconf 72' lang='grc' dir='ltr'><strong>φησὶ,</strong></span> <span class='ocrx_word' id='word_1_526' title='bbox 1297 3334 1370 3401; x_wconf 79' lang='grc' dir='ltr'><strong>μὴ</strong></span> <span class='ocrx_word' id='word_1_527' title='bbox 1415 3335 1708 3405; x_wconf 77' lang='grc' dir='ltr'><strong>ἐκδικήσῃς</strong></span> 
     </span>
    </p>
   </div>
   <div class='ocr_carea' id='block_1_65' title="bbox 130 3422 1710 3494">
    <p class='ocr_par' dir='ltr' id='par_1_65' title="bbox 130 3422 1710 3494">
     <span class='ocr_line' id='line_1_65' title="bbox 130 3422 1710 3494; baseline 0.002 -19"><span class='ocrx_word' id='word_1_528' title='bbox 130 3424 379 3486; x_wconf 79' lang='grc' dir='ltr'><strong>σεαυτὸν,</strong></span> <span class='ocrx_word' id='word_1_529' title='bbox 406 3422 503 3476; x_wconf 75' lang='grc' dir='ltr'><strong>καὶ</strong></span> <span class='ocrx_word' id='word_1_530' title='bbox 524 3425 551 3476; x_wconf 92' lang='lat'><strong>6</strong></span> <span class='ocrx_word' id='word_1_531' title='bbox 575 3423 706 3483; x_wconf 85' lang='grc' dir='ltr'><strong>Θεός</strong></span> <span class='ocrx_word' id='word_1_532' title='bbox 748 3440 806 3474; x_wconf 85' lang='grc' dir='ltr'><strong>σε</strong></span> <span class='ocrx_word' id='word_1_533' title='bbox 836 3424 1059 3475; x_wconf 81' lang='grc' dir='ltr'><strong>ἐκδικεῖ.</strong></span> <span class='ocrx_word' id='word_1_534' title='bbox 1092 3425 1219 3475; x_wconf 76' lang='grc' dir='ltr'><strong>Δότε</strong></span> <span class='ocrx_word' id='word_1_535' title='bbox 1250 3426 1378 3492; x_wconf 76' lang='grc' dir='ltr'><strong>γὰρ,</strong></span> <span class='ocrx_word' id='word_1_536' title='bbox 1421 3427 1576 3494; x_wconf 77' lang='grc' dir='ltr'><strong>φησὶ,</strong></span> <span class='ocrx_word' id='word_1_537' title='bbox 1621 3427 1710 3479; x_wconf 80' lang='grc' dir='ltr'><strong>τό·</strong></span> 
     </span>
    </p>
   </div>
   <div class='ocr_carea' id='block_1_66' title="bbox 128 3514 1707 3588">
    <p class='ocr_par' dir='ltr' id='par_1_66' title="bbox 128 3514 1707 3588">
     <span class='ocr_line' id='line_1_66' title="bbox 128 3514 1707 3588; baseline 0.003 -22"><span class='ocrx_word' id='word_1_538' title='bbox 128 3533 224 3567; x_wconf 75' lang='grc' dir='ltr'><strong>πον</strong></span> <span class='ocrx_word' id='word_1_539' title='bbox 253 3516 349 3568; x_wconf 77' lang='grc' dir='ltr'><strong>καὶ</strong></span> <span class='ocrx_word' id='word_1_540' title='bbox 376 3514 562 3586; x_wconf 77' lang='grc' dir='ltr'><strong>χώραν</strong></span> <span class='ocrx_word' id='word_1_541' title='bbox 590 3517 653 3581; x_wconf 79' lang='grc' dir='ltr'><strong>τῇ</strong></span> <span class='ocrx_word' id='word_1_542' title='bbox 688 3515 823 3585; x_wconf 78' lang='grc' dir='ltr'><strong>ὀργῇ</strong></span> <span class='ocrx_word' id='word_1_543' title='bbox 854 3514 947 3566; x_wconf 71' lang='grc' dir='ltr'><strong>τοῦ</strong></span> <span class='ocrx_word' id='word_1_544' title='bbox 985 3515 1117 3567; x_wconf 79' lang='grc' dir='ltr'><strong>Θεοῦ</strong></span> <span class='ocrx_word' id='word_1_545' title='bbox 1149 3515 1343 3571; x_wconf 80' lang='grc' dir='ltr'><strong>ἐλθεῖν.</strong></span> <span class='ocrx_word' id='word_1_546' title='bbox 1379 3518 1478 3570; x_wconf 75' lang='grc' dir='ltr'><strong>Ἂν</strong></span> <span class='ocrx_word' id='word_1_547' title='bbox 1507 3519 1616 3588; x_wconf 77' lang='grc' dir='ltr'><strong>γὰρ</strong></span> <span class='ocrx_word' id='word_1_548' title='bbox 1645 3519 1707 3572; x_wconf 83' lang='grc' dir='ltr'><strong>σὺ</strong></span> 
     </span>
    </p>
   </div>
   <div class='ocr_carea' id='block_1_67' title="bbox 130 3604 1710 3678">
    <p class='ocr_par' dir='ltr' id='par_1_67' title="bbox 130 3604 1710 3678">
     <span class='ocr_line' id='line_1_67' title="bbox 130 3604 1710 3678; baseline 0.004 -23"><span class='ocrx_word' id='word_1_549' title='bbox 130 3606 423 3676; x_wconf 75' lang='grc' dir='ltr'><strong>ἐκδικήσῃς</strong></span> <span class='ocrx_word' id='word_1_550' title='bbox 462 3605 708 3667; x_wconf 76' lang='grc' dir='ltr'><strong>σεαυτὸν,</strong></span> <span class='ocrx_word' id='word_1_551' title='bbox 761 3604 990 3657; x_wconf 70' lang='grc' dir='ltr'><strong>ἐλθοῦσα</strong></span> <span class='ocrx_word' id='word_1_552' title='bbox 1046 3607 1078 3674; x_wconf 85' lang='grc' dir='ltr'>ἠ</span> <span class='ocrx_word' id='word_1_553' title='bbox 1110 3606 1246 3675; x_wconf 79' lang='grc' dir='ltr'><strong>ὀργὴ</strong></span> <span class='ocrx_word' id='word_1_554' title='bbox 1284 3606 1378 3658; x_wconf 82' lang='grc' dir='ltr'><strong>τοῦ</strong></span> <span class='ocrx_word' id='word_1_555' title='bbox 1421 3608 1581 3669; x_wconf 80' lang='grc' dir='ltr'><strong>Θεοῦ,</strong></span> <span class='ocrx_word' id='word_1_556' title='bbox 1613 3609 1710 3678; x_wconf 77' lang='grc' dir='ltr'><strong>οὐχ</strong></span> 
     </span>
    </p>
   </div>
   <div class='ocr_carea' id='block_1_68' title="bbox 128 3696 1706 3767">
    <p class='ocr_par' dir='ltr' id='par_1_68' title="bbox 128 3696 1706 3767">
     <span class='ocr_line' id='line_1_68' title="bbox 128 3696 1706 3767; baseline 0.002 -18"><span class='ocrx_word' id='word_1_557' title='bbox 128 3699 233 3761; x_wconf 70' lang='grc' dir='ltr'><strong>ἕξει</strong></span> <span class='ocrx_word' id='word_1_558' title='bbox 255 3698 445 3766; x_wconf 80' lang='grc' dir='ltr'><strong>χώραν</strong></span> <span class='ocrx_word' id='word_1_559' title='bbox 478 3696 570 3748; x_wconf 77' lang='grc' dir='ltr'><strong>τοῦ</strong></span> <span class='ocrx_word' id='word_1_560' title='bbox 617 3696 924 3761; x_wconf 76' lang='grc' dir='ltr'><strong>ἐκδικῆσαι,</strong></span> <span class='ocrx_word' id='word_1_561' title='bbox 958 3697 1039 3749; x_wconf 84' lang='grc' dir='ltr'><strong>ὅτι</strong></span> <span class='ocrx_word' id='word_1_562' title='bbox 1065 3698 1428 3767; x_wconf 80' lang='grc' dir='ltr'><strong>προεδίκησας</strong></span> <span class='ocrx_word' id='word_1_563' title='bbox 1463 3702 1706 3755; x_wconf 81' lang='grc' dir='ltr'><strong>σεαυτόν.</strong></span> 
     </span>
    </p>
   </div>
   <div class='ocr_carea' id='block_1_69' title="bbox 129 3786 1710 3862">
    <p class='ocr_par' dir='ltr' id='par_1_69' title="bbox 129 3786 1710 3862">
     <span class='ocr_line' id='line_1_69' title="bbox 129 3786 1710 3862; baseline 0.002 -22"><span class='ocrx_word' id='word_1_564' title='bbox 129 3790 189 3840; x_wconf 80' lang='grc' dir='ltr'><strong>Εἰ</strong></span> <span class='ocrx_word' id='word_1_565' title='bbox 214 3791 323 3856; x_wconf 69' lang='grc' dir='ltr'><strong>γὰρ</strong></span> <span class='ocrx_word' id='word_1_566' title='bbox 351 3788 417 3839; x_wconf 80' lang='grc' dir='ltr'><strong>σὺ</strong></span> <span class='ocrx_word' id='word_1_567' title='bbox 449 3786 523 3858; x_wconf 80' lang='grc' dir='ltr'><strong>μὴ</strong></span> <span class='ocrx_word' id='word_1_568' title='bbox 553 3787 757 3858; x_wconf 73' lang='grc' dir='ltr'><strong>ἀμύνῃ,</strong></span> <span class='ocrx_word' id='word_1_569' title='bbox 786 3787 904 3856; x_wconf 78' lang='grc' dir='ltr'><strong>ἥξει</strong></span> <span class='ocrx_word' id='word_1_570' title='bbox 951 3790 983 3857; x_wconf 82' lang='grc' dir='ltr'>ή</span> <span class='ocrx_word' id='word_1_571' title='bbox 1038 3787 1195 3858; x_wconf 86' lang='grc' dir='ltr'><strong>ὀργή.</strong></span> <span class='ocrx_word' id='word_1_572' title='bbox 1223 3818 1291 3828; x_wconf 87' lang='lat'><strong>-—</strong></span> <span class='ocrx_word' id='word_1_573' title='bbox 1329 3787 1710 3862; x_wconf 58' lang='lat' dir='ltr'><strong>[IQANNOYJ</strong></span> 
     </span>
    </p>
   </div>
   <div class='ocr_carea' id='block_1_70' title="bbox 140 3878 1713 3949">
    <p class='ocr_par' dir='ltr' id='par_1_70' title="bbox 140 3878 1713 3949">
     <span class='ocr_line' id='line_1_70' title="bbox 140 3878 1713 3949; baseline 0.001 -17"><span class='ocrx_word' id='word_1_574' title='bbox 140 3880 357 3949; x_wconf 78' lang='grc' dir='ltr'><strong>Ἐπειδὴ</strong></span> <span class='ocrx_word' id='word_1_575' title='bbox 417 3879 473 3932; x_wconf 81' lang='grc' dir='ltr'><strong>δὲ</strong></span> <span class='ocrx_word' id='word_1_576' title='bbox 523 3878 681 3932; x_wconf 79' lang='grc' dir='ltr'><strong>τοῦτο</strong></span> <span class='ocrx_word' id='word_1_577' title='bbox 745 3880 979 3949; x_wconf 77' lang='grc' dir='ltr'><strong>μάλιστα</strong></span> <span class='ocrx_word' id='word_1_578' title='bbox 1030 3881 1056 3931; x_wconf 89' lang='grc' dir='ltr'>ὁ</span> <span class='ocrx_word' id='word_1_579' title='bbox 1120 3879 1399 3949; x_wconf 70' lang='grc' dir='ltr'><strong>ἀδικηθεὶς</strong></span> <span class='ocrx_word' id='word_1_580' title='bbox 1456 3880 1713 3949; x_wconf 72' lang='grc' dir='ltr'><strong>ἐπιθυμεῖ</strong></span> 
     </span>
    </p>
   </div>
   <div class='ocr_carea' id='block_1_71' title="bbox 132 3970 1712 4041">
    <p class='ocr_par' dir='ltr' id='par_1_71' title="bbox 132 3970 1712 4041">
     <span class='ocr_line' id='line_1_71' title="bbox 132 3970 1712 4041; baseline 0.001 -17"><span class='ocrx_word' id='word_1_581' title='bbox 132 3974 257 4026; x_wconf 76' lang='grc' dir='ltr'><strong>ἰδεῖν</strong></span> <span class='ocrx_word' id='word_1_582' title='bbox 290 3972 536 4033; x_wconf 75' lang='grc' dir='ltr'><strong>ἐκδικίας</strong></span> <span class='ocrx_word' id='word_1_583' title='bbox 568 3971 759 4024; x_wconf 78' lang='grc' dir='ltr'><strong>ἑαυτὸν</strong></span> <span class='ocrx_word' id='word_1_584' title='bbox 807 3970 1173 4033; x_wconf 81' lang='grc' dir='ltr'><strong>ἀπολαύοντα,</strong></span> <span class='ocrx_word' id='word_1_585' title='bbox 1206 3972 1366 4024; x_wconf 80' lang='grc' dir='ltr'><strong>τοῦτο</strong></span> <span class='ocrx_word' id='word_1_586' title='bbox 1394 3973 1542 4041; x_wconf 79' lang='grc' dir='ltr'><strong>αὐτῷ</strong></span> <span class='ocrx_word' id='word_1_587' title='bbox 1574 3974 1712 4041; x_wconf 79' lang='grc' dir='ltr'><strong>μετὰ</strong></span> 
     </span>
    </p>
   </div>
   <div class='ocr_carea' id='block_1_72' title="bbox 130 4060 1709 4135">
    <p class='ocr_par' dir='ltr' id='par_1_72' title="bbox 130 4060 1709 4135">
     <span class='ocr_line' id='line_1_72' title="bbox 130 4060 1709 4135; baseline 0 -20"><span class='ocrx_word' id='word_1_588' title='bbox 130 4064 323 4131; x_wconf 64' lang='grc' dir='ltr'><strong>ποὶλῆς</strong></span> <span class='ocrx_word' id='word_1_589' title='bbox 348 4062 532 4115; x_wconf 75' lang='grc' dir='ltr'><strong>δίδωσι</strong></span> <span class='ocrx_word' id='word_1_590' title='bbox 560 4060 898 4132; x_wconf 78' lang='grc' dir='ltr'><strong>περιουσίας.</strong></span> <span class='ocrx_word' id='word_1_591' title='bbox 931 4063 1026 4114; x_wconf 79' lang='grc' dir='ltr'><strong>’Ἂν</strong></span> <span class='ocrx_word' id='word_1_592' title='bbox 1065 4062 1173 4131; x_wconf 82' lang='grc' dir='ltr'><strong>γὰρ</strong></span> <span class='ocrx_word' id='word_1_593' title='bbox 1211 4062 1371 4124; x_wconf 79' lang='grc' dir='ltr'><strong>αὐτὸς</strong></span> <span class='ocrx_word' id='word_1_594' title='bbox 1407 4063 1480 4132; x_wconf 87' lang='grc' dir='ltr'><strong>μὴ</strong></span> <span class='ocrx_word' id='word_1_595' title='bbox 1506 4063 1709 4135; x_wconf 81' lang='grc' dir='ltr'><strong>ἀμύνῃ,</strong></span> 
     </span>
    </p>
   </div>
   <div class='ocr_carea' id='block_1_73' title="bbox 127 4150 1709 4223">
    <p class='ocr_par' dir='ltr' id='par_1_73' title="bbox 127 4150 1709 4223">
     <span class='ocr_line' id='line_1_73' title="bbox 127 4150 1709 4223; baseline 0 -17"><span class='ocrx_word' id='word_1_596' title='bbox 127 4155 251 4214; x_wconf 77' lang='grc' dir='ltr'><strong>Θεὸς</strong></span> <span class='ocrx_word' id='word_1_597' title='bbox 288 4154 447 4206; x_wconf 81' lang='grc' dir='ltr'><strong>ἔσται</strong></span> <span class='ocrx_word' id='word_1_598' title='bbox 490 4154 519 4205; x_wconf 91' lang='lat'><strong>6</strong></span> <span class='ocrx_word' id='word_1_599' title='bbox 546 4152 806 4222; x_wconf 88' lang='grc' dir='ltr'><strong>τιμωρός.</strong></span> <span class='ocrx_word' id='word_1_600' title='bbox 857 4150 1218 4223; x_wconf 85' lang='grc' dir='ltr'><strong>Συγχὼρησον</strong></span> <span class='ocrx_word' id='word_1_601' title='bbox 1261 4152 1354 4206; x_wconf 81' lang='grc' dir='ltr'><strong>οὖν</strong></span> <span class='ocrx_word' id='word_1_602' title='bbox 1412 4154 1562 4223; x_wconf 78' lang='grc' dir='ltr'><strong>αὐτῷ</strong></span> <span class='ocrx_word' id='word_1_603' title='bbox 1609 4155 1709 4206; x_wconf 78' lang='grc' dir='ltr'><strong>ἐπ-</strong></span> 
     </span>
    </p>
   </div>
   <div class='ocr_carea' id='block_1_74' title="bbox 128 4242 1711 4315">
    <p class='ocr_par' dir='ltr' id='par_1_74' title="bbox 128 4242 1711 4315">
     <span class='ocr_line' id='line_1_74' title="bbox 128 4242 1711 4315; baseline 0.001 -18"><span class='ocrx_word' id='word_1_604' title='bbox 128 4245 385 4310; x_wconf 78' lang='grc' dir='ltr'><strong>εξελθεῖν.</strong></span> <span class='ocrx_word' id='word_1_605' title='bbox 418 4242 592 4296; x_wconf 82' lang='grc' dir='ltr'><strong>Τοῦτο</strong></span> <span class='ocrx_word' id='word_1_606' title='bbox 638 4244 749 4313; x_wconf 84' lang='grc' dir='ltr'><strong>γὰρ</strong></span> <span class='ocrx_word' id='word_1_607' title='bbox 778 4242 859 4308; x_wconf 75' lang='grc' dir='ltr'><strong>τὸ,</strong></span> <span class='ocrx_word' id='word_1_608' title='bbox 913 4263 930 4295; x_wconf 80' lang='grc' dir='ltr'><strong>ι</strong></span> <span class='ocrx_word' id='word_1_609' title='bbox 958 4244 1087 4296; x_wconf 86' lang='grc' dir='ltr'><strong>Δότε</strong></span> <span class='ocrx_word' id='word_1_610' title='bbox 1115 4244 1279 4296; x_wconf 83' lang='grc' dir='ltr'><strong>τόπον</strong></span> <span class='ocrx_word' id='word_1_611' title='bbox 1321 4247 1386 4315; x_wconf 82' lang='grc' dir='ltr'><strong>τῇ</strong></span> <span class='ocrx_word' id='word_1_612' title='bbox 1417 4248 1552 4315; x_wconf 82' lang='grc' dir='ltr'><strong>ὀργῇ</strong></span> <span class='ocrx_word' id='word_1_613' title='bbox 1586 4267 1604 4298; x_wconf 72' lang='grc' dir='ltr'><strong>ι</strong></span> <span class='ocrx_word' id='word_1_614' title='bbox 1643 4279 1711 4289; x_wconf 92' lang='grc'><strong>-</strong></span> 
     </span>
    </p>
   </div>
   <div class='ocr_carea' id='block_1_75' title="bbox 136 4333 1711 4406">
    <p class='ocr_par' dir='ltr' id='par_1_75' title="bbox 136 4333 1711 4406">
     <span class='ocr_line' id='line_1_75' title="bbox 136 4333 1711 4406; baseline 0.002 -20"><span class='ocrx_word' id='word_1_615' title='bbox 136 4355 152 4386; x_wconf 80' lang='grc' dir='ltr'><strong>ι</strong></span> <span class='ocrx_word' id='word_1_616' title='bbox 173 4337 495 4406; x_wconf 77' lang='grc' dir='ltr'><strong>Γέγραπται</strong></span> <span class='ocrx_word' id='word_1_617' title='bbox 524 4334 654 4403; x_wconf 82' lang='grc' dir='ltr'><strong>γάρ.</strong></span> <span class='ocrx_word' id='word_1_618' title='bbox 686 4352 705 4385; x_wconf 71' lang='grc' dir='ltr'><strong>ι</strong></span> <span class='ocrx_word' id='word_1_619' title='bbox 744 4333 1246 4403; x_wconf 84' lang='grc' dir='ltr'><strong>Παραμυθούμενος</strong></span> <span class='ocrx_word' id='word_1_620' title='bbox 1277 4335 1439 4388; x_wconf 81' lang='grc' dir='ltr'><strong>πλέον</strong></span> <span class='ocrx_word' id='word_1_621' title='bbox 1476 4336 1567 4389; x_wconf 81' lang='grc' dir='ltr'><strong>τὸν</strong></span> <span class='ocrx_word' id='word_1_622' title='bbox 1594 4337 1711 4405; x_wconf 81' lang='grc' dir='ltr'><strong>ἠδι-</strong></span> 
     </span>
    </p>
   </div>
   <div class='ocr_carea' id='block_1_76' title="bbox 130 4421 1701 4496">
    <p class='ocr_par' dir='ltr' id='par_1_76' title="bbox 130 4421 1701 4496">
     <span class='ocr_line' id='line_1_76' title="bbox 130 4421 1701 4496; baseline 0.003 -23"><span class='ocrx_word' id='word_1_623' title='bbox 130 4422 390 4491; x_wconf 82' lang='grc' dir='ltr'><strong>κημένον.</strong></span> <span class='ocrx_word' id='word_1_624' title='bbox 424 4421 602 4489; x_wconf 70' lang='grc' dir='ltr'><strong>ἧγαγε</strong></span> <span class='ocrx_word' id='word_1_625' title='bbox 635 4421 737 4490; x_wconf 80' lang='grc' dir='ltr'><strong>τὴν</strong></span> <span class='ocrx_word' id='word_1_626' title='bbox 781 4421 1105 4492; x_wconf 82' lang='grc' dir='ltr'><strong>μαρτυρίαν.</strong></span> <span class='ocrx_word' id='word_1_627' title='bbox 1143 4440 1161 4474; x_wconf 78' lang='grc' dir='ltr'><strong>ι</strong></span> <span class='ocrx_word' id='word_1_628' title='bbox 1184 4423 1339 4493; x_wconf 77' lang='grc' dir='ltr'><strong>Ἐμοὶ</strong></span> <span class='ocrx_word' id='word_1_629' title='bbox 1367 4424 1701 4496; x_wconf 79' lang='grc' dir='ltr'><strong>ὲκδίκησις,›</strong></span> 
     </span>
    </p>
   </div>
   <div class='ocr_carea' id='block_1_77' title="bbox 124 4512 1127 4582">
    <p class='ocr_par' dir='ltr' id='par_1_77' title="bbox 124 4512 1127 4582">
     <span class='ocr_line' id='line_1_77' title="bbox 124 4512 1127 4582; baseline 0.004 -20"><span class='ocrx_word' id='word_1_630' title='bbox 124 4513 395 4574; x_wconf 80' lang='grc' dir='ltr'><strong>τουτέστι,</strong></span> <span class='ocrx_word' id='word_1_631' title='bbox 440 4513 579 4578; x_wconf 79' lang='lat' dir='ltr'><strong>ﬂap‘</strong></span> <span class='ocrx_word' id='word_1_632' title='bbox 617 4513 739 4581; x_wconf 71' lang='grc' dir='ltr'><strong>ἐμοὶ</strong></span> <span class='ocrx_word' id='word_1_633' title='bbox 762 4514 796 4582; x_wconf 76' lang='grc' dir='ltr'>ὴ</span> <span class='ocrx_word' id='word_1_634' title='bbox 830 4512 1127 4581; x_wconf 67' lang='grc' dir='ltr'><strong>ἐκδίκησις.</strong></span> 
     </span>
    </p>
   </div>
   <div class='ocr_carea' id='block_1_78' title="bbox 1814 3243 3400 3315">
    <p class='ocr_par' dir='ltr' id='par_1_78' title="bbox 1814 3243 3400 3315">
     <span class='ocr_line' id='line_1_78' title="bbox 1814 3243 3400 3315; baseline 0.009 -18"><span class='ocrx_word' id='word_1_635' title='bbox 1814 3243 2021 3297; x_wconf 65' lang='lat' dir='ltr'><strong>Iudaeo.</strong></span> <span class='ocrx_word' id='word_1_636' title='bbox 2074 3244 2128 3296; x_wconf 91' lang='lat' dir='ltr'><strong>Id</strong></span> <span class='ocrx_word' id='word_1_637' title='bbox 2185 3244 2331 3298; x_wconf 92' lang='lat' dir='ltr'><strong>enim</strong></span> <span class='ocrx_word' id='word_1_638' title='bbox 2386 3256 2468 3299; x_wconf 90' lang='lat' dir='ltr'><strong>est</strong></span> <span class='ocrx_word' id='word_1_639' title='bbox 2517 3248 2662 3315; x_wconf 91' lang='lat' dir='ltr'><strong>quod</strong></span> <span class='ocrx_word' id='word_1_640' title='bbox 2712 3249 2786 3302; x_wconf 89' lang='lat' dir='ltr'><strong>ait</strong></span> <span class='ocrx_word' id='word_1_641' title='bbox 2829 3266 2843 3311; x_wconf 90' lang='lat'><strong>;</strong></span> <span class='ocrx_word' id='word_1_642' title='bbox 2902 3270 2918 3301; x_wconf 82' lang='grc' dir='ltr'><strong>ι</strong></span> <span class='ocrx_word' id='word_1_643' title='bbox 2952 3251 3087 3305; x_wconf 84' lang='lat' dir='ltr'><strong>Cum</strong></span> <span class='ocrx_word' id='word_1_644' title='bbox 3144 3256 3400 3311; x_wconf 89' lang='lat' dir='ltr'><strong>omnibus</strong></span> 
     </span>
    </p>
   </div>
   <div class='ocr_carea' id='block_1_79' title="bbox 1814 3334 3400 3414">
    <p class='ocr_par' dir='ltr' id='par_1_79' title="bbox 1814 3334 3400 3414">
     <span class='ocr_line' id='line_1_79' title="bbox 1814 3334 3400 3414; baseline 0.01 -28"><span class='ocrx_word' id='word_1_645' title='bbox 1814 3350 2010 3403; x_wconf 85' lang='lat' dir='ltr'><strong>nempe</strong></span> <span class='ocrx_word' id='word_1_646' title='bbox 2044 3334 2298 3388; x_wconf 80' lang='lat' dir='ltr'><strong>ﬁdelibus</strong></span> <span class='ocrx_word' id='word_1_647' title='bbox 2331 3347 2385 3389; x_wconf 88' lang='lat' dir='ltr'><strong>et</strong></span> <span class='ocrx_word' id='word_1_648' title='bbox 2417 3337 2782 3392; x_wconf 73' lang='lat' dir='ltr'><strong>illﬁdl‘ilINlS.)</strong></span> <span class='ocrx_word' id='word_1_649' title='bbox 2819 3371 2887 3380; x_wconf 91' lang='lat'><strong>—</strong></span> <span class='ocrx_word' id='word_1_650' title='bbox 2921 3362 2937 3391; x_wconf 74' lang='grc' dir='ltr'><strong>ι</strong></span> <span class='ocrx_word' id='word_1_651' title='bbox 2980 3343 3095 3396; x_wconf 86' lang='lat' dir='ltr'><strong>Non</strong></span> <span class='ocrx_word' id='word_1_652' title='bbox 3128 3361 3224 3398; x_wconf 85' lang='lat' dir='ltr'><strong>vos</strong></span> <span class='ocrx_word' id='word_1_653' title='bbox 3252 3348 3400 3414; x_wconf 76' lang='lat' dir='ltr'><strong>ipsos</strong></span> 
     </span>
    </p>
   </div>
   <div class='ocr_carea' id='block_1_80' title="bbox 1813 3426 3396 3504">
    <p class='ocr_par' dir='ltr' id='par_1_80' title="bbox 1813 3426 3396 3504">
     <span class='ocr_line' id='line_1_80' title="bbox 1813 3426 3396 3504; baseline 0.011 -31"><span class='ocrx_word' id='word_1_654' title='bbox 1813 3426 2162 3479; x_wconf 81' lang='lat' dir='ltr'><strong>ulciscentes.</strong></span> <span class='ocrx_word' id='word_1_655' title='bbox 2208 3446 2225 3477; x_wconf 73' lang='grc' dir='ltr'><strong>ι</strong></span> <span class='ocrx_word' id='word_1_656' title='bbox 2262 3427 2717 3497; x_wconf 83' lang='lat' dir='ltr'><strong>Quandoquidem</strong></span> <span class='ocrx_word' id='word_1_657' title='bbox 2753 3431 2854 3484; x_wconf 90' lang='lat' dir='ltr'><strong>hoc</strong></span> <span class='ocrx_word' id='word_1_658' title='bbox 2888 3448 3232 3504; x_wconf 84' lang='lat' dir='ltr'><strong>consequens</strong></span> <span class='ocrx_word' id='word_1_659' title='bbox 3257 3446 3396 3503; x_wconf 81' lang='lat' dir='ltr'><strong>erat,</strong></span> 
     </span>
    </p>
   </div>
   <div class='ocr_carea' id='block_1_81' title="bbox 1813 3518 3395 3598">
    <p class='ocr_par' dir='ltr' id='par_1_81' title="bbox 1813 3518 3395 3598">
     <span class='ocr_line' id='line_1_81' title="bbox 1813 3518 3395 3598; baseline 0.009 -28"><span class='ocrx_word' id='word_1_660' title='bbox 1813 3532 1940 3570; x_wconf 89' lang='lat' dir='ltr'><strong>eum</strong></span> <span class='ocrx_word' id='word_1_661' title='bbox 1982 3518 2075 3586; x_wconf 90' lang='lat' dir='ltr'><strong>qui</strong></span> <span class='ocrx_word' id='word_1_662' title='bbox 2132 3518 2329 3588; x_wconf 87' lang='lat' dir='ltr'><strong>injuria</strong></span> <span class='ocrx_word' id='word_1_663' title='bbox 2371 3520 2601 3573; x_wconf 70' lang='lat' dir='ltr'><strong>allectus</strong></span> <span class='ocrx_word' id='word_1_664' title='bbox 2649 3532 2797 3575; x_wconf 88' lang='lat' dir='ltr'><strong>esset</strong></span> <span class='ocrx_word' id='word_1_665' title='bbox 2837 3525 3100 3579; x_wconf 90' lang='lat' dir='ltr'><strong>ultionem</strong></span> <span class='ocrx_word' id='word_1_666' title='bbox 3154 3532 3395 3598; x_wconf 70' lang='lat' dir='ltr'><strong>aSsequi,</strong></span> 
     </span>
    </p>
   </div>
   <div class='ocr_carea' id='block_1_82' title="bbox 1814 3608 3396 3690">
    <p class='ocr_par' dir='ltr' id='par_1_82' title="bbox 1814 3608 3396 3690">
     <span class='ocr_line' id='line_1_82' title="bbox 1814 3608 3396 3690; baseline 0.009 -30"><span class='ocrx_word' id='word_1_667' title='bbox 1814 3608 1917 3661; x_wconf 88' lang='lat' dir='ltr'><strong>hoc</strong></span> <span class='ocrx_word' id='word_1_668' title='bbox 1976 3609 2177 3677; x_wconf 89' lang='lat' dir='ltr'><strong>ipsum,</strong></span> <span class='ocrx_word' id='word_1_669' title='bbox 2230 3609 2426 3679; x_wconf 87' lang='lat' dir='ltr'><strong>inquit,</strong></span> <span class='ocrx_word' id='word_1_670' title='bbox 2486 3612 2581 3665; x_wconf 90' lang='lat' dir='ltr'><strong>tibi</strong></span> <span class='ocrx_word' id='word_1_671' title='bbox 2644 3615 2977 3683; x_wconf 68' lang='lat' dir='ltr'><strong>praccipitur,</strong></span> <span class='ocrx_word' id='word_1_672' title='bbox 3033 3634 3101 3673; x_wconf 88' lang='lat' dir='ltr'><strong>ne</strong></span> <span class='ocrx_word' id='word_1_673' title='bbox 3162 3621 3396 3690; x_wconf 87' lang='lat' dir='ltr'><strong>teipsum</strong></span> 
     </span>
    </p>
   </div>
   <div class='ocr_carea' id='block_1_83' title="bbox 1814 3700 3399 3774">
    <p class='ocr_par' dir='ltr' id='par_1_83' title="bbox 1814 3700 3399 3774">
     <span class='ocr_line' id='line_1_83' title="bbox 1814 3700 3399 3774; baseline 0.009 -21"><span class='ocrx_word' id='word_1_674' title='bbox 1814 3700 2116 3760; x_wconf 84' lang='lat' dir='ltr'><strong>ulciscaris,</strong></span> <span class='ocrx_word' id='word_1_675' title='bbox 2147 3710 2203 3753; x_wconf 88' lang='lat' dir='ltr'><strong>et</strong></span> <span class='ocrx_word' id='word_1_676' title='bbox 2234 3701 2373 3754; x_wconf 90' lang='lat' dir='ltr'><strong>Deus</strong></span> <span class='ocrx_word' id='word_1_677' title='bbox 2406 3712 2454 3755; x_wconf 89' lang='lat' dir='ltr'><strong>te</strong></span> <span class='ocrx_word' id='word_1_678' title='bbox 2496 3704 2809 3760; x_wconf 88' lang='lat' dir='ltr'><strong>ulciscetur.</strong></span> <span class='ocrx_word' id='word_1_679' title='bbox 2834 3707 2965 3760; x_wconf 85' lang='lat' dir='ltr'><strong>Nam</strong></span> <span class='ocrx_word' id='word_1_680' title='bbox 2996 3709 3141 3773; x_wconf 82' lang='lat' dir='ltr'><strong>date,</strong></span> <span class='ocrx_word' id='word_1_681' title='bbox 3182 3713 3279 3774; x_wconf 89' lang='lat' dir='ltr'><strong>ait,</strong></span> <span class='ocrx_word' id='word_1_682' title='bbox 3318 3714 3399 3767; x_wconf 84' lang='grc' dir='ltr'><strong>Ιο·</strong></span> 
     </span>
    </p>
   </div>
   <div class='ocr_carea' id='block_1_84' title="bbox 1812 3793 3396 3872">
    <p class='ocr_par' dir='ltr' id='par_1_84' title="bbox 1812 3793 3396 3872">
     <span class='ocr_line' id='line_1_84' title="bbox 1812 3793 3396 3872; baseline 0.009 -29"><span class='ocrx_word' id='word_1_683' title='bbox 1812 3806 1937 3845; x_wconf 89' lang='lat' dir='ltr'><strong>cum</strong></span> <span class='ocrx_word' id='word_1_684' title='bbox 1963 3807 2024 3844; x_wconf 92' lang='lat' dir='ltr'><strong>ac</strong></span> <span class='ocrx_word' id='word_1_685' title='bbox 2047 3793 2281 3857; x_wconf 86' lang='lat' dir='ltr'><strong>spatium</strong></span> <span class='ocrx_word' id='word_1_686' title='bbox 2319 3803 2377 3847; x_wconf 90' lang='lat' dir='ltr'><strong>ut</strong></span> <span class='ocrx_word' id='word_1_687' title='bbox 2416 3794 2495 3847; x_wconf 89' lang='lat' dir='ltr'><strong>ira</strong></span> <span class='ocrx_word' id='word_1_688' title='bbox 2537 3796 2631 3849; x_wconf 88' lang='lat' dir='ltr'><strong>Dei</strong></span> <span class='ocrx_word' id='word_1_689' title='bbox 2666 3798 2868 3850; x_wconf 85' lang='lat' dir='ltr'><strong>veniat.</strong></span> <span class='ocrx_word' id='word_1_690' title='bbox 2900 3800 2955 3853; x_wconf 86' lang='lat' dir='ltr'><strong>Si</strong></span> <span class='ocrx_word' id='word_1_691' title='bbox 2983 3801 3129 3854; x_wconf 90' lang='lat' dir='ltr'><strong>enim</strong></span> <span class='ocrx_word' id='word_1_692' title='bbox 3160 3804 3396 3872; x_wconf 88' lang='lat' dir='ltr'><strong>leipsum</strong></span> 
     </span>
    </p>
   </div>
   <div class='ocr_carea' id='block_1_85' title="bbox 1814 3879 3398 3945">
    <p class='ocr_par' dir='ltr' id='par_1_85' title="bbox 1814 3879 3398 3945">
     <span class='ocr_line' id='line_1_85' title="bbox 1814 3879 3398 3945; baseline 0.008 -13"><span class='ocrx_word' id='word_1_693' title='bbox 1814 3881 1961 3934; x_wconf 90' lang='lat' dir='ltr'><strong>ultus</strong></span> <span class='ocrx_word' id='word_1_694' title='bbox 1993 3880 2186 3945; x_wconf 80' lang='lat' dir='ltr'><strong>lucris,</strong></span> <span class='ocrx_word' id='word_1_695' title='bbox 2216 3879 2307 3935; x_wconf 91' lang='lat' dir='ltr'><strong>ubi</strong></span> <span class='ocrx_word' id='word_1_696' title='bbox 2336 3882 2549 3935; x_wconf 87' lang='lat' dir='ltr'><strong>venerit</strong></span> <span class='ocrx_word' id='word_1_697' title='bbox 2580 3883 2656 3935; x_wconf 87' lang='lat' dir='ltr'><strong>ira</strong></span> <span class='ocrx_word' id='word_1_698' title='bbox 2678 3884 2794 3943; x_wconf 85' lang='lat' dir='ltr'><strong>Dei.</strong></span> <span class='ocrx_word' id='word_1_699' title='bbox 2828 3885 3007 3939; x_wconf 91' lang='lat' dir='ltr'><strong>locum</strong></span> <span class='ocrx_word' id='word_1_700' title='bbox 3036 3903 3143 3939; x_wconf 89' lang='lat' dir='ltr'><strong>non</strong></span> <span class='ocrx_word' id='word_1_701' title='bbox 3173 3889 3398 3944; x_wconf 88' lang='lat' dir='ltr'><strong>habebit</strong></span> 
     </span>
    </p>
   </div>
   <div class='ocr_carea' id='block_1_86' title="bbox 1814 3972 3395 4048">
    <p class='ocr_par' dir='ltr' id='par_1_86' title="bbox 1814 3972 3395 4048">
     <span class='ocr_line' id='line_1_86' title="bbox 1814 3972 3395 4048; baseline 0.006 -24"><span class='ocrx_word' id='word_1_702' title='bbox 1814 3972 2078 4025; x_wconf 89' lang='lat' dir='ltr'><strong>ultionem</strong></span> <span class='ocrx_word' id='word_1_703' title='bbox 2104 3972 2521 4042; x_wconf 90' lang='lat' dir='ltr'><strong>sumendi,quia</strong></span> <span class='ocrx_word' id='word_1_704' title='bbox 2544 3974 2779 4043; x_wconf 88' lang='lat' dir='ltr'><strong>primum</strong></span> <span class='ocrx_word' id='word_1_705' title='bbox 2806 3976 2951 4029; x_wconf 88' lang='lat' dir='ltr'><strong>ultus</strong></span> <span class='ocrx_word' id='word_1_706' title='bbox 2967 3993 3025 4029; x_wconf 85' lang='lat' dir='ltr'><strong>es</strong></span> <span class='ocrx_word' id='word_1_707' title='bbox 3045 3981 3395 4048; x_wconf 82' lang='lat' dir='ltr'><strong>temetipsum</strong></span> 
     </span>
    </p>
   </div>
   <div class='ocr_carea' id='block_1_87' title="bbox 1812 4063 3394 4134">
    <p class='ocr_par' dir='ltr' id='par_1_87' title="bbox 1812 4063 3394 4134">
     <span class='ocr_line' id='line_1_87' title="bbox 1812 4063 3394 4134; baseline 0.006 -19"><span class='ocrx_word' id='word_1_708' title='bbox 1812 4063 1958 4132; x_wconf 91' lang='lat' dir='ltr'><strong>quod</strong></span> <span class='ocrx_word' id='word_1_709' title='bbox 1983 4065 2024 4116; x_wconf 81' lang='lat' dir='ltr'><strong>si</strong></span> <span class='ocrx_word' id='word_1_710' title='bbox 2062 4073 2118 4116; x_wconf 92' lang='lat' dir='ltr'><strong>tu</strong></span> <span class='ocrx_word' id='word_1_711' title='bbox 2148 4079 2256 4118; x_wconf 91' lang='lat' dir='ltr'><strong>non</strong></span> <span class='ocrx_word' id='word_1_712' title='bbox 2282 4065 2547 4128; x_wconf 84' lang='lat' dir='ltr'><strong>vindices,</strong></span> <span class='ocrx_word' id='word_1_713' title='bbox 2581 4066 2660 4119; x_wconf 90' lang='lat' dir='ltr'><strong>ira</strong></span> <span class='ocrx_word' id='word_1_714' title='bbox 2688 4068 2887 4120; x_wconf 87' lang='lat' dir='ltr'><strong>veniet.</strong></span> <span class='ocrx_word' id='word_1_715' title='bbox 2917 4068 3185 4134; x_wconf 83' lang='lat' dir='ltr'><strong>Quoniam</strong></span> <span class='ocrx_word' id='word_1_716' title='bbox 3211 4080 3394 4125; x_wconf 89' lang='lat' dir='ltr'><strong>autem</strong></span> 
     </span>
    </p>
   </div>
   <div class='ocr_carea' id='block_1_88' title="bbox 1815 4154 3399 4223">
    <p class='ocr_par' dir='ltr' id='par_1_88' title="bbox 1815 4154 3399 4223">
     <span class='ocr_line' id='line_1_88' title="bbox 1815 4154 3399 4223; baseline 0.004 -15"><span class='ocrx_word' id='word_1_717' title='bbox 1815 4155 1861 4208; x_wconf 90' lang='lat' dir='ltr'><strong>is</strong></span> <span class='ocrx_word' id='word_1_718' title='bbox 1897 4154 1992 4223; x_wconf 88' lang='lat' dir='ltr'><strong>qui</strong></span> <span class='ocrx_word' id='word_1_719' title='bbox 2024 4154 2223 4223; x_wconf 86' lang='lat' dir='ltr'><strong>injuria</strong></span> <span class='ocrx_word' id='word_1_720' title='bbox 2255 4154 2487 4209; x_wconf 73' lang='lat' dir='ltr'><strong>allectus</strong></span> <span class='ocrx_word' id='word_1_721' title='bbox 2525 4164 2610 4209; x_wconf 85' lang='lat' dir='ltr'><strong>est</strong></span> <span class='ocrx_word' id='word_1_722' title='bbox 2631 4197 2647 4221; x_wconf 92' lang='lat'><strong>,</strong></span> <span class='ocrx_word' id='word_1_723' title='bbox 2681 4156 2787 4211; x_wconf 86' lang='lat' dir='ltr'><strong>hoc</strong></span> <span class='ocrx_word' id='word_1_724' title='bbox 2822 4162 3054 4212; x_wconf 75' lang='lat' dir='ltr'><strong>maxime</strong></span> <span class='ocrx_word' id='word_1_725' title='bbox 3086 4161 3270 4214; x_wconf 88' lang='lat' dir='ltr'><strong>videre</strong></span> <span class='ocrx_word' id='word_1_726' title='bbox 3302 4163 3399 4215; x_wconf 53' lang='lat' dir='ltr'><strong>de.</strong></span> 
     </span>
    </p>
   </div>
   <div class='ocr_carea' id='block_1_89' title="bbox 1813 4242 3393 4318">
    <p class='ocr_par' dir='ltr' id='par_1_89' title="bbox 1813 4242 3393 4318">
     <span class='ocr_line' id='line_1_89' title="bbox 1813 4242 3393 4318; baseline 0.006 -23"><span class='ocrx_word' id='word_1_727' title='bbox 1813 4242 2038 4307; x_wconf 84' lang='lat' dir='ltr'><strong>siderat,</strong></span> <span class='ocrx_word' id='word_1_728' title='bbox 2071 4259 2267 4313; x_wconf 91' lang='lat' dir='ltr'><strong>nempe</strong></span> <span class='ocrx_word' id='word_1_729' title='bbox 2312 4244 2553 4313; x_wconf 88' lang='lat' dir='ltr'><strong>seipsum</strong></span> <span class='ocrx_word' id='word_1_730' title='bbox 2581 4246 2788 4301; x_wconf 90' lang='lat' dir='ltr'><strong>ultione</strong></span> <span class='ocrx_word' id='word_1_731' title='bbox 2826 4246 2970 4301; x_wconf 89' lang='lat' dir='ltr'><strong>lrui:</strong></span> <span class='ocrx_word' id='word_1_732' title='bbox 3008 4248 3110 4302; x_wconf 91' lang='lat' dir='ltr'><strong>hoc</strong></span> <span class='ocrx_word' id='word_1_733' title='bbox 3140 4250 3241 4318; x_wconf 89' lang='lat' dir='ltr'><strong>ipsi</strong></span> <span class='ocrx_word' id='word_1_734' title='bbox 3267 4265 3393 4305; x_wconf 89' lang='lat' dir='ltr'><strong>cum</strong></span> 
     </span>
    </p>
   </div>
   <div class='ocr_carea' id='block_1_90' title="bbox 1813 4336 3393 4408">
    <p class='ocr_par' dir='ltr' id='par_1_90' title="bbox 1813 4336 3393 4408">
     <span class='ocr_line' id='line_1_90' title="bbox 1813 4336 3393 4408; baseline 0.003 -20"><span class='ocrx_word' id='word_1_735' title='bbox 1813 4350 2005 4404; x_wconf 81' lang='lat' dir='ltr'><strong>magna</strong></span> <span class='ocrx_word' id='word_1_736' title='bbox 2042 4336 2239 4390; x_wconf 90' lang='lat' dir='ltr'><strong>tribuit</strong></span> <span class='ocrx_word' id='word_1_737' title='bbox 2268 4336 2541 4405; x_wconf 74' lang='lat' dir='ltr'><strong>largitate.</strong></span> <span class='ocrx_word' id='word_1_738' title='bbox 2580 4337 2715 4391; x_wconf 85' lang='lat' dir='ltr'><strong>Nam</strong></span> <span class='ocrx_word' id='word_1_739' title='bbox 2747 4338 2793 4393; x_wconf 88' lang='lat' dir='ltr'><strong>si</strong></span> <span class='ocrx_word' id='word_1_740' title='bbox 2837 4339 2951 4408; x_wconf 90' lang='lat' dir='ltr'><strong>ipse</strong></span> <span class='ocrx_word' id='word_1_741' title='bbox 2989 4355 3097 4393; x_wconf 91' lang='lat' dir='ltr'><strong>non</strong></span> <span class='ocrx_word' id='word_1_742' title='bbox 3131 4341 3393 4407; x_wconf 90' lang='lat' dir='ltr'><strong>vindicet,</strong></span> 
     </span>
    </p>
   </div>
   <div class='ocr_carea' id='block_1_91' title="bbox 1812 4426 3396 4499">
    <p class='ocr_par' dir='ltr' id='par_1_91' title="bbox 1812 4426 3396 4499">
     <span class='ocr_line' id='line_1_91' title="bbox 1812 4426 3396 4499; baseline 0.005 -20"><span class='ocrx_word' id='word_1_743' title='bbox 1812 4426 1959 4480; x_wconf 82' lang='lat' dir='ltr'><strong>Deus</strong></span> <span class='ocrx_word' id='word_1_744' title='bbox 1988 4426 2135 4481; x_wconf 91' lang='lat' dir='ltr'><strong>ultor</strong></span> <span class='ocrx_word' id='word_1_745' title='bbox 2162 4426 2291 4482; x_wconf 91' lang='lat' dir='ltr'><strong>erit.</strong></span> <span class='ocrx_word' id='word_1_746' title='bbox 2325 4427 2591 4483; x_wconf 87' lang='lat' dir='ltr'><strong>Permitte</strong></span> <span class='ocrx_word' id='word_1_747' title='bbox 2612 4430 2776 4499; x_wconf 73' lang='lat' dir='ltr'><strong>igitur</strong></span> <span class='ocrx_word' id='word_1_748' title='bbox 2803 4430 2879 4484; x_wconf 91' lang='lat' dir='ltr'><strong>illi</strong></span> <span class='ocrx_word' id='word_1_749' title='bbox 2913 4440 2972 4484; x_wconf 93' lang='lat' dir='ltr'><strong>ut</strong></span> <span class='ocrx_word' id='word_1_750' title='bbox 2997 4432 3259 4494; x_wconf 87' lang='lat' dir='ltr'><strong>vindicet,</strong></span> <span class='ocrx_word' id='word_1_751' title='bbox 3291 4433 3396 4487; x_wconf 82' lang='lat' dir='ltr'><strong>hoc</strong></span> 
     </span>
    </p>
   </div>
   <div class='ocr_carea' id='block_1_92' title="bbox 1746 4509 3395 4585">
    <p class='ocr_par' dir='ltr' id='par_1_92' title="bbox 1746 4509 3395 4585">
     <span class='ocr_line' id='line_1_92' title="bbox 1746 4509 3395 4585; baseline 0.002 -16"><span class='ocrx_word' id='word_1_752' title='bbox 1746 4509 1788 4562; x_wconf 84' lang='lat' dir='ltr'><strong>D</strong></span> <span class='ocrx_word' id='word_1_753' title='bbox 1816 4526 1901 4569; x_wconf 89' lang='lat' dir='ltr'><strong>est</strong></span> <span class='ocrx_word' id='word_1_754' title='bbox 1929 4515 2075 4568; x_wconf 91' lang='lat' dir='ltr'><strong>enim</strong></span> <span class='ocrx_word' id='word_1_755' title='bbox 2103 4514 2249 4585; x_wconf 88' lang='lat' dir='ltr'><strong>quod</strong></span> <span class='ocrx_word' id='word_1_756' title='bbox 2278 4514 2356 4568; x_wconf 85' lang='lat' dir='ltr'><strong>ait</strong></span> <span class='ocrx_word' id='word_1_757' title='bbox 2382 4532 2395 4567; x_wconf 92' lang='lat'>:</span> <span class='ocrx_word' id='word_1_758' title='bbox 2451 4533 2469 4561; x_wconf 75' lang='grc' dir='ltr'><strong><em>ο</em></strong></span> <span class='ocrx_word' id='word_1_759' title='bbox 2508 4516 2641 4570; x_wconf 91' lang='lat' dir='ltr'><strong>Date</strong></span> <span class='ocrx_word' id='word_1_760' title='bbox 2670 4517 2853 4570; x_wconf 91' lang='lat' dir='ltr'><strong>locum</strong></span> <span class='ocrx_word' id='word_1_761' title='bbox 2882 4516 2998 4570; x_wconf 66' lang='lat' dir='ltr'><strong>irae.</strong></span> <span class='ocrx_word' id='word_1_762' title='bbox 3029 4535 3045 4567; x_wconf 84' lang='grc'><strong>›</strong></span> <span class='ocrx_word' id='word_1_763' title='bbox 3079 4547 3148 4559; x_wconf 89' lang='grc'><strong>-</strong></span> <span class='ocrx_word' id='word_1_764' title='bbox 3185 4537 3201 4567; x_wconf 86' lang='grc'>‹</span> <span class='ocrx_word' id='word_1_765' title='bbox 3241 4517 3395 4572; x_wconf 89' lang='lat' dir='ltr'><strong>Scri-</strong></span> 
     </span>
    </p>
   </div>
   <div class='ocr_carea' id='block_1_93' title="bbox 125 4602 3393 4678">
    <p class='ocr_par' dir='ltr' id='par_1_93' title="bbox 125 4602 3393 4678">
     <span class='ocr_line' id='line_1_93' title="bbox 125 4602 3393 4678; baseline 0.002 -24"><span class='ocrx_word' id='word_1_766' title='bbox 125 4611 275 4669; x_wconf 87' lang='lat' dir='ltr'><strong>plum</strong></span> <span class='ocrx_word' id='word_1_767' title='bbox 302 4612 391 4657; x_wconf 86' lang='lat' dir='ltr'><strong>est</strong></span> <span class='ocrx_word' id='word_1_768' title='bbox 421 4602 591 4655; x_wconf 87' lang='lat' dir='ltr'><strong>enim.</strong></span> <span class='ocrx_word' id='word_1_769' title='bbox 619 4621 637 4653; x_wconf 72' lang='grc' dir='ltr'><strong>ι</strong></span> <span class='ocrx_word' id='word_1_770' title='bbox 662 4602 795 4655; x_wconf 86' lang='lat' dir='ltr'><strong>Eum</strong></span> <span class='ocrx_word' id='word_1_771' title='bbox 816 4602 911 4671; x_wconf 91' lang='lat' dir='ltr'><strong>qui</strong></span> <span class='ocrx_word' id='word_1_772' title='bbox 941 4602 1138 4672; x_wconf 90' lang='lat' dir='ltr'><strong>injuria</strong></span> <span class='ocrx_word' id='word_1_773' title='bbox 1159 4603 1390 4659; x_wconf 68' lang='lat' dir='ltr'><strong>allectus</strong></span> <span class='ocrx_word' id='word_1_774' title='bbox 1451 4614 1537 4661; x_wconf 90' lang='lat' dir='ltr'><strong>est</strong></span> <span class='ocrx_word' id='word_1_775' title='bbox 1600 4608 1774 4678; x_wconf 80' lang='lat' dir='ltr'><strong>magis</strong></span> <span class='ocrx_word' id='word_1_776' title='bbox 1810 4605 2144 4661; x_wconf 82' lang='lat' dir='ltr'><strong>consolando</strong></span> <span class='ocrx_word' id='word_1_777' title='bbox 2168 4646 2184 4672; x_wconf 95' lang='lat'><strong>,</strong></span> <span class='ocrx_word' id='word_1_778' title='bbox 2266 4607 2528 4676; x_wconf 77' lang='lat' dir='ltr'><strong>produxit</strong></span> <span class='ocrx_word' id='word_1_779' title='bbox 2617 4606 2912 4676; x_wconf 69' lang='lat' dir='ltr'><strong>Scriptum</strong></span> <span class='ocrx_word' id='word_1_780' title='bbox 2996 4610 3393 4664; x_wconf 70' lang='lat' dir='ltr'><strong>testimonium.</strong></span> 
     </span>
    </p>
   </div>
   <div class='ocr_carea' id='block_1_94' title="bbox 130 4693 1387 4763">
    <p class='ocr_par' dir='ltr' id='par_1_94' title="bbox 130 4693 1387 4763">
     <span class='ocr_line' id='line_1_94' title="bbox 130 4693 1387 4763; baseline 0.006 -21"><span class='ocrx_word' id='word_1_781' title='bbox 130 4711 147 4742; x_wconf 78' lang='grc' dir='ltr'><strong>ι</strong></span> <span class='ocrx_word' id='word_1_782' title='bbox 184 4693 321 4747; x_wconf 74' lang='lat' dir='ltr'><strong>Mihi</strong></span> <span class='ocrx_word' id='word_1_783' title='bbox 354 4694 513 4758; x_wconf 91' lang='lat' dir='ltr'><strong>ultio,</strong></span> <span class='ocrx_word' id='word_1_784' title='bbox 554 4712 572 4745; x_wconf 83' lang='grc'><strong>›</strong></span> <span class='ocrx_word' id='word_1_785' title='bbox 610 4693 665 4747; x_wconf 91' lang='lat' dir='ltr'><strong>id</strong></span> <span class='ocrx_word' id='word_1_786' title='bbox 688 4703 794 4761; x_wconf 90' lang='lat' dir='ltr'><strong>est,</strong></span> <span class='ocrx_word' id='word_1_787' title='bbox 834 4694 976 4763; x_wconf 90' lang='lat' dir='ltr'><strong>apud</strong></span> <span class='ocrx_word' id='word_1_788' title='bbox 1006 4710 1092 4749; x_wconf 88' lang='lat' dir='ltr'><strong>me</strong></span> <span class='ocrx_word' id='word_1_789' title='bbox 1115 4702 1200 4749; x_wconf 88' lang='lat' dir='ltr'><strong>est</strong></span> <span class='ocrx_word' id='word_1_790' title='bbox 1230 4696 1387 4750; x_wconf 91' lang='lat' dir='ltr'><strong>ultio.</strong></span> 
     </span>
    </p>
   </div>
   <div class='ocr_carea' id='block_1_95' title="bbox 203 4809 1703 4887">
    <p class='ocr_par' dir='ltr' id='par_1_95' title="bbox 203 4809 1703 4887">
     <span class='ocr_line' id='line_1_95' title="bbox 203 4809 1703 4887; baseline 0.01 -48"><span class='ocrx_word' id='word_1_791' title='bbox 203 4818 345 4870; x_wconf 56' lang='grc' dir='ltr'><strong>θεὸν</strong></span> <span class='ocrx_word' id='word_1_792' title='bbox 370 4809 485 4868; x_wconf 82' lang='grc' dir='ltr'><strong>οὖν</strong></span> <span class='ocrx_word' id='word_1_793' title='bbox 526 4812 703 4881; x_wconf 78' lang='grc' dir='ltr'><strong>πεινᾷ</strong></span> <span class='ocrx_word' id='word_1_794' title='bbox 739 4816 772 4868; x_wconf 80' lang='grc' dir='ltr'><strong>δ</strong></span> <span class='ocrx_word' id='word_1_795' title='bbox 808 4815 1022 4883; x_wconf 78' lang='grc' dir='ltr'><strong>ἐχθρός</strong></span> <span class='ocrx_word' id='word_1_796' title='bbox 1060 4832 1199 4883; x_wconf 63' lang='grc' dir='ltr'><strong>σου,</strong></span> <span class='ocrx_word' id='word_1_797' title='bbox 1231 4817 1449 4887; x_wconf 66' lang='grc' dir='ltr'><strong>ψώμιζε</strong></span> <span class='ocrx_word' id='word_1_798' title='bbox 1496 4822 1703 4875; x_wconf 66' lang='grc' dir='ltr'><strong>αὐτόν.</strong></span> 
     </span>
    </p>
   </div>
   <div class='ocr_carea' id='block_1_96' title="bbox 130 4903 1709 4977">
    <p class='ocr_par' dir='ltr' id='par_1_96' title="bbox 130 4903 1709 4977">
     <span class='ocr_line' id='line_1_96' title="bbox 130 4903 1709 4977; baseline 0.001 -16"><span class='ocrx_word' id='word_1_799' title='bbox 130 4909 233 4962; x_wconf 80' lang='grc' dir='ltr'><strong>ἐὰν</strong></span> <span class='ocrx_word' id='word_1_800' title='bbox 256 4903 433 4974; x_wconf 69' lang='grc' dir='ltr'><strong>διψᾷ,</strong></span> <span class='ocrx_word' id='word_1_801' title='bbox 467 4903 662 4964; x_wconf 57' lang='grc' dir='ltr'><strong>πότιζε</strong></span> <span class='ocrx_word' id='word_1_802' title='bbox 684 4905 889 4958; x_wconf 85' lang='grc' dir='ltr'><strong>αὐτόν.</strong></span> <span class='ocrx_word' id='word_1_803' title='bbox 925 4906 1106 4960; x_wconf 81' lang='grc' dir='ltr'><strong>Τοῦτο</strong></span> <span class='ocrx_word' id='word_1_804' title='bbox 1127 4907 1237 4974; x_wconf 73' lang='grc' dir='ltr'><strong>γὰρ</strong></span> <span class='ocrx_word' id='word_1_805' title='bbox 1263 4911 1467 4973; x_wconf 83' lang='grc' dir='ltr'><strong>ποιῶν,</strong></span> <span class='ocrx_word' id='word_1_806' title='bbox 1492 4911 1709 4977; x_wconf 77' lang='grc' dir='ltr'><strong>ἄνθρα-</strong></span> 
     </span>
    </p>
   </div>
   <div class='ocr_carea' id='block_1_97' title="bbox 134 4994 1702 5066">
    <p class='ocr_par' dir='ltr' id='par_1_97' title="bbox 134 4994 1702 5066">
     <span class='ocr_line' id='line_1_97' title="bbox 134 4994 1702 5066; baseline 0.003 -16"><span class='ocrx_word' id='word_1_807' title='bbox 134 5014 239 5063; x_wconf 73' lang='grc' dir='ltr'><strong>κας</strong></span> <span class='ocrx_word' id='word_1_808' title='bbox 284 4996 479 5063; x_wconf 80' lang='grc' dir='ltr'><strong>πυρὸς</strong></span> <span class='ocrx_word' id='word_1_809' title='bbox 522 4994 851 5060; x_wconf 73' lang='grc' dir='ltr'><strong>σωρεύσεις</strong></span> <span class='ocrx_word' id='word_1_810' title='bbox 882 4995 981 5048; x_wconf 75' lang='grc' dir='ltr'><strong>ἐπὶ</strong></span> <span class='ocrx_word' id='word_1_811' title='bbox 1030 4996 1144 5063; x_wconf 79' lang='grc' dir='ltr'><strong>τὴν</strong></span> <span class='ocrx_word' id='word_1_812' title='bbox 1182 5000 1459 5066; x_wconf 71' lang='grc' dir='ltr'><strong>κεφαλὴν</strong></span> <span class='ocrx_word' id='word_1_813' title='bbox 1493 5001 1702 5054; x_wconf 75' lang='grc' dir='ltr'><strong>αὐτοῦ.</strong></span> 
     </span>
    </p>
   </div>
   <div class='ocr_carea' id='block_1_98' title="bbox 134 5081 1705 5158">
    <p class='ocr_par' dir='ltr' id='par_1_98' title="bbox 134 5081 1705 5158">
     <span class='ocr_line' id='line_1_98' title="bbox 134 5081 1705 5158; baseline 0.003 -19"><span class='ocrx_word' id='word_1_814' title='bbox 134 5086 223 5152; x_wconf 80' lang='grc' dir='ltr'><strong>Μὴ</strong></span> <span class='ocrx_word' id='word_1_815' title='bbox 261 5081 411 5136; x_wconf 81' lang='grc' dir='ltr'><strong>νικῶ</strong></span> <span class='ocrx_word' id='word_1_816' title='bbox 444 5082 563 5137; x_wconf 76' lang='grc' dir='ltr'><strong>ὑπὸ</strong></span> <span class='ocrx_word' id='word_1_817' title='bbox 590 5083 695 5137; x_wconf 82' lang='grc' dir='ltr'><strong>τοῦ</strong></span> <span class='ocrx_word' id='word_1_818' title='bbox 722 5083 932 5149; x_wconf 84' lang='grc' dir='ltr'><strong>κακοῦ,</strong></span> <span class='ocrx_word' id='word_1_819' title='bbox 961 5084 1120 5139; x_wconf 75' lang='grc' dir='ltr'><strong>ἀλλὰ</strong></span> <span class='ocrx_word' id='word_1_820' title='bbox 1139 5086 1278 5139; x_wconf 80' lang='grc' dir='ltr'><strong>νίκα</strong></span> <span class='ocrx_word' id='word_1_821' title='bbox 1303 5088 1373 5139; x_wconf 85' lang='grc' dir='ltr'><strong>ἐν</strong></span> <span class='ocrx_word' id='word_1_822' title='bbox 1396 5088 1474 5153; x_wconf 85' lang='grc' dir='ltr'><strong>τῷ</strong></span> <span class='ocrx_word' id='word_1_823' title='bbox 1507 5089 1705 5158; x_wconf 76' lang='grc' dir='ltr'><strong>ἀγαθῷ</strong></span> 
     </span>
    </p>
   </div>
   <div class='ocr_carea' id='block_1_99' title="bbox 134 5180 444 5234">
    <p class='ocr_par' dir='ltr' id='par_1_99' title="bbox 134 5180 444 5234">
     <span class='ocr_line' id='line_1_99' title="bbox 134 5180 444 5234; baseline -0.01 0"><span class='ocrx_word' id='word_1_824' title='bbox 134 5182 196 5234; x_wconf 83' lang='grc' dir='ltr'><strong>τὸ</strong></span> <span class='ocrx_word' id='word_1_825' title='bbox 227 5180 444 5233; x_wconf 78' lang='grc' dir='ltr'><strong>κακόν.</strong></span> 
     </span>
    </p>
   </div>
   <div class='ocr_carea' id='block_1_100' title="bbox 200 5269 1698 5343">
    <p class='ocr_par' dir='ltr' id='par_1_100' title="bbox 200 5269 1698 5343">
     <span class='ocr_line' id='line_1_100' title="bbox 200 5269 1698 5343; baseline 0.001 -18"><span class='ocrx_word' id='word_1_826' title='bbox 200 5272 291 5341; x_wconf 78' lang='grc' dir='ltr'><strong>Μὴ</strong></span> <span class='ocrx_word' id='word_1_827' title='bbox 346 5271 526 5339; x_wconf 82' lang='grc' dir='ltr'><strong>μόνον,</strong></span> <span class='ocrx_word' id='word_1_828' title='bbox 562 5270 734 5339; x_wconf 75' lang='grc' dir='ltr'><strong>φησὶ,</strong></span> <span class='ocrx_word' id='word_1_829' title='bbox 782 5269 1093 5341; x_wconf 77' lang='grc' dir='ltr'><strong>εἰρηνεύετε</strong></span> <span class='ocrx_word' id='word_1_830' title='bbox 1139 5272 1231 5325; x_wconf 76' lang='grc' dir='ltr'><strong>καὶ</strong></span> <span class='ocrx_word' id='word_1_831' title='bbox 1278 5274 1351 5343; x_wconf 83' lang='grc' dir='ltr'><strong>μὴ</strong></span> <span class='ocrx_word' id='word_1_832' title='bbox 1399 5274 1698 5341; x_wconf 84' lang='grc' dir='ltr'><strong>ἀμύνεσθε,</strong></span> 
     </span>
    </p>
   </div>
   <div class='ocr_carea' id='block_1_101' title="bbox 137 5361 1701 5431">
    <p class='ocr_par' dir='ltr' id='par_1_101' title="bbox 137 5361 1701 5431">
     <span class='ocr_line' id='line_1_101' title="bbox 137 5361 1701 5431; baseline 0.004 -18"><span class='ocrx_word' id='word_1_833' title='bbox 137 5361 265 5415; x_wconf 70' lang='grc' dir='ltr'>ἀλλὰ</span> <span class='ocrx_word' id='word_1_834' title='bbox 297 5361 393 5414; x_wconf 73' lang='grc' dir='ltr'><strong>καὶ</strong></span> <span class='ocrx_word' id='word_1_835' title='bbox 441 5362 804 5430; x_wconf 76' lang='grc' dir='ltr'><strong>εὐεργετεῖτε,</strong></span> <span class='ocrx_word' id='word_1_836' title='bbox 844 5362 1160 5431; x_wconf 75' lang='grc' dir='ltr'><strong>τρέφοντες,</strong></span> <span class='ocrx_word' id='word_1_837' title='bbox 1196 5364 1528 5426; x_wconf 73' lang='grc' dir='ltr'><strong>ποτίζοντες.</strong></span> <span class='ocrx_word' id='word_1_838' title='bbox 1560 5362 1701 5418; x_wconf 78' lang='grc' dir='ltr'><strong>Εἶτα</strong></span> 
     </span>
    </p>
   </div>
   <div class='ocr_carea' id='block_1_102' title="bbox 140 5449 1703 5525">
    <p class='ocr_par' dir='ltr' id='par_1_102' title="bbox 140 5449 1703 5525">
     <span class='ocr_line' id='line_1_102' title="bbox 140 5449 1703 5525; baseline 0.003 -20"><span class='ocrx_word' id='word_1_839' title='bbox 140 5455 320 5524; x_wconf 77' lang='grc' dir='ltr'><strong>ἐπειδὴ</strong></span> <span class='ocrx_word' id='word_1_840' title='bbox 356 5454 495 5524; x_wconf 77' lang='grc' dir='ltr'><strong>βαρῦ</strong></span> <span class='ocrx_word' id='word_1_841' title='bbox 544 5449 611 5523; x_wconf 80' lang='grc' dir='ltr'><strong>ἦν</strong></span> <span class='ocrx_word' id='word_1_842' title='bbox 658 5452 720 5505; x_wconf 77' lang='grc' dir='ltr'><strong>τὸ</strong></span> <span class='ocrx_word' id='word_1_843' title='bbox 760 5455 1246 5524; x_wconf 81' lang='grc' dir='ltr'><strong>προσταττόμενον,</strong></span> <span class='ocrx_word' id='word_1_844' title='bbox 1281 5455 1475 5523; x_wconf 78' lang='grc' dir='ltr'><strong>ἐπάγει</strong></span> <span class='ocrx_word' id='word_1_845' title='bbox 1526 5474 1703 5525; x_wconf 86' lang='grc' dir='ltr'><strong>παρα-</strong></span> 
     </span>
    </p>
   </div>
   <div class='ocr_carea' id='block_1_103' title="bbox 146 5544 1700 5616">
    <p class='ocr_par' dir='ltr' id='par_1_103' title="bbox 146 5544 1700 5616">
     <span class='ocr_line' id='line_1_103' title="bbox 146 5544 1700 5616; baseline 0.003 -19"><span class='ocrx_word' id='word_1_846' title='bbox 146 5545 475 5614; x_wconf 78' lang='grc' dir='ltr'><strong>μυθούμενος</strong></span> <span class='ocrx_word' id='word_1_847' title='bbox 524 5544 616 5597; x_wconf 85' lang='grc' dir='ltr'><strong>τὸν</strong></span> <span class='ocrx_word' id='word_1_848' title='bbox 662 5545 1006 5616; x_wconf 74' lang='grc' dir='ltr'><strong>ἠδικημένον,</strong></span> <span class='ocrx_word' id='word_1_849' title='bbox 1053 5545 1247 5614; x_wconf 76' lang='grc' dir='ltr'><strong>λέγων,</strong></span> <span class='ocrx_word' id='word_1_850' title='bbox 1288 5546 1458 5599; x_wconf 77' lang='grc' dir='ltr'><strong>Τοῦτο</strong></span> <span class='ocrx_word' id='word_1_851' title='bbox 1508 5550 1700 5611; x_wconf 87' lang='grc' dir='ltr'><strong>ποιῶν,</strong></span> 
     </span>
    </p>
   </div>
   <div class='ocr_carea' id='block_1_104' title="bbox 145 5634 1701 5710">
    <p class='ocr_par' dir='ltr' id='par_1_104' title="bbox 145 5634 1701 5710">
     <span class='ocr_line' id='line_1_104' title="bbox 145 5634 1701 5710; baseline 0.005 -25"><span class='ocrx_word' id='word_1_852' title='bbox 145 5634 246 5705; x_wconf 76' lang='grc' dir='ltr'><strong>πῦρ</strong></span> <span class='ocrx_word' id='word_1_853' title='bbox 296 5636 447 5707; x_wconf 76' lang='grc' dir='ltr'><strong>αὐτῷ</strong></span> <span class='ocrx_word' id='word_1_854' title='bbox 501 5637 801 5706; x_wconf 83' lang='grc' dir='ltr'><strong>σωρεύσεις</strong></span> <span class='ocrx_word' id='word_1_855' title='bbox 850 5639 942 5691; x_wconf 77' lang='grc' dir='ltr'><strong>ἐπὶ</strong></span> <span class='ocrx_word' id='word_1_856' title='bbox 982 5638 1081 5709; x_wconf 78' lang='grc' dir='ltr'><strong>τὴν</strong></span> <span class='ocrx_word' id='word_1_857' title='bbox 1133 5640 1393 5709; x_wconf 77' lang='grc' dir='ltr'><strong>κεφαλήν.</strong></span> <span class='ocrx_word' id='word_1_858' title='bbox 1429 5640 1536 5692; x_wconf 75' lang='grc' dir='ltr'><strong>Καὶ</strong></span> <span class='ocrx_word' id='word_1_859' title='bbox 1584 5638 1701 5710; x_wconf 72' lang='grc' dir='ltr'><strong>ἅμα</strong></span> 
     </span>
    </p>
   </div>
   <div class='ocr_carea' id='block_1_105' title="bbox 207 5820 574 5888">
    <p class='ocr_par' dir='ltr' id='par_1_105' title="bbox 207 5820 574 5888">
     <span class='ocr_line' id='line_1_105' title="bbox 207 5820 574 5888; baseline 0 -15"><span class='ocrx_word' id='word_1_860' title='bbox 207 5820 376 5875; x_wconf 79' lang='lat' dir='ltr'><strong>“lsa.</strong></span> <span class='ocrx_word' id='word_1_861' title='bbox 406 5820 574 5888; x_wconf 78' lang='lat' dir='ltr'><strong>v,‘2l,</strong></span> 
     </span>
    </p>
   </div>
   <div class='ocr_carea' id='block_1_106' title="bbox 1885 4820 3393 4891">
    <p class='ocr_par' dir='ltr' id='par_1_106' title="bbox 1885 4820 3393 4891">
     <span class='ocr_line' id='line_1_106' title="bbox 1885 4820 3393 4891; baseline 0.002 -16"><span class='ocrx_word' id='word_1_862' title='bbox 1885 4821 2001 4884; x_wconf 76' lang='grc' dir='ltr'><strong>ΧΠ,</strong></span> <span class='ocrx_word' id='word_1_863' title='bbox 2036 4821 2126 4886; x_wconf 74' lang='lat'><strong>20,</strong></span> <span class='ocrx_word' id='word_1_864' title='bbox 2160 4821 2250 4875; x_wconf 78' lang='grc'><strong>21.</strong></span> <span class='ocrx_word' id='word_1_865' title='bbox 2293 4820 2351 4877; x_wconf 89' lang='lat' dir='ltr'><strong>Si</strong></span> <span class='ocrx_word' id='word_1_866' title='bbox 2381 4823 2544 4891; x_wconf 84' lang='lat' dir='ltr'><strong>igitur</strong></span> <span class='ocrx_word' id='word_1_867' title='bbox 2596 4823 2761 4875; x_wconf 82' lang='lat' dir='ltr'><strong>esurit</strong></span> <span class='ocrx_word' id='word_1_868' title='bbox 2808 4823 3046 4876; x_wconf 78' lang='lat' dir='ltr'><strong>inimicus</strong></span> <span class='ocrx_word' id='word_1_869' title='bbox 3088 4832 3227 4884; x_wconf 76' lang='lat' dir='ltr'><strong>tuus,</strong></span> <span class='ocrx_word' id='word_1_870' title='bbox 3279 4824 3393 4879; x_wconf 75' lang='lat' dir='ltr'><strong>ciba</strong></span> 
     </span>
    </p>
   </div>
   <div class='ocr_carea' id='block_1_107' title="bbox 1812 4913 3395 4984">
    <p class='ocr_par' dir='ltr' id='par_1_107' title="bbox 1812 4913 3395 4984">
     <span class='ocr_line' id='line_1_107' title="bbox 1812 4913 3395 4984; baseline 0.001 -18"><span class='ocrx_word' id='word_1_871' title='bbox 1812 4913 1965 4966; x_wconf 81' lang='lat' dir='ltr'><strong>illum</strong></span> <span class='ocrx_word' id='word_1_872' title='bbox 1988 4930 2006 4966; x_wconf 91' lang='lat'><strong><em>:</em></strong></span> <span class='ocrx_word' id='word_1_873' title='bbox 2035 4915 2079 4966; x_wconf 81' lang='lat' dir='ltr'><strong>ai</strong></span> <span class='ocrx_word' id='word_1_874' title='bbox 2105 4916 2235 4978; x_wconf 73' lang='lat' dir='ltr'><strong>sitit,</strong></span> <span class='ocrx_word' id='word_1_875' title='bbox 2267 4915 2335 4968; x_wconf 84' lang='lat' dir='ltr'><strong>da</strong></span> <span class='ocrx_word' id='word_1_876' title='bbox 2372 4915 2452 4967; x_wconf 83' lang='lat' dir='ltr'><strong>illi</strong></span> <span class='ocrx_word' id='word_1_877' title='bbox 2480 4923 2682 4984; x_wconf 83' lang='lat' dir='ltr'><strong>potum.</strong></span> <span class='ocrx_word' id='word_1_878' title='bbox 2710 4915 2818 4968; x_wconf 80' lang='lat' dir='ltr'><strong>Hoc</strong></span> <span class='ocrx_word' id='word_1_879' title='bbox 2858 4916 2993 4968; x_wconf 86' lang='lat' dir='ltr'><strong>enim</strong></span> <span class='ocrx_word' id='word_1_880' title='bbox 3027 4916 3241 4982; x_wconf 80' lang='lat' dir='ltr'><strong>faciens,</strong></span> <span class='ocrx_word' id='word_1_881' title='bbox 3277 4933 3395 4967; x_wconf 70' lang='lat' dir='ltr'><strong>cur-</strong></span> 
     </span>
    </p>
   </div>
   <div class='ocr_carea' id='block_1_108' title="bbox 1810 5005 3392 5076">
    <p class='ocr_par' dir='ltr' id='par_1_108' title="bbox 1810 5005 3392 5076">
     <span class='ocr_line' id='line_1_108' title="bbox 1810 5005 3392 5076; baseline 0.002 -19"><span class='ocrx_word' id='word_1_882' title='bbox 1810 5006 1964 5058; x_wconf 74' lang='lat' dir='ltr'><strong>boues</strong></span> <span class='ocrx_word' id='word_1_883' title='bbox 2000 5006 2135 5074; x_wconf 76' lang='lat' dir='ltr'><strong>ignis</strong></span> <span class='ocrx_word' id='word_1_884' title='bbox 2163 5005 2457 5058; x_wconf 74' lang='lat' dir='ltr'><strong>cumulabis</strong></span> <span class='ocrx_word' id='word_1_885' title='bbox 2493 5007 2547 5058; x_wconf 88' lang='lat' dir='ltr'><strong>iu</strong></span> <span class='ocrx_word' id='word_1_886' title='bbox 2592 5015 2747 5074; x_wconf 88' lang='lat' dir='ltr'><strong>caput</strong></span> <span class='ocrx_word' id='word_1_887' title='bbox 2773 5008 2955 5076; x_wconf 79' lang='lat' dir='ltr'><strong>ipsius.</strong></span> <span class='ocrx_word' id='word_1_888' title='bbox 2992 5006 3068 5060; x_wconf 86' lang='lat' dir='ltr'><strong>Ne</strong></span> <span class='ocrx_word' id='word_1_889' title='bbox 3111 5009 3337 5060; x_wconf 72' lang='lat' dir='ltr'><strong>uincaris</strong></span> <span class='ocrx_word' id='word_1_890' title='bbox 3360 5025 3392 5061; x_wconf 91' lang='lat' dir='ltr'><strong>a</strong></span> 
     </span>
    </p>
   </div>
   <div class='ocr_carea' id='block_1_109' title="bbox 1811 5094 2664 5159">
    <p class='ocr_par' dir='ltr' id='par_1_109' title="bbox 1811 5094 2664 5159">
     <span class='ocr_line' id='line_1_109' title="bbox 1811 5094 2664 5159; baseline 0.004 -13"><span class='ocrx_word' id='word_1_891' title='bbox 1811 5094 1974 5159; x_wconf 86' lang='lat' dir='ltr'><strong>malo,</strong></span> <span class='ocrx_word' id='word_1_892' title='bbox 2000 5096 2091 5148; x_wconf 76' lang='lat' dir='ltr'><strong>sed</strong></span> <span class='ocrx_word' id='word_1_893' title='bbox 2116 5098 2260 5148; x_wconf 85' lang='lat' dir='ltr'><strong>vince</strong></span> <span class='ocrx_word' id='word_1_894' title='bbox 2282 5097 2414 5148; x_wconf 88' lang='lat' dir='ltr'><strong>bono</strong></span> <span class='ocrx_word' id='word_1_895' title='bbox 2440 5095 2664 5149; x_wconf 89' lang='lat' dir='ltr'><strong>malum.</strong></span> 
     </span>
    </p>
   </div>
   <div class='ocr_carea' id='block_1_110' title="bbox 1875 5274 3389 5345">
    <p class='ocr_par' dir='ltr' id='par_1_110' title="bbox 1875 5274 3389 5345">
     <span class='ocr_line' id='line_1_110' title="bbox 1875 5274 3389 5345; baseline 0.001 -16"><span class='ocrx_word' id='word_1_896' title='bbox 1875 5276 1991 5329; x_wconf 88' lang='lat' dir='ltr'><strong>Non</strong></span> <span class='ocrx_word' id='word_1_897' title='bbox 2019 5277 2215 5340; x_wconf 89' lang='lat' dir='ltr'><strong>solum,</strong></span> <span class='ocrx_word' id='word_1_898' title='bbox 2248 5275 2448 5345; x_wconf 88' lang='lat' dir='ltr'><strong>inquit,</strong></span> <span class='ocrx_word' id='word_1_899' title='bbox 2475 5274 2527 5329; x_wconf 92' lang='lat' dir='ltr'><strong>in</strong></span> <span class='ocrx_word' id='word_1_900' title='bbox 2566 5290 2699 5344; x_wconf 90' lang='lat' dir='ltr'><strong>pace</strong></span> <span class='ocrx_word' id='word_1_901' title='bbox 2726 5276 2915 5341; x_wconf 87' lang='lat' dir='ltr'><strong>vivite,</strong></span> <span class='ocrx_word' id='word_1_902' title='bbox 2937 5292 3005 5330; x_wconf 91' lang='lat' dir='ltr'><strong>ne</strong></span> <span class='ocrx_word' id='word_1_903' title='bbox 3034 5291 3130 5329; x_wconf 89' lang='lat' dir='ltr'><strong>vos</strong></span> <span class='ocrx_word' id='word_1_904' title='bbox 3158 5277 3389 5331; x_wconf 83' lang='lat' dir='ltr'><strong>ulcisca-</strong></span> 
     </span>
    </p>
   </div>
   <div class='ocr_carea' id='block_1_111' title="bbox 1804 5367 3385 5436">
    <p class='ocr_par' dir='ltr' id='par_1_111' title="bbox 1804 5367 3385 5436">
     <span class='ocr_line' id='line_1_111' title="bbox 1804 5367 3385 5436; baseline 0.002 -15"><span class='ocrx_word' id='word_1_905' title='bbox 1804 5368 1959 5432; x_wconf 89' lang='lat' dir='ltr'><strong>mini,</strong></span> <span class='ocrx_word' id='word_1_906' title='bbox 1980 5370 2071 5422; x_wconf 89' lang='lat' dir='ltr'><strong>sed</strong></span> <span class='ocrx_word' id='word_1_907' title='bbox 2101 5378 2155 5422; x_wconf 90' lang='lat' dir='ltr'><strong>et</strong></span> <span class='ocrx_word' id='word_1_908' title='bbox 2172 5368 2499 5425; x_wconf 83' lang='lat' dir='ltr'><strong>benefacite.</strong></span> <span class='ocrx_word' id='word_1_909' title='bbox 2518 5367 2729 5420; x_wconf 87' lang='lat' dir='ltr'><strong>alentes</strong></span> <span class='ocrx_word' id='word_1_910' title='bbox 2751 5382 2813 5421; x_wconf 87' lang='lat' dir='ltr'><strong>ac</strong></span> <span class='ocrx_word' id='word_1_911' title='bbox 2838 5376 3028 5436; x_wconf 88' lang='lat' dir='ltr'><strong>potum</strong></span> <span class='ocrx_word' id='word_1_912' title='bbox 3054 5370 3385 5424; x_wconf 82' lang='lat' dir='ltr'><strong>lribuentes.</strong></span> 
     </span>
    </p>
   </div>
   <div class='ocr_carea' id='block_1_112' title="bbox 1802 5457 3391 5528">
    <p class='ocr_par' dir='ltr' id='par_1_112' title="bbox 1802 5457 3391 5528">
     <span class='ocr_line' id='line_1_112' title="bbox 1802 5457 3391 5528; baseline 0.001 -17"><span class='ocrx_word' id='word_1_913' title='bbox 1802 5458 2007 5512; x_wconf 91' lang='lat' dir='ltr'><strong>Deinde</strong></span> <span class='ocrx_word' id='word_1_914' title='bbox 2028 5460 2154 5528; x_wconf 91' lang='lat' dir='ltr'><strong>quia</strong></span> <span class='ocrx_word' id='word_1_915' title='bbox 2182 5474 2346 5528; x_wconf 81' lang='lat' dir='ltr'><strong>grave</strong></span> <span class='ocrx_word' id='word_1_916' title='bbox 2370 5466 2490 5512; x_wconf 91' lang='lat' dir='ltr'><strong>erat</strong></span> <span class='ocrx_word' id='word_1_917' title='bbox 2516 5457 2661 5527; x_wconf 87' lang='lat' dir='ltr'><strong>quod</strong></span> <span class='ocrx_word' id='word_1_918' title='bbox 2685 5459 3126 5527; x_wconf 57' lang='lat' dir='ltr'><strong>pracipiebatur,</strong></span> <span class='ocrx_word' id='word_1_919' title='bbox 3155 5461 3391 5526; x_wconf 89' lang='lat' dir='ltr'><strong>subjun-</strong></span> 
     </span>
    </p>
   </div>
   <div class='ocr_carea' id='block_1_113' title="bbox 1800 5549 3384 5620">
    <p class='ocr_par' dir='ltr' id='par_1_113' title="bbox 1800 5549 3384 5620">
     <span class='ocr_line' id='line_1_113' title="bbox 1800 5549 3384 5620; baseline 0.001 -18"><span class='ocrx_word' id='word_1_920' title='bbox 1800 5550 1878 5619; x_wconf 84' lang='lat' dir='ltr'><strong>git</strong></span> <span class='ocrx_word' id='word_1_921' title='bbox 1918 5551 2253 5604; x_wconf 87' lang='lat' dir='ltr'><strong>consolando</strong></span> <span class='ocrx_word' id='word_1_922' title='bbox 2294 5565 2418 5605; x_wconf 91' lang='lat' dir='ltr'><strong>eum</strong></span> <span class='ocrx_word' id='word_1_923' title='bbox 2454 5549 2550 5619; x_wconf 90' lang='lat' dir='ltr'><strong>qui</strong></span> <span class='ocrx_word' id='word_1_924' title='bbox 2596 5549 2826 5604; x_wconf 74' lang='lat' dir='ltr'><strong>all‘ectus</strong></span> <span class='ocrx_word' id='word_1_925' title='bbox 2874 5560 2958 5605; x_wconf 90' lang='lat' dir='ltr'><strong>est</strong></span> <span class='ocrx_word' id='word_1_926' title='bbox 2997 5551 3214 5620; x_wconf 86' lang='lat' dir='ltr'><strong>injuria.</strong></span> <span class='ocrx_word' id='word_1_927' title='bbox 3270 5551 3384 5604; x_wconf 84' lang='lat' dir='ltr'><strong>lloc</strong></span> 
     </span>
    </p>
   </div>
   <div class='ocr_carea' id='block_1_114' title="bbox 1801 5640 3407 5717">
    <p class='ocr_par' dir='ltr' id='par_1_114' title="bbox 1801 5640 3407 5717">
     <span class='ocr_line' id='line_1_114' title="bbox 1801 5640 3407 5717; baseline 0.001 -23"><span class='ocrx_word' id='word_1_928' title='bbox 1801 5640 2008 5694; x_wconf 77' lang='lat' dir='ltr'><strong>faciens</strong></span> <span class='ocrx_word' id='word_1_929' title='bbox 2054 5641 2231 5711; x_wconf 77' lang='lat' dir='ltr'><strong>ignem</strong></span> <span class='ocrx_word' id='word_1_930' title='bbox 2270 5640 2345 5696; x_wconf 91' lang='lat' dir='ltr'><strong>illi</strong></span> <span class='ocrx_word' id='word_1_931' title='bbox 2388 5641 2698 5695; x_wconf 88' lang='lat' dir='ltr'><strong>cumulabis</strong></span> <span class='ocrx_word' id='word_1_932' title='bbox 2744 5640 2796 5695; x_wconf 92' lang='lat' dir='ltr'><strong>in</strong></span> <span class='ocrx_word' id='word_1_933' title='bbox 2850 5649 3011 5711; x_wconf 88' lang='lat' dir='ltr'><strong>caput</strong></span> <span class='ocrx_word' id='word_1_934' title='bbox 3045 5659 3057 5697; x_wconf 87' lang='lat'>:</span> <span class='ocrx_word' id='word_1_935' title='bbox 3097 5641 3407 5717; x_wconf 76' lang='lat' dir='ltr'><strong>Simulque</strong></span> 
     </span>
    </p>
   </div>
  </div>
