4194 6468
780 399 884 461 579

1837 391 2065 453 (ECUM
2077 387 2241 449 ENII
2277 386 2573 447 TRICCKE
2604 383 2949 446 EPISCOPI

3914 381 4019 444 580

780 522 1018 578 namque
1052 505 1295 561 laudabit
1319 514 1372 561 te
1412 505 1557 576 quod
1590 505 1795 558 bonum
1830 512 1915 557 est
1947 501 2263 561 facientem,
2299 507 2360 552 ut
2389 550 2391 558 γ

2492 514 2555 549 ον
2583 495 2712 566 γάρ,
2744 495 2929 564 φησὶν,
2959 492 3233 547 ἐπαινέσει
3272 509 3331 546 σε
3374 493 3435 547 τὸ
3474 493 3679 564 άγαθδν
3706 492 4035 564 πράττοντα,

782 601 882 653 tibi
914 601 1073 653 etiam
1108 610 1506 667 cooperatores
1534 598 1605 651 sit
1624 604 1680 650 et
1703 595 1964 649 auxilium
1991 593 2359 663 praestitutus.

786 691 1065 759 Siquidem
1100 690 1265 743 timor
1293 690 1510 743 occasio
1540 689 1638 741 tibi
1680 688 1917 741 eﬂiiitur
1949 686 2090 738 bene
2117 683 2361 738 vivendi.

784 780 867 835 Ob
910 779 959 831 id
1006 791 1191 833 autem
1223 780 1360 831 dixit
1388 795 1514 832 eum
1545 781 1640 833 Dei
1676 778 1991 830 ministrum
2020 792 2141 830 esse
2170 775 2237 829 ad
2267 776 2358 831 b0-

787 855 918 924 num
948 888 960 921 :
993 872 1120 937 quia
1161 871 1437 923 subservit
1472 871 1565 922 Dvi
1603 869 1833 923 consilio
1864 868 2094 921 laudans
2120 867 2291 920 bonos
2311 875 2367 920 et

789 963 963 1015 malos
985 964 1217 1030 puniens
1248 978 1261 1014 :
1293 970 1432 1015 sicut
1461 972 1515 1014 et
1542 963 1687 1014 Deus
1718 962 2083 1015 consimiliter
2112 960 2259 1013 facit.
2288 959 2367 1012 Ex

788 1055 895 1107 hoc
923 1066 1103 1108 autem
1136 1063 1186 1106 te
1218 1056 1281 1107 al
1310 1053 1511 1106 bonum
1539 1053 1769 1122 impellit
1791 1053 2203 1106 etexhortatur.
2232 1051 2367 1105 Nam

791 1142 897 1196 hoc
917 1142 1205 1211 significat.
1242 1161 1259 1190 ι
1284 1143 1379 1196 Est
1405 1143 1501 1195 libi
1527 1147 1590 1196 αεὶ
1618 1145 1839 1196 bonum.
1874 1160 1893 1192 ι
1924 1143 1991 1196 Ει
2023 1141 2143 1204 tibi,
2168 1141 2368 1210 inquit,

792 1232 1045 1284 minister
1080 1232 1257 1285 estad
1292 1233 1520 1294 bonum,
1549 1248 1670 1284 cum
1696 1231 1955 1285 videlicet
1984 1232 2081 1285 Dei
2115 1234 2185 1286 sit
2209 1232 2372 1284 mini-

794 1332 925 1376 ster.
980 1320 1100 1385 Quo
1141 1330 1323 1374 autem
1367 1321 1528 1374 modo
1575 1321 1673 1373 tibi
1722 1322 1973 1375 minister
2010 1322 2149 1375 est?
2205 1322 2373 1375 Malos

793 1412 1115 1481 prohibens,
1152 1421 1207 1465 et
1246 1421 1637 1465 nocumeutum
1675 1412 1821 1480 quod
1872 1413 1969 1465 tibi
2025 1414 2094 1465 ab
2129 1413 2236 1466 illis
2275 1414 2375 1465 im-

793 1502 1062 1571 pendebat
1094 1514 1371 1560 auterens,
1410 1503 1771 1571 praebensque
1803 1503 2156 1556 securitatem
2190 1511 2251 1556 ut
2288 1503 2372 1556 fa-

794 1592 910 1645 cias
957 1593 1182 1644 bonum.
1226 1590 1463 1645 lnservit
1499 1602 1678 1645 autem
1718 1592 1816 1645 tibi
1858 1592 1925 1645 ad
1970 1592 2175 1646 bonum
2208 1594 2375 1646 etiam

2462 592 2544 643 ὅτι
2569 589 2633 658 δὴ
2658 590 2752 640 καὶ
2787 588 3095 658 συμπράξει
3124 605 3207 640 σοι
3238 589 3373 657 πρὸς
3400 589 3577 643 τοῦτο.
3629 592 3687 643 '0
3721 589 3831 658 γὰρ
3873 588 4040 656 φόὗοζ

2465 680 2740 748 πρόφασίς
2788 698 2868 732 σοι
2903 679 3109 748 γίνεται
3160 678 3257 732 τοῦ
3308 680 3491 743 καλῶς
3526 681 3695 751 βιοῦν.
3749 681 3850 734 Διὰ
3879 680 4043 733 τοῦτο

2464 774 2521 826 δὲ
2548 767 2693 838 εἷπε,
2737 771 2873 824 Θεοῦ
2929 772 3093 824 αὑτὸν
3135 768 3273 824 εἶναι
3316 772 3563 825 διάκονον
3600 775 3679 835 εἰς
3719 773 3781 826 τὸ
3810 771 4040 839 ἀγαθὸν,

2464 866 2547 918 ὅτι
2572 865 2810 918 διακονεῖ
2832 866 2895 933 τῇ
2927 862 3087 933 βουλῇ
3117 862 3209 916 τοῦ
3240 862 3399 930 Θεοῦ,
3427 866 3554 926 τοὺς
3603 864 3840 931 ἀγαθοὺς
3881 866 4043 916 ὲπαι-

2466 957 2594 1022 νῶν,
2628 956 2881 1017 καὶτοὺς
2925 956 3130 1018 κακοὺς
3174 955 3445 1019 κολάζων,
3486 956 3561 1019 ὡς
3598 959 3627 1010 ὁ
3667 957 3801 1018 Θεὸς
3843 957 4045 1026 ὁμοίως

2469 1047 2632 1096 ποιεῖ,
2702 1044 2799 1095 Ἐκ
2842 1042 2897 1094 δὲ
2946 1042 3135 1095 τούτου
3179 1045 3261 1105 είς
3316 1045 3521 1113 ἀγαθόν
3560 1064 3618 1099 σε
3671 1046 3900 1100 συνωθεῖ
3950 1048 4045 1099 καὶ

2471 1132 2792 1202 προτρέπει.
2824 1132 2996 1185 Τοῦτο
3022 1133 3130 1204 γάρ
3154 1133 3325 1203 λέγει·
3368 1136 3558 1189 (Ἐστι
3586 1154 3666 1189 σοι
3698 1138 3778 1200 εἰς
3819 1138 3881 1189 τὸ
3906 1138 4045 1203 ἁγα-

2471 1221 2920 1297 θόν.›-ῙΦΩΤ.]
2958 1226 3069 1277 Καὶ
3099 1225 3201 1289 σοὶ,
3251 1227 3436 1297 φησὶν,
3465 1226 3578 1279 εστι
3606 1229 3852 1290 διάκονος
3881 1230 3965 1288 είς
3986 1227 4046 1278 τὸ

2471 1313 2699 1379 ἀγαθον,
2750 1315 2842 1367 τοῦ
2870 1315 3007 1367 Θεοῦ
3043 1316 3285 1386 δηλονότι
3317 1318 3564 1382 διάκονος
3596 1319 3879 1389 ὑπάρχων.
3922 1317 4048 1379 Πῶς

2472 1404 2529 1457 δέ
2558 1405 2676 1457 ἐστι
2702 1422 2782 1457 σοι
2812 1405 3090 1471 διάκονος;
3139 1408 3364 1460 κωλύων
3392 1410 3520 1473 τοὺς
3564 1412 3787 1473 κακοὺς,
3828 1408 3923 1462 καὶ
3950 1410 4050 1479 τὴν

2474 1496 2571 1550 ἀπ’
2609 1497 2789 1549 αὑτῶν
2840 1496 3046 1568 βλάϐην
3099 1516 3182 1553 σοι
3235 1500 3659 1571 ἀφαιρούμενος,
3718 1503 3814 1553 καὶ
3865 1501 4052 1555 ἄδειαν

2478 1586 2734 1659 παρέχων
2769 1590 2846 1652 είς
2872 1590 2933 1643 τὸ
2960 1594 3134 1644 ποιεῖν
3165 1609 3224 1645 σε
3256 1592 3317 1645 τὸ
3357 1594 3579 1661 άγαθόν.
3613 1596 3864 1646 Διακονεῖ
3885 1595 3941 1645 δέ
3969 1610 4052 1645 σοι

796 1681 893 1735 ubi
922 1691 973 1734 te
1014 1693 1237 1750 propter
1269 1684 1408 1735 mala
1442 1683 1727 1746 terruerit,
1765 1698 1960 1737 arcens
2004 1693 2055 1737 te
2090 1684 2159 1738 ab
2188 1685 2297 1739 illis
2322 1695 2380 1739 et

2492 1681 2558 1742 εἰς
2587 1681 2647 1733 τὸ
2676 1681 2904 1747 ἀγαθον,
2957 1686 3053 1736 καὶ
3085 1684 3214 1737 ὅταν
3262 1701 3321 1737 σε
3363 1686 3458 1738 ἐπὶ
3498 1688 3609 1749 τοῖς
3650 1689 3836 1748 κακοῖς
3886 1684 4049 1753 φοϐῇ.

797 1772 1095 1824 exhortans
1124 1774 1188 1823 ad
1232 1772 1513 1824 virtutem.
1546 1773 1816 1826 Prteterea
1853 1788 1985 1826 vero
2014 1784 2069 1827 et
2102 1774 2378 1827 honoraris

2492 1770 2805 1825 ivaxdmwv
2843 1789 2903 1824 σε
2937 1774 3166 1837 ἐκεῖθεν,
3201 1775 3294 1827 καὶ
3331 1776 3765 1845 προτρεπόμενος
3797 1775 3882 1826 ἐπ’
3921 1774 4055 1842 dpe-

800 1876 865 1913 ac
889 1860 1219 1929 suscipiens,
1249 1862 1313 1913 ad
1344 1861 1447 1915 hoc
1478 1862 1654 1928 ipsum
1678 1862 2021 1914 exhortatur.
2052 1880 2070 1911 ε
2100 1861 2154 1915 Si
2190 1872 2376 1916 autem

2492 1863 2600 1932 τήν.
2629 1864 2753 1917 Ἔτι
2798 1864 2856 1917 δὲ
2904 1866 3000 1917 καὶ
3031 1865 3209 1935 τιμῶν
3238 1867 3335 1919 καὶ
3363 1866 3782 1936 ἀποδεχόμενος,
3814 1866 4052 1935 προτρέ-

799 1951 944 2020 quod
973 1952 1172 2004 malum
1198 1965 1279 2004 est
1296 1951 1513 2013 feceris,
1540 1952 1689 2004 time.
1726 1970 1742 2001 ι
1777 1951 1964 2020 Itaque
1988 1953 2241 2022 princeps
2270 1968 2379 2007 non

797 2051 884 2095 est
914 2056 1076 2094 causa
1110 2042 1345 2103 timoris,
1376 2042 1469 2093 sed
1500 2042 1701 2094 malum
1734 2056 1873 2109 opus
1900 2053 1995 2096 aut
2027 2043 2202 2111 ipsum
2243 2045 2381 2098 male

799 2133 1037 2201 operari.
1074 2151 1090 2181 ‹
1114 2133 1233 2185 Non
1264 2133 1414 2186 enim
1446 2132 1647 2186 frustra
1677 2133 1916 2201 gladium
1945 2143 2138 2202 gestat.
2171 2153 2189 2185 ι
2220 2133 2384 2190 Vides

799 2224 1075 2293 quomodo
1103 2235 1157 2277 et
1180 2225 1463 2278 subditum
1493 2227 1749 2277 terruerit
1776 2234 1829 2277 et
1864 2226 2168 2293 principem
2211 2242 2387 2279 arma.

799 2316 944 2369 verit
973 2315 996 2367 ?
1030 2315 1162 2368 Nam
1187 2316 1283 2368 Dei
1310 2316 1559 2369 minister
1580 2326 1682 2369 est.
1714 2316 1815 2381 Qui
1844 2319 1989 2371 enim
2022 2319 2161 2369 male
2195 2320 2385 2372 viven-

803 2414 889 2460 tes
927 2407 1103 2474 punit,
1141 2407 1246 2461 Deo
1283 2407 1415 2459 mini
1453 2415 1559 2459 trat
1589 2409 1654 2461 ad
1697 2409 1854 2461 iram.
1904 2407 2058 2462 Sicut
2108 2410 2387 2464 ministrat

809 2497 918 2551 Deo
965 2499 1193 2552 laudans
1227 2499 1402 2552 bonos
1436 2540 1449 2562 ,
1487 2500 1559 2552 ila
1596 2511 1652 2553 et
1690 2502 1924 2571 puniens
1968 2502 2160 2568 malos,
2216 2502 2384 2557 Deum

807 2585 1074 2653 imitatur,
1109 2590 1285 2644 iratus
1305 2589 1463 2645 malis
1495 2605 1696 2661 eosque
1739 2596 1990 2662 puniens.
2035 2595 2088 2649 Si
2122 2597 2267 2649 enim
2293 2597 2387 2649 Dei

809 2681 1061 2735 minister
1092 2692 1198 2745 est,
1222 2682 1265 2735 si
1306 2683 1521 2735 laudem
1555 2684 1783 2737 habebis
1804 2701 1868 2737 ex
1900 2686 1987 2738 illa
2020 2704 2032 2738 :
2066 2702 2171 2739 non
2208 2688 2387 2742 solum

807 2780 1023 2840 Opertet
1048 2782 1272 2841 propter
1294 2774 1429 2827 iram
1455 2792 1576 2843 qua:
1603 2791 1668 2829 cx
1692 2791 1754 2829 ea
1781 2777 2045 2831 adversus
2059 2779 2388 2848 delinquen-

811 2871 918 2916 tem
944 2866 1320 2932 consequitur.
1347 2866 1507 2918 subdi
1538 2867 1637 2928 illi,
1665 2870 1759 2921 sed
1786 2869 1957 2922 multo
1986 2870 2159 2939 magis
2184 2886 2389 2926 conve-

810 2954 893 3009 nit
919 2964 1175 3026 tanquam
1207 2958 1300 3011 Dei
1343 2959 1679 3023 ministrum,
1705 2967 1760 3011 et
1787 2970 2040 3029 tanquam
2069 2964 2389 3017 collaudan-

811 3054 920 3101 tem
946 3057 999 3101 et
1024 3048 1090 3101 ad
1120 3048 1373 3103 virtutem
1399 3060 1747 3105 exercentem
1784 3051 1994 3107 honore
2026 3055 2246 3124 dignum
2286 3056 2391 3110 du-

2482 1968 2574 2004 πει
2608 1952 2689 2015 εἰς
2718 1953 2852 2005 αὑτὸ
2877 1954 3059 2007 τοῦτο.
3101 1975 3117 2005 ι
3157 1956 3283 2010 Ἐάν
3321 1956 3376 2009 δὲ
3409 1956 3470 2008 τὸ
3513 1956 3679 2009 κακὸν
3727 1956 3923 2016 ποιεῖς,
3957 1970 4058 2021 φο-
4084 2001 4099 2014 ,

2483 2044 2635 2097 δοῦ.»
2670 2048 2783 2097 Οὑκ
2827 2048 2934 2117 ἄρα
2978 2049 3006 2100 ὁ
3043 2050 3224 2116 ἄρχων
3261 2050 3431 2108 αἴτιος
3472 2049 3567 2103 τοῦ
3605 2049 3795 2117 φόϐου,
3826 2048 3961 2101 ά).λά
3998 2049 4062 2099 τὸ

2487 2135 2746 2205 πράττειν
2787 2136 2993 2199 κακῶς.
3034 2156 3052 2189 ι
3078 2139 3153 2190 υὺ
3199 2140 3305 2209 γάρ
3338 2142 3463 2207 είκῆ
3514 2139 3611 2208 τὴν
3647 2140 3923 2209 μάχαιραν
3961 2155 4061 2206 φοι

2488 2228 2625 2293 ρεῖ.»
2676 2226 2839 2294 Ὁρᾷς
2876 2228 2990 2288 πῶς
3035 2227 3269 2297 ἐφόϐησε
3315 2232 3411 2296 μὲν
3476 2230 3566 2281 τὸν
3611 2230 3870 2299 ὑπήκοον,
3926 2230 4062 2280 καθ-

2486 2316 2692 2369 ώπλισε
2719 2317 2773 2369 δὲ
2797 2318 2885 2368 τὸν
2920 2320 3192 2387 ἄρχοντας
3232 2320 3366 2373 Θεοῦ
3391 2324 3498 2392 γὰρ
3528 2323 3770 2383 διάκονός
3800 2326 3968 2373 ἐστιν.
4001 2321 4062 2372 Ὀ

2486 2410 2595 2477 γὰρ
2633 2408 2758 2472 τοὺς
2804 2410 2987 2473 κακῶς
3034 2410 3284 2480 βιοῦντας
3327 2412 3756 2481 τιμωρούμενος,
3792 2411 3908 2480 Θεῴ
3939 2412 4064 2463 δια-

2488 2503 2634 2554 κονεῖ
2664 2506 2740 2565 είς
2794 2504 2983 2574 ὀργήν.
3020 2505 3213 2566 Καθὼς
3274 2507 3511 2558 διακονεῖ
3553 2507 3629 2574 τῷ
3669 2506 3787 2575 Θεῴ
3817 2506 4065 2557 ἐπαινῶν

2488 2594 2611 2655 τοὺς
2641 2595 2899 2660 ἀγαθοὺς,
2946 2596 3119 2657 οὑτως
3159 2600 3286 2661 τοῦς
3322 2600 3527 2662 κακοὺς
3559 2600 3821 2661 κολάζων,
3880 2601 4072 2667 μιμεῖ-

2480 2701 2579 2738 ται
2617 2686 2770 2748 Θεὸν,
2827 2686 3181 2757 ὀργιζόμενος
3232 2693 3344 2751 τοῖς
3396 2694 3651 2760 πονηροῖς
3700 2694 3794 2743 καὶ
3818 2690 4069 2754 κολάζων

2488 2776 2706 2837 αὑτούς.
2736 2777 2797 2829 Ei
2828 2780 2933 2848 γὰρ
2966 2780 3212 2840 διάκονός
3250 2781 3366 2833 ἐστι
3402 2780 3563 2846 Θεοῦ,
3587 2783 3636 2833 ει
3674 2781 3895 2833 ἔπαινον
3922 2780 4071 2842 ἕξεις

2494 2868 2554 2933 ἐξ
2584 2870 2652 2922 αὑ
2666 2870 2777 2938 ιῆς,
2810 2871 2872 2922 οὑ
2916 2870 3075 2939 μόνον
3103 2871 3184 2923 δεῖ
3213 2872 3299 2925 διά
3326 2872 3423 2942 τὴν
3473 2873 3532 2937 ἐξ
3561 2874 3729 2941 αὐτῆς
3766 2872 3939 2940 ὀργὴν
3978 2873 4073 2937 ἐγ·

2491 2963 2784 3029 γινομένην
2825 2964 2934 3025 τοῖς
2981 2963 3421 3031 ἁμαρτάνουσιν,
3474 2964 3869 3016 ὑποτάσσεσθαι
3903 2964 4072 3032 αὑτῇ,

2493 3053 2631 3107 ἀλλά
2679 3071 2742 3120 γε
2792 3055 2926 3107 πολὺ
2980 3056 3178 3124 μᾶλλον
3228 3058 3514 3126 προσήκει,
3569 3057 3662 3110 καὶ
3720 3056 3793 3119 ὡς
3820 3056 4072 3110 διάκονον

812 3152 954 3192 cere.
1013 3140 1176 3210 376
1226 3141 1443 3194 Etenim
1490 3143 1534 3195 si
1592 3142 1758 3196 etiam
1833 3145 2019 3198 nullus
2078 3156 2224 3200 esset
2271 3149 2391 3217 ejus

2494 3142 2653 3205 Θεοῦ,
2684 3143 2775 3194 ml.
2796 3143 2867 3204 ὼς
2899 3143 3227 3197 ἐπαινοῦσαν
3252 3146 3346 3197 καὶ
3386 3145 3782 3212 ὲπαλείφουσαν
3816 3147 3903 3198 ἐπ’
3939 3148 4075 3213 ἀρε-

815 3229 1001 3294 timor,
1031 3242 1293 3298 provocat
1326 3242 1505 3285 tamen
1529 3234 1864 3287 conscientia
1897 3244 1956 3287 ut
1986 3236 2309 3292 ohediamus
2332 3254 2395 3292 ac

818 3318 1193 3387 subjiciamur.
1245 3320 1428 3386 Quare
1473 3338 1696 3377 necesse
1754 3325 1973 3393 subjici.
2026 3326 2259 3381 Necesse
2314 3339 2399 3384 est

817 3404 1005 3475 igitur,
1043 3408 1239 3478 inquit,
1277 3412 1622 3480 principibus
1659 3414 1878 3483 subjici,
1910 3432 2018 3469 non
2058 3418 2232 3472 solum
2273 3436 2401 3489 pro-

818 3507 941 3567 pter
989 3500 1125 3553 iram
1171 3502 1289 3565 Dei,
1332 3520 1454 3573 quae
1495 3510 1760 3563 adversus
1793 3510 1913 3565 illos
1944 3523 2272 3582 provocatur
2304 3517 2400 3585 qui

818 3605 927 3642 non
957 3592 1272 3647 subduntur
1299 3600 1578 3664 potestati.
1618 3619 1651 3650 »ι
1684 3601 1789 3655 Sed
1818 3604 1982 3656 etiam
2014 3615 2239 3674 propter
2270 3624 2402 3662 con—

819 3679 1131 3735 scientiam.
1170 3701 1187 3732 ι
1227 3683 1341 3738 Hoc
1372 3695 1476 3751 est,
1504 3704 1571 3741 ne
1602 3689 1844 3744 videaris
1874 3694 2209 3748 conscientia
2250 3712 2405 3751 care-

822 3784 901 3831 re,
926 3778 981 3822 et
1016 3771 1263 3841 ingratus
1291 3791 1353 3829 ac
1383 3778 1626 3844 perfidus
1654 3794 1796 3843 esse,
1824 3782 1917 3849 qui
1952 3782 2092 3837 bene
2119 3788 2183 3839 de
2216 3795 2266 3840 te
2292 3802 2405 3841 me-

822 3860 930 3913 rito
971 3877 1034 3916 ac
1062 3863 1154 3917 Dei
1192 3865 1447 3919 ministro
1492 3884 1600 3921 non
1626 3869 1899 3924 subdaris.
1933 3873 2192 3931 Plurimis
2231 3878 2404 3946 siqui-

822 3948 946 4002 dem
1000 3950 1284 4007 beneficiis
1332 3954 1577 4010 alliciunt
1616 3973 1716 4012 nos
1760 3961 2081 4029 principes:
2131 3980 2255 4017 nam
2310 3983 2406 4035 per

823 4054 922 4093 eos
950 4042 1059 4094 vita
1092 4052 1276 4097 nostra
1305 4047 1558 4101 consistit
1595 4066 1609 4101 :
1641 4065 1709 4103 eo
1740 4055 1885 4120 quod
1927 4054 2034 4107 nisi
2060 4055 2162 4123 ipsi
2198 4067 2403 4121 essent,

826 4134 1010 4186 omnia
1056 4135 1334 4201 perirent:
1366 4137 1432 4191 iis
1468 4140 1562 4208 qui
1596 4145 1933 4209 potentiores
1976 4155 2126 4211 sunt,
2174 4149 2405 4215 piscium

827 4223 882 4275 in
913 4224 1157 4289 modum,
1192 4227 1432 4283 minores
1461 4231 1877 4288 devorantibus.
1927 4255 1944 4285 ‹
1978 4236 2154 4290 Etiam
2184 4248 2409 4306 propter

826 4316 1243 4371 conscientiam.
1293 4338 1311 4369 ι
1354 4320 1584 4388 Propter
1612 4322 1747 4375 iram
1780 4325 2024 4393 quidem,
2054 4328 2202 4395 pravi
2244 4330 2408 4381 etiam

828 4405 1077 4459 nolentes
1125 4408 1482 4464 subdnntur:
1537 4425 1763 4481 propter
1813 4417 2204 4472 conscientiam
2253 4435 2406 4483 vero,

2496 3236 2616 3303 τὴν,
2650 3236 2817 3304 τιμῆς
2844 3237 3012 3306 αὑτὴν
3039 3234 3241 3301 ἀξιοῦν.
3270 3240 3377 3291 Καὶ
3406 3239 3515 3309 γάρ
3539 3240 3642 3293 κᾶν
3688 3240 3873 3310 μηδεὶς
3970 3239 4074 3307 96-

2498 3327 2592 3390 6ος
2619 3328 2779 3397 αὐτῇ,
2814 3329 2847 3397 ἡ
2875 3329 3178 3397 συνείδησις
3218 3331 3298 3391 εἰς
3345 3331 3593 3398 ὑπακοὴν
3619 3330 3787 3399 αὑτῆς
3817 3330 3912 3382 καὶ
3940 3331 4079 3382 ὑπο-

2500 3420 2673 3489 ταγὴν
2743 3421 3129 3490 προτρέπεται.
3191 3422 3283 3474 Διὸ
3364 3423 3576 3492 ἀνάγκη
3644 3422 4074 3476 ὑποτάσσεσθαι.

2512 3511 2749 3580 ’Λνάγκη
2776 3508 2891 3576 οὖν,
2920 3514 3073 3581 φησὶ,
3096 3516 3210 3575 τοῖς
3244 3513 3503 3584 ἄρχουσιν
3552 3514 3974 3578 ὑποτάσσεσθαι,
4012 3518 4077 3567 οὑ

2505 3604 2664 3673 μόνον
2693 3603 2782 3656 διὰ
2805 3606 2904 3672 τὴν
2928 3604 3098 3674 ὀργὴν
3122 3603 3215 3656 τοῦ
3245 3605 3379 3657 Θεοῦ
3402 3606 3498 3675 τὴν
3529 3607 3667 3659 κατὰ
3692 3607 3800 3659 τῶν
3832 3607 3907 3677 μὴ
3942 3608 4082 3659 ὑπο-

2499 3701 2850 3763 τασσομένων
2895 3698 2960 3766 τῇ
3009 3698 3153 3766 ἀρχῇ
3205 3699 3520 3769 γινομένην,
3580 3717 3598 3750 ι
3634 3699 3793 3752 Ἀλλά
3845 3700 3942 3752 καὶ
3990 3702 4081 3752 διὰ

2501 3786 2600 3854 τὴν
2623 3785 2949 3851 συνείδησιν.
2984 3802 3004 3835 ε
3038 3786 3352 3851 Τουτέστιν,
3401 3789 3488 3840 ἵνα
3538 3788 3613 3858 μὴ
3650 3789 3805 3858 δόξῃς
3858 3792 4082 3842 ἁσννείο

2503 3879 2660 3949 δητός
2688 3897 2770 3942 τις
2796 3876 2934 3932 εἶναι
2964 3882 3055 3932 καί
3092 3881 3384 3951 ἀγνώμων,
3439 3882 3519 3949 τῷ
3570 3885 3834 3954 εὐεργέτῃ
3876 3886 3971 3936 καὶ
4002 3884 4081 3947 τῷ

2504 3969 2735 4039 διακόνῳ
2772 3968 2865 4022 τοῦ
2890 3969 3023 4022 Θεοῦ
3066 3970 3142 4042 μὴ
3172 3972 3627 4043 ὑποτασσόμενος.
3673 3974 3938 4039 Μεγαλως
3970 3976 4082 4043 γάρ

2507 4061 2886 4131 εὐεργετοῦσιν
2926 4063 3073 4132 ἡμᾶς
3126 4065 3174 4115 οἱ
3223 4064 3501 4133 ἄρχοντες.
3549 4066 3627 4116 Δι’
3676 4065 3855 4117 αὑτῶν
3892 4067 4004 4135 γάρ
4053 4068 4084 4117 ὁ

2510 4150 2620 4220 βίος
2650 4152 2808 4220 ἡμῶν
2838 4154 3173 4207 συνίσταται.
3215 4153 3302 4215 Ὠς
3341 4155 3473 4222 εἴγε
3514 4155 3588 4225 μὴ
3617 4152 3775 4223 ἦσαν,
3805 4160 3986 4208 πάντα
4016 4158 4086 4209 ἂν

2508 4240 2698 4311 ᾤχετο,
2726 4243 2833 4293 τῶν
2862 4244 3249 4315 δυνατωτέρων
3295 4249 3420 4306 τοὺς
3466 4247 3882 4317 ἀσθενεστέρους
3910 4265 4088 4300 κατα-

2512 4332 2797 4396 πινόντων,
2835 4333 2990 4402 δίκην
3027 4336 3245 4404 ἰχθύων.
3290 4355 3307 4385 ε
3340 4337 3552 4389 Καὶδιά
3576 4338 3670 4406 τὴν
3699 4338 4027 4406 συνείδησιν,
4061 4359 4079 4390 ι

2511 4423 2610 4475 Διὰ
2648 4424 2746 4492 μὲν
2795 4425 2892 4493 τὴν
2928 4425 3121 4495 ὀργὴν,
3149 4429 3196 4478 οἱ
3231 4425 3422 4495 φαῦλοι
3460 4428 3651 4496 καὶμὴ
3682 4428 3921 4490 θέλοντες
3950 4430 4090 4481 ὑπο-

831 4496 924 4561 qui
966 4497 1123 4563 probi
1157 4508 1284 4553 sunt
1331 4515 1523 4570 sponte
1560 4504 1723 4558 subdi
1774 4508 2200 4564 debentetcum
2244 4511 2386 4564 anim

2514 4518 2827 4577 τάσσονται,
2884 4515 2972 4567 διά
3021 4515 3077 4567 δὲ
3121 4516 3220 4585 τὴν
3271 4516 3614 4585 συνείδησιν,
3668 4518 3975 4585 ὀφείλουσιν
4040 4524 4090 4572 οἱ

830 4585 1131 4641 alacritate.

900 4784 1037 4839 XIII.
1064 4787 1097 4840 5
1131 4788 1182 4841 8.
1213 4787 1483 4859 Siquidem
1515 4797 1676 4848 etiam
1706 4804 1920 4867 propter
1949 4798 2043 4851 hoc
2076 4800 2272 4853 tributa
2300 4800 2409 4854 sol-

827 4879 966 4931 vitis.
1014 4879 1153 4932 Nam
1198 4884 1428 4938 ministri
1462 4886 1559 4938 Ι)θὶ
1583 4897 1728 4951 sunt,
1760 4890 1815 4939 in
1860 4890 1956 4941 hoc
1988 4892 2160 4958 ipsum
2206 4893 2413 4945 incum-

833 4971 1029 5021 l'entes.
1070 4969 1286 5024 Reddite
1316 4990 1442 5043 ergo
1481 4978 1721 5030 omnibus
1759 4978 1930 5031 debita
1957 4995 1975 5031 :
2013 4982 2095 5031 cui
2137 4982 2411 5047 tributum,

833 5059 1124 5125 tributum;
1157 5064 1239 5114 cui
1258 5066 1501 5134 uectigal,
1525 5068 1790 5136 vectigal;
1814 5071 1899 5122 cui
1927 5071 2103 5133 timor,
2135 5073 2412 5127 timorem:

834 5150 917 5201 cui
942 5151 1128 5215 honor,
1174 5153 1443 5208 honorem.
1471 5156 1685 5210 Nemini
1710 5160 1998 5229 quidquam
2026 5161 2272 5225 debeatis,
2317 5162 2417 5215 nisi

834 5240 929 5293 hoc
960 5250 1015 5293 ut
1040 5259 1127 5296 vos
1161 5259 1343 5298 mutuo
1373 5246 1631 5316 diligatis.

906 5418 976 5474 Et
1005 5419 1163 5487 adeo,
1201 5424 1399 5492 inquit,
1432 5442 1623 5480 verum
1651 5438 1736 5482 est
1756 5429 1901 5498 quod
1925 5429 2248 5484 beneficium
2274 5445 2415 5499 prae-

839 5520 987 5565 stent
1017 5521 1336 5581 potestates,
1364 5518 1511 5586 quod
1549 5518 1673 5572 ideo
1696 5520 1864 5573 etiam
1891 5521 2094 5574 tributa
2138 5521 2415 5589 penditis:

843 5612 1099 5673 tanquam
1142 5606 1560 5677 gubernationis
1602 5626 1665 5664 ac
1715 5612 2070 5680 providentia:
2115 5614 2419 5666 mercedem

844 5695 1171 5763 praebentes.
1204 5715 1223 5747 ο
1251 5698 1385 5752 Nam
1414 5700 1649 5755 ministri
1682 5702 1775 5755 Dei
1806 5711 1953 5756 sunt.
1996 5721 2012 5753 ι
2049 5702 2162 5756 Hoc
2194 5712 2295 5762 est,
2324 5704 2419 5756 Dei

844 5784 1049 5841 subditi
1080 5796 1135 5842 et
1173 5788 1225 5843 in
1258 5789 1361 5846 hoc
1398 5791 1509 5846 Deo
1541 5791 1917 5848 ministrantcs
1956 5812 1964 5847 :
2004 5804 2061 5848 ut
2108 5794 2272 5848 \cstri
2323 5811 2419 5847 cu-

2513 4607 2793 4660 σπουδαῖοι
2852 4607 3068 4666 ἑκόντες
3139 4608 3235 4660 καὶ
3289 4609 3386 4661 σὺν
3454 4609 3727 4679 προθυμίᾳ
3783 4612 4090 4665 ὑποτάσσε-

2514 4697 2656 4749 σθαι.

2585 4788 2686 4841 Διά
2710 4789 2883 4841 τοῦτο
2918 4789 3028 4857 γὰρ
3071 4789 3168 4843 καὶ
3213 4791 3437 4860 φόρους
3469 4788 3709 4847 τελεῖτε.
3741 4796 4093 4863 Asnam-pro!

2516 4884 2623 4950 γὰρ
2655 4884 2802 4935 Θεοῦ
2833 4884 3015 4946 εισὶν,
3046 4887 3131 4948 εἰς
3168 4884 3314 4936 αὐτὸ
3359 4884 3534 4938 τοῦτο
3564 4888 4090 4954 προσκαρτεροῦν-

2514 4989 2631 5036 τες.
2675 4973 2946 5025 Ἀπόδοτε
2976 4970 3089 5028 οὖν
3117 4973 3268 5026 πᾶσι
3299 4973 3405 5039 τὰς
3435 4975 3699 5043 ὀφειλάς,
3729 4974 3809 5039 τῷ
3836 4977 3945 5028 τὸν
3981 4980 4095 5045 ρό-

2510 5080 2642 5132 ρον,
2704 5064 2811 5115 τὸν
2862 5067 3069 5132 φόρον,
3123 5063 3201 5128 τῷ
3240 5065 3343 5117 τὸν
3382 5068 3589 5133 φόϐον,
3624 5067 3729 5119 τὸν
3762 5068 3974 5134 φόϐον,
4014 5068 4094 5132 τῷ

2516 5154 2583 5206 τὸ
2616 5154 2807 5218 τέλος,
2852 5154 2918 5206 τὸ
2970 5156 3163 5218 τέλος,
3205 5154 3283 5219 τῷ
3318 5156 3432 5221 τὴν
3484 5158 3681 5224 τιμὴν,
3727 5155 3842 5222 τὴν
3888 5159 4093 5225 τιμήν.

2520 5245 2739 5313 Μηδενὶ
2765 5246 2958 5315 μηδὲν
2996 5247 3286 5316 ὀφείλετε,
3316 5249 3369 5300 ει
3400 5248 3487 5317 μὴ
3537 5250 3601 5302 τὸ
3628 5244 3870 5318 ἀγαπᾷν
3903 5250 4097 5316 (Ultio

2517 5339 2689 5401 λους.

2597 5429 2706 5480 Καὶ
2757 5426 3034 5493 τοσοῦτον,
3093 5429 3277 5497 φησὶν,
3317 5429 3698 5499 εὐεργετοῦσιν
3741 5430 3799 5483 αἱ
3827 5430 4095 5495 ἐξουσίαι,

2524 5519 2605 5569 ὅτι
2640 5518 2735 5571 καὶ⁵
2780 5519 2981 5587 φόρους
3016 5517 3258 5583 τελεῖτε,
3313 5520 3504 5587 μισθὸν
3553 5519 3741 5591 ὥσπερ
3787 5524 3887 5588 τῆς
3934 5524 4098 5589 trgi:-

2528 5610 2712 5677 μονίας
2747 5609 2841 5661 καὶ
2885 5612 2984 5678 τῆς
3029 5611 3286 5678 προνοίας
3321 5611 3672 5681 παρέχοντες.
3718 5630 3737 5662 ε
3767 5612 4099 5682 Λοιτο-ργοὶ

2528 5702 2633 5769 γάρ
2663 5697 2800 5751 Θεοῦ
2828 5701 2988 5751 εἱσι.»
3037 5701 3351 5767 Τουτέστιν,
3382 5704 3647 5772 ὑπουργοὶ
3673 5702 3809 5756 Θεοῦ
3850 5721 3950 5757 και
3984 5706 4102 5757 λε.-

2528 5792 2885 5861 τοδρτοῦντες
2916 5792 3031 5863 Θεῷ
3057 5795 3133 5858 εἷς
3164 5798 3222 5846 τὺ
3252 5796 3554 5864 (ι’ροντῖξειν
3582 5796 3733 5866 ἡμῶν
3772 5796 3843 5858 ὡς
3882 5800 3910 5848 ο
3948 5798 4098 5849 θεός.
