4194 6468
146 392 224 453 ιιι
1180 396 1577 459 COMMENT.
1619 399 1697 457 IN
1743 398 1981 463 EPIST.
2019 404 2121 463 AD
2152 404 2339 467 ROM.

3270 416 3376 481 582

133 508 239 559 Θεοῦ
268 506 371 575 γὰρ
414 505 682 575 πληροῦσι
718 507 951 577 θέλημα.
1014 527 1033 560 t
1070 508 1162 572 El;
1190 510 1324 563 αὐτὸ
1348 511 1528 565 τοῦτο.
1559 531 1576 564 ι
1612 512 1685 565 Τὸ
1714 520 1759 579 Α

1716 520 1759 579 Α
1790 531 1903 569 ram
1940 516 2177 571 habeant
2226 520 2387 574 sicuti
2423 520 2569 575 Deus
2593 537 2606 574 :
2633 520 2729 577 Dei
2753 522 2901 577 enim
2951 526 3237 596 complens
3277 545 3372 584 vo-

130 596 562 666 ήμῶνκήδεσθαι.
617 600 1248 671 (Προσκαρτεροῦντεςδ
1292 602 1410 653 Τῶν
1439 604 1675 669 οἰκείων,

131 688 282 757 φησιν,
319 687 667 757 ἀμελοῦντες,
714 690 793 752 είς
840 692 937 752 τάς
993 692 1133 761 ὑπὲρ
1179 693 1338 762 ἡμῶν
1378 695 1676 763 φροντίδας

131 780 526 851 ἀπησχόληνται.
571 799 589 831 ι
613 781 868 835 Ἀπόδοτε
895 778 988 836 οὖν
1035 785 1169 835 πᾶσι
1198 784 1294 845 τάς
1320 784 1563 853 ὀφειλάς,
1601 785 1679 855 τῷ

129 872 199 922 τὸν
229 871 409 940 φόρον,
434 870 527 922 τὸν
550 871 770 941 φόρον.)
802 870 1011 936 Ἐδειξε
1040 872 1199 942 χρέος
1233 872 1292 925 ὃν
1330 874 1388 925 τὸ
1422 876 1677 943 πρᾶγμα.

129 965 206 1015 Διά
227 962 375 1015 τοῦτο
399 964 509 1032 γάρ
540 982 558 1013 ι
584 964 836 1031 Ὀφειλάς
865 984 882 1015 ι
919 959 1060 1028 εἷπε,
1098 966 1189 1017 καὶ
1218 964 1281 1016 τὸ
1308 984 1325 1016 ι
1351 966 1628 1029 Ἀπόδοτε,
1656 983 1673 1015 ι

126 1054 184 1113 ὡς
224 1054 375 1121 χρέος
424 1057 536 1116 τοῖς
584 1053 865 1125 διαφόροις
914 1056 1089 1125 ἀρχὰς
1130 1058 1677 1125 ἐμπεπιστευμένοις,

127 1142 186 1209 τις,
224 1142 304 1193 τὸν
350 1143 515 1213 φόρον
552 1146 1006 1215 χρεωστουμένῳ,
1053 1146 1221 1214 ἦγουν
1252 1146 1348 1217 τὴν
1375 1147 1679 1215 λεγομένην

126 1234 502 1301 κεφαλητιῶνα,
550 1236 750 1300 ἀπόδος
799 1237 892 1289 τὸν
928 1238 1115 1308 φόρον.
1173 1239 1265 1308 Τῷ
1314 1240 1374 1291 τὸ
1417 1239 1566 1301 τέλος
1599 1240 1677 1304 δὲ,

127 1327 265 1395 how
292 1328 388 1397 τὴν
420 1330 560 1397 ὑπὲρ
599 1328 701 1396 τῆς
733 1329 836 1398 γῆς
860 1331 1244 1401 συνεισφορὰν,
1277 1332 1338 1382 τὸ
1363 1330 1534 1393 τέλος.
1570 1331 1679 1383 Καὶ

124 1420 173 1469 ού
204 1419 350 1487 μόνον
391 1420 675 1489 χρήματα,
704 1420 839 1474 ἀλλά
883 1422 979 1474 καὶ
1018 1423 1201 1489 φόσον,
1236 1422 1516 1475 τουτέστιν
1546 1421 1679 1474 atas.

125 1511 201 1561 καὶ
245 1510 553 1576 εύλάὃειαν,
610 1512 703 1565 καί⁵
758 1512 1166 1584 ἐπιτεταμένην
1217 1514 1404 1583 τιμήν.
1452 1514 1678 1580 Ἐπάγει

124 1599 251 1665 γοῦν,
285 1619 303 1653 ι
332 1601 426 1671 Τῷ
454 1602 553 1673 τὴν
579 1602 769 1671 τιμὴν,
822 1603 922 1673 τὴν
954 1605 1141 1673 τιμήν.
1182 1622 1200 1655 ι
1259 1604 1315 1656 Ὀ
1368 1604 1531 1672 φάεος
1571 1604 1678 1673 γὰρ

124 1690 292 1753 διττός.
331 1690 388 1743 ’0
418 1693 539 1760 μιν,
569 1691 630 1745 ὃν
666 1692 968 1763 φοσοῦνται
1012 1696 1061 1747 οἱ
1091 1694 1396 1756 πταίοντες,
1427 1695 1456 1745 ὁ
1486 1694 1551 1745 ἐκ
1582 1691 1676 1745 τοῦ

124 1781 331 1851 πονηροῦ
398 1784 743 1846 συνειδότος,
801 1784 860 1836 ὃν
913 1785 1174 1856 ἀνωτέρω
1239 1783 1584 1853 ἀπηγόρευεν
1648 1784 1677 1835 ὁ

1782 607 2070 662 luntatem.
2094 626 2112 660 ι
2139 609 2197 662 In
2216 609 2538 679 boe'ipsum.
2573 627 2589 663 ι
2618 613 2689 669 Ut
2710 615 2874 668 vestri
2899 630 3085 672 curam
3110 618 3368 677 habeant.

1787 715 1805 748 ι
1851 698 2257 755 lucumbentes.
2318 719 2336 752 ι
2384 700 2492 755 Sua
2520 705 2719 773 inquit,
2761 706 3123 777 negligentes.
3172 718 3369 763 vacant

1779 788 1931 842 curis
1962 804 2062 856 pro
2084 790 2244 844 nobis
2270 791 2562 861 susceptis.
2606 812 2624 844 ι
2662 795 2895 850 Reddite
2940 812 3073 866 ergo
3106 800 3367 855 omnibus

1777 879 2001 933 debita:
2056 882 2147 934 cui
2205 883 2494 949 tributum,
2534 885 2821 939 tributum.
2850 905 2867 937 ι
2900 886 3151 943 Ostendit
3192 890 3365 945 debiti

1777 985 1873 1023 seu
1897 971 2094 1024 crediti
2116 987 2236 1026 esse
2258 975 2559 1042 negotium,
2587 986 2880 1046 propterea
2902 978 3040 1031 dixit
3062 999 3079 1030 ι
3110 980 3357 1045 Debita,»

1777 1070 1832 1114 et
1872 1081 1890 1113 ι
1924 1062 2177 1125 Reddite,
2205 1083 2222 1114 ι
2249 1072 2509 1134 tanquam
2540 1068 2797 1123 videlicet
2823 1068 3100 1124 creditum
3132 1071 3220 1125 his
3243 1073 3368 1141 qui-

1778 1151 1883 1206 bus
1909 1155 2045 1207 varii
2072 1156 2416 1225 principatus
2436 1158 2741 1212 concrediti
2782 1170 2931 1214 sunt.
2957 1160 3019 1215 Ei
3055 1162 3143 1215 cui
3190 1164 3368 1217 tribu-

1781 1250 1897 1295 tum
1936 1241 2192 1308 debetur,
2239 1245 2384 1314 quod
2436 1247 2700 1304 videlicet
2753 1251 3106 1319 καφαληιιὼν
3160 1252 3366 1308 dicitur

1779 1334 1998 1400 (nempe
2053 1347 2154 1401 pro
2199 1333 2429 1403 singulis
2470 1336 2745 1405 capitibus
2796 1337 3129 1407 exsolutum)
3196 1340 3365 1395 redde

1779 1420 2049 1475 tributum
2079 1461 2094 1485 ,
2127 1421 2215 1475 cui
2246 1437 2379 1476 vero
2407 1425 2663 1493 vectigal,
2695 1427 2810 1481 sive
2842 1427 3068 1482 collatio
3097 1438 3193 1483 aut
3230 1445 3365 1483 con-

1780 1511 2033 1576 tributio,
2059 1528 2260 1583 nempe
2292 1529 2393 1584 pro
2416 1524 2561 1569 terra
2596 1526 2870 1586 coempto.
2913 1519 3081 1573 redde
3105 1519 3359 1590 vectigal.

1775 1602 1886 1655 Nec
1929 1603 2103 1656 solum
2144 1606 2409 1673 pecunias
2434 1606 2699 1662 debemus
2728 1608 2822 1663 sed
2856 1618 2910 1662 et
2942 1610 3213 1671 timorem.
3258 1611 3362 1666 hoc

1775 1702 1879 1757 est,
1923 1693 2187 1762 pudorem
2237 1707 2293 1750 et
2333 1700 2699 1753 reverentiam
2736 1715 2799 1753 ac
2828 1701 3135 1769 subjectum
3177 1702 3357 1756 hono-

1778 1799 1917 1838 rem.
1942 1784 2237 1855 Subjungit
2272 1803 2403 1858 ergo
2434 1806 2448 1842 :
2489 1808 2506 1839 ι
2541 1788 2639 1843 Cui
2678 1790 2858 1844 honor
2888 1792 3175 1848 honorem.
3216 1812 3234 1844 ι
3270 1794 3363 1847 'l'i-

134 1872 443 1936 ’Δπόστολος.
505 1874 565 1926 Ὀ
594 1874 652 1927 δὲ
706 1874 766 1926 ὃν
816 1874 1031 1944 ἔχουσιν
1081 1877 1129 1929 ot
1183 1875 1503 1944 ἀγαπῶντες
1538 1874 1671 1944 πρὸς
1710 1866 1790 1928 l5|

1710 1866 1745 1917 Β
1779 1891 1899 1929 mor
1924 1878 2196 1946 siquidem
2221 1881 2420 1949 duplex
2446 1890 2531 1935 est
2562 1902 2572 1935 :
2603 1898 2744 1936 unus
2772 1882 2996 1952 quidem
3028 1899 3138 1952 quo
3168 1885 3360 1939 timent

121 1964 223 2025 mia;
247 1964 663 2033 ἀγαπωμένους,
712 1967 993 2018 τουτέστιν
1048 1968 1081 2037 ὴ
1138 1966 1555 2036 ὑπερὸἀλλουσα
1591 1981 1672 2017 τι·

123 2057 204 2124 μή.
234 2056 373 2109 Καθὸ
396 2060 641 2126 εἴρηται,
670 2077 687 2109 ι
716 2059 825 2111 Οὐκ
859 2058 1003 2110 ἐστιν
1033 2058 1319 2127 ὑστέρημα
1342 2061 1453 2119 τοῖς
1479 2057 1673 2125 φοϐου-

125 2148 277 2212 μένοις
307 2149 491 2201 αύτόν.
532 2166 551 2200 ι
604 2150 715 2218 Τὴν
761 2148 870 2218 γὰρ
920 2148 1207 2202 εὐλάϐειαν
1257 2147 1492 2201 ἐνταῦθα
1540 2148 1673 2198 ὑπο-

120 2239 260 2306 δεὶοῖ.
304 2260 320 2291 ι
357 2241 421 2293 Εἰ
472 2239 547 2311 μὴ
595 2242 655 2293 τὸ
714 2242 934 2310 ἀγαπᾷν
988 2240 1271 2309 ἀλλήλους.
1313 2259 1330 2289 ι
1404 2238 1525 2290 Ἐπὶ
1575 2236 1673 2305 τὴν

124 2334 308 2401 μητέρα
339 2334 450 2386 τῶν
489 2332 711 2401 ἀγαθῶν
739 2328 871 2403 ἦλθε
922 2334 1020 2397 τὴν
1054 2332 1297 2402 ἀγάπην,
1333 2330 1549 2393 δεικνὺς
1578 2330 1672 2382 αὑ-

120 2425 199 2493 τὴν
226 2426 373 2495 χρέος
406 2420 469 2478 οὗ
484 2441 576 2477 σαν
603 2426 696 2479 καὶ
725 2425 974 2497 ὄφλημα.

187 2699 241 2753 ὀ
304 2701 413 2770 γὰρ
487 2700 738 2771 ἀγαπῶν
798 2703 907 2754 τὸν
961 2700 1403 2769 ἓτερον-,γόμον
1434 2702 1670 2767 πεπλή-

117 2809 259 2857 pou.
304 2796 369 2848 Τὸ
404 2794 538 2862 γὰρ,
588 2797 671 2848 Οὺ
696 2794 1068 2863 μοιχεύσεις,
1101 2795 1173 2848 οὐ
1202 2795 1548 2861 φονεύσεις.
1601 2794 1674 2847 οὐ

120 2886 362 2954 κλέψεις,
420 2889 496 2941 οὺ
536 2886 1157 2955 ψευδομαρτυρήσεις,
1217 2889 1329 2939 οὐκ
1383 2886 1672 2953 ἐπιθυμή-

118 2989 241 3039 σεις,
266 2977 359 3029 καὶ
385 2976 442 3029 ει
470 2993 559 3040 τις
583 2976 755 3042 ἑτέρα
787 2976 1031 3042 ἐντολὴ,
1080 2978 1149 3029 ἐν
1182 2978 1371 3039 τούτῳ
1400 2977 1479 3041 τῷ
1514 2980 1674 3045 λόγῳ

119 3068 659 3135 ἁνιικεραλαιοῐιται,
678 3067 859 3133 ἐντῷ,
885 3066 1247 3138 ’Λγαπήσεις
1267 3070 1373 3121 τὸν
1401 3070 1675 3136 πλησίον

120 3172 213 3208 σου
240 3160 313 3223 ὡς
340 3159 588 3212 ἑαυτόν.

180 3248 298 3303 Εἶτα
344 3252 592 3304 δείκνυσι
633 3250 685 3302 τί
718 3250 775 3305 τὸ
824 3252 1010 3322 κέρῖος
1062 3255 1162 3322 τῆς
1221 3253 1463 3324 ἀγάπης.
1522 3254 1667 3316 Ὅτι,

121 3343 279 3406 φησιν,
305 3344 331 3395 6
360 3344 570 3412 ταύτην
600 3341 847 3412 πληρῶν,
874 3341 964 3395 τὸν
987 3342 1151 3411 νόμον
1178 3343 1298 3396 ὅλον
1329 3344 1543 3415 πληροῖ.
1561 3344 1673 3397 Καὶ

120 3431 243 3498 λέγει
273 3434 408 3495 πῶς.
444 3464 519 3473 —
542 3431 743 3505 [ΦΩΤ.]
776 3433 898 3496 Πῶς
933 3436 960 3486 ὁ
985 3435 1218 3498 ἀγαπῶν
1271 3435 1362 3490 τὸν
1419 3435 1669 3502 πλησίον,

120 3521 191 3572 τὶν
240 3523 393 3592 νόμον
453 3524 860 3594 πεπλήρωκεν,
918 3524 1142 3577 αύτὸθεν
1189 3525 1367 3594 δῆλον.
1416 3525 1671 3593 Ἀγαςτῶν

120 3618 223 3681 γσρ,
259 3616 356 3667 οὐκ
402 3614 468 3667 ἂν
516 3614 610 3666 τοῦ
668 3614 1037 3682 ἀγαπωμένου
1082 3616 1171 3666 τὸν
1196 3616 1374 3684 γάμον
1407 3616 1668 3687 διορύξει,

120 3704 181 3763 εἰς
227 3705 346 3756 αύτδ
389 3705 449 3755 τὸ
480 3703 793 3772 κεφάλαιον
836 3704 929 3755 τοῦ
964 3704 1080 3773 βίου
1123 3706 1515 3773 ἐπιϐουλεύων,
1575 3710 1671 3761 καὶ

121 3790 301 3859 ζημιῶν
329 3794 420 3847 τὸν
446 3793 797 3863 φιλούμενον.
817 3795 959 3847 ’Δλλ⁹
989 3795 1109 3847 οὐδὲ
1139 3799 1461 3865 μιαιφόνους
1481 3801 1670 3869 χεῖρας

119 3882 298 3936 ὁπλίσει
325 3884 449 3937 κατ’
487 3883 680 3948 αὑτοῦ,
704 3886 765 3937 ού
793 3886 900 3954 μὴν
936 3886 1057 3939 οὐδὲ
1091 3886 1347 3940 κλέπτειν
1380 3890 1669 3958 ἐπιχειρή-

122 3990 202 4037 σ;ι,
251 3976 355 4028 οὐδ’
390 3976 571 4039 ἄλλως
616 3993 736 4038 πως
765 3978 841 4039 εἰς
875 3978 1172 4046 ἐπιθυμίαν
1193 3977 1338 4040 τινος
1361 3979 1469 4031 τῶν
1503 3980 1668 4033 αὐτοῦ

121 4068 383 4130 καταστὰς,
418 4067 818 4137 ἀφαιρήσεται,
850 4066 941 4137 βίᾳ.
971 4067 1172 4122 λαϐὼν.
1200 4070 1365 4123 Οὐδὲν
1406 4070 1514 4139 γάρ
1556 4070 1670 4123 τού·

120 4171 205 4207 των
228 4160 339 4211 ἐστὶ
368 4158 682 4225 φιλοῦντος.
712 4160 788 4211 Οὐ
826 4161 933 4227 μὴν
985 4160 1105 4213 οὐδὲ
1150 4162 1458 4230 μαρτυρίαν
1498 4161 1668 4231 ψευδῆ

122 4251 235 4302 κατὰ
261 4252 352 4305 τοῦ
387 4251 622 4321 πλησίον
670 4252 1031 4323 μαρτυρήσει,
1064 4253 1172 4305 οὐδ’
1224 4254 1479 4323 ἐπίορκον
1510 4255 1670 4323 ὅρκον

122 4340 296 4405 ὀμόσει.
333 4341 563 4410 Πατέρα
595 4340 650 4393 δὲ
675 4341 768 4393 καὶ
819 4342 1057 4411 μητέρα,
1091 4342 1204 4405 πῶς
1235 4344 1263 4394 ὁ
1316 4344 1407 4395 τὸν
1443 4344 1672 4413 πλησίον

123 4432 262 4497 φιλῶν
286 4434 344 4487 οὺ
373 4432 751 4503 διαφερόντως
786 4432 1001 4502 φιλήσει
1050 4434 1145 4487 καὶ
1171 4435 1393 4506 τιμήσει
1420 4452 1436 4501 ;
1472 4436 1595 4499 Πῶς
1624 4436 1668 4489 δ’

1774 1965 2157 2034 delinquentes
2179 1970 2270 2037 qui
2292 1984 2359 2023 ex
2382 1972 2507 2023 mali
2534 1974 2870 2026 conscientia
2902 1973 3169 2043 procedit.
3195 1990 3357 2043 quem

1773 2054 1829 2109 in
1865 2057 2246 2125 superioribus
2286 2060 2571 2115 interdixit
2622 2062 2785 2131 377
2817 2062 3150 2133 Apostolus:
3198 2065 3360 2133 aliter

1772 2164 1903 2202 vero
1920 2165 2081 2219 quem
2109 2151 2312 2206 habent
2337 2153 2626 2220 diligentes
2641 2170 2767 2223 erga
2790 2132 2887 2209 eos
2910 2171 3050 2225 quos
3074 2132 3356 2226 diligunt\:

1774 2241 1879 2296 hoc
1906 2253 2009 2307 est,
2037 2245 2373 2299 excellentes
2406 2246 2603 2307 honor,
2627 2245 2695 2300 de
2730 2262 2840 2316 quo
2867 2247 3071 2301 dictum
3097 2257 3201 2303 est.
3235 2249 3356 2303 Non

1772 2343 1856 2387 est
1907 2335 2088 2404 inepia
2136 2337 2457 2391 timentibus
2498 2352 2647 2401 eum,
2685 2340 3047 2395 reverentiam
3079 2342 3227 2395 enim
3265 2341 3357 2397 hic

1774 2423 2000 2478 iudicat.
2065 2444 2082 2475 ι
2126 2427 2240 2479 Nisi
2296 2427 2399 2480 hoc
2436 2436 2495 2481 ut
2528 2444 2626 2481 vos
2660 2438 2855 2483 mutuo
2900 2430 3162 2501 diligatis.
3200 2450 3218 2483 ι
3275 2432 3355 2486 Ad

1775 2527 2006 2570 matrem
2038 2517 2309 2572 bonorum
2346 2521 2618 2587 pervenit,
2656 2536 2849 2591 nempe
2884 2532 3127 2577 mutuam
3168 2524 3355 2578 chari-

1774 2614 1963 2667 tatem,
1993 2608 2290 2661 ostendens
2322 2608 2464 2664 hanc
2484 2610 2755 2664 creditum
2783 2626 2903 2666 esse
2929 2626 2993 2666 ac
3012 2611 3281 2667 debitum.

1846 2694 1981 2759 Xlll,
2026 2697 2078 2749 9.
2114 2696 2252 2748 Nam
2284 2698 2372 2765 qui
2416 2696 2587 2766 diligit
2618 2697 2869 2763 alterum,
2920 2698 3087 2769 legem
3116 2699 3348 2770 comple-

1774 2788 1867 2841 vit.
1924 2787 2197 2857 Siquidem
2253 2786 2431 2840 illud:
2464 2787 2582 2840 Non
2631 2788 2956 2842 adulterium
2996 2792 3287 2845 committe:
3335 2807 3354 2845 :

1775 2896 1877 2932 non
1915 2878 2176 2949 furabcris
2208 2893 2226 2934 :
2262 2895 2366 2932 non
2399 2879 2597 2948 falsum
2623 2882 2975 2934 testimonium
3016 2884 3156 2937 dices
3196 2901 3209 2936 :
3249 2902 3353 2938 non

1775 2973 2129 3041 concupisces,
2163 2972 2279 3027 etsi
2319 2971 2460 3041 quod
2502 2970 2654 3025 aliud
2695 2980 2771 3025 est
2806 2984 3144 3042 praeceptum,
3177 2976 3231 3027 in
3260 2978 3353 3029 huc

1776 3064 1927 3118 verba
1970 3062 2355 3132 recapitulatur
2385 3079 2567 3132 nempe
2596 3080 2612 3118 :
2642 3063 2842 3134 Diliges
2879 3068 3179 3137 proximum
3204 3077 3352 3121 tuum

1774 3158 1840 3209 sit
1854 3165 1907 3207 nt
1933 3157 2181 3225 teipsum.

1841 3247 2088 3303 Ostendit
2120 3245 2321 3301 deinde
2343 3244 2491 3315 quod
2517 3246 2734 3300 lucrum
2760 3248 3057 3317 proveniat
3088 3263 3158 3303 ex
3210 3248 3351 3303 dile-

1774 3340 1990 3395 ctione:
2021 3339 2157 3393 Nam
2187 3339 2282 3407 qui
2306 3338 2448 3391 hanc
2468 3338 2727 3407 complet,
2752 3339 2950 3409 inquit,
2972 3347 3140 3393 totam
3172 3339 3348 3411 legem

1772 3431 2034 3498 complet.
2091 3430 2158 3483 Et
2189 3444 2300 3499 quo
2344 3428 2398 3482 id
2440 3428 2605 3483 modo
2635 3429 2730 3483 fiat
2763 3429 2922 3485 dicit.
2963 3430 3251 3495 Quomodo
3305 3431 3351 3485 is

1772 3525 1866 3594 qui
1921 3523 2233 3593 proximum
2276 3521 2476 3591 diligit,
2531 3522 2707 3591 legem
2768 3523 3160 3591 compleverit.
3218 3521 3349 3577 hinc

1773 3612 2123 3667 manifestum
2151 3621 2254 3666 est.
2276 3612 2414 3665 Nam
2445 3611 2541 3681 qui
2575 3611 2776 3682 diligit,
2813 3611 3001 3665 dilecti
3052 3612 3347 3682 conjugem

1772 3720 2121 3775 nequaquam
2153 3704 2402 3768 violabit,
2440 3703 2495 3756 in
2530 3704 2709 3773 ipsum
2742 3703 2868 3757 vitae
2910 3712 3075 3772 caput
3117 3703 3347 3757 insidias

1773 3809 1993 3864 parans,
2043 3803 2099 3847 et
2137 3792 2399 3847 dilectum
2434 3791 2637 3845 damno
2687 3790 2936 3845 afﬁciens
2970 3809 2983 3844 :
3025 3791 3120 3845 sed
3164 3807 3346 3861 neque

1770 3893 2031 3939 cruentas
2066 3898 2261 3937 manus
2288 3882 2555 3936 adversus
2588 3897 2715 3937 eum
2748 3881 3003 3946 armabit,
3042 3897 3222 3951 neque
3250 3881 3343 3937 fu-

1772 3979 1880 4031 rari
1909 3975 2219 4037 conabitur,
2255 3989 2358 4028 nec
2406 3974 2517 4027 ullo
2562 3973 2670 4027 alio
2709 3973 2874 4027 modo
2919 3973 3246 4028 obfirmutus
3286 3990 3340 4027 in

1772 4066 2273 4136 concupiscentiam
2302 4065 2534 4135 alicujus
2568 4079 2759 4119 eorum
2794 4080 2916 4133 quae
2965 4064 3138 4133 ipsius
3189 4076 3338 4130 sunt,

1770 4160 1909 4215 facta
1945 4157 2203 4211 violentia
2224 4155 2456 4209 auferet.
2485 4155 2689 4209 Horum
2727 4156 2874 4210 enim
2913 4156 3048 4209 nihil
3087 4165 3173 4211 est
3215 4156 3340 4210 dili-

1771 4252 1969 4323 gentis.
1998 4249 2185 4316 Neque
2211 4248 2407 4300 falsum
2435 4248 2811 4301 testimonium
2862 4247 3128 4302 adversus
3158 4248 3342 4316 proxi-

1772 4358 1924 4397 mum
1964 4340 2121 4403 feret,
2170 4354 2345 4407 neque
2401 4339 2780 4408 jusjurandum
2811 4340 3060 4407 pejcrans
3107 4340 3334 4407 jurahit.

1774 4436 1989 4491 Patrem
2017 4448 2194 4489 autem
2230 4444 2284 4487 et
2334 4444 2561 4485 matrem
2596 4444 2780 4483 aunon
2829 4431 3026 4483 eximie
3061 4428 3249 4498 diliget
3284 4440 3339 4483 ct

121 4521 215 4590 οὐχὶ
259 4524 316 4577 τὺ
370 4524 521 4577 θεῖον
566 4518 721 4586 οὗτος
754 4524 827 4586 ὼς
872 4522 1089 4585 ἀληθῶς
1121 4523 1179 4589 ἐξ
1208 4525 1335 4595 ὅλης
1376 4526 1539 4578 αὑτοῦ
1570 4525 1668 4595 τῆς
1704 4536 1745 4591 ῃ

1704 4536 1745 4591 [ι
1779 4529 2178 4596 honorabitqui
2202 4526 2509 4594 proximum
2554 4520 2771 4591 diligit?
2801 4520 3085 4586 Quomodo
3132 4536 3260 4573 vero
3293 4522 3338 4574 is

122 4614 313 4680 καρδίας
336 4616 428 4669 καὶ
453 4614 517 4679 ἐξ
541 4616 669 4684 ὅλης
700 4615 797 4682 τῆς
824 4616 1005 4684 ἰσχύος
1034 4614 1200 4668 αὑτοῦ
1248 4618 1524 4687 ἀγαπήσει
1575 4617 1669 4670 καὶ

123 4702 458 4775 δοξολογήσεις
492 4707 523 4758 ὀ
551 4705 610 4758 δὲ
640 4704 851 4768 τούτοις
882 4706 1074 4758 ἑαυτὸν
1107 4708 1471 4777 περιφράξας,
1508 4710 1668 4761 ποίαν

124 4793 258 4863 ἀλλην
314 4796 520 4867 ἀρετὴν
573 4798 696 4858 ταῖς
755 4796 1183 4865 προειρημέναις
1225 4798 1283 4849 ού
1345 4797 1671 4867 συναυξήσει

127 4884 200 4936 ni
248 4886 691 4959 covsmapziest;
747 4887 912 4939 ’Ὥστε
952 4890 979 4939 ὁ
1024 4889 1254 4956 ἀγαπῶν
1288 4890 1378 4943 τὸν
1420 4890 1668 4959 πλησίον,

126 4974 319 5031 ὸλοντδν
342 4980 516 5049 νόμον
548 4977 939 5049 πεπληρωκὼς
971 4980 1038 5032 ἂν
1069 4981 1179 5049 εἵη.
1213 4977 1347 5035 Εἶτα
1392 4982 1581 5053 ἐπειδὴ
1612 4983 1671 5036 τὸ

126 5067 198 5137 τῆς
243 5073 455 5143 ἀγάπης
516 5072 694 5140 ὄνομα
735 5071 990 5125 εἰώθασιν
1037 5073 1086 5125 οἱ
1137 5074 1412 5145 ἄνθρωποι
1442 5077 1536 5130 καὶ
1580 5078 1673 5131 ἐπὶ

128 5162 209 5210 τῷν
230 5164 454 5227 ἀναξίων
517 5164 823 5217 διαθέσεων
853 5165 951 5232 τῆς
1014 5165 1260 5235 κλήσεως
1297 5167 1502 5238 ταύτης
1532 5168 1672 5221 τιθὲ-

128 5267 211 5315 ’,αι’
240 5254 559 5324 ὑπογραφὴν
602 5255 772 5322 αὐτῆς
798 5254 957 5317 αὐτὸς
988 5257 1306 5319 ἀποδίδωσι,
1350 5260 1509 5311 ποίαν
1537 5260 1664 5329 ἔφη·

130 5358 200 5394 σεν
242 5346 453 5417 ἀγάπην
507 5345 787 5415 παριστὰς
825 5348 882 5398 ἐν
941 5348 1121 5418 ἐαυτῷ
1170 5350 1446 5417 περιέχειν
1467 5351 1557 5401 τὸν
1587 5351 1675 5402 νόο-

132 5450 225 5498 μον,
253 5439 339 5489 καὶ
366 5436 913 5507 συγκεφαλαιοῦσθαι
948 5438 1058 5490 τῶν
1115 5440 1329 5509 ἀρετῶν
1364 5438 1423 5492 τὺ
1450 5439 1673 5509 πλῆθος.

138 5523 187 5576 Ἠ
226 5527 397 5599 ἀγάπη
454 5530 596 5598 γὰρ,
654 5528 839 5597 φησιν,
892 5528 958 5598 ἦν
1008 5529 1144 5599 ἔφην
1175 5531 1520 5583 συνάπτουσα
1550 5534 1676 5592 τοὺς

135 5615 319 5685 πλησῖον
348 5620 629 5689 ἀλλήλοις,
664 5617 840 5682 οὕτως
897 5620 1157 5685 ἑνοποιετ,
1184 5620 1258 5684 ὡς
1297 5621 1555 5692 ἑκάτερον
1579 5624 1676 5691 ούχ

134 5705 280 5775 ἓτερον
308 5712 554 5781 ἡγεῖσθαι
592 5710 689 5763 τὸν
710 5710 1074 5781 συναφθέντα,
1122 5712 1259 5766 ἀλλά
1289 5713 1553 5783 νομίζειν,
1586 5715 1676 5768 ἀλ-

137 5800 203 5855 λον
230 5806 374 5863 αὐτὸν
402 5802 546 5865 εἶναι
584 5808 816 5863 ἐκεῖνον.
868 5805 957 5870 Ἐξ
990 5798 1049 5860 οὗ
1076 5806 1235 5877 δῆλον
1266 5808 1346 5861 ὅτι
1375 5808 1524 5864 οὐδὲν
1549 5810 1675 5864 ἐκά-

1770 4623 1864 4692 qui
1889 4619 2156 4691 ejusmodi
2180 4626 2282 4679 est,
2301 4615 2643 4670 divinitatem
2662 4614 2833 4682 ipsam
2853 4628 2961 4666 non
2987 4628 3112 4666 vere
3139 4628 3204 4665 ex
3225 4622 3339 4665 toto

1771 4710 1936 4765 corde
1973 4726 2071 4762 suo
2096 4719 2227 4762 etcx
2251 4714 2359 4759 tota
2390 4703 2712 4757 fortitudine
2731 4716 2826 4755 sua
2848 4700 3053 4754 amabit
3080 4716 3143 4755 ac
3166 4701 3337 4770 glori-

1772 4801 1986 4856 ficabit?
2010 4800 2111 4865 Qui
2137 4807 2319 4852 autem
2338 4795 2677 4863 hisseipsum
2709 4793 2962 4854 munivit,
2992 4808 3155 4861 quam
3177 4792 3337 4844 aliam

1772 4896 2034 4948 virtutem
2057 4908 2179 4947 cum
2202 4889 2476 4960 praedictis
2496 4903 2603 4941 non
2618 4886 2841 4956 augebit
2862 4901 2923 4939 ac
2938 4885 3185 4953 perficiet
3206 4886 3226 4936 ?
3244 4885 3342 4937 ltu-

1773 5002 1879 5057 que
1898 4986 1990 5055 qui
2017 4984 2324 5053 proximum
2366 4982 2562 5051 diligit,
2615 4988 2780 5032 totum
2807 4978 2977 5046 legem
3038 4977 3339 5044 complesse

1774 5080 1881 5133 dici
1912 5078 2129 5146 poterit.
2164 5076 2368 5129 Deinde
2393 5075 2517 5143 quia
2554 5071 3008 5127 solenthomines
3043 5069 3341 5122 nomendi-

1776 5172 2035 5225 lectionis
2057 5171 2227 5224 etiam
2252 5182 2527 5236 apponere
2561 5165 2871 5226 atl'ectibus,
2908 5164 3011 5218 hac
3057 5162 3342 5215 vocatione

1776 5261 2039 5330 indignis,
2066 5261 2180 5329 ipse
2211 5257 2379 5311 tradit
2407 5258 2526 5325 ejus
2550 5255 2975 5323 descriptionem
3003 5268 3166 5321 quam
3195 5253 3345 5305 dixe-

1776 5350 1848 5403 rit
1897 5350 2273 5413 dilectionem,
2312 5361 2568 5401 asserens
2615 5354 2781 5398 totam
2812 5342 3105 5413 complecti
3142 5343 3338 5412 legem.

1776 5458 1837 5496 ac
1886 5442 2197 5496 summatim
2266 5440 2527 5509 colligere
2583 5440 2848 5491 virtutum
2910 5437 3339 5491 multitudinem.

1776 5535 1910 5588 Nam
1943 5533 2190 5595 dilectio,
2254 5532 2455 5601 inquit,
2512 5547 2674 5599 quam
2737 5530 3012 5591 dicebam,
3065 5530 3342 5597 proximos

1778 5634 1971 5681 mutuo
2020 5626 2358 5694 conjungens
2390 5624 2460 5675 ita
2490 5622 2607 5675 uuit
2663 5632 2722 5676 ut
2757 5624 2992 5691 quisque
3025 5635 3131 5672 non
3176 5618 3343 5671 alium

1777 5733 1897 5771 esse
1948 5718 2111 5771 ducat
2167 5732 2291 5771 eum
2342 5714 2436 5785 qui
2496 5714 2825 5783 conjunctus
2868 5720 2971 5773 est,
3008 5712 3116 5764 imo
3166 5710 3343 5777 ipsum

1780 5811 2054 5866 existimet
2097 5824 2218 5865 esse
2286 5808 2547 5878 scipsum.
2586 5806 2748 5876 378
2797 5804 2947 5860 Unde
2996 5803 3343 5858 manifestum
