4194 6468
692 409 789 471 ἔιϋὶ
1756 395 2145 459 (ECUMENII
2186 393 2476 453 TRICCE
2515 388 2851 452 EPISCOI‘I
3865 384 3969 446 592

769 520 907 586 XIV,
960 522 1014 581 5.
1058 518 1110 574 θ.
1170 517 1320 573 Alius
1373 517 1583 587 quidem
1631 516 1839 587 judicat
1893 514 2029 567 diem
2071 530 2102 565 ιι
2141 512 2222 564 die
2266 525 2283 563 :
2322 520 2373 593 Α.

2322 520 2373 593 Α.
2470 512 2573 575 Ὃς
2626 508 2742 576 μὲν
2783 505 2972 574 κρίνει
3028 502 3257 573 ἡμέραν
3308 502 3444 572 παρ’
3474 502 3742 585 ᾐμέραν,
3790 508 3859 573 ὃς
3904 508 3972 561 δὲ

697 617 839 671 alius
864 630 979 670 vero
998 612 1210 681 judicat
1234 625 1441 664 omnem
1469 609 1630 661 diem.
1665 606 2029 678 Unusquisque
2050 605 2279 675 promite

2361 591 2572 669 “κρε⁹νει
2612 599 2820 681 narrar
2855 596 3131 665 ήμέραν.·
3166 596 3462 686 Ἕκαστος
3499 591 3569 651 ἐν
3613 597 3693 663 τῷ
3728 598 3856 666 ἰδίῳ
3877 600 3975 653 νοτ

700 707 861 760 menti
893 704 1215 773 satisfaciat.
1244 700 1345 765 Qui
1384 708 1535 754 curat
1568 700 1726 763 diem,
1757 698 1981 752 Domino
2009 706 2158 749 curat
2186 712 2202 749 :
2232 706 2281 749 et

2388 691 2905 759 πληροφορείσθω.
2942 689 3004 742 Ὀ
3043 682 3431 758 sepositi-Thr
3478 689 3727 758 ἡμέραν,
3778 694 3976 759 Κυρίῳ

698 797 787 865 qui
813 810 916 847 non
940 800 1093 849 curat
1121 792 1281 855 diem,
1309 790 1535 844 Domino
1562 805 1667 845 non
1694 799 1864 842 curat.
1899 786 1998 852 Qui
2031 788 2156 868 edit,
2183 786 2284 840 Do-

2391 782 2622 855 ssppret',
2660 778 2822 835 καὶὸ
2840 782 2926 851 μὴ
2961 780 3203 850 φρονῶν
3226 780 3626 849 τὴν·ήμέραν,
3662 786 3860 853 Κυρίῳ
3902 787 3976 839 οὐ

700 886 841 938 mino
885 884 1011 947 edit,
1043 881 1249 951 gratius
1284 881 1425 933 enim
1468 881 1578 949 agit
1616 877 1722 932 Deo
1754 892 1771 929 .·
1806 885 1853 930 et
1892 877 1980 946 qui
2020 893 2123 929 non
2154 876 2277 942 edit,

2388 874 2615 945 φρονεῖ.
2651 874 2759 930 Καὶ
2782 877 2819 928 ὀ
2842 874 3082 937 ἐσθίων,
3125 874 3321 943 Κυρίῳ
3350 875 3538 929 ἐσθίει
3582 892 3596 905 ’
3619 879 3981 947 ,εὐχαριστεῖ

702 977 922 1030 Domino
948 992 1049 1049 non
1079 976 1206 1041 edit,
1239 983 1286 1027 et
1319 973 1523 1043 gratias
1559 972 1666 1042 agit
1698 972 1831 1025 Deo.

2390 970 2499 1037 γὰρ
2522 969 2601 1034 τῷ
2636 968 2758 1033 Θεῷ
2784 984 2796 996 ·
2849 967 2948 1021 καὶ
2978 970 3009 1021 ό
3027 968 3114 1036 μὴ
3138 967 3379 1034 ἐσθίων,
3404 969 3599 1037 Κυρίῳ
3627 973 3739 1025 οὐκ
3760 970 3975 1036 ἐσθίει,

2392 1063 2489 1115 καὶ
2524 1060 2879 1131 εὐχαριστεῖ
2898 1061 2978 1126 τῷ
3017 1060 3160 1127 Θεῷ.

772 1152 1086 1217 verisimile
1131 1157 1389 1228 estquod
1424 1156 1675 1212 nonnulli
1708 1154 1803 1225 qui
1840 1155 1894 1209 in
1926 1154 2043 1209 dies
2064 1155 2251 1225 jejuna

2455 1152 2613 1217 Εἰκὸς
2652 1149 2742 1224 ἦν,
2772 1154 2923 1217 τινας
2957 1153 3062 1207 τῶν
3100 1154 3335 1224 συνεχῶς
3365 1159 3754 1227 νηστευόντων,
3812 1177 3984 1213 κατα-

699 1254 833 1309 bant
875 1268 971 1307 seu
1020 1250 1394 1315 abstinebant,
1439 1265 1504 1304 eo
1552 1257 1798 1317 tempore
1844 1248 2285 1302 condemnabant

2392 1246 2599 1317 κρίνειν
2629 1247 2757 1310 τοὺς
2791 1248 2864 1317 μὴ
2913 1247 3152 1317 συνεχῶς
3183 1248 3567 1318 νηστεύοντας,
3604 1248 3685 1313 οἷς
3715 1252 3776 1304 τὸ
3804 1271 3949 1306 κατα
3969 1284 3981 1291 -

698 1360 795 1399 eos
832 1346 925 1414 qui
983 1360 1090 1398 non
1137 1343 1398 1398 continue
1433 1340 1788 1395 abstinebant
1822 1357 1834 1392 :
1869 1326 2073 1409 quibus
2115 1341 2286 1394 inter-

2393 1342 2599 1410 κρίνειν
2654 1340 2746 1393 καὶ
2797 1341 3003 1407 σᾳὸδρα
3064 1341 3317 1407 ἐγκαλεῖν
3375 1344 3738 1412 ἀπαγορεύει.
3795 1341 3980 1408 Ἦσαν

701 1437 835 1493 dicit
880 1453 949 1492 ne
1004 1436 1377 1492 condemnent
1440 1444 1537 1489 aut
1601 1434 1960 1489 vehementer
2005 1443 2282 1488 accusent.

2393 1431 2500 1500 γὰρ
2561 1430 2811 1501 νεη).υδες
2871 1426 2929 1482 ἒν
2993 1434 3058 1501 τῇ
3126 1432 3325 1494 πίστει,
3382 1437 3476 1485 καὶ
3533 1436 3789 1489 ἐδεδοίκει
3839 1437 3980 1509 μ.ὴὴ

700 1531 890 1600 Nuper
930 1530 1078 1584 enim
1124 1528 1191 1582 ad
1240 1527 1404 1583 ﬁdem
1452 1535 1740 1589 venerant,
1784 1537 1837 1580 et
1877 1527 2172 1580 verebatur
2218 1540 2287 1579 ne

2396 1524 2564 1595 πολλὴ
2588 1524 2866 1594 ἔγκλησις,
2887 1524 3066 1577 τέλεον
3085 1526 3278 1588 αὐτοὺς
3307 1527 3578 1598 ἀποσχίσῃ
3604 1528 3701 1598 τῆς
3720 1530 3983 1594 πίστεως,

702 1624 875 1679 multa
913 1621 1193 1677 accusatio
1215 1635 1311 1675 eos
1342 1619 1568 1672 omnino
1596 1633 1624 1670 a
1657 1616 1761 1670 ﬁde
1796 1629 2099 1686 separaret,
2120 1634 2287 1672 accu-

2395 1616 2745 1685 ὸργισοέντας
2795 1618 2917 1678 ταῖς
2986 1615 3332 1685 ὲγκλήσεσιν.
3402 1617 3724 1679 «Ἕκαστος
3775 1620 3833 1670 ἐν
3905 1620 3986 1689 τῷ

703 1713 1013 1769 sationibus
1080 1711 1146 1765 ad
1226 1710 1365 1763 iram
1418 1719 1768 1778 provocatos.
1827 1727 1842 1758 ι
1899 1710 2289 1778 Unusquisque

2401 1709 2513 1778 ἰδίῳ
2550 1709 2650 1761 νοΐ.
2684 1728 2700 1758 ι
2741 1708 2831 1775 Μὴ
2864 1708 2992 1777 περὶ
3026 1709 3247 1761 πάντων
3277 1709 3404 1779 δέξῃ
3467 1709 3547 1771 τὸ,
3584 1728 3601 1760 ι
3629 1712 3897 1774 Ἕκαστος
3928 1715 3987 1764 ὲν

706 1807 941 1877 propriae
968 1804 1160 1859 menti.
1198 1822 1214 1855 ι
1250 1803 1368 1856 Non
1393 1802 1460 1856 de
1485 1802 1743 1855 omnibus
1767 1801 2026 1869 accipias.
2052 1820 2068 1851 ι
2107 1802 2288 1855 Unus-

2396 1801 2472 1871 τῷ
2512 1801 2625 1871 ἰδίῳ
2684 1800 2765 1853 νοῒ
2816 1799 3310 1870 πληροφορείσθω»
3357 1818 3372 1833 υ
3414 1800 3531 1854 ἀλλ’
3585 1803 3679 1854 ἐπὶ
3727 1804 3987 1871 νηστείας

707 1898 944 1967 quinque
987 1895 1223 1965 propriae
1271 1894 1441 1947 menti
1489 1892 1811 1958 satisfaciat,
1850 1912 1867 1943 ι
1922 1892 2016 1946 sed
2073 1892 2141 1946 de
2177 1892 2294 1946 solo
2327 1882 2363 1937 Β

2332 1882 2367 1937 Β
2401 1892 2578 1960 μόνον,
2618 1890 2710 1943 καὶ
2738 1888 2893 1943 τοῦτο
2935 1889 3411 1956 συγκαταόαίνων,
3442 1892 3633 1964 ἐπειδὴ
3658 1893 3988 1961 ἀρτιπαγείς

704 1988 935 2059 jejunio,
984 1986 1150 2055 idque
1197 1983 1697 2039 condescendendo
1742 1984 1841 2049 ait,
1892 1984 2018 2052 quia
2062 1984 2294 2037 Romani

2398 1979 2539 2053 ἦσαν
2567 1983 2625 2035 ἐν
2662 1986 2726 2051 τῇ
2765 1983 2947 2035 πίστει
2982 1982 3032 2033 οἱ
3078 1982 3363 2051 Ῥωμαῖοι.
3434 1983 3523 2046 Ὠς
3571 1985 3685 2051 εῖγε
3726 1986 3821 2038 καὶ
3856 1987 3989 2055 περὶ

706 2092 885 2147 nuper
944 2076 1071 2130 ﬁdei
1128 2075 1497 2130 adhaeserant.
1539 2074 1697 2139 Quod
1749 2075 1795 2129 si
1850 2076 2014 2129 etiam
2072 2075 2139 2129 de
2190 2074 2295 2128 title

2400 2074 2639 2137 πίστεως
2697 2072 2822 2144 δέξῃ
2856 2073 2915 2125 τδ
2942 2072 3262 2143 εἰρημένον,
3316 2074 3410 2126 τοῦ
3458 2075 3661 2137 παντὸς
3702 2076 3987 2142 ἑξέπεσες.

711 2169 1034 2237 praedictum
1079 2167 1309 2221 verbum
1356 2165 1665 2233 acceperis,
1707 2174 1821 2218 toto
1866 2166 2006 2219 caelo
2048 2165 2295 2219 abcrras.

2401 2168 2559 2222 Κατὰ
2603 2166 2661 2220 δὲ
2718 2167 2809 2219 τὸν
2863 2166 2993 2219 ἴδιον
3042 2166 3168 2219 νοῦν
3214 2166 3447 2229 ἕκαστος
3506 2168 3986 2237 πληροφορείσθω,

709 2265 870 2320 Juxta
908 2261 1186 2333 propriam
1234 2270 1419 2315 autem
1450 2271 1689 2315 mentem
1724 2260 1958 2330 quisque
1994 2259 2095 2313 sibi
2132 2260 2298 2315 satis-

2401 2260 2543 2331 ἢότι
2600 2257 2782 2321 καλῶς
2838 2259 2984 2310 ποιεῖ
3032 2257 3311 2328 νηστεύων
3358 2258 3465 2320 ἀεὶ,
3495 2257 3525 2329 ἦ
3556 2260 3636 2311 ὅτι
3687 2260 3747 2311 ού
3805 2259 3993 2323 καλῶς

713 2357 877 2411 iaciat
932 2373 943 2406 :
999 2355 1083 2409 vel
1129 2353 1276 2423 quod
1324 2352 1633 2407 benefaeiat
1688 2352 1732 2405 si
1800 2368 2016 2421 semper
2066 2354 2297 2423 jejunet,

2405 2353 2573 2415 ποιεῖ,
2606 2350 2667 2402 ού
2703 2349 2981 2419 νηστεύων
3040 2350 3148 2403 ἀεί.
3189 2369 3206 2400 ι
3244 2349 3302 2401 '0
3327 2350 3540 2419 φρονῶν
3599 2352 3697 2418 τὴν
3748 2353 3990 2421 ἡμέραν,

712 2453 827 2504 sive
881 2450 1158 2504 abstineat
1200 2465 1211 2500 :
1254 2447 1339 2501 vel
1379 2446 1528 2515 quod
1579 2462 1688 2499 non
1746 2445 2056 2500 benefaciat
2103 2447 2147 2500 si
2190 2461 2300 2501 non

2406 2443 2597 2514 Κυρίῳ
2636 2444 2840 2512 φρονεῖ.
2877 2462 2893 2493 ι
2931 2443 3005 2495 Ού
3037 2442 3255 2495 δεκτέον
3284 2443 3344 2495 τὸ
3380 2444 3547 2513 ῥητὸν
3605 2445 3698 2497 ἐπὶ
3720 2444 3994 2514 δόγματος

717 2556 934 2610 semper
960 2540 1194 2609 jejunet.
1234 2556 1250 2587 ι
1292 2537 1395 2603 Qui
1428 2546 1584 2591 curat
1608 2537 1775 2600 diem,
1805 2537 2040 2590 Domino
2069 2546 2243 2591 curat.
2270 2555 2294 2597 ,ι

2405 2536 2661 2597 πίστεως.
2714 2537 2907 2605 Ὅμως
2970 2539 3063 2589 καὶ
3107 2536 3268 2599 αὐτὸς
3331 2539 3588 2608 προεῖπε.
3656 2539 3995 2611 ,Ἀμφότεροι

716 2631 833 2685 Non
883 2640 967 2686 est
1013 2631 1117 2684 hoc
1168 2629 1400 2682 verbum
1442 2628 1509 2682 de
1550 2628 1675 2681 fidei
1720 2628 1975 2698 dogmate
2026 2629 2303 2698 accipien—

2406 2629 2535 2698 γὰρ,
2571 2623 2721 2690 οὗτός
2752 2644 2811 2679 τε
2850 2628 3121 2691 κάκεῖνος,
3151 2628 3231 2680 ἑνὶ
3257 2614 3495 2697 χρῶνται
3526 2630 3732 2698 σκοπῷ,
3763 2634 3895 2701 τιμῇ
3927 2635 3994 2701 τῇ

713 2725 844 2778 dum
884 2742 895 2775 ;
937 2724 989 2776 id
1026 2721 1173 2791 quod
1221 2729 1277 2774 et
1323 2720 1441 2789 ipse
1485 2719 1759 2789 praedixit.
1798 2719 2084 2788 Siquidem
2128 2730 2183 2775 et
2217 2721 2304 2775 hic

2410 2720 2538 2790 περὶ
2580 2721 2669 2772 τὸν
2717 2719 2868 2771 Θεόν.
2901 2720 2969 2771 "0
2996 2736 3053 2771 τε
3118 2721 3228 2789 γὰρ
3282 2722 3844 2790 παραφυλαττόμενος
3895 2723 3999 2792 τὴν

722 2825 766 2863 et
809 2815 897 2867 ille
943 2813 1037 2866 uni
1068 2811 1387 2871 innituntur
1415 2827 1605 2880 scopo,
1635 2826 1833 2879 nempe
1864 2811 2052 2865 divino
2083 2812 2301 2866 honori.

2409 2813 2654 2882 ἡμέραν,
2687 2813 2859 2865 οἴεται
2887 2812 3021 2866 Θεοῦ
3062 2814 3227 2882 νέμον
3262 2814 3525 2884 πληροῦν
3561 2816 3587 2868 ὃ
3609 2834 3663 2868 τε
3686 2816 4000 2885 ἀδιαφορῶν

724 2907 851 2957 Nam
912 2906 1005 2973 qui
1076 2903 1221 2957 diem
1282 2912 1439 2956 curat
1503 2901 1808 2955 arbitratur
1862 2916 1920 2957 se
1979 2901 2076 2955 Dei
2130 2903 2302 2972 legem

2409 2905 2539 2973 περὶ
2598 2904 2776 2964 τοῦτο,
2816 2906 2997 2957 πᾶσαν
3027 2905 3101 2968 ὼς
3135 2906 3238 2958 ὑπὸ
3267 2906 3403 2958 Θεοῦ
3435 2908 3733 2976 γενομένην
3755 2910 4000 2977 ἡμέραν,

722 2997 912 3049 nbserx
928 3012 1050 3059 are;
1084 2992 1250 3064 384
1276 2994 1371 3061 qui
1406 3009 1536 3046 vero
1570 2993 1689 3047 dies
1718 2992 1871 3046 nullo
1906 2993 1960 3047 in
2000 2993 2106 3048 hoc
2141 2995 2308 3049 habet

2410 2997 2477 3050 δι’
2512 2998 2702 3066 ὁμοίας
2748 2996 2861 3065 ἔχει
2898 2996 3087 3066 τιμῆς.
3119 3027 3188 3036 -
3214 2999 3472 3063 Ἄλλως.
3512 2998 3713 3071 [ΦΩΤ.]
3747 3001 3838 3064 Τὸ,
3884 3020 3901 3051 ι
3944 3004 4002 3053 ’0

724 3089 1067 3151 disezimine,
1096 3102 1313 3140 omnem
1348 3085 1493 3138 diem
1524 3093 1779 3155 tanquam
1816 3102 1846 3139 a
1884 3087 1993 3141 Deo
2022 3087 2305 3142 conditum

2412 3090 2626 3161 φρονῶν
2650 3090 2747 3158 τὴν
2776 3091 3010 3160 ἡμέραν,
3043 3090 3232 3160 Κυρίῳ
3258 3093 3465 3161 φρονεῖ,
3493 3093 3583 3144 καὶ
3615 3095 3642 3144 ὁ
3680 3094 3754 3162 μὴ
3784 3094 4002 3161 τρο-,ὦν

724 3181 888 3234 simili
922 3181 1087 3234 habet
1136 3180 1189 3232 in
1222 3178 1453 3232 honore.
1492 3208 1558 3217 —
1587 3177 1767 3231 Aliud.
1801 3177 1957 3243 Quod
1996 3178 2073 3232 ait
2108 3195 2120 3231 :
2160 3198 2177 3229 ι
2202 3178 2305 3245 Qui
2340 3231 2380 3254 η

2344 3231 2382 3254 η
2417 3184 2515 3252 τὴν
2576 3183 2810 3252 ἡμέραν,
2868 3182 3059 3251 Κυρίῳ
3090 3183 3149 3235 ού
3208 3185 3457 3253 gigantei,»
3520 3184 3758 3254 φανερδν
3809 3187 3872 3237 ἐκ
3906 3186 4000 3237 toi

723 3280 877 3325 curat
910 3271 1079 3333 diem,
1114 3270 1344 3323 Dmnino
1380 3278 1561 3330 curat,
1590 3278 1645 3323 et
1675 3270 1769 3338 qui
1804 3285 1914 3323 non
1953 3278 2111 3323 curat
2142 3270 2310 3335 diem,

2430 3231 2506 3252 ν-ο-
2582 3231 2810 3252 νιιντιηννι
2869 3231 3051 3251 ’“Τ“Τ
3099 3231 3144 3235 ⁷-
3215 3231 3451 3253 15"""'
3528 3231 3750 3254 1"“5'”
3811 3231 3872 3237 '"
3917 3231 3999 3237 ν’*

2350 3231 2819 3347 βπροειρημὲνου
2870 3277 3004 3344 ἡμῖν
3068 3278 3147 3328 ὅτι
3198 3277 3358 3329 τοῦτο
3384 3276 3554 3343 λέγει,
3584 3279 3662 3329 ὅτι
3718 3278 3775 3329 Ὀ
3803 3279 4006 3347 κρίνων

727 3366 958 3417 Dnininn
1005 3380 1114 3417 non
1162 3373 1341 3425 curat,
1397 3383 1413 3412 ι
1474 3362 1829 3415 manifestum
1882 3372 1968 3416 est
2012 3364 2157 3432 quod
2210 3364 2315 3419 hoc

2419 3370 2513 3422 καὶ
2565 3368 2912 3436 λογιζόμενος
2968 3368 3129 3419 καλὸν
3175 3364 3313 3420 εἶναι
3351 3370 3471 3421 καθ’
3516 3370 3730 3437 ἡμέραν
3785 3374 4006 3437 φαγεῖν,

730 3457 893 3510 nobis
939 3454 1233 3525 signiticet.
1269 3454 1372 3521 Qui
1421 3454 1635 3524 judicat
1678 3465 1736 3509 et
1782 3456 2061 3510 existimat
2110 3456 2315 3510 bonum

2418 3459 2497 3529 τῷ
2530 3458 2719 3528 Κυρίῳ
2786 3461 2997 3528 φρονεῖ,
3037 3459 3339 3524 τουτέστιν,
3381 3464 3435 3512 έν
3462 3461 3650 3530 Κυρίῳ
3677 3462 3834 3514 τοῦτο
3856 3462 4009 3530 λογί-

727 3565 852 3602 esse
902 3549 1052 3601 omni
1092 3548 1181 3602 die
1228 3548 1415 3610 edere,
1456 3548 1689 3601 Domino
1727 3557 1883 3602 curat
1928 3566 1941 3601 :
1992 3549 2095 3601 hoc
2128 3557 2232 3611 est,
2264 3550 2319 3603 in

2425 3550 2598 3614 ζεται,
2655 3550 2933 3601 τουτέστιν
2975 3550 3062 3603 διὰ
3110 3550 3202 3602 τὸν
3230 3551 3435 3619 Κύριον
3489 3552 3620 3603 aut.
3651 3556 3816 3605 ποιεῖ.
3849 3554 3961 3605 Καὶ
3984 3556 4012 3607 6

732 3642 961 3695 Domino
1044 3641 1149 3695 hnc
1232 3641 1554 3703 existimat,
1604 3648 1660 3694 et
1736 3649 1960 3709 propter
2026 3641 2319 3694 Dominum

2428 3642 2502 3711 μὴ
2562 3639 2766 3710 κρίνων
2815 3641 2994 3705 τοῦτο,
3036 3640 3167 3709 μηδὲ
3195 3641 3541 3711 λογιζόμενος
3587 3644 3665 3695 ὅτι
3696 3645 3860 3696 καὶὸν
3892 3647 4011 3697 ἐστι

732 3734 834 3785 hoc
876 3732 1025 3785 facit.
1075 3732 1141 3785 Et
1186 3732 1279 3800 qui
1336 3747 1445 3784 non
1493 3731 1705 3800 judicat
1742 3731 1867 3795 hoc,
1902 3746 2079 3800 neque
2117 3732 2319 3784 bonum

2426 3733 2549 3786 καθ’
2598 3733 2813 3803 ἡμέραν
2872 3735 3092 3801 φαγεῖν,
3140 3732 3227 3785 διὰ
3259 3735 3352 3786 τὸν
3409 3736 3613 3802 Κύριον
3642 3736 3801 3788 τοῦτο
3831 3739 4011 3805 κρίνει

733 3825 1035 3878 arbitratur
1096 3824 1245 3877 enini
1306 3824 1395 3877 die
1455 3826 1662 3889 edere,
1732 3836 1955 3894 propter
2028 3824 2321 3878 Dominum

2426 3824 2589 3876 καλὸν
2649 3821 2788 3875 εἶναι
2842 3826 2937 3875 καὶ
2968 3823 3265 3890 λογίζεται.
3322 3826 3482 3878 Αίτια
3513 3827 3621 3895 γάρ
3668 3828 3817 3878 ἐστιν
3862 3829 4014 3896 αύτῷ

736 3924 811 3972 ita
873 3919 1081 3989 judicat
1151 3926 1206 3971 et
1270 3918 1598 3971 arbitratur.
1657 3918 1783 3970 lliec
1852 3918 1999 3971 enim
2066 3918 2323 3987 praedicta

2428 3912 2602 3965 ταῦτα
2625 3912 2891 3982 εἰρημένα
2912 3911 3028 3977 τοῦ,
3070 3930 3088 3961 ι
3115 3912 3385 3975 ’Ἕκαστος
3420 3915 3475 3965 έν
3505 3916 3579 3982 τῷ
3614 3916 3728 3985 ἰδίῳ
3753 3918 3833 3967 νοῒ
3871 3917 4016 3987 πλη-

736 4019 863 4064 sunt
911 4011 1010 4078 ipsi
1064 4024 1229 4062 causa
1279 4020 1337 4062 ut
1388 4008 1493 4061 hoc
1548 4008 1758 4078 judicet
1814 4027 1826 4061 :
1880 4018 2008 4077 puta
2062 4019 2119 4061 ut
2160 4026 2330 4064 unus~

2433 4005 2791 4077 ροφορείσθω.
2839 4025 2856 4057 i
2894 4004 3017 4066 Πῶς
3070 4005 3247 4073 λέγεις
3299 4006 3479 4072 τοῦτο,
3541 4008 3759 4073 Παῦλες
3815 4010 4016 4073 Καλῶς

737 4104 971 4171 quisque
1055 4101 1291 4171 propriae
1370 4099 1540 4153 menti
1628 4101 1948 4155 satisfaciat.
2038 4100 2328 4167 Quomodo

2431 4094 2607 4160 εἷπον,
2639 4097 2823 4167 φησιν,
2881 4096 3072 4166 ἐπειδὴ
3100 4099 3192 4149 καὶ
3220 4100 3248 4149 ὁ
3281 4099 3559 4168 νηστεύων
3596 4100 3735 4169 ὑπὲρ
3771 4102 4015 4170 ἡμέραν,

740 4195 843 4248 boc
912 4193 1070 4253 dicis.
1132 4192 1328 4245 Paule?
1375 4191 1541 4253 Bene,
1589 4191 1787 4260 inquit,
1841 4191 1953 4244 dixi
2005 4210 2016 4243 :
2066 4195 2327 4261 quoniam

2430 4186 2797 4240 κα“ιὸὲσθίων
2866 4186 2984 4238 καθ’
3039 4187 3275 4256 ἡμέραν,
3336 4188 3413 4249 εἰς
3459 4188 3757 4257 ἀρέσκειαν
3792 4191 4008 4259 Κυρίου

739 4296 793 4341 et
863 4286 958 4354 qui
1021 4300 1187 4353 super
1258 4283 1401 4337 diem
1470 4284 1681 4354 jejunat
1750 4284 1864 4339 sive
1927 4284 2212 4349 abstinet,
2275 4294 2329 4339 et

2432 4280 2592 4332 τοῦτο
2648 4278 2881 4339 ποιοῦσι,
2952 4280 3047 4332 καὶ
3081 4280 3140 4332 οὑ
3174 4279 3255 4331 δεῖ
3312 4280 3520 4349 κρίνειν
3572 4283 3708 4343 ὅλως
3748 4283 4019 4354 ἀλλήλους

738 4378 832 4447 qui
899 4377 1014 4431 edit
1074 4374 1222 4427 omni
1290 4374 1399 4437 die,
1459 4373 1622 4427 ambo
1684 4374 1738 4427 in
1796 4374 2011 4428 Domini
2067 4377 2328 4445 placitum

2434 4371 2526 4423 ἐπὶ
2580 4370 2772 4439 τούτῳ.
2808 4364 2940 4422 Εἶτα
2962 4371 3451 4440 καὶὲπιτείνειτὴν
3476 4372 3678 4433 αἰτίαν,
3711 4375 3803 4425 καί
3838 4393 3975 4445 φησι
4003 4394 4016 4405 ·

742 4474 845 4526 hoc
889 4470 1143 4524 iaciunt:
1189 4483 1289 4522 nec
1333 4477 1555 4537 oportet
1600 4476 1658 4521 ut
1703 4469 1772 4521 ob
1818 4468 1922 4522 hoc
1971 4470 2114 4524 alius
2164 4472 2329 4524 alium

2436 4463 2545 4515 Καὶ
2575 4461 2681 4532 γὰρ
2708 4462 2736 4513 ὁ
2768 4461 2986 4523 ἐσθίων,
3014 4463 3329 4531 εὐχαριστεῖ
3354 4464 3431 4530 τῷ
3457 4463 3576 4529 Θεῷ
3605 4466 3663 4514 ὲν
3686 4464 3762 4533 τῷ
3786 4467 4018 4531 ἐσθίειν,

746 4564 854 4613 ullo
918 4561 1081 4614 tntnlo
1144 4560 1372 4628 judicel.
1441 4560 1649 4613 Deinde
1710 4560 1872 4614 etiam
1944 4577 2163 4617 causam
2232 4562 2402 4651 ad-D

2363 4556 2517 4651 ¹)ἰίτι
2548 4553 2749 4605 ἔδωκεν
2806 4552 3113 4621 ἀνθρώποις
3171 4552 3357 4621 πόρον,
3404 4554 3497 4603 καὶ
3541 4555 3825 4622 συνέχειαν
3848 4557 4019 4626 ζωῆς.

743 4655 819 4704 dit
861 4651 1096 4703 dicens:
1133 4650 1345 4701 Etenim
1392 4650 1435 4703 is
1489 4650 1583 4718 qui
1618 4650 1752 4715 edit,
1796 4652 2001 4721 gratias
2044 4654 2154 4721 agit
2200 4653 2334 4724 Deo,
2361 4644 2399 4651 ”

2367 4644 2401 4651 ’⁷
2445 4648 2553 4698 Καὶ
2584 4649 2609 4698 ὁ
2638 4645 2913 4714 νηστεύων
2971 4646 3303 4714 εὐχαριστεῖ,
3342 4645 3425 4696 ὅτι
3470 4644 3667 4697 ἔδωκεν
3704 4648 4023 4716 ἀνθρώποις

746 4748 799 4795 in
845 4759 909 4796 eo
954 4742 1102 4812 quod
1149 4742 1285 4805 edit,
1334 4742 1481 4809 quod
1517 4742 1840 4797 hominibus
1873 4744 2133 4798 tribuerit
2163 4746 2337 4799 facul-

2442 4736 2739 4807 καρτερίαν
2794 4738 2886 4788 καὶ
2944 4737 3244 4805 ὑπομονὴν,
3289 4736 3386 4788 καὶ
3420 4736 3696 4807 μεθόδους,
3727 4740 3796 4791 δι’
3830 4735 3906 4793 ὧν
3937 4761 4025 4803 τις

748 4846 905 4895 tates,
961 4834 1166 4903 quibus
1209 4833 1374 4887 vitam
1419 4836 1809 4890 continuarent
1848 4854 1859 4890 :
1895 4847 1951 4892 et
1994 4838 2086 4906 qui
2125 4840 2338 4909 jejunat

2440 4830 2665 4885 δύναται
2725 4829 3105 4899 περιγενέσθαι
3130 4828 3238 4881 τῶν
3262 4830 3360 4899 τῆς
3392 4831 3593 4900 σαρκὸς
3615 4833 3825 4886 παθῶν.
3882 4837 3939 4885 Ἠ
3968 4839 4023 4891 δὲ

746 4938 840 4981 aut
883 4928 1145 4990 abstinet,
1190 4928 1394 4996 gratias
1437 4928 1567 4997 agit,
1611 4929 1760 4998 quod
1812 4931 2129 4986 hominibus
2166 4933 2337 4987 absti-

2441 4923 2617 4987 ἄλλως
2672 4941 2789 4986 πως
2822 4920 3024 4975 ἐσθίων
3064 4922 3097 4993 ἢ
3131 4922 3429 4991 νηστεύων,
3458 4924 3809 4993 κατάκριτος,
3834 4928 4027 4998 ὥςπερ

752 5020 995 5073 nentiam
1047 5019 1260 5071 dederit
1319 5035 1381 5073 ac
1435 5021 1805 5086 tolerantiam,
1841 5022 1927 5077 bis
1963 5024 2189 5092 insuper
2224 5034 2333 5078 tra-

2440 5015 2548 5067 τῶν
2585 5013 2849 5084 αἱρέσεων
2901 5030 3066 5076 τινες.
3100 5013 3288 5068 Ταῦτα
3315 5010 3407 5067 οὖν
3436 5016 3565 5081 περὶ
3592 5016 3700 5068 τῶν
3730 5024 4027 5084 νηετευὸν-

750 5110 881 5161 ditis
905 5110 1107 5177 quibus
1146 5117 1323 5176 potest
1350 5109 1622 5179 quispiam
1654 5112 1838 5164 carnis
1868 5112 2163 5165 devincere
2199 5113 2333 5167 ail‘e-

2439 5126 2567 5172 των,
2625 5113 2720 5162 καὶ
2783 5108 3072 5162 ἐσθιόντων
3102 5108 3286 5173 tamn;
3316 5109 3639 5179 ὲκληπτέον,
3665 5112 3802 5163 ἀλλὰ
3828 5112 3904 5182 μὴ
3937 5116 4029 5165 ἐπὶ

749 5208 894 5251 ctus.
928 5197 1030 5261 Qui
1069 5212 1202 5250 vero
1233 5197 1341 5249 alio
1377 5200 1573 5266 quovis
1609 5199 1774 5254 modo
1804 5201 1920 5255 edit
1945 5210 2041 5255 aut
2071 5203 2332 5267 abstinet,

2439 5201 2617 5255 ἄλλων
2669 5200 2853 5256 τινῶν.
2890 5203 2965 5254 Ού
3013 5202 3124 5273 γὰρ
3176 5204 3268 5256 ἐπὶ
3333 5206 3568 5257 πάνταὸ
3621 5204 3806 5256 κανὼν
3873 5199 4030 5268 οὗτος

748 5288 959 5360 judicio
996 5289 1273 5343 obnoxius
1321 5298 1407 5343 est
1445 5308 1457 5342 :
1493 5292 1771 5359 quomodo
1818 5292 2044 5347 fuerunt
2086 5294 2333 5363 quaedam

2437 5293 2635 5364 διήκει,
2690 5292 2826 5357 ἀλλ’,
2863 5293 2939 5355 ὡς
2978 5292 3213 5361 ἔφημεν,
3272 5293 3439 5355 ίὸικός
3498 5295 3669 5357 ἐστιν,
3702 5294 3796 5345 ἐπὶ
3830 5294 4027 5346 τούτου

754 5381 1017 5434 Ιιιετεεεε.
1070 5381 1194 5434 llaec
1242 5397 1372 5451 ergo
1419 5383 1486 5438 de
1530 5384 1829 5440 edentibus
1874 5397 1929 5441 et
1960 5387 2335 5457 jejunantibus

2442 5384 2603 5453 μόνον
2639 5386 2731 5438 καὶ
2790 5385 2899 5437 τῶν
2944 5385 3147 5451 ὁμοίων
3194 5386 3759 5456 περιλαμϐανόμενος.
3803 5387 3897 5439 Διδ
3918 5387 4029 5440 οὐδ’

755 5470 869 5524 sive
920 5471 1328 5526 abstinentibus
1372 5475 1591 5543 proprie
1644 5476 1998 5546 intelligenda
2047 5488 2176 5532 sunt
2221 5498 2231 5533 :
2280 5489 2335 5533 at

2438 5476 2531 5527 ἐπὶ
2580 5473 2674 5527 τοῦ
2709 5474 2817 5544 πρὸ
2867 5476 3067 5545 μικροῦ
3102 5477 3402 5548 εἰρημένου
3440 5478 3740 5545 κεφαλαίου
3773 5480 4030 5548 ἁρμόζει.

757 5578 866 5615 non
896 5562 962 5615 de
995 5562 1286 5631 quibusvis
1322 5566 1463 5619 aliis.
1499 5566 1617 5620 Non
1646 5568 1792 5620 enim
1833 5568 1900 5621 ad
1940 5570 2127 5623 omnia
2159 5586 2334 5624 canon

2437 5560 2548 5619 οἷον
2593 5568 2686 5618 ἐπὶ
2729 5566 2822 5620 τοῦ
2893 5568 2949 5619 ὲν
3000 5569 3111 5630 τοῖς
3171 5567 3424 5637 βρώμασι
3452 5568 3889 5638 διακρινομένου.
3921 5571 4033 5623 Καὶ

760 5653 849 5707 hic
868 5654 1127 5721 pertinet,
1148 5653 1269 5715 sed,
1295 5664 1352 5708 ut
1371 5656 1632 5723 diximus,
1654 5659 1911 5727 specialis
1940 5670 2043 5723 est,
2070 5670 2125 5713 et
2158 5662 2332 5716 solum

2438 5659 2547 5728 γὰρ
2580 5660 2787 5720 ἐκεῖνος
2847 5659 2923 5727 μὴ
2973 5657 3191 5722 ἐσθίων,
3249 5660 3370 5728 οὐχὶ
3414 5662 3493 5721 εἰς
3544 5659 3703 5724 δόξαν
3734 5660 3837 5713 οὐκ
3860 5661 4033 5713 ἐσθίει

760 5745 865 5798 hoc
922 5746 1135 5814 aliaque
1188 5747 1503 5817 huiusmodi
1573 5750 1974 5818 complectitur.
2048 5750 2331 5820 Siquidem

2440 5750 2533 5803 τοῦ
2574 5749 2836 5820 Χριστοῦ,
2869 5749 2983 5803 ἀλλ’
3015 5748 3091 5812 ὠς
3121 5749 3355 5818 ἀσθενὴς
3387 5752 3481 5804 καὶ
3532 5752 3866 5823 ἀστήρικτος
3885 5755 4033 5820 ὲντῇ

760 5852 940 5906 neque
974 5836 1027 5889 in
1060 5850 1381 5910 argumento
1406 5839 1568 5910 paulo
1597 5851 1722 5895 ante
1748 5840 1895 5897 dicto
1923 5842 2175 5913 quadrat,
2202 5853 2331 5911 puta

2442 5845 2641 5899 πίστει.
2694 5844 2834 5899 ’Ᾱὶὶσ
2869 5848 3076 5899 ἐκεῖνον
3112 5844 3208 5913 μὲν
3240 5846 3301 5899 οὐ
3322 5824 3410 5898 δεῖ
3435 5846 3788 5913 κατακρὲνειν
3816 5844 3905 5898 διὰ
3941 5846 4035 5898 τὶν
