4194 6468
173 348 271 410 597

1238 358 1625 419 COMMENT.
1666 360 1745 419 1N
1781 362 2018 423 EPIST.
2064 365 2163 422 AD
2209 365 2390 426 ROM.
3317 371 3421 433 598

172 466 557 534 παρατηρήσει
611 456 706 516 rei:
756 464 1001 534 πλησίον,
1038 470 1128 521 καὶ
1154 472 1181 522 ὁ
1207 470 1275 524 τὰ
1318 472 1583 543 βρώματα
1617 493 1756 544 πσρ-

1864 478 2116 546 proximi,
2146 489 2203 535 et
2230 481 2276 533 is
2303 483 2395 550 qui
2426 481 2580 537 cibos
2616 482 2966 549 observabat,
3003 483 3315 539 vehementi
3350 487 3435 541 ιιι-ο

170 558 512 623 σιτούμενος,
572 560 639 627 τῇ
704 558 911 631 σφοδρᾷ
950 561 1243 632 ἐπιπλήξει
1294 564 1389 616 τοῦ
1436 568 1748 638 εἰλικρινῶς

171 646 387 699 πιστοῦ.
450 645 613 699 Ὥστε
671 650 771 717 μιᾷ
809 650 1086 721 συμϐουλῇ
1133 653 1260 717 τοὺς
1321 654 1415 708 δύο
1441 657 1750 727 διορθοῦται

172 735 474 804 ἀπέχεσθαι
529 737 756 805 τούτων,
793 743 828 795 ἃ
856 742 1155 795 σκανδάλου
1210 745 1484 814 πρόφασις
1507 747 1585 816 τῷ
1615 749 1753 817 πλη-

174 831 283 881 σίον
324 830 562 895 γίνεται.

262 918 412 975 Οἶδα
480 923 579 977 καὶ
634 926 961 995 πέπεισμαι
1021 929 1091 982 ἐν
1142 932 1338 998 Κυρίῳ
1401 933 1620 1001 Ἰησοῦ,
1664 934 1753 987 ὅτι

174 1010 358 1063 οὐδὲν
411 1015 620 1067 κοινὸν
674 1014 749 1068 δι’
807 1017 1016 1081 αὐτοῦ,
1080 1021 1130 1071 εὶ
1166 1020 1252 1087 μὴ
1292 1021 1373 1086 τῷ
1399 1023 1756 1092 λογιζομένῳ

175 1118 229 1153 τι
257 1106 471 1156 κοινὸν
497 1102 674 1172 εἴναι,
707 1108 920 1173 ἐκείνῳ
970 1114 1197 1165 κοινόν.
1234 1113 1303 1166 El
1325 1112 1393 1167 δὲ
1447 1115 1543 1167 διὰ
1600 1116 1756 1182 ,ϐρῶ-

169 1212 254 1262 μα
284 1198 317 1248 ό
346 1196 612 1266 ἁδελφός
639 1215 757 1254 σου
784 1202 1086 1268 λυπεῖται,
1121 1206 1232 1259 οὐκ
1283 1206 1371 1261 ἔτι
1430 1210 1581 1261 κατὰ
1612 1210 1755 1278 ἀγά-

176 1302 302 1348 πην
352 1289 719 1356 περιπατεῖς.
779 1291 875 1359 Μὴ
923 1292 1002 1357 τῷ
1048 1294 1321 1363 ,ϐρώματί
1378 1315 1495 1353 σου
1522 1299 1758 1353 ἐκεῖνον

174 1376 471 1445 ἀπόλλυε,
508 1383 661 1450 ὑπὲρ
699 1379 770 1438 οὗ
795 1384 1051 1450 Χριστὸς
1081 1385 1363 1440 ἀπέθανε.
1427 1389 1523 1453 Μὴ
1553 1390 1757 1453 ,ϐλασ-

173 1467 491 1531 φημείσθω
521 1469 636 1520 οὖν
698 1468 865 1537 ὑμῶν
893 1471 959 1524 τὸ
996 1473 1244 1541 ἀγαθόν.
1295 1480 1377 1529 Οὐ
1415 1476 1524 1543 γάρ
1583 1478 1754 1531 ἐστιν

176 1556 527 1620 ἠβασιλεία
586 1558 691 1612 τοῦ
742 1562 892 1614 Θεοῦ
939 1561 1175 1631 ,βρῶσις
1230 1566 1327 1618 καὶ
1359 1569 1563 1632 πόσις.
1597 1570 1759 1622 ἀλλὰ

173 1645 540 1715 δικαιοσύνη
592 1651 692 1703 καὶ
773 1653 983 1721 εἰρήνη
1059 1657 1157 1709 καὶ
1220 1659 1394 1725 χαρὰ,
1448 1659 1518 1711 ἐν
1574 1661 1761 1713 Πνεῦ-

172 1755 315 1803 ματι
349 1740 514 1807 ἁγίῳ.
563 1742 615 1792 '0
641 1742 753 1811 γὰρ
773 1744 842 1796 ἐν
891 1748 1126 1813 τούτοις
1184 1749 1492 1803 δουλεύων
1524 1750 1605 1815 τῷ
1632 1754 1759 1818 Χρι-

175 1829 328 1892 στῷ,
385 1832 712 1899 εὐάρεστος
781 1836 859 1901 τῷ
914 1837 1055 1903 Θεῷ,
1083 1841 1179 1891 καὶ
1227 1840 1471 1910 δόκιμος
1499 1842 1622 1908 τοῖς
1656 1844 1759 1896 ἀν-

176 1920 458 1988 (ipsimae.

258 2014 380 2064 Ἐτι
438 2016 565 2085 περὶ
625 2021 722 2083 τῆς
758 2017 867 2070 τῶν
923 2019 1230 2091 βρωμάτων
1264 2027 1703 2095 παρατηρήσεως
1735 2030 1762 2080 ὀ

174 2105 337 2170 λόγος
368 2108 535 2176 αὐτῷ.
585 2111 737 2164 Ἐπεὶ
774 2113 867 2165 οὖν
898 2109 1073 2178 εἷπεν,
1107 2134 1122 2165 ι
1158 2112 1288 2169 υἶδα
1322 2119 1419 2169 καὶ
1460 2119 1762 2189 πέπεισμαι

175 2197 259 2247 ὅτι
303 2199 460 2251 οὐδὲν
514 2203 691 2256 κοινὸν
718 2222 734 2254 ι
765 2245 780 2268 ,
817 2204 900 2258 ἵνα
933 2208 1006 2275 μὴ
1072 2208 1199 2276 εἴπῃ
1235 2211 1261 2259 ὁ
1311 2210 1753 2275 ἕτιἸουδαῖξων·

179 2289 290 2339 Καὶ
320 2287 395 2350 τί,
422 2294 470 2342 εἰ
498 2292 562 2345 σὺ
608 2294 1082 2364 πεπεισμένοςσεῖ,
1119 2298 1212 2351 τοῦ
1244 2301 1410 2368 νόμου
1437 2303 1493 2353 τὸ
1519 2305 1761 2357 ἐναντίον

178 2382 573 2450 εἰσηγουμένου
600 2401 616 2449 ;
651 2388 978 2459 προστίθησι
1010 2391 1090 2453 τὸ,
1123 2409 1139 2439 ι
1174 2392 1261 2442 Ἐν
1291 2392 1479 2461 Κυρὶῳ
1514 2395 1708 2462 Ἰησοῦ,
1739 2417 1757 2448 ι

178 2470 395 2535 δεικνὺς
428 2475 511 2525 ὅτι
540 2476 673 2546 παρ’
705 2478 873 2532 αὒτοῦ
902 2481 1072 2535 ταῦτα
1102 2486 1392 2559 μεμάθηκε
1425 2493 1520 2543 καὶ
1554 2492 1763 2561 πεπληο

185 2566 505 2634 ροσόρηται,
532 2568 627 2621 καὶ
674 2572 774 2625 οὐκ
812 2573 904 2640 ἀφ’
934 2575 1129 2628 ἑαυτοῦ
1178 2578 1346 2647 λέγει.
1386 2600 1404 2632 ι
1448 2583 1569 2636 Ὀτι
1606 2584 1761 2637 οὐδὲν

180 2658 383 2710 κοινόν.
414 2676 434 2708 ι
477 2688 549 2698 —-
593 2657 793 2733 [ΦΩΤ.]
851 2664 1131 2719 Ἐντεῦθεν
1168 2668 1329 2722 πάλιν
1380 2673 1460 2734 εἰς
1503 2672 1571 2725 τὰ
1628 2676 1759 2744 περὶ

181 2746 491 2817 βρωμάτων
558 2752 827 2817 ἐπάνεισι,
881 2759 975 2808 κα)⁵
1024 2763 1284 2826 παραινεί
1320 2763 1444 2824 τοὺς
1498 2762 1762 2829 δυνατοὺς

183 2840 326 2891 κατὰ
386 2841 488 2909 τὴν
548 2842 755 2909 πίστιν,
812 2846 1309 2917 ἀντιλαμϐάνεσθαι
1350 2853 1460 2906 τῶν
1493 2854 1761 2920 ἀσθενῶν,

184 2931 280 2983 καὶ
312 2932 590 2986 δείκνυσιν
616 2936 676 2999 ἐξ
699 2932 775 2990 ὦν
802 2938 973 3007 λέγει,
1007 2942 1171 2995 καλὸν
1210 2944 1309 3011 μὲν
1347 2946 1440 2998 καὶ
1474 2946 1534 2999 τὸ
1556 2949 1764 3001 ἐκεῖνον

186 3023 243 3072 ἐν
269 3022 524 3091 βρώμασι
568 3025 980 3097 διακρινόμενον
1012 3072 1027 3095 ,
1096 3033 1395 3102 πειρᾶσθαι
1463 3036 1715 3107 διορθοῦν
1746 3080 1760 3105 ,

183 3112 407 3180 ἄμεινον
430 3116 567 3168 δὲτὸ
600 3118 965 3175 ἀδυνατοῦντα
1017 3126 1075 3176 ὲν
1118 3124 1312 3195 τούτῳ,
1366 3129 1644 3200 ὑπερορᾷν
1703 3132 1764 3183 τὸ
1793 3164 1823 3200 ιν

186 3205 510 3275 ἐλάττωμα,
569 3212 663 3261 καὶ
721 3217 1082 3283 χειραγωγεῖν
1129 3218 1293 3269 παντὶ
1333 3217 1519 3290 τρόπῳ
1585 3221 1676 3272 ἐπὶ
1705 3221 1765 3273 τὸ

188 3298 575 3367 κερδῆσαι-καὶ
606 3303 778 3355 σῶσαι
808 3306 989 3359 αὐτόν.
1033 3336 1091 3347 -
1134 3305 1466 3380 [ΘΕΟΔΩΡ.]
1527 3328 1544 3360 ι
1576 3310 1763 3376 Οὐδὲν,

187 3394 340 3458 φησι.
382 3393 559 3444 κοινὸν
588 3393 653 3447 δι’
684 3396 867 3449 αὐτοῦ.
898 3415 914 3447 ι
940 3398 1057 3451 Ἲνα
1081 3398 1189 3466 γὰρ
1226 3400 1299 3470 μὴ
1327 3400 1551 3467 λέγωσι,
1579 3401 1650 3454 Σὺ
1683 3404 1767 3463 τῖς

186 3481 259 3531 ὣν
284 3483 717 3553 ἀντιωμοθετεῖς
776 3487 990 3559 Μωσῇ;
1047 3488 1138 3541 τὸν
1189 3490 1432 3554 Μωσέως
1487 3492 1765 3561 Δεσπότην

187 3576 267 3637 εἰς
299 3575 467 3644 μέσον
520 3580 783 3648 παράγει,
820 3580 1090 3634 διδάσκων
1113 3581 1188 3643 ὡς
1214 3581 1374 3644 αὐτὸς
1398 3586 1498 3646 τὰς
1537 3585 1767 3654 νομικὰς

188 3669 604 3735 παρατηρήσεις
668 3669 892 3735 ἔπαυσε,
954 3672 1048 3723 καὶ
1108 3672 1261 3726 οὐδὲν
1316 3672 1465 3726 εἴασε
1524 3676 1767 3745 νομίζειν

186 3754 499 3824 ἀκάθαρτον
557 3756 779 3827 ἔδεσμα.
810 3790 879 3801 -
916 3758 1213 3832 [ΣΕΥΙΙΡ.]
1255 3762 1327 3813 Τὸ
1353 3764 1481 3833 γὰρ,
1520 3782 1538 3814 ι
1562 3766 1640 3817 Δι’
1670 3766 1767 3817 αὖ-

185 3844 301 3909 τοῦ,
330 3864 348 3897 ι
394 3847 663 3913 τουτέστι,
704 3849 793 3902 διὰ
820 3851 916 3920 τὴν
941 3852 1309 3921 εὑαγγελικὴν
1342 3855 1509 3907 αὑτοῦ
1537 3856 1765 3925 νομοθε-

189 3939 330 3990 σίαν.
358 3956 377 3987 ι
408 3937 576 3991 Οὐδὲν
589 3940 766 3993 κοινὸν
791 3941 858 3993 δι’
881 3942 1068 4009 αὑτοῦ,
1099 3963 1116 3993 ι
1152 3947 1435 3997 τουτέστιν
1452 3946 1765 4017 ἀκάθαρτον

186 4031 251 4097 τῇ
278 4030 461 4096 φύσει.
494 4030 519 4081 ι’
554 4030 633 4083 Δι’
652 4032 841 4099 αὑτοῦ,
884 4051 902 4082 ι
938 4034 1210 4097 τουτέστι,
1240 4035 1333 4087 τοῦ
1360 4036 1635 4091 Θεοῦ.Διᾶ
1668 4040 1766 4108 τὴν

188 4120 305 4183 νῦν,
337 4124 497 4189 φησι,
550 4123 798 4179 δοθεῖσαν
847 4126 1007 4194 χάριν
1036 4127 1167 4197 παρ’
1194 4127 1382 4193 αὑτοῦ,
1418 4130 1573 4182 οὐδὲν
1604 4132 1765 4200 φύσει

188 4214 387 4277 κοινὸν,
431 4215 548 4265 ἀλλ’
593 4216 700 4268 ἀπὸ
751 4216 846 4279 τῆς
899 4219 1271 4287 προαιρέσεως
1333 4219 1427 4273 τοῦ
1492 4224 1769 4290 μετιόντος

189 4308 397 4371 γίνεται
456 4310 654 4361 κοινόν.
710 4308 874 4363 Ὀθεν
936 4310 1029 4363 καὶ
1084 4311 1278 4380 ἐκείνῳ
1350 4313 1497 4383 μόνῳ
1554 4315 1766 4381 γίνεται

192 4400 391 4464 κοινὸν,
415 4400 537 4469 οὐχὶ
566 4399 621 4452 δὲ
652 4402 749 4453 καὶ
778 4402 963 4454 πᾶσιν.
1001 4421 1019 4452 ι
1061 4402 1285 4472 Ἐκείνῳ
1309 4403 1439 4473 γὰρ,
1466 4406 1621 4474 φησὶ,
1657 4423 1767 4457 κοι-

1858 572 2175 640 crepatione
2216 572 2365 627 illius
2407 574 2500 642 qui
2535 576 2749 631 sincere
2782 576 3062 631 credebat.
3092 576 3212 631 Uno
3245 577 3429 647 itaque

1858 662 2091 715 consilio
2137 663 2276 719 duos
2320 664 2569 734 corrigit,
2612 678 2672 719 ut
2719 667 2787 721 ab
2822 666 2909 722 his
2952 667 3262 723 abstineant
3311 684 3432 739 quae

1860 754 2112 823 proximo
2139 754 2278 810 ﬁunt
2305 756 2523 812 occasio
2550 760 2812 814 scandali.

1932 961 2068 1025 XIV,
2102 962 2165 1016 li
2208 961 2288 1016 l8.
2326 959 2443 1015 Scio
2482 964 2689 1032 quidem
2728 972 2774 1015 et
2809 980 3121 1033 persuasum
3152 964 3313 1018 hach
3343 980 3434 1031 per

1861 1053 2143 1109 Dominum
2192 1054 2392 1119 Iesum,
2426 1054 2558 1107 nihil
2606 1070 2713 1108 esse
2756 1071 3028 1112 commune
3076 1072 3170 1125 per
3210 1058 3381 1126 ipsum
3417 1074 3434 1110 :

1860 1148 1962 1200 nisi
1992 1148 2132 1217 quod
2168 1148 2214 1200 ei
2242 1150 2332 1217 qui
2368 1148 2633 1201 existimat
2658 1148 2863 1218 aliquid
2895 1166 3001 1202 esse
3030 1165 3327 1215 commune,
3356 1149 3437 1202 iiii

1858 1256 2131 1293 commune
2176 1248 2269 1293 est.
2312 1239 2497 1294 Verum
2536 1243 2582 1295 si
2631 1252 2846 1312 propter
2891 1243 3059 1295 cibum
3106 1243 3274 1312 frater
3319 1251 3437 1295 tuus

1858 1333 2221 1393 contristatur,
2246 1333 2366 1401 jam
2395 1349 2498 1385 non
2529 1334 2810 1386 secundum
2835 1334 3147 1388 charitatem
3174 1334 3434 1387 ambulas.

1860 1422 1937 1475 Nc
1971 1423 2080 1475 cibo
2124 1432 2214 1476 tuo
2250 1423 2403 1476 illum
2445 1425 2635 1493 perdas
2666 1441 2761 1492 pro
2800 1442 2900 1494 quo
2930 1425 3173 1479 Christus
3201 1434 3437 1477 mortuus

1861 1522 1955 1566 est.
1986 1513 2061 1567 Ne
2087 1514 2247 1583 igitur
2270 1518 2508 1569 conviciis
2536 1518 2799 1584 aﬂiciutur
2824 1517 3013 1570 bonum
3045 1528 3293 1570 vestrum.
3323 1516 3438 1568 Non

1862 1612 1937 1656 est
1979 1604 2117 1656 enim
2159 1621 2375 1672 regnum
2417 1604 2509 1657 Dei
2546 1606 2684 1658 cibus
2718 1615 2768 1658 et
2799 1614 2952 1675 potus
2983 1624 3001 1659 :
3028 1607 3117 1659 sed
3140 1606 3352 1674 justitia
3391 1615 3439 1656 et

1862 1713 1968 1766 pax
2004 1705 2052 1749 et
2083 1701 2336 1768 gaudium
2378 1701 2430 1752 in
2480 1698 2680 1769 Spiritu
2723 1712 2924 1753 sancto.
2959 1700 3099 1754 Nam
3134 1701 3221 1769 qui
3265 1699 3318 1751 in
3362 1699 3440 1751 liis

1860 1791 2016 1841 seruit
2040 1788 2265 1849 Christo,
2293 1800 2532 1858 acceptus
2557 1802 2629 1845 cst
2660 1792 2764 1844 Deo
2790 1803 2836 1845 et
2856 1792 3105 1861 probatus
3127 1791 3439 1844 hominibus.

1934 2091 2127 2144 Adhuc
2172 2091 2271 2160 ipsi
2312 2092 2376 2145 de
2409 2093 2659 2146 ciborum
2699 2094 3083 2150 observatione
3127 2112 3308 2151 sermo
3337 2107 3441 2151 est.

1864 2184 1998 2249 Quia
2026 2201 2156 2253 ergo
2187 2186 2321 2238 dixit
2354 2204 2364 2236 :
2405 2205 2421 2234 ι
2474 2186 2598 2239 Seio
2629 2197 2681 2241 ct
2717 2204 3038 2257 persuasum
3087 2189 3263 2243 habeo
3307 2190 3447 2243 nihil

1863 2295 1982 2332 esse
2031 2294 2354 2344 commune;
2398 2299 2415 2329 ι
2466 2297 2533 2332 ne
2578 2281 2723 2334 dicat
2760 2281 2804 2333 is
2847 2284 2937 2351 qui
2974 2283 3154 2336 adhuc
3186 2282 3353 2336 haeret
3390 2283 3444 2335 in

1863 2370 2146 2425 Judaismo
2193 2388 2204 2418 ι
2252 2371 2317 2423 Et
2370 2371 2500 2439 quid
2550 2372 2592 2425 si
2642 2381 2697 2425 tu
2742 2389 3037 2441 persuasus
3073 2376 3148 2427 sis
3196 2390 3317 2428 eum
3359 2376 3444 2427 lix

1873 2462 2209 2517 contrarium
2234 2463 2641 2522 doceat,addit:
2671 2483 2687 2512 ι
2718 2465 2819 2517 Per
2853 2465 3138 2518 Dominum
3170 2465 3385 2529 Jesum;
3419 2485 3437 2515 ι

1864 2554 2163 2610 ostendens
2210 2556 2358 2624 quod
2403 2555 2472 2609 ab
2521 2557 2641 2624 ipso
2689 2556 2805 2611 huic
2848 2554 3109 2611 didicerit
3154 2565 3210 2611 et
3242 2555 3446 2610 certior

1863 2645 2042 2701 factus
2076 2644 2168 2709 sit,
2199 2653 2255 2700 et
2284 2658 2394 2698 non
2424 2659 2455 2698 a
2482 2644 2665 2713 seipse
2698 2644 2864 2700 dicat.
2893 2668 2911 2697 ι
2956 2644 3106 2700 Nihil
3154 2660 3447 2701 commune

1863 2754 2008 2796 esse.
2055 2759 2074 2792 ι
2118 2739 2256 2795 llinc
2289 2755 2482 2794 rursus
2511 2739 2577 2793 ad
2608 2754 2671 2793 ea
2703 2739 2847 2793 redit
2882 2754 3003 2809 quze
3034 2738 3101 2793 de
3136 2738 3277 2793 cibis
3300 2737 3449 2793 dicta

1865 2839 1993 2885 sunt
2023 2849 2035 2883 :
2069 2840 2123 2884 et
2158 2838 2411 2899 potentes
2444 2830 2498 2882 in
2530 2828 2634 2883 ﬁde
2659 2829 2919 2883 admonet
2958 2836 3018 2882 ut
3052 2828 3284 2881 inﬁrmis
3322 2843 3449 2883 suc-

1866 2930 2108 2977 currant.
2153 2922 2229 2975 Ex
2270 2920 2357 2974 his
2392 2921 2556 2974 etiam
2595 2935 2719 2990 quae
2760 2920 2916 2984 dicit,
2946 2918 3189 2974 ostendit
3240 2919 3445 2973 bonum

1867 3015 2090 3084 quidem
2139 3030 2257 3069 «sse
2308 3016 2404 3067 nili
2440 3015 2591 3067 illum
2640 3013 2921 3083 corrigere
2965 3012 3059 3083 qui
3111 3015 3253 3067 inter
3294 3011 3447 3066 cibos

1868 3107 2135 3176 diiudicat
2169 3127 2179 3159 :
2209 3107 2354 3177 quod
2394 3106 2438 3159 si
2470 3107 2560 3159 hic
2590 3107 2790 3175 corrigi
2826 3116 3085 3176 nequeat,
3120 3106 3288 3175 388
3329 3119 3445 3157 mc-

1828 3253 1831 3257 ,
1869 3202 1975 3254 lius
2003 3208 2131 3253 tunc
2159 3215 2279 3254 esse
2309 3200 2584 3254 defectum
2615 3199 2761 3252 hunc
2791 3208 3161 3258 contemnere,
3187 3197 3449 3263 omnique

1869 3294 2032 3348 modo
2064 3294 2216 3347 illum
2264 3293 2637 3347 manuduccre
2675 3309 2785 3361 quo
2817 3291 3053 3345 lucriﬁat
3085 3305 3147 3344 ac
3182 3290 3445 3343 salvetur.

1873 3409 1889 3440 ι
1939 3388 2109 3451 Nihil,
2162 3387 2361 3455 inquit,
2400 3402 2522 3440 esse
2571 3400 2864 3440 commune
2920 3400 3017 3453 per
3063 3383 3261 3453 ipsum.
3313 3401 3330 3433 ι
3372 3381 3449 3434 Nc

1867 3481 2014 3535 enim
2068 3480 2253 3532 dicant
2292 3498 2301 3529 :
2345 3478 2425 3530 'l‘u
2477 3479 2602 3547 quis
2641 3494 2703 3530 es
2751 3477 2844 3546 qui
2897 3477 3069 3546 legem
3118 3475 3264 3529 feras
3316 3473 3448 3527 Mosi

1868 3572 2237 3629 contrariam?
2274 3571 2433 3624 Hosis
2477 3569 2765 3623 Dominum
2802 3569 2855 3621 in
2895 3568 3136 3622 medium
3170 3566 3446 3635 producit,

1868 3666 2074 3718 docens
2103 3662 2250 3732 quod
2293 3662 2407 3731 ipse
2442 3663 2642 3731 legales
2676 3660 3093 3715 observationes
3125 3673 3341 3713 cessare
3369 3659 3449 3713 fc-

1867 3758 2025 3817 cerit,
2052 3756 2372 3824 nullumque
2393 3754 2636 3808 edulium
2663 3754 2787 3807 duci
2817 3755 3091 3823 impurum
3111 3752 3445 3821 permiserit.

1869 3852 2002 3905 Nam
2056 3850 2160 3903 hoc
2206 3848 2473 3918 signiﬁcat
2513 3867 2529 3896 ι
2583 3848 2684 3901 Per
2738 3847 2940 3914 ipsum,
2985 3864 3003 3897 ι
3054 3845 3106 3899 id
3147 3853 3253 3907 est,
3295 3846 3449 3913 juxta

1868 3944 2042 4011 legem
2079 3940 2472 4011 evangelicum.
2510 3941 2636 4003 Aut,
2668 3938 2810 3992 Nihil
2839 3953 3129 3993 commune
3162 3937 3227 3990 δι’
3258 3937 3445 3998 αὑτοῦ,

1872 4038 1975 4090 hoc
2018 4046 2121 4097 est,
2154 4052 2250 4105 per
2293 4050 2372 4091 se.
2406 4050 2471 4088 ex
2510 4045 2725 4089 natura.
2772 4032 2897 4086 Sive
2932 4032 2996 4085 δι’
3022 4031 3186 4084 αὑτοῦ
3233 4047 3329 4100 per
3368 4031 3477 4118 ἰν·-1

1870 4150 2014 4193 sum,
2059 4146 2253 4199 nempe
2311 4131 2498 4183 Deum.
2545 4130 2648 4183 Per
2694 4130 2895 4189 datam,
2945 4128 3143 4197 inquit,
3190 4143 3337 4182 nunc
3380 4126 3448 4180 ab

1872 4226 1989 4294 ipso
2040 4226 2269 4293 gratiam
2323 4222 2457 4276 nihil
2512 4231 2707 4274 natura
2759 4234 3049 4273 commune
3099 4228 3202 4275 est.
3250 4218 3342 4272 sed
3383 4218 3450 4271 ah

1873 4317 2189 4371 accedentis
2220 4316 2495 4368 voluntate
2538 4314 2593 4366 ﬁt
2629 4327 2942 4367 commune.
2976 4310 3128 4365 [inde
3151 4310 3315 4364 etiam
3348 4310 3450 4362 soli

1873 4408 1949 4461 illi
1983 4406 2367 4466 ﬁtcommunc,
2389 4421 2495 4457 non
2516 4413 2699 4457 autem
2719 4402 2993 4456 omnibus.
3029 4403 3161 4455 Nam
3192 4402 3288 4455 ait:
3320 4420 3336 4449 ι
3370 4401 3449 4453 Illi

189 4491 299 4543 νόν.
332 4512 351 4542 ο
377 4521 446 4531 —
468 4510 486 4541 ι
516 4491 579 4545 Ei
606 4493 664 4544 δὲ
684 4492 772 4545 διὰ
797 4492 993 4563 βρῶμα
1018 4496 1045 4546 ὁ
1067 4495 1293 4562 ἀδελφός
1326 4514 1420 4548 σου
1441 4496 1712 4552 λυπεῖται.
1746 4518 1763 4550 ι

1878 4511 2169 4551 commune
2186 4504 2290 4549 cst.
2331 4514 2441 4561 ιλ-
2470 4512 2486 4543 ι
2535 4494 2734 4548 Verum
2759 4494 2803 4547 si
2830 4500 3052 4561 propter
3073 4491 3257 4545 cibum
3280 4489 3450 4543 frater

202 4581 493 4643 Ὠνείδιξον
540 4581 649 4651 γὰρ
700 4585 895 4646 αὐτοὺς
924 4587 971 4636 οἱ
1009 4587 1189 4638 πιστοὶ
1237 4586 1315 4650 ὡς
1373 4588 1765 4651 Ἰουδαῖζοντας

191 4675 289 4736 ἔτι,
320 4674 418 4726 καὶ
458 4673 545 4727 διὰ
590 4673 749 4728 τοῦτο
798 4676 1328 4746 παρατηρουμένους
1376 4678 1444 4731 τὰ
1474 4678 1765 4749 βρώματα.

190 4768 265 4818 υ)
296 4765 549 4835 βούλεται
600 4764 693 4818 οὖν
746 4766 964 4831 αὐτοὺς,
999 4769 1058 4819 ἐν
1086 4770 1200 4829 τοῖς
1237 4766 1312 4839 μὴ
1339 4768 1481 4822 πάνυ
1514 4770 1770 4838 μεγάλοις

192 4856 529 4927 πλήττεσθαι
592 4857 859 4926 σφοδρῶς,
902 4857 1236 4928 φοϐούμενος
1274 4860 1349 4930 μή
1376 4877 1493 4923 πως
1525 4859 1769 4928 ὀλιγοθυ-

196 4950 495 5017 μήσαντες,
544 4947 731 5000 τέλεον
781 4949 1062 5001 ἀποστῶσι
1107 4949 1207 5021 τῆς
1267 4949 1523 5013 πίστεως.
1585 4953 1647 5005 El
1677 4951 1812 5004 οὖν’

192 5044 286 5091 καὶ
318 5039 489 5107 μηδὲν
514 5040 571 5089 ὲν
599 5037 852 5107 βρώμασι
919 5039 1118 5105 κοινὸν,
1163 5040 1315 5108 φησὶ,
1348 5040 1487 5110 πλὴν
1521 5042 1765 5111 ἀπόσχου

194 5130 291 5199 τῆς
324 5130 560 5197 σφοδρᾶς
591 5130 906 5199 ὲγκλήσεως
940 5129 1036 5183 τοῦ
1067 5130 1298 5200 ἀδελφοῦ
1329 5148 1422 5185 σου
1458 5148 1473 5163 ⁸
1498 5134 1772 5202 οἰκονομι-

199 5222 310 5283 κῶς
355 5221 657 5289 οἰκονομῶν
704 5220 791 5273 διὰ
848 5221 947 5291 τὴν
974 5222 1273 5292 εἰρημένην
1296 5225 1496 5277 αἰτίαν.
1533 5225 1672 5295 Ὅρα
1715 5226 1770 5278 δὲ

198 5312 298 5381 τὴν
352 5310 451 5363 τοῦ
504 5311 661 5376 ἁγίου
696 5310 913 5379 σοφίαν·
958 5312 1059 5364 Τὸν
1092 5312 1274 5364 τέλεον
1306 5314 1667 5384 πληροφορῶν
1691 5318 1773 5370 ὅτι

198 5404 298 5454 οὐκ
354 5402 470 5455 ἐστι
523 5402 723 5469 κοινὸν,
772 5406 865 5456 καί
891 5404 982 5455 τὸν
1010 5405 1351 5471 ὀλιγόπιστον
1374 5406 1636 5471 ὡσαύτως
1664 5409 1772 5461 δει-

200 5495 380 5547 κνύων
435 5495 765 5549 ἀσθενοῦντα
799 5498 861 5550 ἐκ
923 5498 1023 5565 τῆς
1068 5501 1509 5569 παρατηρήσεως
1539 5540 1552 5562 ,
1616 5520 1632 5550 ι
1660 5501 1773 5554 Οὐκ

201 5588 302 5651 ἔτι,
332 5594 487 5656 φησὶ,
530 5593 668 5643 κατὰ
698 5591 917 5660 ἀγάπην
951 5595 1293 5661 περιπατεῖς.
1327 5612 1342 5643 ι
1386 5593 1637 5645 Boiis-tau
1664 5592 1772 5663 γὰρ

202 5680 343 5733 εἶναι
389 5682 633 5750 ἀγάπην,
699 5684 853 5745 εἰδὼς
914 5686 1089 5737 πάντα
1120 5684 1188 5737 δι’
1220 5684 1392 5752 αὐτῆς
1432 5686 1573 5736 κατὰ
1605 5686 1666 5753 μέ
1685 5702 1774 5753 ρος

204 5775 625 5845 κατορθοῦσθαι.
667 5794 683 5826 ι
710 5776 799 5847 Μὴ
836 5777 909 5845 τις»
945 5776 1193 5846 βρώματί
1257 5795 1345 5829 σου
1375 5779 1578 5830 ἐκεῖνον
1610 5778 1775 5831 ἄπιθι-

1873 4599 2002 4644 tuus
2042 4587 2423 4643 contristatur.
2475 4604 2493 4637 ι
2537 4584 2821 4653 Siquidem
2862 4582 3053 4637 ﬁdeles
3083 4582 3297 4637 sincere
3326 4596 3450 4635 crc-

1874 4682 2068 4735 dentes
2110 4678 2521 4747 exprobrabant
2565 4676 2675 4731 illis
2728 4674 2824 4745 qui
2868 4674 3212 4730 Judaismum
3269 4673 3449 4725 adhuc

1874 4770 2267 4841 sequebantur,
2312 4778 2368 4823 et
2418 4769 2490 4821 ita
2536 4767 2694 4821 cibos
2736 4764 3121 4819 observabant.
3164 4763 3282 4817 Non
3335 4763 3445 4815 ruit

1873 4875 2005 4929 ergo
2036 4858 2156 4913 illos
2187 4860 2240 4911 in
2277 4859 2362 4912 his
2394 4873 2517 4926 quae
2546 4872 2653 4911 non
2690 4856 2827 4910 adeo
2863 4869 3055 4923 magna
3088 4864 3237 4915 sunt,
3265 4854 3448 4923 gravi-

1876 4958 1958 5001 ter
2005 4946 2229 5017 corripi,
2267 4947 2476 5004 veritus
2518 4962 2587 5001 ne
2630 4945 2771 4999 forte
2816 4945 3018 5014 pusillo
3068 4936 3448 5003 facti'animo,

1876 5040 2095 5095 tandem
2129 5055 2157 5091 a
2190 5039 2295 5093 ﬁde
2335 5037 2663 5092 desciscant.
2702 5036 3044 5104 Quanquam,
3079 5034 3275 5103 inquit,
3311 5034 3445 5087 nihil

1878 5131 1929 5184 in
1977 5130 2119 5185 cihis
2154 5141 2443 5183 commune
2486 5127 2576 5191 sit,
2611 5125 2829 5180 abstine
2869 5134 3047 5179 tamen
3076 5139 3105 5178 a
3133 5124 3445 5178 vehementi

1878 5222 2308 5292 reprehensione
2337 5220 2525 5274 fratris
2549 5220 2649 5282 tui,
2683 5217 3088 5288 dispensatorio
3115 5217 3277 5271 modo
3307 5218 3449 5269 ordi-

1878 5328 2011 5366 nans
2068 5321 2289 5380 propter
2333 5310 2536 5364 dictam
2590 5324 2832 5364 causam.
2881 5310 3016 5362 Vide
3063 5318 3245 5361 autem
3297 5307 3446 5360 Pauli

1879 5404 2224 5473 sapientiam.
2252 5402 2489 5457 Omnino
2519 5401 2724 5455 certior
2748 5401 2923 5454 iactus
2949 5400 3106 5469 quod
3127 5399 3261 5451 nihil
3299 5413 3449 5449 com-

1879 5512 2045 5551 mune
2080 5497 2171 5557 sit,
2201 5504 2255 5549 et
2288 5498 2358 5548 ita
2392 5494 2495 5547 ﬁde
2538 5492 2793 5561 pusillum
2835 5506 2956 5546 esse
2994 5490 3292 5543 ostendens
3323 5504 3449 5541 eum

1880 5589 1971 5658 qui
2013 5604 2076 5642 ex
2119 5588 2365 5641 ciborum
2396 5585 2780 5638 observatione
2814 5582 3203 5635 intirmzu-ctur.
3246 5601 3263 5631 ι
3308 5581 3447 5637 Jam,

1884 5683 2082 5751 inquit,
2113 5698 2220 5734 non
2256 5678 2557 5733 secundum
2592 5678 2916 5730 eharitatcm
2959 5674 3227 5728 ambulas.
3278 5691 3295 5722 ι
3330 5672 3451 5726 Vult

1882 5774 2030 5827 enim
2062 5772 2384 5827 rharitatem
2416 5784 2556 5833 esse,
2592 5770 2771 5823 sciens
2802 5768 2983 5822 munia
3014 5764 3280 5837 peritiam
3320 5774 3452 5832 pau-
