4194 6468
773 377 881 440 603

1839 373 2235 433 (ECUMENII
2274 372 2562 431 ΤΗΝ]οΈ
2603 371 2946 431 EPISCOPI

3908 374 4016 432 604

774 503 992 561 quoque
1036 486 1273 540 inaniter
1312 484 1531 555 gloriari
1567 482 1662 551 qui
1715 481 1994 552 perfectus
2019 489 2157 534 erat.
2209 481 2339 534 Per-

2462 480 2734 535 ιίνίττεται
2775 482 2865 534 τὸν
2898 480 3123 535 τέλειον.
3155 479 3373 543 Τέλειος
3411 476 3481 545 εἴ,
3523 483 3678 551 φησὶ,
3712 482 3805 534 καὶ
3842 484 4027 554 amp-

773 582 971 640 fectus,
1020 577 1219 644 inquit,
1259 592 1319 630 es
1349 584 1405 629 et
1450 574 1696 628 numeris
1748 574 2004 627 omnibus
2051 572 2339 643 expletus?

770 669 903 737 quid
941 668 1200 721 virtutem
1229 666 1510 720 ostentas?
1544 664 1759 719 noverit
1803 663 1949 717 Deus
1979 680 2115 717 rem.
2156 682 2172 713 ι
2205 664 2339 716 Bea-

772 770 863 813 tus
884 768 968 813 est
1013 759 1107 827 qui
1160 773 1267 810 non
1300 757 1512 827 judicat
1554 756 1794 824 seipsum
1846 755 1899 808 in
1934 769 2001 809 eo
2022 753 2171 823 quod
2210 769 2338 821 pro-

773 851 887 904 bat.
928 869 944 901 ι
987 850 1101 903 Hoc
1136 856 1242 912 est,
1283 848 1338 901 in
1364 864 1431 902 eo
1466 846 1613 916 quod
1665 845 1985 916 probaverit
2022 854 2205 897 utrum
2236 844 2341 897 hoc

772 940 939 993 modo
968 956 1036 994 an
1082 940 1175 993 illo
1219 940 1292 993 sit
1334 938 1653 1008 agendum:
1706 948 1837 1007 puta
1892 945 2076 1012 utrum
2126 936 2230 989 hoc
2269 934 2342 988 sit

771 1032 1044 1086 edendum
1094 1045 1276 1084 annon
1301 1029 1375 1085 sit
1400 1029 1698 1084 edendum.
1723 1026 2011 1093 Quomodo
2031 1036 2211 1081 autem
2237 1026 2341 1079 hoc

771 1125 916 1178 erit?
961 1124 1040 1177 Ex
1100 1124 1445 1179 conscientia
1505 1138 1662 1191 pura.
1726 1120 1831 1176 Ubi
1873 1121 2021 1174 enim
2072 1118 2336 1173 dixisset:

780 1234 798 1266 ι
835 1214 991 1283 Apud
1048 1216 1395 1283 temetipsum
1442 1212 1584 1267 habe
1635 1212 1819 1276 ﬁdem,
1858 1230 1877 1263 ι
1929 1210 2055 1264 ait:
2113 1207 2340 1263 Etiamsi

775 1320 968 1359 omnes
1005 1314 1056 1358 te
1107 1314 1369 1359 accusent
1400 1302 1803 1372 dispensatorie
1859 1301 2147 1370 quidpiam
2179 1314 2343 1367 agen-

780 1406 909 1461 tem,
966 1406 1059 1450 aut
1112 1405 1338 1466 propter
1379 1396 1613 1449 salutem
1646 1393 1836 1447 iratris
1892 1394 1993 1451 tui,
2048 1390 2211 1442 modo
2252 1397 2343 1441 tua

776 1487 1111 1541 conscientia
1145 1504 1252 1540 non
1281 1494 1501 1540 accuset
1532 1494 1607 1549 te,
1636 1484 1829 1538 beatus
1862 1498 1940 1537 es.
1981 1482 2055 1535 Ex
2088 1481 2176 1533 his
2212 1494 2343 1533 sane

777 1578 1052 1630 inﬁrmum
1078 1580 1215 1631 clam
1246 1575 1506 1645 percutit.
1538 1576 1672 1629 Nam
1714 1576 1758 1630 si
1790 1589 1857 1628 ex
1900 1573 2238 1628 conscientia
2263 1581 2344 1626 est

778 1668 1023 1722 ﬁdelium
1065 1683 1271 1722 corona
1304 1676 1365 1721 et
1404 1666 1663 1729 felicitas,
1705 1667 1894 1733 utique
1918 1674 1970 1716 et
2005 1663 2343 1716 condemna-

777 1761 873 1813 tio.
909 1760 987 1814 Ne
1033 1774 1164 1829 ergo
1193 1776 1257 1813 ex
1283 1759 1677 1829 dijudicatione
1711 1758 1781 1811 ob
1826 1756 2213 1809 nece<sitatem
2249 1768 2342 1805 ve-

2440 572 2731 641 τισμένος;
2765 574 2817 625 τί
2853 573 3155 641 πομπεύεις
3181 572 3278 642 τὴν
3299 574 3535 642 ἀρετήν;
3565 575 3722 628 Ἶστω
3745 578 3771 628 6
3800 574 3934 637 Θεὸς
3964 577 4021 627 τὸ

2444 663 2699 732 πρᾶγμα.
2752 682 2770 715 ι
2806 663 3092 732 Μακάριος
3126 664 3264 726 ἐστι,
3305 663 3461 730 φησὶ,
3494 665 3521 716 6
3570 666 3644 733 μὴ
3676 665 4023 734 κατακρίνων

2444 754 2636 807 ἑαυτὸν
2659 756 2715 806 ὲν
2797 754 3104 823 δοκιμάζει.
3137 775 3153 806 i
3184 757 3495 821 Τουτέστιν,
3521 759 3578 809 ὲν
3598 750 3642 824 ᾦ
3662 758 3727 809 ἂν
3754 758 4026 827 δοκιμάσῃ

2443 844 2728 912 πράγματι
2764 845 2982 896 τοιῶσδε
3007 845 3039 911 ἢ
3077 845 3324 908 τοιῶσδε,
3355 841 3466 898 οἷον
3502 848 3698 915 φαγεῖν
3722 847 3838 899 τόδε
3878 848 3912 918 ἢ
3947 847 4027 915 μὴ

2444 934 2656 1000 φιγείν.
2676 933 2797 995 Πῶς
2818 933 2874 985 δὲ
2896 932 3223 987 ἔσταιτοῦτο
3244 952 3257 999 ;
3278 936 3412 988 Ἀπὸ
3436 934 3676 1004 καθαροῦ
3701 936 4026 996 συνειδότος.

2456 1024 2676 1095 Ἐπειδὴ
2722 1026 2832 1096 γὰρ
2880 1022 3024 1088 εἶπε,
3081 1044 3100 1076 ι
3143 1027 3299 1081 Κατὰ
3354 1028 3580 1080 σεαυτὸν
3627 1027 3716 1096 ἔχε
3757 1028 3961 1090 πίστιν,
4004 1046 4022 1077 ι

2446 1114 2633 1184 φησὶν,
2659 1117 2737 1168 ὅτι
2766 1116 2884 1168 Κᾶν
2914 1117 3117 1180 πάντες
3143 1132 3200 1169 σε
3226 1118 3550 1188 μέμφωνται
3579 1119 3939 1188 οἰκονομικῶς
3972 1136 4030 1171 τι

2447 1208 2723 1271 ποιοῦντα,
2764 1210 2797 1279 ἢ
2851 1211 2941 1263 διὰ
2979 1212 3256 1280 σωτηρίαν
3305 1212 3402 1265 τοῦ
3443 1213 3670 1280 ἀδελφοῦ
3720 1230 3838 1275 σου,
3874 1215 3941 1265 τὺ
3968 1214 4030 1265 δὲ

2447 1302 2536 1352 σὸν
2578 1301 2819 1363 συνειδὸς
2851 1302 2913 1353 οὐ
2952 1305 3257 1374 κατακρίνῃ
3293 1321 3373 1366 σε,
3408 1305 3675 1372 μακάριος
3706 1302 3775 1358 εἴ.
3827 1306 3925 1357 Ἐκ
3963 1305 4030 1372 δὴ

2444 1393 2651 1447 τούτων
2679 1394 2771 1447 τὸν
2816 1394 3017 1464 ἀσθενῆ
3051 1395 3298 1462 πλήττει.
3332 1396 3393 1447 Ei
3426 1396 3534 1462 γὰρ
3566 1396 3628 1447 ἐκ
3664 1395 3758 1446 τοῦ
3790 1396 4033 1447 συνειδὸ-

2445 1502 2535 1547 τος
2565 1486 2592 1537 6
2630 1487 2895 1553 στέφανος
2928 1486 3023 1539 καὶ
3056 1489 3082 1537 6
3117 1486 3464 1556 μακαρισμὸς
3503 1485 3612 1538 τῶν
3650 1486 3879 1546 πιστῶν,
3929 1487 4031 1553 δη-

2447 1577 2622 1628 λονότι
2687 1578 2781 1630 καὶ
2829 1580 2862 1647 ή
2894 1580 3239 1648 κατάκρισις.
3288 1579 3379 1646 Μὴ
3429 1574 3524 1631 οὖν
3572 1579 3709 1630 κατά
3754 1578 4032 1644 διάκρισιν

2448 1668 2619 1732 ἔσθιε,
2670 1669 2759 1720 διὰ
2812 1670 2912 1737 τὴν
2976 1670 3242 1737 ἀνάγκην,
3298 1669 3480 1739 φησίν.
3535 1687 3552 1719 ι
3600 1668 3660 1721 Ὀ
3704 1670 3777 1737 μὴ
3826 1667 4034 1737 κρίνων

2449 1760 2661 1812 ἑαυτόν.
2688 1778 2705 1809 ι
2729 1789 2794 1797 —
2818 1758 3022 1831 [ΦΩΤ.]
3054 1761 3405 1812 ’Δντιπῖπτον
3427 1758 3565 1812 λύει.
3599 1758 3664 1809 Τί
3694 1757 3804 1819 οὖν,
3844 1758 4035 1826 φησὶν,

775 1851 979 1915 stiaris,
1017 1853 1216 1920 inquit.
1266 1872 1282 1901 ι
1307 1851 1409 1916 Qui
1442 1866 1553 1904 non
1578 1850 1789 1919 judicat
1824 1849 2086 1916 seipsum.
2115 1866 2209 1897 ³-
2239 1845 2349 1899 Ob-

2462 1852 2520 1903 iw
2541 1852 2628 1903 διὰ
2667 1854 2759 1905 τὶν
2788 1852 2988 1922 ἀσθενῆ
3026 1853 3158 1922 μηδὲ
3202 1852 3311 1919 ἐγὼ
3343 1852 3537 1920 (parte;
3573 1852 3648 1903 Οὐ
3684 1850 4039 1920 παραϐάλλο-

770 1941 1069 2008 jectionem
1092 1940 1277 1993 solvit.
1302 1940 1444 2006 Quid
1470 1956 1603 2011 ergo
1624 1940 1771 1995 dicet
1795 1940 2014 2007 aliquis,
2034 1956 2101 1992 an
2124 1946 2348 2007 propter

776 2030 1051 2084 inﬁrmum
1107 2048 1285 2100 neque
1319 2048 1420 2102 ego
1454 2033 1663 2086 edam?
1708 2048 1836 2085 num
1867 2032 1933 2084 ad
1968 2032 2147 2099 ipsum
2184 2046 2345 2083 acce-

777 2118 946 2172 dam?
982 2121 1120 2174 Num
1159 2122 1261 2190 ipsi
1291 2122 1492 2176 similis
1535 2123 1740 2176 eﬁiciar
1764 2123 1785 2175 ?
1810 2123 1887 2176 Ad
1918 2122 2022 2176 hoc
2056 2138 2186 2191 ergo
2216 2136 2347 2190 pro-

777 2211 1074 2278 pemodum
1108 2212 1264 2277 dicit,
1304 2214 1481 2268 Absit.
1516 2215 1651 2269 Nam
1710 2216 1847 2268 ﬁdes
1880 2224 1969 2268 tua
2015 2230 2198 2269 coram
2241 2215 2351 2267 Deo

778 2317 913 2367 pura
944 2310 1029 2355 est
1064 2312 1119 2356 et
1142 2304 1460 2374 incorrupta
1494 2316 1696 2359 manet.
1730 2306 1959 2367 Deinde,
2017 2306 2149 2374 quid
2201 2306 2346 2369 dico,

779 2392 973 2461 iliqiiit,
1005 2397 1151 2463 quod
1198 2398 1334 2451 nihil
1376 2414 1442 2451 ex
1476 2399 1579 2452 hoc
1622 2398 1939 2451 nocumenti
1984 2398 2244 2465 recipias,
2280 2407 2337 2451 et

778 2488 922 2554 quod
952 2487 1087 2541 ﬁdes
1118 2497 1210 2541 tua
1260 2500 1481 2543 maneat
1531 2505 1717 2543 coram
1758 2491 1904 2543 Deo?
1937 2491 2102 2544 etiam
2141 2490 2342 2558 purita-

779 2587 885 2631 tem
924 2580 1017 2631 tibi
1055 2581 1156 2649 ipsi
1185 2583 1473 2645 concilias,
1510 2584 1552 2635 si
1592 2591 1818 2651 propter
1848 2584 2034 2637 fratris
2060 2578 2352 2636 utilita'lem

779 2684 843 2722 ac
887 2672 1120 2725 salutem
1173 2689 1281 2726 non
1320 2674 1583 2727 vescaris.
1622 2675 1847 2737 Beatus,
1880 2676 2082 2742 inquit,
2117 2676 2211 2743 qui
2247 2690 2352 2727 non

780 2762 1113 2816 condemnat
1153 2764 1393 2832 seipsum
1437 2765 1491 2817 in
1531 2780 1600 2817 eo
1645 2765 1791 2833 quod
1825 2767 2038 2833 probat,
2089 2766 2197 2819 hoc
2247 2772 2354 2828 est,

782 2852 875 2918 qui
925 2853 1324 2907 conscientiam
1366 2868 1521 2907 suam
1577 2854 1743 2907 habet
1802 2856 1909 2909 sibi
1956 2866 2351 2910 attestantem:

782 2956 890 2991 non
915 2941 965 2993 in
985 2941 1088 2996 hoc
1106 2944 1283 2997 solum
1303 2945 1449 3012 quod
1473 2954 1696 3013 propter
1713 2945 1899 2999 fratris
1914 2947 2145 2998 salutem
2171 2962 2197 2998 a
2218 2946 2358 2999 cibis

781 3032 1023 3085 abstinet
1080 3051 1093 3085 :
1171 3036 1529 3089 verumetiam
1583 3036 1635 3089 in
1693 3038 1842 3089 omni
1901 3037 2227 3105 simpliciter
2277 3053 2354 3100 re,

782 3138 1169 3192 quamcunque
1217 3134 1410 3178 exacta
1464 3126 1793 3193 probatione
1853 3127 2209 3195 perpenderit
2258 3127 2353 3178 lio.

782 3226 909 3263 nam
932 3225 1055 3266 esse
1082 3211 1314 3266 :deinde
1334 3214 1480 3266 illam
1505 3214 1700 3268 fecerit
1726 3216 2121 3270 conscientiam
2148 3216 2356 3270 habens

783 3311 1166 3357 attestantem:
1193 3304 1317 3358 talis
1334 3306 1527 3360 beatus
1552 3317 1637 3361 est
1657 3325 1672 3374 ;
1691 3308 1855 3377 392
1873 3317 2081 3362 tantum
2110 3310 2267 3363 abest
2298 3318 2358 3363 ut

784 3404 1179 3449 nocumentum
1224 3396 1442 3466 aliquod
1479 3399 1644 3468 hujus
1679 3401 1851 3469 gratia
1890 3401 2140 3469 recipiat.
2198 3419 2216 3451 ι
2254 3401 2357 3467 Qui

785 3503 917 3541 vero
957 3488 1245 3558 dijudicat.
1294 3510 1313 3542 ι
1374 3490 1491 3544 Hoc
1525 3507 1747 3545 rursum
1795 3492 1863 3547 ad
1893 3508 2088 3547 sanum
2133 3494 2188 3548 in
2226 3494 2354 3549 ﬁde.

785 3578 899 3634 Cur
944 3582 1091 3634 enim
1131 3580 1288 3635 illum
1330 3584 1483 3651 cogis
1533 3584 1701 3639 edere
1741 3586 1835 3653 qui
1869 3586 2115 3639 nondum
2151 3586 2357 3641 conﬁr-

789 3681 971 3726 matus
990 3672 1119 3726 est?
1151 3687 1222 3726 an
1252 3674 1435 3727 nescis
1461 3674 1609 3743 quod
1634 3674 1681 3727 is
1707 3674 1800 3744 qui
1828 3675 2116 3745 diiudicat,
2147 3678 2193 3733 si
2225 3677 2357 3731 ede-

740 3790 744 3794 -
790 3762 864 3815 rit
900 3761 1303 3817 condemnatus
1328 3770 1415 3817 est
1440 3780 1455 3829 ;
1484 3764 1613 3832 quia
1646 3779 1755 3819 non
1781 3780 1849 3819 ex
1876 3764 1981 3820 ﬁde
2004 3765 2140 3829 edit,
2172 3767 2265 3822 sed
2293 3784 2360 3821 ex

788 3854 1118 3908 necessitate
1147 3864 1244 3908 aut
1287 3855 1542 3924 pudore?
1574 3870 1754 3924 neque
1783 3856 1930 3910 enim
1964 3858 2203 3911 credidit
2223 3858 2361 3914 illud

789 3960 988 4013 purum
1017 3959 1163 4010 esse,
1188 3954 1244 4000 et
1264 3946 1338 3999 ita
1362 3946 1496 4000 edit.
1521 3944 1634 4000 Cur
1654 3947 1759 4016 ipsi
1788 3962 1919 4017 ergo
1941 3948 2359 4005 condemnatio-

792 4038 877 4091 nis
900 4052 1065 4091 causa
1082 4036 1339 4103 eﬁiceris,
1371 4053 1573 4109 cogens
1604 4039 1783 4107 ipsum
1806 4039 1872 4092 ad
1905 4038 2205 4103 edendum,
2235 4058 2359 4095 cum

790 4129 1030 4196 patiatur
1086 4129 1505 4183 offendiculum.
1558 4130 1771 4184 Deinde
1818 4131 2173 4200 postmodum
2220 4133 2364 4187 aﬁir-

790 4218 990 4272 mando
1036 4219 1174 4273 dicit
1224 4220 1372 4289 quod
1408 4220 1683 4291 quidquid
1713 4221 1912 4277 fecerit
1938 4225 2213 4294 quispiam
2251 4242 2361 4279 non

787 4327 855 4365 cx
882 4311 1009 4374 ﬁde.
1054 4313 1107 4365 in
1132 4328 1200 4366 eo
1229 4325 1442 4382 peccat.

859 4404 999 4465 XVI,
1027 4404 1221 4458 25-27.
1278 4406 1341 4458 Ei
1385 4414 1559 4458 autem
1589 4407 1678 4474 qui
1723 4416 1907 4475 potem
1939 4416 2016 4461 est
2049 4424 2137 4462 vos
2162 4409 2358 4475 con/ir-

2462 1962 2561 2014 μαι
2592 1943 2777 2011 αὑτῷς
2814 1945 2874 1995 οὐ
2902 1945 3127 2012 γίνομαι
3154 1943 3303 2013 αὑτῷ
3333 1946 3554 2014 ὅμοιοςς
3588 1944 3731 2012 Πρὸς
3753 1938 3846 1994 οὖν
3877 1941 4043 1994 τοῦτο

2462 2036 2739 2103 μονονουχὶ
2770 2036 2936 2102 λέγει,
2972 2037 3054 2087 ὃτι
3089 2036 3179 2102 Μὴ
3215 2036 3425 2101 γένοιτο
3454 2038 3466 2086 !
3506 2034 3569 2086 'H
3600 2033 3706 2103 γὰρ
3728 2035 3910 2095 πίστις
3944 2051 4040 2085 σου

2457 2124 2688 2178 ἐνώπιον
2745 2126 2836 2177 τοῦ
2894 2126 3029 2178 Θεοῦ
3081 2127 3295 2198 καθαρά
3364 2127 3458 2180 καὶ
3508 2126 3800 2195 ἀκίϐδηλος
3858 2128 4039 2195 μένει.

2459 2214 2609 2280 Εἶτα,
2644 2218 2706 2269 Τί
2736 2219 2791 2270 δὲ
2823 2218 2965 2283 λέγω
3003 2220 3082 2270 ὅτι
3125 2220 3279 2271 οὐδὲν
3311 2220 3679 2288 παραδλάπτῃ
3730 2222 3794 2271 ἐκ
3823 2219 4042 2276 τούτου,

2461 2310 2553 2361 καὶ
2580 2310 2662 2360 ὃτι
2704 2310 2737 2376 ἠ
2775 2310 2951 2361 πίστις
2988 2326 3080 2361 σου
3128 2312 3278 2379 μένει
3327 2310 3557 2361 ἐνώπιον
3582 2310 3673 2361 τοῦ
3710 2309 3874 2371 Θεοῦς
3929 2312 4046 2362 Καὶ

2464 2402 2818 2469 μακαρισμὸν
2849 2402 3127 2471 προξενεῖς
3156 2404 3385 2473 σεαυτῷ,
3416 2405 3508 2457 ὲάν
3534 2405 3620 2457 διὰ
3647 2405 3742 2472 τὴν
3773 2405 4047 2469 ὠφέλειαν

2463 2491 2557 2542 καὶ
2592 2492 2867 2561 σωτηρίαν
2915 2493 3009 2544 τοῦ
3058 2494 3291 2561 ἀδελφοῦ
3331 2496 3393 2546 οὐ
3442 2494 3679 2564 τρώγης.
3731 2497 4045 2567 Μακάριος,

2464 2582 2652 2649 φησὶν,
2703 2583 2730 2632 ὁ
2770 2580 2843 2650 μὴ
2891 2582 3234 2652 κατακρίνων
3288 2583 3481 2635 ἑαυτὸν
3536 2586 3593 2635 ὲν
3646 2576 3689 2649 ᾧ
3730 2582 4044 2650 δοκιμάζει,

2463 2674 2760 2734 τουτέστιν,
2811 2676 2839 2723 6
2894 2673 3032 2740 ἔχων
3102 2675 3162 2725 τὸ
3219 2676 3457 2735 συνειδὸς
3510 2674 3675 2727 αὑτοῦ
3727 2676 4048 2743 μαρτυροῦν

2466 2760 2631 2831 αὐτῷ.
2672 2764 2785 2813 Οὐκ
2815 2765 2871 2814 ὲν
2906 2764 3078 2833 τούτῳ
3117 2765 3296 2833 μόνον,
3324 2766 3383 2816 ὲν
3420 2758 3464 2831 ᾧ
3509 2765 3595 2817 διὰ
3630 2765 3728 2834 τὴν
3765 2767 4046 2832 σωτηρίαν

2464 2852 2559 2904 τοῦ
2594 2852 2823 2919 ἀδελφοῦ
2869 2854 3132 2922 ἀπέχεται
3169 2856 3496 2924 βρωμάτων,
3534 2856 3671 2909 ἀλλά
3706 2858 3799 2908 καὶ
3844 2857 4042 2919 ἁπλῶς

2467 2942 2525 2993 ιν
2550 2943 2709 2992 παντὶ
2728 2942 3007 3011 πράγματι
3049 2944 3077 2995 δ
3112 2942 3175 2996 ἂν
3204 2944 3289 2996 διὰ
3319 2944 3547 3013 δοκιμῆς
3577 2944 3837 3015 ἀκριϐοῦς
3862 2962 4041 2997 κατα-

2468 3034 2636 3103 νοήσῃ
2668 3034 2751 3085 ὃτι
2810 3034 3012 3101 ἀγαθόν
3056 3035 3226 3099 ἐστιν,
3259 3037 3469 3089 ἔπειτα*
3492 3037 3707 3107 πράττῃ
3752 3038 3903 3101 αὐτὸ,
3948 3036 4051 3105 τὴν

2472 3125 2778 3193 συνείδησιν
2825 3125 2964 3193 ἔχων
3020 3126 3426 3195 μαρτυροῦσαν.
3473 3129 3759 3198 Μακάριος
3815 3130 3968 3180 ἐστιν
4020 3132 4051 3180 ὁ

2466 3214 2727 3278 τοιοῦτος,
2776 3217 3033 3270 τοσοῦτον
3083 3220 3276 3287 ἀπέχει
3308 3219 3402 3272 τοῦ
3440 3220 3645 3291 βλάδην
3698 3221 3820 3273 τινὰ
3858 3221 4052 3272 ἕνεκεν

2465 3307 2654 3359 τούτου
2681 3308 2954 3372 δέξασθαι.
2990 3327 3009 3360 ι
3059 3310 3116 3362 ’0
3145 3310 3201 3362 δὲ
3233 3310 3664 3381 διακρινόμενος.
3694 3332 3714 3366 ι
3743 3313 3913 3364 Τοῦτο
3943 3314 4054 3364 πά-

2467 3396 2550 3449 λιν
2592 3399 2725 3468 πρὸς
2753 3399 2843 3452 τὸν
2874 3401 3208 3469 ὑγιαίνοντα.
3245 3402 3309 3454 Τί
3342 3406 3452 3469 γὰρ
3479 3404 3641 3457 αὑτὸν
3684 3404 3917 3475 ὲκδιάζῃ
3945 3422 4053 3471 φα-

2467 3493 2604 3557 γεῖν,
2642 3490 2798 3543 οὔπω
2844 3492 3276 3562 ἐστηριγμένον;
3310 3495 3425 3547 Οὐκ
3468 3492 3612 3558 οἶδας
3658 3496 3740 3547 ὅτι
3766 3496 3792 3546 6
3826 3496 4052 3563 διακρι-

2467 3582 2691 3647 νόμενος
2721 3580 2815 3634 ὲάν
2870 3581 3020 3652 φάγῃ
3065 3583 3495 3649 κατακέκριταις
3533 3585 3616 3636 ὅτι
3663 3584 3738 3653 μὴ
3778 3583 3947 3636 ἐσθίει
3985 3588 4053 3637 ἐκ

2468 3670 2723 3733 πίστεως,
2755 3671 2868 3724 ἀλλ’
2922 3674 2981 3739 ἐξ
3021 3675 3269 3742 ἀνάγκης
3307 3676 3339 3744 ἢ
3372 3675 3554 3737 αἰδοῦς
3576 3693 3591 3708 ο
3629 3675 3751 3727 οὐδὲ
3782 3675 3890 3745 γὰρ
3923 3677 4051 3728 ἐπί-

2471 3775 2693 3812 στευσεν
2734 3760 2865 3813 αὐτὸ
2905 3761 3145 3831 καθαρὸν
3175 3760 3338 3828 εἶναι,
3372 3763 3465 3817 καὶ
3500 3763 3673 3826 οὕτως
3722 3764 3946 3832 ἔφαγεν.
3982 3764 4054 3816 Τί

2468 3846 2560 3903 οὖν
2617 3852 2767 3921 αὐτῷ
2816 3852 3085 3923 πρόφασις
3117 3856 3243 3927 γίνῃ
3266 3856 3667 3924 κατακρίσεως,
3712 3856 4049 3922 ἀναγκάζων

2469 3942 2631 3996 αὐτὸν
2682 3942 2883 3996 ἐσθίειν
2929 3945 3452 4014 σκανδαλιςόμενονς
3487 3942 3620 4000 Εἶτα
3675 3946 3861 3998 λοιπὸν
3906 3950 4055 3999 κατὰ

2471 4037 2773 4104 ἀπόφανσιν
2804 4037 2969 4105 λέγει,
3006 4040 3087 4091 ὅτι
3120 4041 3230 4092 πᾶν
3275 4040 3304 4092 ὃ
3337 4041 3401 4093 ἄν
3435 4057 3517 4103 τις
3551 4043 3678 4109 ποιῇ
3722 4042 3824 4094 οὐκ
3855 4043 3917 4091 ὲκ
3960 4044 4045 4092 πί-

2474 4145 2659 4193 στεως.
2698 4131 3019 4199 ἁμαρτάνει.

2548 4406 2631 4471 Τῷ
2653 4408 2720 4460 δὲ
2751 4408 3066 4475 δυναμένῳ
3099 4407 3252 4476 ὑμᾶς
3278 4410 3554 4478 στηρίξαι
3573 4411 3723 4464 κατὰ
3758 4412 3823 4464 τὸ
3858 4416 4054 4480 Εὐαγ-

790 4512 938 4546 mare
951 4496 1114 4563 juxta
1142 4496 1484 4566 Evangelium
1512 4514 1683 4551 meum
1700 4510 1746 4551 et
1775 4500 2203 4567 pradicationem
2228 4502 2351 4555 Jesu

2478 4500 2677 4567 γένιιόν
2701 4517 2839 4566 μου,
2863 4500 2957 4551 καί
2991 4500 3057 4551 τὸ
3090 4500 3361 4568 κήρυγμα
3390 4502 3586 4567 Ἰησοῦ
3615 4504 3872 4570 Χριστοῦ
3904 4507 4058 4558 κατὰ

791 4586 1026 4639 Christi:
1064 4589 1354 4640 secundum
1400 4588 1772 4642 reuelationem
1818 4594 2075 4661 mysterii,
2122 4598 2363 4663 tempori.

790 4680 883 4731 bus
946 4681 1156 4732 aeternis
1200 4682 1368 4742 taciti,
1422 4699 1560 4734 nunc
1606 4700 1724 4735 vero
1785 4687 2143 4752 manifestati:
2193 4699 2241 4740 et
2274 4706 2366 4757 per

792 4770 1095 4840 Sri‘ipturas
1139 4774 1465 4840 prophetica:
1504 4776 1791 4827 secundum
1823 4787 2140 4845 praceptum
2179 4782 2367 4833 αἰεναὶ

797 4862 912 4923 Dei,
946 4864 1016 4914 ad
1048 4863 1398 4917 obedientiam
1432 4864 1578 4931 ﬁdei,
1616 4882 1708 4935 per
1751 4883 1928 4919 omnes
1957 4878 2134 4936 gentes
2170 4873 2361 4939 agniti,

793 4952 894 5005 soli
912 4952 1140 5021 sapienti
1179 4951 1284 5005 Deo
1309 4970 1401 5023 per
1436 4953 1619 5011 Iesum
1652 4954 1942 5017 Christum,
1988 4958 2069 5008 cui
2100 4956 2273 5025 gloria
2311 4960 2365 5011 in

796 5044 1015 5098 swcula.
1047 5046 1239 5098 Amen.

870 5136 1220 5205 llyperliaton
1254 5144 1375 5191 est:
1413 5156 1431 5187 ι
1472 5136 1534 5190 Εἰ
1568 5148 1753 5193 autem
1780 5140 1875 5209 qui
1914 5149 2110 5209 potens
2161 5148 2247 5192 est
2273 5154 2371 5192 vos

798 5228 1130 5281 conﬁrmare
1180 5229 1233 5283 in
1263 5230 1488 5285 saecula.
1524 5231 1723 5285 Amen.
1768 5249 1787 5282 ι
1848 5263 1917 5273 -
1949 5250 1966 5283 ι
2008 5232 2114 5285 Vos
2164 5229 2369 5282 conﬁr-

803 5334 972 5373 mare.
1019 5338 1036 5369 ι
1067 5320 1331 5373 Precatur
1364 5321 1629 5389 deinceps
1664 5336 1763 5390 pro
1796 5322 2185 5376 imbecillibus.
2234 5320 2370 5374 Nam

806 5411 1119 5477 precatione
1156 5412 1265 5466 illis
1297 5428 1435 5481 opus
1466 5423 1587 5467 erat
1619 5413 1704 5467 vel
1752 5413 2009 5467 consilio.
2040 5413 2239 5466 Dicens
2270 5427 2372 5464 au-

804 5514 913 5554 tem
943 5520 960 5552 ι
984 5502 1335 5567 conﬁrmare,
1364 5523 1381 5555 ι
1415 5504 1684 5572 signiﬁcat
1714 5519 1810 5558 eos
1834 5504 2112 5559 vacillare.
2166 5503 2373 5557 Deinde

806 5594 1029 5647 modum
1053 5594 1216 5648 etiam
1239 5596 1673 5649 conﬁrmationis
1703 5596 1933 5649 inducit.
1965 5614 1983 5646 ι
2016 5596 2176 5650 Juxta
2199 5595 2375 5647 Evan-

808 5686 1011 5753 gelium
1047 5701 1248 5740 nicum.
1286 5706 1301 5738 i
1366 5688 1432 5741 lit
1458 5688 1551 5749 ita,
1588 5688 1786 5756 inquit,
1821 5688 2006 5740 vivant
2037 5688 2181 5740 sicut
2220 5688 2374 5755 jubet

812 5778 1192 5849 Evangeliiim.
1227 5810 1294 5820 —
1333 5780 1465 5834 Item
1518 5780 1623 5833 alia
1658 5780 1824 5833 modo.
1864 5780 1991 5835 l‘ost
2042 5778 2375 5833 admonitio-

2470 4591 2861 4658 ἀποκάλυψιν
2914 4593 3265 4661 μυστηρίου,
3309 4595 3551 4660 χρόνοις
3594 4597 3855 4659 αἰωνίοις
3882 4612 4087 4670 σεσιοο

2468 4681 2749 4750 γημένου,
2794 4682 3238 4749 φανερωθέντος
3272 4683 3339 4736 δὲ
3378 4686 3529 4737 νῦνο
3556 4685 3655 4737 διά
3696 4702 3757 4737 τε
3786 4687 4054 4754 Γραξτῶν

2470 4791 2531 4836 πί
2551 4771 2870 4840 ορητικῶν,
2898 4773 3020 4824 κατ’
3041 4772 3334 4839 ἐπιταγὴν
3360 4774 3465 4828 τοῦ
3484 4777 3728 4829 αἰωνίου
3758 4778 3930 4840 Θεοῦ,
3965 4782 4053 4841 εις

2469 4862 2749 4925 ὑπακοὴν
2776 4870 3055 4925 πίστεως,
3084 4864 3173 4923 εις
3199 4862 3396 4915 πάντα
3420 4865 3492 4916 τὰ
3521 4865 3666 4929 ἔθνη
3695 4868 4055 4931 γνωρισθέν-

2470 4971 2594 5018 τος,
2638 4954 2804 5020 μόνῳ
2842 4951 3014 5019 σοφῷ
3048 4953 3171 5017 Θεῷ
3220 4954 3317 5006 διὰ
3359 4956 3554 5020 Ἰησοῦ
3602 4959 3883 5025 Χριστοῦ,
3926 4953 3977 5023 ᾦ
4016 4962 4058 5026 ἡ

2471 5044 2621 5106 δόξα
2658 5045 2746 5106 εἰς
2774 5042 2916 5107 τοὺς
2939 5041 3182 5109 αἰῶνας,
3219 5045 3426 5112 Ἀμήν.

2542 5135 2616 5187 Τὸ
2643 5133 2972 5203 ὑπερϐατόν.
3021 5153 3041 5186 ι
3078 5135 3169 5203 Τῷ
3205 5136 3262 5189 δὲ
3294 5136 3580 5206 δυναμένῳ
3605 5139 3748 5207 ὑμᾶς
3778 5140 4058 5208 στηρίξαι,

2472 5227 2599 5290 δόξα
2622 5227 2700 5287 είς
2730 5227 2855 5285 τοὺς
2886 5226 3111 5288 αἰῶνας.
3131 5226 3331 5297 Ἀμήν.
3359 5246 3376 5278 ι
3400 5259 3468 5268 -
3493 5229 3708 5299 ι’Υμᾶς
3740 5232 4051 5299 στηρίξαι.»

2475 5316 2674 5371 Λοιπὸν
2709 5317 3001 5383 ἐπεύχεται
3042 5319 3151 5379 τοῖς
3198 5298 3717 5389 ἀσθενέσιν.Ἐύχῆς
3762 5298 3873 5389 γὰρ
3905 5318 4059 5390 εἶχἈι

2478 5410 2664 5477 χρείαν
2689 5408 2909 5478 μᾶλλον,
2941 5408 3326 5478 ἣσυμδουλῆς.
3350 5410 3535 5462 Εἰπὼν
3571 5412 3629 5463 δὲ
3659 5430 3676 5462 ι
3712 5413 3989 5482 στηρίξαι,
4032 5432 4054 5464 ι

2476 5503 2626 5571 δηλοῖ
2660 5503 2743 5554 ὅτι
2779 5500 3119 5553 σαλεύονται.
3161 5499 3291 5554 Εἶτα
3339 5503 3532 5569 ἐπάγει
3567 5504 3662 5554 καὶ
3708 5505 3802 5556 τὸν
3853 5506 4062 5571 τρόπον

2478 5594 2573 5647 τοῦ
2626 5592 2952 5662 στηριγμοῦ,
3008 5611 3025 5642 ι
3072 5593 3227 5644 Κατά
3267 5593 3326 5643 τὸ
3358 5594 3688 5660 Εὐαγγέλιόν
3725 5612 3851 5663 μου.
3882 5613 3900 5646 ι
3939 5596 4059 5648 Ἰνα

2480 5687 2650 5748 οὕτως
2672 5684 2831 5749 ζῶσι,
2864 5684 3017 5751 φησὶ,
3062 5683 3137 5746 ὡς
3168 5684 3232 5736 τὸ
3262 5686 3592 5752 Εὐαγγέλιον
3629 5688 3964 5756 διαγορεύει.
3990 5718 4059 5725 —~

2482 5774 2587 5832 Kal
2611 5774 2830 5838 ἄλλως.
2866 5769 3203 5844 ΙΟΙΚΟΥΜ.]
3234 5774 3382 5828 Μετὰ
3404 5776 3498 5845 τὴν
3519 5776 3840 5846 παραίνεσιν
3866 5776 4063 5830 εἴωθεν
