4194 6468
174 378 268 439 δἭό

1225 388 1607 452 COMMENT.
1649 394 1727 455 IN
1778 397 2012 463 EPIST.
2054 409 2154 466 AD
2196 411 2376 474 ROM.

3320 421 3424 486 606

172 489 440 560 εὔχεσθαι,
482 492 510 542 ὃ
545 492 638 545 καὶ
668 491 900 546 ἐνταῦθα
941 497 1105 560 ποιεῖ,
1139 497 1282 567 ὑπὲρ
1316 500 1422 552 τῶν
1455 502 1741 556 ἀτελεστέ-

1851 526 1972 567 neln
2025 533 2247 589 semper
2299 527 2513 592 precdri
2567 535 2728 591 solet,
2779 531 2924 598 quod
2969 533 3134 586 etiam
3180 532 3234 586 id
3265 533 3418 600 facit,

175 601 276 652 ρων
304 581 621 652 εὐχόμενος,
675 587 768 638 καὶ
798 587 859 637 οὐ
898 586 1060 655 μόνον
1098 587 1241 657 λόγῳ
1276 593 1565 655 παιδεύων,
1607 596 1745 650 ἀλλὰ

173 675 258 726 καὶ
289 676 395 746 τὴν
425 676 577 746 παρὰ
618 677 757 730 Θεοῦ
790 680 1110 749 συμμαχίαν
1139 683 1396 749 εἰσάγων.
1439 685 1503 737 Ἦ
1533 687 1588 739 δὲ
1618 688 1745 741 ἀκο-

171 767 348 820 λουθία
376 767 478 837 τῆς
508 769 812 834 συντάξεως
831 773 1030 826 τοιάδε·
1059 791 1077 824 ι
1105 773 1196 836 Τῷ
1215 776 1271 829 δὲ
1290 777 1574 848 δυναμένῳ
1601 781 1745 848 ὑμᾶς

173 860 417 930 στηρίξαι
447 861 534 915 διὰ
562 861 738 931 Ἰησοῦ
772 866 1083 935 Χριστοῦ,ή
1111 867 1238 932 δόξα
1262 871 1343 932 εἰς
1371 871 1495 934 τοὺς
1521 872 1742 936 αἰῶνας.

183 953 369 1021 Ἀμήν.
401 972 420 1005 ι
449 953 524 1006 Τὸ
553 953 684 1025 γὰρ.
707 949 776 1023 ᾧ,
798 957 1022 1028 ἄρθρον,
1052 961 1116 1012 ὲκ
1137 962 1392 1031 περισσοῦ
1417 965 1614 1026 κεῖται,
1657 964 1745 1018 διὰ

170 1045 225 1096 τὸ
272 1045 483 1098 δεῖσθαι
507 1046 602 1099 τὸν
631 1047 789 1114 λόγον
817 1049 1231 1120 ἐπαναλήψεως,
1255 1055 1628 1124 παραληφθὲν.
1657 1057 1747 1128 Τῷ

169 1136 443 1208 δυναμένῳ
471 1139 616 1208 ὑμᾶς
637 1140 762 1204 τοῦς
787 1142 1018 1206 ἀτελεῖς,
1037 1143 1164 1206 τοὺς
1188 1146 1587 1214 σαλευομένους
1612 1167 1746 1218 στηο

171 1230 330 1298 ρξξαι.
367 1232 492 1294 Πῶς
517 1249 532 1296 ;
558 1233 744 1285 «Κατὰ
775 1235 855 1294 τὸ,
876 1235 1204 1302 Εὑαγγέλιόν
1225 1255 1358 1305 μου;
1391 1257 1409 1289 ι
1444 1241 1741 1304 τουτέστιν,

172 1321 283 1373 Ἱνα
310 1323 583 1391 κατέχητε
610 1322 646 1376 ἃ
671 1323 924 1378 διδάσκω.
959 1325 1033 1378 Τὸ
1064 1327 1140 1392 δὲ,
1179 1347 1197 1379 ι
1228 1329 1560 1396 Εὐαγγέλιὸν
1585 1349 1706 1402 μου,
1725 1353 1740 1384 ι

169 1412 278 1476 καὶ,
295 1432 314 1463 ι
337 1413 432 1465 τοῦ
450 1414 687 1484 Χριστοῦ
708 1415 766 1468 τὸ
785 1418 1070 1485 κήρυγμα,
1097 1436 1116 1469 ι
1140 1419 1486 1492 ἕνείσιν.οὐχ
1502 1424 1747 1493 ἡμέτερα

169 1505 269 1574 γὰρ
289 1505 362 1556 τε
387 1506 660 1574 δόγματα,
694 1508 809 1560 ἀλλ’
841 1509 1054 1562 ἐκείνου
1085 1511 1136 1562 οἱ
1162 1511 1335 1580 νόμοι.
1379 1532 1396 1562 ι
1433 1514 1590 1566 Κατὰ
1614 1515 1748 1567 ἀπο-

169 1597 400 1666 κάλυψιν
433 1599 752 1668 μυστηρίου,
789 1618 806 1648 ι
850 1601 1130 1671 Μεγίστης
1163 1602 1331 1673 τιμῆς
1372 1607 1618 1674 σημεῖον,
1680 1607 1746 1658 τὸ

171 1691 486 1759 μυστηρίων
541 1693 691 1760 ἡμᾶς
747 1691 1006 1759 γενέσθαι
1061 1695 1374 1759 κοινωνοὺς,
1425 1699 1747 1767 πράγματος

170 1781 333 1834 πάλαι
369 1782 469 1852 μὲν
506 1784 946 1853 προωρισμένου,
980 1785 1237 1853 φανέντος
1268 1787 1324 1840 δὲ
1358 1789 1453 1842 νῦν
1477 1789 1564 1841 διὰ
1606 1791 1747 1858 Γρα-

169 1872 280 1938 φῶν
312 1874 697 1943 προφητικῶν.

235 1962 403 2015 Ὥστε
457 1964 511 2016 τι
565 1965 701 2034 φοϐῇ
742 1966 806 2019 σὺ
848 1969 876 2019 ό
926 1966 1188 2038 ἀσθενὴς,
1233 1971 1306 2040 μὴ
1351 1971 1598 2042 ἀποστῇς
1651 1974 1746 2026 τοῦ

169 2056 354 2126 νόμου,
382 2057 580 2110 ὲσθὶων
605 2059 672 2112 τὰ
702 2061 881 2128 χοέρια
907 2077 922 2124 ;
950 2061 1082 2115 Ἰδοὺ
1109 2063 1218 2132 γὰρ
1247 2065 1302 2117 αἱ
1331 2065 1546 2134 Γραφαὶ
1578 2069 1750 2122 πᾶσαι.

169 2148 316 2200 τοῦτο
351 2149 412 2200 τὸ
462 2154 764 2219 μυστήριον
796 2150 1151 2220 κηρύττουσι,
1187 2152 1246 2205 τὸ
1277 2153 1377 2223 τὴν
1424 2155 1748 2227 ἀδιαφορίαν

169 2237 266 2288 τῶν
297 2238 612 2307 βρωμάτων
638 2241 879 2306 εἰσάγον.
904 2241 1062 2295 Ἀλλὰ
1088 2244 1182 2296 καὶ
1215 2245 1333 2297 κατ’
1358 2249 1628 2318 ἐπιταγὴν
1655 2249 1746 2302 τοῦ

170 2328 384 2379 αἰωνίου
419 2326 553 2380 θεοῦ
591 2330 764 2384 ἐστιν.
803 2331 1035 2396 Οὐκοῦν,
1066 2333 1126 2385 οῦ
1171 2333 1252 2386 δεῖ
1281 2335 1402 2405 Θεῷ
1435 2337 1749 2390 ἀντιτάττε-

175 2419 309 2484 σθαι,
350 2419 485 2473 ἀλλὰ
519 2421 798 2474 πιστεύειν
828 2425 924 2476 καὶ
965 2427 1282 2478 ὑπακούειν.
1333 2428 1608 2500 ’Υπακοῆς
1643 2431 1749 2502 γὰρ

170 2513 198 2577 ἡ
245 2512 432 2575 πίστις
489 2513 679 2577 δεῖται,
733 2515 794 2567 οὐ
847 2516 1392 2590 φιλοπραγμοσύνης.
1460 2523 1619 2575 Ἀλλὰ
1658 2527 1750 2578 καὶ

176 2605 340 2657 πάντα
363 2605 434 2658 τὰ
463 2606 588 2678 ἔθνη
619 2609 758 2660 οὕτω
791 2614 1057 2665 πιστεύει.
1093 2615 1232 2666 [lict
1267 2616 1376 2687 γὰρ
1417 2620 1747 2690 ἐγνωρίσθη.

174 2697 288 2760 Πῶς
311 2695 409 2752 οῦν
431 2701 590 2765 auri;
610 2701 688 2754 ἔτι
711 2702 785 2773 τῷ
802 2705 952 2775 νόμῳ
971 2706 1243 2771 δουλεύεις
1263 2727 1276 2774 ;
1300 2729 1318 2760 ι
1343 2711 1504 2781 Μόνῳ
1521 2713 1577 2766 δὲ
1602 2715 1749 2782 σοφῷ

171 2788 302 2857 θεῷ,
335 2808 353 2841 ι
379 2787 528 2856 εἶπε,
565 2792 698 2863 πρὸς
730 2796 1136 2866 ἀντιδιαστολὴν
1162 2800 1410 2864 ἀγγέλων
1440 2803 1533 2855 καὶ
1567 2805 1598 2874 ἡ
1609 2805 1748 2872 μῶν,

177 2880 206 2948 ἦ
233 2881 343 2934 τῶν
373 2882 751 2954 ψευδωνύμων
782 2887 939 2952 θεῶν,
969 2890 1029 2941 οὐ
1061 2889 1154 2942 τοῦ
1194 2891 1322 2944 Υἱοῦ
1358 2893 1389 2963 ἢ
1444 2893 1538 2946 τοῦ
1577 2895 1750 2950 Ilvati-

174 2991 354 3041 ματος.
391 2978 611 3044 Ἀπαγε
644 2980 655 3030 !
697 2979 754 3031 Ὀ
786 2980 914 3044 Υἱὸς
942 2981 1048 3052 γάρ
1074 2985 1219 3036 ἐστιν
1253 2986 1284 3054 ὴ
1330 2986 1488 3052 cogi:
1519 2988 1611 3041 τοῦ
1645 2990 1753 3043 Πα-

171 3069 311 3135 τρός.
346 3069 513 3139 Αύτῷ
542 3070 634 3123 οὖν
679 3074 709 3141 ἡ
737 3072 863 3140 δόξα
911 3073 989 3144 τῷ
1024 3075 1402 3148 φανερώσαντι
1436 3080 1496 3133 τὸ
1547 3085 1752 3153 μυστή-

1847 620 2011 662 orans
2043 626 2143 679 pro
2198 613 2704 684 imperfectioribus
2735 640 2746 672 :
2781 640 2888 676 non
2918 625 3094 677 solum
3140 626 3311 680 verbo
3343 627 3428 680 in-

1847 709 2093 767 struens,
2143 706 2238 759 sed
2265 708 2431 763 etiam
2479 712 2745 766 auxilium
2776 730 2804 766 a
2843 717 2950 768 Deo
2979 716 3236 771 allerens.
3275 717 3423 772 Con-

1845 791 2132 858 sequentia
2165 801 2348 849 autem
2365 799 2938 856 eoordinationistalis
2973 812 3076 858 est.
3101 824 3119 854 ι
3146 803 3204 857 Ei
3236 816 3420 861 autem

1847 884 1938 951 qui
1973 895 2169 954 potens
2195 898 2280 942 est
2312 905 2411 944 vos
2442 893 2766 949 conﬁrmare
2795 911 2894 964 per
2917 897 3102 951 .Iesum
3139 897 3421 953 Christum

1847 975 2017 1044 gloria
2054 977 2108 1032 in
2127 982 2346 1038 smeula.
2393 982 2591 1038 Amen.
2623 1004 2640 1035 ›
2678 988 2963 1042 Articulus
2987 1005 3118 1042 vero
3149 983 3212 1056 ᾧ,
3237 989 3289 1042 id
3316 999 3421 1053 est,

1848 1066 1960 1129 cui,
1998 1069 2274 1137 superﬂue
2319 1074 2496 1142 ponit,
2529 1075 2654 1128 ideo
2706 1088 3048 1150 assumptus,
3091 1080 3237 1150 quod
3286 1097 3426 1150 Opus

1847 1168 1992 1212 esset
2026 1163 2370 1228 repetitione.
2398 1166 2461 1219 Ei
2491 1167 2581 1236 qui
2610 1176 2805 1236 potens
2837 1178 2920 1222 est
2948 1185 3044 1224 vos
3073 1171 3425 1238 imperfectos

1847 1259 1903 1302 et
1923 1250 2244 1306 vacillantes
2273 1253 2624 1309 confirmare.
2644 1256 2978 1324 Quomodo?
3012 1278 3028 1308 ι
3065 1258 3224 1312 Juxta
3248 1261 3422 1314 Evan-

1847 1342 2046 1411 gelium
2064 1358 2267 1399 meum.
2281 1344 2421 1398 iHoc
2438 1353 2542 1408 est,
2563 1357 2622 1400 ut
2641 1348 2725 1401 his
2741 1365 2863 1418 quae
2877 1348 3051 1404 doceo
3070 1349 3420 1406 adhaereatis.

1849 1434 2038 1492 Porro.
2081 1453 2098 1485 ι
2126 1433 2305 1490 Meum
2347 1437 2730 1506 Evangelium.
2764 1458 2782 1490 ι
2822 1449 2897 1504 ει,
2932 1459 2949 1491 ι
2978 1439 3185 1494 Christi
3223 1443 3424 1510 praedi-

1849 1522 2014 1585 catio,
2047 1543 2064 1574 ι
2097 1540 2266 1577 unum
2298 1536 2444 1580 sunt.
2471 1527 2589 1579 Non
2615 1528 2764 1580 enim
2785 1535 2971 1582 nostra
2993 1541 3123 1585 sunt
3148 1530 3423 1600 dogmata,

1849 1613 1941 1668 sed
1991 1615 2163 1683 ipsius
2214 1616 2380 1685 leges.
2437 1636 2455 1666 ι
2486 1617 2800 1672 Secundum
2869 1621 3263 1677 revelationem
3306 1639 3426 1689 my-

1849 1708 2058 1762 sterii.»
2094 1709 2270 1778 Magni
2308 1710 2523 1779 signum
2571 1713 2796 1766 honoris
2837 1715 2984 1784 quod
3017 1715 3263 1785 mysterii
3304 1716 3427 1769 sitis

1852 1800 1977 1854 facti
2009 1801 2339 1870 participes:
2370 1803 2446 1856 rei
2474 1802 2601 1855 Olim
2624 1805 2848 1872 quidem
2878 1806 3250 1874 praedcﬁnitze,
3279 1821 3426 1860 nunc

1852 1909 1984 1947 vero
2021 1910 2122 1963 per
2151 1895 2466 1963 Scripturas
2496 1897 2848 1964 prophetieas
2885 1897 3223 1967 apparentis.

1924 1987 2086 2058 393
2117 1987 2258 2054 Quid
2295 1989 2477 2059 itaque
2508 1992 2668 2044 times
2710 2000 2786 2055 tu,
2825 1991 3138 2053 imbecillis,
3177 2007 3267 2053 ne,
3298 2005 3422 2058 por-

1852 2080 2004 2136 einas
2046 2096 2243 2135 carnes
2288 2083 2480 2147 edens,
2517 2099 2545 2136 a
2593 2084 2712 2153 lege
2765 2083 3054 2137 discedas?
3099 2083 3240 2136 Ecce
3280 2081 3425 2135 enim

1855 2173 2154 2242 Scriptura:
2185 2189 2378 2228 omnes
2427 2175 2726 2244 praedicant
2757 2176 2861 2229 hoc
2911 2175 3234 2246 mysterium
3281 2174 3428 2244 quod

1852 2264 2103 2318 ciborum
2137 2265 2564 2319 indill‘erentiam
2609 2267 2842 2330 inducit,
2876 2279 2932 2323 et
2954 2269 3258 2323 secundum
3289 2285 3428 2338 prte-

1850 2361 2069 2421 ceptum
2097 2355 2289 2408 mterni
2319 2355 2433 2408 Dei.
2464 2356 2580 2409 Non
2607 2372 2739 2426 ergo
2773 2358 2884 2411 Deo
2920 2373 3226 2428 repugnare
3261 2373 3426 2427 opor-

1853 2454 1950 2507 tet,
1981 2444 2075 2499 scd
2121 2445 2350 2499 credere
2388 2461 2451 2499 ac
2483 2447 2748 2501 obedire:
2791 2464 2914 2500 nam
2951 2448 3086 2502 ﬁdes
3105 2465 3212 2501 non
3246 2449 3428 2502 curio-

1853 2537 2035 2598 sitate,
2081 2535 2176 2589 sed
2215 2535 2530 2590 obedientia
2580 2538 2808 2608 indiget.
2833 2538 2976 2604 Quin
3013 2547 3068 2591 et
3091 2546 3283 2607 gentes
3311 2553 3430 2591 om-

1855 2645 1953 2684 nes
1987 2630 2057 2684 ita
2087 2629 2356 2683 credunt:
2389 2629 2646 2684 omnibus
2671 2630 2818 2685 enim
2852 2631 3092 2684 innotuit
3117 2647 3130 2683 :
3152 2629 3427 2698 quomodo

1851 2736 1982 2790 ergo
2007 2731 2060 2775 tu
2088 2721 2204 2790 ipse
2225 2721 2404 2775 adhuc
2423 2720 2527 2790 legi
2552 2721 2766 2774 servis?
2786 2722 2977 2781 Porro,
3011 2740 3028 2770 ι
3058 2719 3168 2773 Soli
3193 2719 3427 2788 sapienti

1853 2814 1986 2878 Deo,
2025 2833 2042 2864 ι
2067 2813 2224 2878 dixit,
2257 2814 2324 2867 ad
2358 2813 2769 2866 dislinetionem
2795 2813 3113 2882 angelorum
3143 2820 3198 2864 et
3229 2811 3424 2876 nostri,

1856 2916 1950 2959 aut
1981 2904 2116 2958 falso
2151 2905 2562 2959 nominatorum
2595 2903 2846 2967 deorum,
2893 2919 3000 2956 non
3029 2902 3150 2956 Filii
3183 2909 3278 2954 aut
3307 2900 3430 2970 Spi-

1857 2995 1993 3050 ritus
2020 2994 2218 3049 saneti.
2252 2992 2439 3048 Absit!
2471 2993 2604 3046 Nam
2633 2992 2806 3045 Filius
2828 2990 3093 3060 sapientia
3116 2989 3292 3042 Patris
3321 2996 3425 3041 est.

1856 3086 1961 3156 Ipsi
1995 3101 2127 3156 ergo
2169 3085 2344 3153 gloria
2394 3083 2489 3152 qui
2525 3083 2847 3153 mysterium
2895 3079 3284 3141 manifestavit,
3317 3093 3426 3131 non

174 3176 302 3228 ριον,
335 3161 397 3213 ού
431 3161 509 3230 τῷ
555 3163 704 3231 νόμῳ
835 3167 1218 3237 προσεδρεύεις
1257 3169 1335 3222 ἔτι
1380 3173 1466 3233 σὺ,
1503 3189 1746 3244 παρατη-

1855 3177 1958 3248 legi
1988 3176 2076 3232 cui
2102 3175 2282 3229 adhuc
2305 3174 2574 3232 adhzeres.
2604 3173 2758 3227 cibos
2780 3173 3103 3227 observans.
3130 3170 3283 3236 Quod
3327 3185 3429 3222 an-

173 3255 431 3318 ρούμενος
457 3255 524 3306 τα
554 3254 839 3326 βρώματα.
863 3258 935 3309 Τὸ
964 3258 1044 3324 δὲ,
1073 3277 1091 3310 ι
1112 3261 1210 3313 Διά
1240 3261 1416 3331 Ἰησοῦ
1441 3265 1701 3332 Χριστοῦ,
1727 3285 1743 3316 ι

168 3344 386 3398 δύναται
451 3347 591 3415 μὲν,
640 3347 716 3409 ὠς
769 3350 1030 3420 ἀνωτέρω
1075 3354 1329 3422 εἴρηται,
1387 3356 1752 3426 συνταχθῆναι

169 3439 260 3508 τῷ,
290 3456 308 3490 ι
331 3440 637 3510 Δυναμένῳ
659 3442 802 3510 ὑμᾶς
837 3444 1084 3512 στηρίξαι
1111 3445 1198 3498 διὰ
1225 3447 1402 3517 Ἰησοῦ
1431 3449 1690 3517 Χριστοῦ.
1729 3472 1744 3500 ι

171 3532 337 3594 Αὐτὸς
395 3531 508 3600 γὰρ
543 3531 809 3602 ἐγνώρισε
841 3534 902 3586 τὸ
965 3539 1264 3606 μυστήριον
1292 3541 1405 3602 τοῖς
1463 3540 1691 3608 ἔθνεσιν,
1726 3544 1754 3595 ὁ

168 3626 287 3686 τοὺς
321 3624 577 3694 μαθητὰς
612 3627 941 3692 ἀποστείλας
971 3631 1052 3692 εἰς
1083 3632 1143 3683 τὸ
1184 3632 1528 3702 μαθητεῦσαι
1570 3635 1749 3688 πάντα

166 3717 227 3769 τὰ
257 3717 410 3788 ἔθνη.
446 3718 520 3770 Τὸ
553 3717 629 3780 δὲ,
674 3713 742 3785 ᾧ,
803 3723 1082 3790 περισσόν.
1133 3741 1152 3774 ι
1189 3726 1299 3778 Καὶ
1353 3729 1414 3778 τὸ
1484 3728 1750 3798 κήρυγμα

179 3807 347 3875 Ἰησοῦ
378 3807 645 3879 Χριστοῦ.
684 3828 702 3860 ι
727 3838 796 3849 -
827 3808 1031 3884 [ΦΩΤ.]
1076 3813 1141 3865 Τί
1181 3813 1237 3866 δέ
1271 3816 1385 3868 ἐστι
1408 3815 1465 3868 τὸ
1487 3817 1750 3887 κήρυγμα

170 3898 254 3950 τοῦ
290 3898 506 3968 Ἰησοῦς
546 3917 564 3950 ι
593 3900 710 3952 Ἵνα
740 3902 1051 3965 γινώσκωσί
1104 3921 1185 3968 σε,
1244 3906 1399 3976 φησι,
1437 3908 1531 3961 καὶ
1557 3908 1616 3960 ὂν
1647 3911 1749 3962 ἀπ-

170 3990 411 4053 έστειλας
429 3989 660 4059 Ἰησοῦν.
690 4010 708 4042 ι
730 4023 800 4032 --
825 4011 846 4043 ι
887 3993 947 4046 Ὀ
978 3995 1241 4062 ἑωρακὼς
1268 3998 1391 4068 ἐμὲ,
1423 3998 1636 4070 ἑώρακε
1661 4001 1752 4053 τὸν

171 4084 403 4152 Πατέρα.
437 4100 456 4133 ι
485 4110 555 4122 -
585 4099 602 4132 ι
635 4081 778 4150 Ἐγὼ
808 4085 902 4138 καὶ
923 4087 950 4137 ὁ
972 4085 1161 4158 Πατὴρ
1187 4086 1246 4138 ἓν
1276 4088 1465 4158 ἐσμεν.
1493 4108 1511 4141 ι
1541 4090 1652 4144 Καὶ
1675 4092 1750 4153 ὡς

168 4175 425 4244 ὀΠέτρος
488 4173 680 4244 φησιν,
712 4175 794 4227 ὅτι
848 4177 1011 4240 αὑτός
1064 4179 1214 4230 ἐστιν
1243 4180 1270 4230 ὁ
1304 4181 1428 4243 Υῑδς
1469 4180 1561 4233 τοῦ
1614 4181 1750 4235 Θεοῦ

168 4263 254 4316 τοῦ
289 4252 519 4330 ζῶντος.
552 4267 663 4319 Καὶ
690 4268 772 4319 ὅτι
807 4267 907 4334 τὴν
956 4267 1137 4337 κρίσιν
1177 4271 1360 4323 πᾶσαν
1392 4273 1419 4323 ὁ
1457 4271 1584 4334 Υἱὸς
1614 4272 1747 4342 ἔχει.

169 4358 291 4419 Καὶ,
328 4379 346 4409 ι
383 4357 752 4428 Πορευθέντες
780 4357 1158 4428 μαθητεύσατε
1193 4360 1368 4414 πάντα
1388 4363 1455 4416 τὰ
1474 4362 1622 4434 ἔθνη,
1654 4365 1748 4434 βα-

172 4449 454 4512 πτίζοντες
502 4449 701 4510 αὐτοὺς
737 4452 816 4511 εἰς
845 4450 906 4502 τὸ
935 4450 1105 4520 ὄνομα
1135 4451 1229 4503 τοῦ
1267 4453 1503 4523 Πατρδς,
1539 4459 1631 4508 καὶ
1655 4457 1748 4509 τοῦ

1855 3277 1964 3322 ιεηι
2003 3267 2189 3321 addit:
2227 3284 2247 3316 ι
2292 3266 2396 3320 Ρει·
2440 3265 2625 3321 Jesum
2650 3263 2935 3319 Christum
2981 3281 3026 3327 ι,
3051 3269 3252 3331 potest,
3280 3259 3432 3311 velut

1855 3367 2015 3410 antea
2047 3355 2254 3410 dictum
2307 3364 2412 3412 est.
2451 3353 2708 3424 conjungi
2758 3350 3110 3422 pra-cedenti,
3157 3369 3174 3401 ‹
3219 3348 3283 3403 Ei
3333 3349 3428 3418 qui

1855 3458 2052 3518 potens
2087 3454 2175 3501 est
2205 3459 2304 3499 vos
2328 3443 2658 3498 continuare
2695 3457 2793 3512 per
2826 3442 3014 3495 Jesmn
3049 3438 3354 3494 Christum.
3405 3455 3424 3486 ι

1855 3541 1977 3610 Ipse
2022 3539 2172 3594 enim
2222 3537 2549 3609 mysterium
2596 3535 2857 3606 gentibus
2893 3532 3284 3595 manil‘estavit,
3334 3529 3429 3599 qui

1853 3632 2157 3701 discipulos
2186 3629 2372 3684 emisit
2411 3629 2476 3682 ad
2508 3629 2813 3681 docendum
2865 3641 3057 3679 omnes
3083 3633 3292 3694 gentes.
3328 3624 3426 3675 Ar-

1855 3727 2055 3781 ticulus
2102 3739 2233 3778 vero
2274 3716 2339 3790 ᾧ,
2379 3722 2432 3776 id
2486 3729 2590 3784 est,
2626 3739 2642 3770 ι
2668 3720 2780 3784 eui,
2817 3737 2836 3771 ι
2885 3716 3199 3787 superﬂuus
3228 3725 3330 3770 est.
3360 3744 3427 3755 —

1861 3821 1956 3872 «Et
1989 3819 2272 3887 κήρυγμα,
2307 3815 2360 3869 id
2407 3821 2493 3868 est
2537 3812 2876 3882 praeconium
2934 3824 3031 3863 seu
3073 3805 3436 3888 praedicatio:

1855 3924 2005 3973 nem,
2045 3907 2172 3962 Jesu
2219 3903 2448 3960 Christi.
2484 3922 2502 3956 ι
2544 3902 2684 3968 Quid
2733 3909 2819 3956 est
2859 3909 3042 3954 autem
3092 3894 3428 3966 praeconium

1855 3999 2028 4054 Jesu?
2059 4017 2077 4047 σ
2123 3996 2191 4050 Ut
2220 4000 2574 4065 cognoscant,
2623 3991 2824 4060 inquit,
2876 3999 2928 4042 te
2949 3997 3005 4042 ει
3043 4001 3205 4056 quem
3231 3985 3430 4038 misisti

1852 4091 2036 4147 Iesum
2058 4087 2336 4142 Christum
2357 4087 2426 4140 ".
2461 4104 2479 4136 ι
2508 4113 2578 4124 -
2605 4102 2622 4134 ι
2647 4081 2906 4148 Quividit
2940 4095 3048 4144 me,
3073 4078 3214 4132 vidit
3243 4085 3301 4131 et
3323 4077 3430 4130 Pa-

1856 4192 1994 4237 trem
2030 4182 2098 4235 ³⁸.
2145 4199 2164 4232 ι
2193 4209 2260 4220 --
2297 4198 2314 4229 ι
2368 4179 2482 4248 Ego
2527 4186 2583 4231 et
2630 4177 2793 4230 Pater
2837 4189 3009 4228 unum
3057 4185 3246 4226 sumus
3287 4173 3351 4220 δ’.
3405 4188 3422 4218 ι

1852 4275 1921 4328 Et
1955 4274 2098 4327 sicut
2144 4271 2220 4324 ait
2266 4271 2484 4332 Petrus,
2517 4268 2662 4336 quod
2705 4267 2820 4335 ipse
2873 4265 2944 4318 sit
2986 4262 3156 4316 Filius
3190 4259 3282 4314 ille
3328 4258 3425 4311 Dei

1854 4363 2091 4419 viventis
2113 4364 2179 4415 ⁸ο.
2202 4363 2268 4416 Ει
2291 4359 2436 4430 quod
2460 4359 2734 4428 judicium
2756 4371 2917 4410 omne
2942 4354 3118 4408 Filius
3144 4352 3344 4406 habeat
3360 4351 3424 4404 “.

1853 4459 1940 4520 Et,
1961 4476 1978 4508 ι
2001 4457 2207 4510 Euntes
2225 4454 2416 4508 docete
2431 4459 2848 4520 omnesgentcs,
2885 4447 3232 4516 baptizantes
3251 4458 3349 4498 eos
3371 4442 3426 4495 in

174 4540 318 4605 Υἱοῦ,
375 4541 476 4594 καὶ
533 4541 628 4593 τοῦ
681 4541 835 4610 ἁγίου
871 4544 1207 4613 Πνεύματος,
1243 4564 1262 4596 ι
1309 4547 1401 4600 καὶ
1448 4547 1517 4602 τὰ
1560 4551 1742 4620 ὅμοια.

1852 4549 2072 4604 nomine
2106 4547 2301 4608 Patris,
2333 4554 2389 4599 et
2412 4544 2556 4606 Filii,
2577 4552 2633 4596 et
2661 4541 2900 4611 Spiritus
2931 4538 3104 4593 sancti
3129 4539 3195 4598 ε’,
3225 4556 3244 4587 ι
3281 4544 3330 4588 et
3357 4536 3432 4587 si-

177 4652 192 4680 c
224 4634 328 4685 Καὶ
358 4634 422 4686 τὸ
473 4635 739 4702 κήρυγμα
785 4634 959 4704 Ἰησοῦ
1001 4637 1264 4706 Χριστοῦ,
1298 4658 1316 4690 ι
1357 4639 1452 4703 Τίς
1502 4641 1558 4693 δέ
1603 4646 1751 4696 ἐστιν

173 4719 319 4789 οὗτος
348 4729 375 4778 ὀ
405 4724 622 4794 Ἰησοῦς
650 4727 920 4794 Χριστὸςς
962 4727 1020 4779 Ὀ
1049 4728 1106 4791 ἐξ
1144 4729 1318 4800 ἀρχῆς
1345 4731 1441 4800 μὲν
1474 4733 1646 4786 συνὼν
1674 4735 1752 4805 τῷ

173 4815 355 4882 lla-:91,
381 4814 722 4885 φανερωθεὶς
753 4813 855 4886 [δὲ]
887 4816 998 4868 νῦν.
1023 4817 1146 4880 Πῶς
1171 4819 1229 4870 δὲ
1251 4822 1618 4891 φανερωθεέςς
1643 4824 1748 4878 Τοῦ

174 4907 497 4977 μυστηρίου,
533 4907 718 4976 φησὶν,
746 4906 1247 4976 ἁποκαλυφθέντος.
1280 4911 1369 4964 Ἐν
1401 4917 1612 4985 χρόνοις
1641 4917 1750 4987 γὰρ

170 5001 398 5063 αἰωνίοις
434 4999 602 5051 τοῦτο
634 5001 990 5069 σεσιγημένον
1023 5002 1258 5074 ὑπῆρχε,
1285 5004 1431 5076 μόνῳ
1451 5005 1527 5077 τῷ
1552 5010 1742 5079 ,Πατρὶ

170 5092 255 5142 καὶ
283 5091 361 5159 τῷ
391 5091 511 5159 Υιῴ
543 5091 635 5142 καὶ
665 5090 742 5159 τῷ
762 5091 1042 5160 Πνεύματι
1073 5095 1477 5164 γινωσκόμενον
1497 5115 1512 5131 ⁶
1538 5100 1634 5153 νῦν
1661 5102 1737 5168 δὲ,

168 5182 252 5234 τοῦ
291 5185 603 5251 μυστηρξου
637 5181 1139 5251 ἁποκαλυφθέντος,
1175 5189 1252 5248 είς
1293 5187 1468 5241 πάντα
1497 5191 1565 5244 τὰ
1613 5193 1738 5264 ἔθνη

169 5273 483 5342 ἐφανερώθη
531 5273 560 5324 ὁ
602 5273 854 5341 Χριστὸς,
887 5275 1012 5338 Υἱὸς
1061 5275 1137 5328 ὣν
1182 5277 1274 5330 τοῦ
1307 5279 1440 5332 Θεοῦ
1476 5284 1568 5335 καὶ
1610 5286 1741 5350 Θεὸς

167 5364 466 5433 ἁμοούσιος.
502 5363 665 5416 Ἀλλὰ
714 5365 829 5428 πῶς
865 5367 1226 5438 ἐφανερὼοης
1261 5372 1360 5424 Διὰ
1395 5375 1502 5426 τῶν
1532 5393 1746 5448 προφη-

168 5457 285 5518 τῶν,
316 5458 404 5510 δια
429 5457 546 5510 τῶν
585 5457 820 5526 Γραφῶν
857 5459 1057 5514 αὐτῶν.
1085 5463 1193 5514 Καὶ
1227 5463 1391 5517 πόθεν
1424 5461 1568 5520 οὗτοι
1616 5471 1742 5523 ἐλά-

167 5545 325 5617 λησαν
354 5549 453 5622 καὶ
505 5545 788 5616 ἔγραψανς
840 5549 1254 5614 Ἐπιτάττοντος
1290 5555 1382 5606 καὶ
1415 5557 1740 5624 ἐμπνέοντος

168 5641 335 5716 αὐτοῖς
360 5637 458 5691 τοῦ
505 5640 772 5706 παναγεου
807 5641 1122 5711 Πνεύματος
1143 5659 1155 5669 ·
1191 5644 1346 5697 τοῦτο
1381 5647 1488 5716 γὰρ
1519 5648 1738 5705 αἰώνιον

1853 4643 2023 4696 milia.
2055 4659 2072 4690 ι
2088 4640 2165 4696 Et
2187 4637 2634 4708 praedicationem
2655 4635 2785 4688 Jesu
2810 4630 3036 4687 Christi.
3051 4648 3069 4680 ›
3086 4629 3222 4694 Quis
3243 4636 3425 4681 autem

1849 4743 1935 4790 est
1965 4734 2055 4787 hic
2083 4733 2242 4786 Jesus
2261 4728 2556 4784 Christus?
2581 4727 2628 4780 ls
2654 4726 2750 4795 qui
2783 4725 2851 4778 ab
2875 4721 3034 4776 initio
3052 4730 3172 4776 erat
3202 4719 3424 4786 quidem

1850 4842 1974 4880 cum
1999 4826 2182 4888 Patre,
2213 4838 2362 4876 nunc
2413 4828 2598 4875 autem
2634 4816 3018 4874 manifestatus
3068 4822 3172 4867 est.
3206 4811 3274 4865 Et
3313 4826 3426 4878 quo

1851 4922 2009 4972 modo
2030 4915 2413 4970 manifestatus
2449 4914 2579 4968 est?
2613 4911 2894 4981 Mysterio.
2923 4907 3125 4976 inquit,
3154 4904 3420 4967 revelato;

1852 5029 1978 5068 nam
2005 5010 2228 5066 aeternis
2277 5007 2622 5077 temporibus
2660 5007 2886 5061 tacitum
2913 5008 3067 5056 erat:
3123 4999 3222 5054 soli
3277 4997 3423 5053 Patri

1850 5113 1906 5159 et
1931 5104 2069 5158 Filio
2097 5111 2154 5157 ει
2184 5099 2622 5168 Spirituisancto
2643 5095 2924 5163 cognitum
2952 5101 3072 5146 erat
3099 5109 3110 5142 :
3143 5104 3290 5144 nunc
3322 5104 3424 5142 au-

1853 5206 1962 5249 tem
1993 5195 2233 5250 revelato
2263 5191 2547 5262 mysterio,
2579 5189 2632 5244 in
2666 5201 2860 5242 omnes
2882 5193 3074 5255 gentes
3103 5181 3420 5236 manifesta-

1855 5297 1942 5343 tus
1961 5297 2047 5342 est
2082 5286 2356 5350 Christus,
2385 5284 2529 5354 quod
2563 5282 2734 5336 Filius
2771 5279 2864 5333 Dei
2894 5278 2965 5332 sit
3007 5292 3069 5330 ac
3094 5277 3240 5330 Deus
3269 5276 3422 5345 ejus-

1849 5382 1974 5434 dein
2025 5377 2363 5432 substantiae.
2415 5373 2521 5428 Sed
2557 5371 2833 5442 quomodo
2874 5368 3257 5422 manifestatus
3299 5364 3426 5418 est?

1848 5473 1952 5527 Per
1980 5471 2298 5540 prophetas,
2340 5483 2437 5536 per
2468 5465 2784 5533 Seripturas
2820 5462 3061 5515 illorum.
3093 5459 3160 5513 Et
3188 5455 3331 5510 unde
3364 5455 3420 5509 hi

1853 5565 2022 5619 locuti
2058 5570 2191 5618 sunt
2221 5578 2284 5617 ac
2329 5557 2712 5628 scripserunt?
2743 5555 2980 5609 lubente
3011 5567 3074 5606 ac
3114 5551 3420 5620 inspirante

1848 5656 2200 5711 sanctissimo
2251 5654 2494 5722 Spiritu:
2538 5651 2687 5704 hunc
2727 5648 2876 5702 enim
2921 5656 3192 5700 :eternum
3248 5643 3419 5696 Deum

306 5708 328 5731 κ

229 5756 267 5785 ⁵τ
298 5751 458 5832 Juai‘i‘.
500 5765 630 5832 ξνιι,
670 5751 721 5807 5.
781 5753 824 5784 "
855 5751 1011 5810 Juan.
1047 5770 1156 5820 ιη’,
1196 5756 1248 5811 9.
1337 5757 1381 5790 ⁸³⁸
1412 5757 1570 5816 Joan.
1617 5779 1664 5828 ι,
1695 5765 1748 5820 δι

1884 5772 1927 5802 “⁰
1958 5769 2288 5832 ΜειιιΙι.κιι,
2330 5767 2410 5820 16.
2492 5765 2530 5795 ⁶¹
2574 5761 2732 5818 Jonn.
2799 5779 2851 5826 γ,
2917 5760 3008 5814 ‘29..
3117 5759 3161 5790 "
3225 5756 3414 5811 Matth.

172 5838 344 5887 tum,
381 5822 470 5887 l9,
512 5820 604 5876 20.
