4194 6468
165 418 266 478 613

1203 420 1597 481 (ἸΟΜΜΕΧΤ.
1632 420 1709 478 1N
1753 421 1985 484 RPIST.
2033 426 2130 483 Λῐ)
2167 426 2345 484 πολι.

3315 435 3422 497 614

161 535 350 604 νῆσθαι
409 537 772 605 πρεριτομῆς,
829 536 913 588 ἴνα
952 537 1044 588 καὶ
1081 535 1258 606 ταύτῃ
1315 535 1588 606 βεϐαιώσῃ
1645 537 1719 588 κα

1844 548 2017 592 strum
2053 539 2255 594 factum
2282 542 2448 597 fuisse
2477 543 2948 600 circumcisionis:
2984 548 3166 604 uthac
3201 566 3420 622 quoque

158 627 216 678 π)
230 627 421 701 ηρὼσῃ
450 630 541 681 τὸν
567 629 750 697 νόμον.
789 645 805 678 t
850 628 1008 696 Λέγω
1039 630 1148 697 γὰρ
1180 626 1414 698 Χριστὸν
1435 628 1666 698 Ἰησοῦν,
1711 649 1728 679 ι

156 720 241 770 καὶ.
287 719 436 787 ἐξῆς.
471 749 534 760 ——
559 719 759 792 [ΦΩΤ.]
785 715 910 774 Οἷον
935 737 948 751 ·
984 720 1108 782 Πῶς
1137 719 1506 792 προσελάϐετο
1536 721 1678 790 ὑμᾶς
1705 722 1733 773 ὁ

154 807 414 877 Χριστὸς;
446 810 604 863 Οὕτω
630 811 793 878 λέγω,
844 812 1010 880 φησί’
1051 830 1068 862 t
1096 811 1235 874 Τοὺς
1277 810 1376 879 μὲν
1419 810 1729 873 Ἰουδαίους,

154 904 513 973 περιτμηθεὶς
568 908 663 958 καὶ
694 906 1045 976 χρηματίσας
1099 905 1241 958 κατὰ
1299 906 1477 976 σάρκα
1528 905 1592 958 ἐκ
1638 903 1730 957 τοῦ

155 996 463 1065 σπέρματος
507 999 710 1059 αὐτῶν,
755 999 811 1064 ἐξ
855 991 916 1050 οὗ
969 997 1268 1068 ἀληθεῦσαὶ
1315 1015 1370 1049 τε
1423 997 1730 1065 συνήργησε

145 1089 233 1140 ’τὸν
271 1090 521 1170 Πατέρα,
557 1092 652 1143 καὶ
688 1091 786 1152 τὰς
827 1090 1164 1159 ἐπαγγελίας
1206 1089 1562 1159 ἐκπληρῶσαι

304 1237 390 1276 ..ιε

191 1279 334 1345 ’Ἵνα
347 1293 455 1361 γὰρ
473 1295 642 1363 μήτις
656 1295 804 1364 εἴπῃ,
831 1294 942 1346 Καὶ
956 1295 1036 1354 τίς
1051 1292 1307 1363 χρείατοῦ
1325 1292 1733 1362 προσληφθῆναι

147 1385 262 1446 τοὺς
289 1369 612 1447 Ἰουδαίους,
654 1385 822 1437 πάλαι
867 1385 944 1453 τῷ
991 1386 1165 1455 Πατρὶ
1206 1384 1732 1456 προσῳκειωμένους

145 1471 320 1536 ὄντας,
353 1472 449 1523 καὶ
483 1472 816 1540 ἐπαγγελίας
851 1473 1270 1544 ἐκδεχομένους,
1304 1475 1369 1538 ἃς
1401 1475 1497 1545 οὐχ
1528 1470 1638 1527 οἷόν
1670 1493 1726 1528 τε

145 1559 207 1633 ἦν
260 1565 336 1634 μὴ
387 1564 640 1632 ἐκϐῆναι,
697 1568 818 1618 ἐπεὶ
875 1566 1194 1636 παναληθής
1247 1567 1276 1618 ὁ
1324 1566 1723 1637 ὑποσχόμενος;

146 1653 306 1707 ταῦτα
357 1672 553 1725 φησιν,
591 1658 669 1708 ὅτι
723 1659 842 1709 Κᾶν
882 1657 1303 1728 προελήφθησαν
1369 1660 1416 1710 οἱ
1453 1657 1693 1711 Ἰουδαῖοι

146 1746 241 1797 xiv
268 1747 605 1814 ἐπαγγελίας
635 1747 911 1813 ἐδέξαντο,
942 1751 990 1802 εί
1024 1750 1098 1820 μὴ
1131 1750 1500 1821 προσελάϐετο
1521 1752 1722 1816 αὐτοὺς

143 1838 167 1887 ὸ
197 1837 318 1900 Υἱὸς
358 1841 668 1908 σαρκωθεὶς
702 1843 793 1893 καὶ
831 1843 1216 1912 περιτμηθεὶς,
1252 1841 1375 1896 οὔτε
1409 1843 1516 1895 τῶν
1551 1844 1722 1910 ἐπαγ-

146 1928 330 1994 γελιῶν
368 1931 683 2000 ἠξιώθησαν
721 1934 808 1997 ἂν,
854 1935 1083 1998 ἑαυτοὺς
1124 1935 1234 1988 τῶν
1276 1935 1508 1988 ἐντολῶν
1547 1953 1723 2002 παρα-

147 2017 309 2082 ϐατας
340 2023 826 2094 ἀπεργασάμενοι,
859 2023 970 2077 οὔτ’
995 2026 1059 2079 ἂν
1089 2029 1148 2079 τὸ
1181 2029 1308 2097 περὶ
1335 2027 1434 2098 τὴν
1465 2027 1725 2097 ἀλήθειαν

142 2113 404 2182 ἄτρεπτον
435 2116 531 2167 καὶ
571 2116 986 2186 ἀμεταμέλητον
1020 2118 1113 2170 τοῦ
1157 2119 1367 2190 Πατρὶς
1401 2120 1480 2182 είς
1515 2119 1724 2188 capss-

143 2220 222 2269 ρον
251 2207 440 2269 αὐτοῖς
475 2209 835 2278 ἐχρημάτιζε,
865 2211 952 2264 διὰ
981 2215 1078 2273 τῆς
1110 2212 1477 2281 παραϐάσεως
1508 2229 1725 2282 παρεμ-

141 2293 410 2357 ποδίζουσι
452 2299 656 2367 ταύτην
687 2299 980 2370 ἀποϐῆναι.
1017 2301 1108 2352 Διὸ
1146 2301 1594 2372 προσλαϐόμενος
1628 2303 1724 2355 αὺ-

140 2387 253 2448 τοὺς
293 2388 392 2440 καὶ
440 2390 822 2460 περιτμηθεὶς,
865 2392 961 2445 καὶ
997 2394 1064 2463 τῇ
1110 2391 1204 2444 τοῦ
1241 2394 1454 2464 Πατροῒις
1495 2394 1724 2465 ἀληθείᾳ

142 2481 462 2550 συνέπραξε,
500 2484 594 2535 καὶ
630 2485 728 2546 τὰς
766 2485 1102 2554 ἐπαγγελίας
1142 2487 1463 2558 τελεσθῆναι
1501 2490 1594 2540 καὶ
1630 2487 1722 2558 βε-

139 2570 430 2642 ϐαιωθῆναί
485 2577 849 2644 συνήργησεν.
891 2577 1055 2631 Ἀλλὰ
1099 2580 1224 2642 τοὺς
1277 2581 1374 2648 μὲν
1412 2579 1718 2645 Ἰουδαίους,

138 2664 267 2717 οὕτω
289 2683 346 2717 τε
380 2667 476 2719 καὶ
502 2667 590 2719 διὰ
615 2667 790 2721 ταῦτα
814 2683 828 2696 ·
851 2671 922 2724 τὰ
946 2669 1004 2723 δὲ
1032 2669 1181 2742 ἔθνη,
1209 2672 1367 2741 φησι,
1392 2671 1723 2741 διατίπροσ-

138 2757 380 2821 ελαϐετο;
439 2759 517 2810 Δι’
548 2760 753 2827 ἄφατον
783 2760 952 2823 ἕλεος,
983 2764 1078 2814 καὶ
1105 2762 1199 2814 τοῦ
1230 2762 1555 2833 δοξασθῆναι
1588 2765 1724 2833 μᾶλ-

137 2846 216 2896 λον
255 2849 346 2898 τὸν
390 2849 632 2917 Πατέρα.
677 2851 737 2900 Ei
775 2851 881 2920 γὰρ
915 2852 975 2903 τὸ
1011 2852 1108 2915 τὰς
1147 2855 1481 2921 ἐπαγγελίας
1516 2856 1721 2924 ἐκπλη-

142 2938 325 3004 ρῶσαι,
361 2940 459 2992 καὶ
489 2940 564 3010 μὴ
587 2941 736 3006 δόξαι
760 2943 872 2994 τισὶ
903 2942 1211 3010 ψεύσασθαι
1241 2944 1334 2997 τὸν
1366 2947 1606 3016 Πατέρα,
1640 2949 1720 3010 είς

1709 1700 1723 1725 ’
1761 1707 1798 1760 Β

1843 629 2218 712 conﬁrmaret,
2245 647 2304 683 ac
2325 632 2496 703 legem
2524 632 2690 686 etiam
2711 635 3029 702 compleret.
3070 655 3086 688 ι
3115 635 3247 690 Dico
3268 639 3416 692 enim

1822 720 2123 776 'Christum
2154 722 2396 778 Iesum.»
2435 756 2499 764 --
2528 724 2814 794 Tanquam
2839 725 3052 781 diceret
3084 745 3096 782 :
3132 728 3422 796 Quomodo

1844 828 1940 866 vos
1972 812 2271 884 assumpsit
2302 813 2592 869 Christus?
2631 816 2711 870 lta
2737 814 2884 879 dico,
2931 816 3145 885 inquit:
3200 817 3423 874 Judzeos

1843 907 2090 975 quidem,
2122 907 2505 970 circumcisus,
2544 919 2600 962 et
2643 911 2795 979 juxta
2827 909 3050 963 oracula
3075 911 3421 966 descendens

1841 999 2146 1052 secundum
2209 1015 2431 1053 carnem
2488 1017 2552 1054 ex
2598 1001 2809 1055 semine
2869 1003 3141 1070 ipsorum,
3189 1018 3258 1057 ex
3308 1020 3420 1074 quo

1839 1089 2005 1142 etiam
2043 1091 2193 1145 Patri
2225 1101 2555 1160 cooperatus
2594 1103 2680 1146 est
2718 1104 2776 1146 ut
2825 1109 2982 1148 veras
3009 1094 3333 1150 ostenderet
3364 1107 3422 1151 et

1843 1179 2147 1248 compleret
2189 1181 2608 1249 promissiones.

1915 1293 2198 1363 Siquidem
2224 1313 2291 1350 ne
2313 1299 2438 1366 quis
2460 1296 2701 1361 diceret:
2735 1297 2800 1351 Et
2821 1312 2943 1368 qua:
2967 1308 3086 1354 erat
3122 1302 3422 1358 necessitas

1840 1395 1900 1439 ut
1931 1397 2349 1442 assumerentur
2387 1389 2579 1451 Juda‘i,
2613 1391 2704 1458 qui
2743 1391 2855 1460 jam
2881 1391 3010 1444 olim
3034 1393 3100 1446 ad
3125 1392 3301 1449 Patris
3335 1396 3416 1449 fa-

1837 1476 2210 1532 miliaritatem
2279 1481 2546 1549 assumpti
2614 1490 2812 1545 erant,
2884 1499 2949 1538 ac
3024 1487 3419 1553 promissiones

1835 1577 2216 1639 susceperant,
2267 1587 2404 1640 quas
2461 1572 2800 1641 impossibile
2849 1583 2965 1629 erat
3007 1591 3116 1628 non
3171 1578 3418 1643 evenire,

1834 1675 1958 1712 cum
2014 1660 2202 1715 fallere
2247 1679 2352 1715 non
2412 1671 2597 1732 posset
2653 1664 2699 1718 is
2731 1664 2823 1734 qui
2857 1667 3231 1734 promiserat?
3284 1667 3416 1734 Hoc,

1831 1750 2028 1820 inquit,
2082 1751 2205 1805 ideo
2244 1751 2349 1806 fuit
2378 1769 2624 1817 necesse,
2673 1757 2823 1823 quia,
2859 1757 2964 1830 etsi
3009 1758 3164 1826 prius
3201 1775 3416 1814 assum-

1828 1843 1906 1910 pti
1950 1854 2107 1898 erant
2157 1844 2372 1908 Judwi,
2423 1860 2738 1914 quanquam
2786 1849 3179 1916 promissiones
3229 1867 3417 1906 susce-

1828 1943 2042 2004 perant,
2091 1936 2196 1991 nisi
2239 1937 2628 2006 assumpsisset
2695 1953 2790 1992 eos
2844 1939 3045 2005 Filius,
3100 1941 3417 1997 incarnatus

1827 2041 1891 2079 ac
1935 2027 2316 2092 circumcisus,
2353 2045 2700 2098 nequaquam
2751 2032 3214 2099 promissionibus
3262 2035 3412 2105 digni

1829 2117 2002 2173 habiti
2059 2119 2315 2182 fuissent,
2366 2136 2492 2174 cum
2541 2123 2756 2191 seipsos
2790 2132 3194 2194 przeceptorum
3233 2136 3414 2182 trans-

1826 2227 2108 2281 gressores
2164 2212 2447 2276 fecissent,
2495 2229 2674 2284 neque
2703 2217 2883 2271 Patris
2921 2219 3209 2272 oraculum
3263 2219 3409 2272 circa

1825 2305 2140 2367 veritatem,
2175 2305 2518 2360 immutabile
2553 2323 2616 2361 ac
2647 2309 2912 2377 paenitere
2954 2311 3224 2374 nescium,
3256 2311 3408 2364 utili-

1827 2396 1925 2450 tati
1958 2395 2039 2449 eis
2071 2395 2286 2460 fuisset,
2323 2397 2527 2466 quippe
2558 2398 2653 2467 qui
2697 2414 2797 2453 sua
2837 2400 3273 2470 transgressione
3308 2401 3409 2454 im-

1825 2484 2203 2553 pedimentum
2233 2485 2642 2553 praestitissent,
2678 2502 2747 2540 ne
2781 2499 2846 2541 e'a
2871 2488 3076 2542 veritas
3123 2490 3410 2558 continge-

1825 2585 1929 2630 ret.
1961 2576 2260 2646 Propterea
2297 2591 2423 2630 cum
2457 2577 2606 2645 ipsos
2645 2579 3034 2646 assumpsisset
3072 2593 3135 2632 ac
3166 2579 3407 2633 circum-

1825 2665 1980 2716 cisus
2009 2673 2188 2718 esset:
2243 2672 2300 2719 et
2353 2664 2532 2718 Patris
2566 2665 2785 2719 veritati
2843 2673 3172 2734 cooperatus
3215 2676 3319 2730 est,
3351 2676 3408 2720 et

1825 2761 1887 2809 ut
1935 2755 2338 2824 promissioncs
2382 2755 2787 2825 perﬁcerentur
2828 2772 2893 2811 ac
2943 2757 3407 2812 conﬁrmarentur

1821 2844 1985 2899 simul
2006 2845 2210 2900 eﬁ‘ccit.
2249 2846 2354 2900 Sed
2389 2847 2537 2916 ipsos
2570 2848 2792 2917 quidem
2829 2849 3051 2903 Iudaeos
3085 2849 3190 2905 hoc
3242 2849 3405 2904 modo

1822 2947 1877 2993 et
1899 2950 2128 3008 propter
2161 2942 2263 2992 ista
2292 2940 2624 3008 assumpsit:
2660 2957 2849 2994 verum
2891 2957 3063 3011 quare
3099 2952 3290 3012 gentes
3313 2958 3402 2997 as-

140 3027 282 3092 δόξαν
306 3028 479 3080 αὑτοῦ
507 3029 770 3081 συντελεῖο
796 3029 856 3082 τὸ
883 3031 1006 3100 μηδ’
1027 3032 1381 3103 ὑποσχέσθαι,
1409 3035 1531 3104 μηδ’
1550 3036 1719 3104 ἐπαγ-

1823 3032 2091 3100 sumpsit?
2116 3031 2348 3101 Pmpter
2373 3031 2708 3086 ineffabilem
2734 3033 3202 3096 misericordiam,
3229 3044 3401 3104 utque

138 3120 439 3186 τείλασθαι,
466 3121 580 3175 ἀλλ’
609 3122 784 3187 οὕτως
805 3124 1000 3196 ἁθρόον
1021 3126 1350 3195 χαρίσασθαι
1373 3127 1438 3180 τὰ
1462 3129 1717 3200 ὑπερφυῆ

138 3213 216 3264 καὶ
236 3213 561 3276 ἀνέλπιστα,
590 3214 706 3276 πῶς
738 3215 858 3284 οὐχὶ
879 3217 958 3278 είς
984 3215 1188 3283 ἄφατον
1208 3217 1366 3280 δόξαν
1389 3217 1483 3270 τοῦ
1509 3221 1719 3289 Πατρὸς

138 3306 468 3371 σαντελέσεις
495 3335 564 3345 -
593 3307 823 3372 Ἄλλως
856 3307 1018 3379 [ΤΟΥ
1056 3309 1338 3382 ΑΥΤΟΥ.]
1380 3310 1436 3362 '0
1483 3313 1717 3383 Χριστὸς

136 3399 282 3465 trino;
306 3400 600 3468 ἐπλήρωσε
632 3399 724 3451 τὸν
757 3400 943 3469 νόμον,
980 3401 1162 3464 πάσας
1198 3401 1295 3462 τὰς
1331 3402 1549 3466 ἐντολὰς
1582 3421 1714 3458 κατ-

134 3489 386 3559 ορθώσας.
439 3491 602 3542 Ἀλλὰ
632 3493 726 3544 καὶ
767 3490 1021 3555 Ἰουδαῖος
1048 3487 1116 3562 ἦν
1144 3493 1283 3545 κατά
1318 3494 1518 3564 σάρκα.
1545 3495 1715 3550 Τοῦτο

135 3582 228 3652 γὰρ
268 3584 362 3635 καὶ
407 3583 498 3634 δια
539 3583 638 3650 τῆς
684 3587 984 3654 περιτομῆς
1023 3583 1300 3654 δηλοῦται.
1330 3585 1489 3640 Ἀλλὰ
1533 3590 1624 3641 καὶ
1667 3592 1711 3641 οἱ

135 3676 267 3745 αὐτῷ
297 3675 727 3744 υἱοθετηθέντες,
759 3677 833 3738 ὡς
859 3677 924 3729 τὰ
953 3677 1130 3748 ἄστρα
1154 3676 1250 3728 τοῦ
1278 3678 1510 3748 οὐρανοῦ
1542 3682 1710 3751 ἐπλη-

136 3767 415 3837 θὲνὸησαν,
450 3770 543 3820 καὶ
577 3768 652 3830 ὡς
680 3769 712 3837 ἡ
741 3769 922 3837 ἄμμος
955 3769 987 3838 ἡ
1018 3769 1168 3838 παρὰ
1193 3771 1254 3821 τὸ
1281 3772 1460 3842 χεῖλος
1488 3773 1587 3842 τῆς
1618 3774 1710 3828 θα-

134 3859 346 3929 )άσσης.
369 3862 538 3912 "(Is-ta
567 3860 728 3922 αὐτὸς
758 3863 848 3913 καὶ
877 3859 954 3930 τῷ
984 3861 1156 3932 Πατρὶ
1184 3863 1526 3933 συνήργησεν
1550 3869 1628 3929 εἰς
1653 3868 1712 3921 τὸ

135 3953 420 4020 ἀληθεῦσαι
444 3995 459 4019 ,
493 3956 589 4005 καὶ
624 3955 702 4016 εἰς
738 3955 794 4005 τὸ
827 3953 926 4015 τὰς
964 3957 1099 4024 πρὸς
1131 3955 1220 4008 τὸν
1244 3955 1501 4028 Ἀϐραὰμ
1536 3961 1710 4029 ἐπαγ-

136 4046 301 4108 γελίας
336 4047 810 4115 ἀποπληρωεῆναι
836 4087 850 4111 ,
889 4047 1241 4115 κατορθώσας
1278 4049 1378 4116 μὲν
1410 4051 1590 4102 πᾶσαν
1622 4053 1710 4104 ἐν-

135 4138 305 4206 τολὴν,
341 4141 420 4202 εἰς
450 4137 702 4207 Ἀϐρααμ
737 4139 791 4190 δὲ
832 4140 1054 4209 σπέρμα
1090 4138 1364 4206 λογισθεὶς
1386 4183 1400 4205 ,
1438 4144 1619 4197 πᾶσαν
1648 4143 1707 4199 δὲ

133 4231 216 4299 τὴν
245 4233 575 4301 οἰκουμένην
610 4231 902 4300 πληρώσας
935 4231 1022 4283 διὰ
1052 4231 1159 4283 τῶν
1192 4232 1421 4286 πιστῶν.
1464 4253 1482 4285 ο
1517 4233 1707 4289 Animo

135 4340 209 4372 νον
235 4323 566 4392 γεγενῆσθαι
599 4322 924 4392 περιτομῆς.
966 4340 982 4372 ι
1017 4323 1137 4373 Ἕνι
1169 4323 1262 4375 καὶ
1288 4322 1462 4387 οὕτως
1492 4325 1700 4395 νοῆσαι·

1825 3123 1998 3192 magis
2043 3122 2448 3192 gloriﬁcaretur
2502 3123 2685 3177 Pater.
2740 3123 2873 3176 Nam
2912 3124 2958 3177 si
3009 3123 3403 3193 promissiones

1823 3211 2111 3280 compleri,
2149 3220 2205 3267 et
2235 3228 2344 3266 non
2374 3213 2545 3265 rideri
2595 3213 2926 3282 quibusdam
2964 3213 3183 3268 Patrem
3228 3214 3399 3268 fuisse

1820 3303 2166 3369 mendacem,
2216 3305 2432 3360 confert
2482 3307 2549 3360 ad
2593 3305 2767 3371 ipsius
2806 3307 3076 3375 gloriam;
3121 3307 3399 3376 quomodo

1818 3395 1884 3450 ad
1920 3395 2243 3449 immensam
2310 3398 2486 3452 Patris
2522 3399 2752 3468 gloriam
2810 3414 2919 3452 non
2953 3398 3187 3463 confert,
3243 3398 3398 3468 prius

1819 3505 1928 3542 non
1979 3489 2343 3558 spopondisse
2381 3506 2481 3544 nec
2511 3491 2852 3557 promisisse,
2895 3499 2948 3545 et
2975 3502 3154 3546 tamen
3192 3492 3262 3544 ita
3306 3506 3394 3544 re-

1816 3592 1980 3652 pente
2029 3582 2264 3637 donatos
2322 3583 2492 3638 fuisse
2539 3584 2965 3638 incredibilibus
3006 3601 3068 3638 ac
3103 3585 3396 3654 insperatis

1815 3675 2006 3729 bonis?
2035 3706 2104 3715 —
2155 3675 2276 3729 Alio
2304 3677 2476 3728 modo.
2507 3677 2762 3730 Christus
2815 3677 2966 3730 solus
3015 3677 3190 3746 legem
3237 3691 3394 3729 com-

1812 3770 2004 3838 plevit,
2051 3770 2235 3821 omnia
2265 3785 2573 3838 exsequens
2618 3778 2912 3838 praecepta.
2951 3769 3058 3823 Sed
3087 3781 3141 3823 et
3169 3769 3396 3823 Judceus

1809 3859 2116 3914 secundum
2149 3875 2371 3915 carnem
2411 3870 2560 3926 erat;
2599 3878 2724 3916 nam
2759 3872 2816 3915 et
2850 3861 2955 3915 hoc
2981 3876 3078 3930 per
3101 3861 3394 3914 circumci-

1809 3949 2026 4006 sionem
2077 3951 2451 4022 signiﬁcatur:
2511 3962 2568 4007 et
2618 3954 2711 4022 qui
2741 3953 2810 4007 ab
2839 3968 2905 4007 eo
2951 3952 3192 4021 adoptati
3239 3958 3388 4016 sunt,

1809 4042 1958 4100 sicut
1996 4053 2141 4098 astra
2185 4044 2309 4098 coeli
2362 4045 2712 4115 multiplicati
2756 4053 2906 4106 sunt,
2947 4053 3002 4098 et
3052 4046 3196 4098 sicut
3223 4060 3391 4098 arena

1809 4152 1935 4206 qum
1985 4144 2071 4189 est
2101 4131 2168 4189 ad
2206 4137 2361 4190 littus
2397 4138 2584 4193 maris.
2632 4137 2751 4206 Ipse
2797 4139 2982 4206 itaque
3009 4145 3064 4190 et
3111 4136 3257 4190 Patri
3291 4151 3389 4188 co-

1807 4235 2071 4296 operatus
2099 4237 2183 4280 est
2211 4239 2270 4279 ut
2307 4244 2470 4280 verax
2508 4237 2838 4296 appareret:
2887 4237 2944 4282 et
2975 4238 3036 4282 ut
3068 4228 3386 4297 promissio-

1808 4334 1906 4373 nes
1929 4318 1996 4371 ad
2041 4317 2319 4371 Abraham
2349 4318 2500 4371 faeta-
2523 4319 2951 4387 complerentur,
2982 4335 3144 4373 omne
3166 4320 3386 4389 quidem

133 4415 368 4476 Διάκονος
399 4415 630 4480 γέγονεν
655 4416 680 4464 ὁ
706 4414 939 4482 Χριστὸς
963 4411 1378 4478 τῶνἸουδαίων,
1403 4417 1699 4482 τουτέστιν,

1823 4426 2114 4480 :xsequens
2142 4421 2497 4480 praeceptum,
2528 4411 2623 4464 sed
2673 4413 2728 4464 in
2758 4427 2947 4465 semen
2979 4412 3255 4465 Abraham
3297 4428 3388 4467 rc—

135 4505 257 4575 ὑπέρ
292 4506 386 4558 τοῦ
422 4507 556 4567 τοὺς
592 4505 875 4566 Ἰουδαίους
911 4505 1061 4566 ἐντὸς
1096 4505 1353 4572 γενέσθαι
1387 4507 1495 4558 τῶν
1532 4510 1702 4576 ἐπαγ-

132 4597 339 4665 γελιῶν,
387 4599 479 4652 ἵνα
529 4599 624 4651 καὶ
669 4600 698 4651 ὁ
745 4596 950 4660 ταύτας
998 4597 1466 4668 ἐπαγγειλάμενος
1510 4601 1700 4672 Πατὴρ

132 4691 409 4765 ἀληθεύσῃ,
449 4711 469 4743 ‹
510 4692 605 4754 Εἰς
667 4692 727 4744 τὸ
771 4689 1071 4760 βεϐαιῶσαι
1101 4691 1198 4753 τὰς
1229 4691 1565 4758 ἐπαγγελίας
1593 4693 1700 4746 τῶν

133 4782 390 4852 Πατέρων.
432 4804 452 4836 ι
497 4782 671 4854 ’Υπὲρ
702 4781 796 4836 τοῦ
833 4782 1165 4854 ἀληθεῦσαι,
1203 4783 1368 4851 φησὶ,
1406 4783 1496 4834 τὸν
1533 4785 1700 4853 ἐπαγ.

133 4875 430 4945 γειλάμενον
464 4874 707 4945 Πατέρα.
747 4873 805 4927 Ὁ
835 4874 890 4928 δέ
923 4890 988 4943 γε
1023 4875 1183 4943 νόμος
1219 4874 1316 4926 οὐκ
1357 4874 1575 4944 ἴσχυσεν
1603 4877 1706 4930 αὐ-

131 4969 213 5031 τας
258 4970 575 5039 βεϐαιῶσαι.
628 4970 750 5033 Πῶς
799 4969 913 5034 οὖν,
963 4970 1150 5038 φησὶν,
1198 4970 1298 5022 οὐκ
1346 4969 1568 5032 ἄτοπον,
1613 4971 1704 5023 τὸν

132 5057 490 5124 βεϐαιώσαντα
548 5059 708 5130 ἡμῶν
759 5059 858 5122 τὰς
913 5058 1247 5126 ἐπαγγελίας
1296 5057 1362 5120 ἃς
1419 5055 1612 5110 ἔλαϐον
1655 5060 1703 5110 oi

134 5153 363 5220 πατέρες,
411 5153 654 5221 Χριστὸν
697 5153 966 5220 παρορᾷν,
1009 5152 1102 5202 καὶ
1136 5149 1232 5202 τοῦ
1275 5149 1440 5217 νόμου
1483 5147 1701 5218 ἔχεσθαι

131 5242 206 5294 τοῦ
237 5246 307 5314 μὴ
337 5245 664 5315 ἰσχύσαντος
697 5243 792 5306 τὰς
822 5242 1155 5311 ἐπαγγελίας
1185 5244 1318 5311 ἡμῖν
1359 5241 1630 5310 φυλάξαις

1811 4514 2055 4575 putatus,
2085 4506 2402 4559 universum
2433 4506 2622 4560 orbem
2646 4506 2900 4560 ﬁdelibus
2939 4505 3203 4576 implerit.
3223 4507 3390 4578 399

1816 4617 1832 4647 ι
1875 4598 2184 4651 Ministrum
2211 4597 2417 4651 factum
2453 4599 2623 4652 fuisse
2662 4598 3122 4654 circumcisionis.
3165 4619 3182 4650 ›
3226 4601 3386 4654 Potes

1811 4689 1916 4742 hoc
1957 4689 2122 4743 etiam
2175 4689 2339 4742 modo
2392 4690 2716 4760 intelligere.
2772 4690 3021 4744 Minister
3066 4690 3242 4744 factus
3299 4700 3386 4742 est

1808 4780 2057 4834 Christus
2089 4778 2443 4832 Judmorum:
2489 4781 2540 4832 in
2572 4780 2676 4833 hoc
2711 4780 2970 4833 videlicet
3010 4790 3071 4833 ut
3094 4779 3266 4834 Judaei
3302 4780 3385 4833 in-

1811 4879 1890 4924 tra
1924 4869 2316 4940 promissiones
2349 4873 2790 4934 continerentur,
2831 4877 2890 4923 ut
2941 4871 3056 4940 ipse
3090 4873 3256 4924 etiam
3287 4871 3381 4939 qui

1808 4981 1901 5018 eas
1932 4964 2262 5033 promiserat
2299 4964 2478 5023 Pater,
2512 4981 2677 5018 verax
2718 4971 3028 5033 appareret.
3066 4981 3082 5013 ι
3131 4963 3211 5015 Ad
3245 4978 3380 5016 con-

1807 5057 2104 5110 ﬁrmandos
2149 5057 2546 5126 promissiones
2585 5057 2836 5125 patribus
2882 5054 3074 5108 factas.
3114 5073 3131 5103 ι
3181 5054 3250 5108 Ut
3289 5070 3380 5105 ve-

1807 5164 2010 5207 raccm,
2037 5147 2237 5216 inquit,
2271 5147 2590 5201 ostenderet
2623 5147 2859 5208 Patrem,
2901 5144 2995 5214 qui
3031 5159 3125 5198 eas
3167 5144 3375 5211 promi-

1814 5250 2000 5294 serat:
2051 5240 2138 5292 lex
2183 5251 2368 5293 autem
2432 5255 2541 5292 non
2597 5240 2776 5307 potuit
2827 5239 2970 5306 ipsas
3026 5235 3372 5289 conﬁrmare.

130 5333 278 5396 Quam
331 5339 506 5408 igitur
550 5337 851 5391 absurdum
895 5344 1062 5397 esset,
1098 5351 1199 5389 nos
1248 5335 1426 5403 ipsum
1477 5335 1570 5402 qui
1616 5344 1830 5388 nostras
1902 5333 2248 5387 conﬁrmavit
2306 5333 2701 5402 promissiones
2731 5347 2867 5400 quas
2918 5340 3102 5400 patres
3149 5346 3374 5399 accepe-

132 5429 582 5490 rant,Christum
624 5438 1000 5490 contemnere,
1051 5427 1265 5496 legique
1288 5425 1495 5479 haerere
1539 5442 1658 5494 qua:
1700 5425 2096 5494 promissiones
2121 5424 2280 5477 nobis
2311 5438 2530 5477 servare
2556 5422 2835 5490 nequivit!

193 5572 257 5623 Τὰ
303 5573 368 5624 δὲ
416 5573 569 5638 ἔθνη
616 5571 769 5638 ὑπὲρ
813 5568 1026 5634 ἐλέους
1072 5567 1328 5632 δοξάσαι
1359 5568 1465 5620 τὸν
1509 5568 1682 5634 Θεὸν,

133 5665 296 5728 καθὼς
319 5665 667 5733 γέγραπται·
689 5681 706 5714 t
729 5665 829 5715 Διά
850 5662 1023 5716 τοῦτο
1044 5661 1568 5730 ἐξομολογήσομαί
1585 5676 1687 5714 σοι

134 5756 184 5801 ίι·
211 5757 423 5818 ἔθνεσι,
448 5757 548 5809 καὶ
576 5753 655 5819 τῷ
676 5755 920 5823 ὀνόματί
943 5771 1057 5807 σου
1091 5751 1285 5820 ψαλῶ.
1321 5772 1338 5804 ι
1376 5753 1480 5805 Καὶ
1502 5753 1690 5806 πάλιν

145 5851 282 5909 κίνει,
316 5869 331 5900 t
366 5847 883 5916 Εὑρριινθήσεσθε
913 5847 1056 5909 ἔθνη
1086 5845 1233 5910 μετὰ
1262 5845 1366 5897 τοῦ
1397 5844 1546 5896 .ΐ‹(()ἴ·
1578 5846 1653 5894 αἱ·

1865 5569 1982 5630 Χν.
2020 5569 2170 5623 9-12.
2210 5568 2491 5628 Caeterum,
2536 5575 2594 5619 ut
2633 5573 2808 5636 gentes
2861 5581 2954 5634 pro
3008 5543 3368 5649 misericordia

1794 5659 2089 5731 gloriﬁcent
2113 5660 2294 5719 Deum,
2313 5657 2755 5727 quemadmodum
2771 5656 3029 5723 scriptum
3041 5662 3115 5706 est
3139 5671 3154 5706 :
3191 5673 3208 5702 ‹
3229 5652 3365 5705 Pro-

1797 5760 1910 5819 pter
1941 5752 2034 5801 hor
2083 5749 2370 5812 conﬁtebor
2415 5748 2506 5800 tibi
2554 5747 2607 5798 in
2637 5744 2892 5806 gentibus,
2933 5752 2979 5794 et
3028 5743 3225 5794 nomini
3276 5751 3368 5795 tuo

1800 5841 2044 5905 pse/lum.
2075 5859 2092 5891 ι
2122 5839 2184 5891 ΕΙ
2203 5839 2553 5891 rurstmtdirit
2575 5854 2592 5891 .'
2620 5834 2872 5898 (.‘audete,
2898 5841 3227 5901 gentes,cum
3261 5848 3354 5900 po-
