4194 6468
106 410 202 470 ('33

1114 402 1509 466 (IOMMENT.
1546 403 1626 464 IN
1660 402 1898 465 EPIST.
1931 407 2029 466 AD
2067 407 2250 467 ROM.

3263 413 3369 477 634

105 522 161 569 οὐ
190 516 497 571 δουλεύουσι
529 515 606 586 τῷ
631 513 875 585 Χριστῷ,
910 512 1048 566 ἀλλὰ
1085 515 1149 582 τῇ
1197 513 1396 584 κοιλία.
1433 514 1590 566 Δοκεῖ
1620 511 1675 565 δὲ

1811 512 1910 567 deo
1944 513 2081 568 dicit
2111 518 2257 585 quod
2285 518 2419 573 tales
2442 517 2662 574 Christo
2694 535 2801 574 non
2843 523 3115 587 serviunt,
3142 525 3235 579 sed
3271 544 3370 582 suo

106 614 221 670 τοὺς
272 610 331 674 ἐξ
364 609 637 661 Ἰουδαίων
690 607 1044 662 αἰνίττεσθαι.
1106 607 1216 660 Kal.
1244 606 1354 678 γὰρ
1408 605 1679 660 Ἰουδαίων

108 707 298 762 tiu-.3;
352 701 426 763 ὡς
481 701 916 770 γαστριμάργων
976 697 1365 769 κατηγοροῦσι.
1397 696 1538 749 (Διὰ
1582 698 1681 767 τῆς

107 789 512 861 χρηστολογίας.
536 809 554 841 ι
576 791 737 859 Ἀχρι
768 789 1032 859 ῥημάτων
1056 790 1089 859 η
1120 788 1406 858 θεραπεία,
1436 787 1623 857 φησιν,
1644 789 1679 857 ή

110 882 161 931 (ὲ
186 882 412 941 διάνοια,
442 878 635 950 δολερὰ
665 878 798 949 πρὸς
826 879 990 946 ὑμᾶς.
1020 876 1215 930 Κοινὸν
1243 878 1300 931 δὲ
1324 875 1514 931 τοῦτον
1536 876 1685 944 λέγει

110 975 299 1041 τρόπον
351 974 602 1039 ἀπάτης,
677 972 739 1025 τὸ
800 972 1019 1043 πρῶτον
1073 970 1275 1033 αὐτοὺς
1344 969 1687 1026 κολακεύειν.

119 1085 134 1114 ι
172 1065 279 1126 Τὰς
329 1064 558 1134 καρδίας
608 1063 717 1117 τῶν
751 1064 999 1117 ἀκάκων.
1032 1080 1050 1113 ι
1100 1063 1214 1115 Οὐκ
1263 1056 1438 1130 εἶπεν,
1477 1060 1687 1134 ’Υμῶν,

114 1156 259 1217 ἀλλὰ,
303 1174 321 1204 ι
353 1155 474 1207 Τῶν
501 1154 909 1227 ἁπλουστέρων.
937 1171 955 1205 ι
989 1154 1099 1207 Καὶ
1125 1153 1206 1207 ὅτι
1236 1153 1335 1223 οὐχ
1366 1154 1531 1223 ὑμᾶς,
1555 1152 1691 1206 ἀλλὰ

118 1248 235 1298 τοὺς
266 1245 509 1308 ἀκάκους
559 1244 897 1311 ἐξαπατῶσι,
926 1244 1083 1314 δῆλον
1130 1241 1302 1307 ἔνθεν,
1334 1242 1415 1296 ὅτι
1449 1242 1482 1312 ἡ
1536 1240 1691 1311 ὑμῶν

119 1336 327 1401 ὑπακοὴ
352 1336 448 1388 καὶ
487 1334 682 1400 πειθὼ,
715 1335 796 1398 είς
839 1334 1051 1396 πάντας
1074 1328 1230 1403 ἦλθε.
1258 1331 1492 1395 Πολλοὺς
1516 1331 1573 1385 δὲ
1598 1332 1694 1385 αὺ-

119 1431 221 1489 τοῖς
244 1428 476 1497 ἐφίστησ
525 1427 830 1498 μάρτυρας,
858 1428 943 1479 ἵνα
968 1425 1044 1495 μὴ
1064 1425 1535 1493 ἁναισχυντήσωσι
1557 1424 1692 1495 πρὸς

117 1521 209 1587 τὴν
251 1522 428 1591 κακὴν
466 1521 707 1590 διδαχὴν.
743 1538 759 1571 ι
786 1519 975 1589 Χαίρω
1022 1512 1117 1571 οῦν
1147 1516 1207 1570 τὸ
1232 1518 1317 1587 ἐφ’
1350 1518 1498 1587 ὑμῖν.
1530 1534 1549 1568 ι
1569 1515 1695 1578 Τοῖς

124 1614 190 1681 μὴ
221 1614 666 1681 ἐξαπατωμένοις
695 1612 881 1681 φησίν.
911 1628 929 1661 ι
962 1609 1165 1678 Σοφοὺς
1200 1610 1297 1679 μὲν
1347 1604 1487 1661 εἶναι
1516 1609 1595 1670 εἰς
1634 1606 1697 1659 τὸ

123 1707 340 1772 ἀγαθόν.
372 1724 390 1756 ι
411 1704 817 1757 ’Υπαινίττεται
850 1703 934 1755 ὅτι
966 1692 1058 1755 καὶ
1084 1700 1143 1764 ἐξ
1173 1700 1351 1753 αὐτῶν
1384 1695 1524 1769 ἦσαν
1544 1694 1689 1761 τινες

123 1797 488 1863 ἀπατώμενοι.
542 1792 693 1846 Θέλω
720 1792 850 1862 γὰρ,
911 1791 1099 1861 φησιν,
1137 1791 1216 1853 εἰς
1260 1790 1358 1859 μὲν
1396 1789 1457 1842 τὸ
1491 1788 1695 1856 ἀγαθὸν

124 1884 252 1940 εἶναι
289 1889 437 1957 ὑμᾶς
474 1885 807 1954 φρονίμους,
843 1884 921 1946 εἰς
976 1884 1033 1935 δὲ
1079 1883 1147 1935 τὰ
1192 1882 1393 1951 φαῦλα,
1437 1882 1695 1945 ἀπείρους

126 1979 287 2032 κακοῦ
314 1977 697 2051 -[ΣΕΥ11Ρ.]
716 1974 1255 2045 Τουτὲστιφρονήσει
1272 1974 1370 2043 μὲν
1396 1972 1699 2043 κεχρῆσθαι

126 2073 195 2134 εἰς
218 2072 277 2124 τὸ
310 2073 387 2141 μὴ
420 2072 509 2140 ὑφ’
538 2072 741 2141 ἑτέρων
776 2067 1101 2131 ἀδικεῖσθαι,
1136 2065 1491 2136 ἀκεραιότητι
1530 2065 1585 2118 δὲ
1622 2066 1703 2128 εἰς

128 2165 179 2213 τ),
196 2165 267 2232 μὴ
287 2164 496 2232 ἑτέροις
523 2160 914 2215 ἐπιϐουλεύειν.
952 2177 970 2209 ι
990 2158 1049 2210 Ὀ
1068 2159 1124 2211 δὲ
1139 2158 1268 2220 Θεὸς
1289 2158 1386 2225 τῆς
1403 2157 1649 2227 εἰρήνης.
1678 2176 1696 2209 ι

140 2254 350 2323 Ἐπειδὴ
397 2249 541 2322 ἦσαν
582 2251 943 2321 διχοστασίαι,
976 2249 1067 2302 τὸν
1099 2249 1198 2318 τῆς
1244 2249 1469 2318 εἰρήνης
1503 2247 1704 2317 δοτῆρα

134 2346 491 2407 ἐπικαλεῖται,
514 2346 597 2395 ἵνα
620 2344 803 2415 παύσῃ
823 2344 888 2396 τὰ
905 2341 1197 2395 σκάνδαλα.
1220 2358 1237 2389 ι
1260 2339 1569 2410 Συντρίσζνει.
1595 2356 1612 2389 ι
1639 2340 1704 2391 Ὃ

133 2437 299 2507 τολλῷ
330 2439 517 2507 μεῖζον
548 2432 615 2507 ἦν
648 2436 740 2489 τοῦ
774 2435 1063 2500 ὑποτάξαι.
1098 2454 1114 2484 ι
1141 2434 1246 2485 Τὸν
1273 2433 1535 2485 Σατανᾶν.
1584 2452 1602 2484 ι
1629 2432 1702 2484 Οὐ

136 2531 303 2594 μόνον,
340 2532 494 2598 φησὶ,
542 2530 608 2582 τὰ
662 2529 932 2581 σκάνδαλα
965 2526 1451 2595 παρεμϐάλλοντας
1488 2526 1706 2595 συντρί-

134 2621 237 2684 ψει,
274 2620 412 2671 ἀλλὰ
449 2621 543 2670 καὶ
574 2620 736 2670 αὐτὸν
762 2619 850 2669 τὸν
876 2617 1180 2688 στρατηγὸν
1216 2617 1397 2670 αὐτῶν
1441 2618 1705 2672 Σατανᾶν.

143 2710 261 2763 ιἙν
292 2712 467 2779 τάχει,
498 2730 514 2759 ι
543 2711 726 2779 φησίν.
765 2711 857 2763 Ἐκ
890 2711 980 2761 τοῦ
1016 2711 1206 2778 χρόνου
1241 2709 1339 2778 τὴν
1358 2710 1709 2779 παραμυθίαν

138 2802 579 2864 κατασκευάζων.
627 2819 644 2850 ι
696 2801 757 2851 Ἢ
793 2802 951 2869 χάρις
972 2798 1067 2851 τοῦ
1102 2800 1306 2871 Κυρίου
1340 2799 1493 2868 ἡμῶν
1532 2796 1707 2864 Ἰησοῦ

139 2893 364 2961 Χριστοῦ
428 2892 549 2961 μεθ’
598 2892 771 2961 ὑμῶν.
806 2910 823 2940 ι
877 2892 1207 2959 ’Λνέμνησεν
1256 2891 1454 2952 αὐτοὺς
1491 2891 1590 2959 τῆς
1616 2888 1709 2942 τοῦ

139 2985 261 3036 Θεοῦ
294 2986 540 3054 χάριτος,
565 2986 663 3052 τῆς
692 2984 779 3035 ἀεὶ
807 2983 1083 3051 σωσάοης.
1120 2981 1181 3034 Εἰ
1205 2982 1262 3034 δὲ
1291 2983 1516 3051 ἐχθροὺς
1552 2981 1713 3044 ὂντας

139 3075 319 3138 ἔσωσε,
356 3077 514 3144 φησί,
547 3076 725 3144 πολλῷ
756 3075 955 3145 μᾶλλον
986 3073 1101 3127 νῦν.
1140 3075 1305 3144 Ὁρᾷς
1328 3076 1413 3126 ὅτι
1440 3074 1577 3143 μετὰ
1605 3073 1713 3128 τῶν

1783 604 1987 657 ventri.
2042 605 2275 659 Videtur
2316 617 2501 664 autem
2551 610 2771 665 Judmos
2825 611 3133 681 designare.
3165 613 3371 674 Omnis

1785 696 2062 765 siquidem
2089 707 2351 751 accusant
2375 700 2594 755 Iudaeos
2628 711 2885 771 tanquam
2920 705 3095 757 ventri
3129 704 3368 760 deditos.

1794 806 1813 841 ι
1846 787 1954 843 Per
1999 788 2554 859 blandiloquentiam.
2622 812 2639 843 ι
2693 792 2878 845 Verbo
2933 802 3113 857 tenus,
3172 795 3372 865 inquit,

1788 882 2200 953 obsequuntur,
2260 899 2418 938 mens
2468 894 2652 939 autem
2699 886 2887 939 dolosa
2943 896 3027 940 est
3094 903 3220 957 erga
3257 905 3372 943 vos.

1789 972 1951 1029 Hunc
1994 990 2127 1030 vero
2190 975 2325 1030 dicit
2366 991 2714 1030 communem
2764 978 2988 1031 modum
3035 977 3378 1047 deccptionis

1792 1064 1941 1135 quod
1991 1066 2230 1135 primum
2283 1068 2417 1136 ipsis
2441 1076 2814 1121 assentantur.
2848 1086 2867 1119 ι
2918 1068 3098 1123 Corda
3163 1070 3378 1138 simpli-

1792 1154 1961 1211 cium.
2026 1173 2045 1207 ι
2109 1155 2228 1211 Non
2299 1155 2470 1222 dixit,
2516 1158 2750 1220 Vestra,
2824 1158 2917 1211 sed
2983 1179 2999 1207 ι
3064 1158 3380 1226 Simplicio-

1792 1262 1939 1302 rum.
1980 1265 1998 1299 ι
2030 1275 2099 1290 —-
2146 1265 2164 1297 ι
2198 1246 2334 1301 Nam
2364 1256 2545 1303 vestra
2570 1249 2911 1303 obcdientia.
2955 1268 2971 1299 ι
3002 1250 3067 1302 Ει
3092 1251 3236 1319 quod
3269 1266 3379 1303 non

1794 1355 1911 1405 vos,
1943 1338 2041 1394 sed
2076 1338 2447 1409 simpliciores
2491 1340 2790 1408 decipiant,
2849 1341 2973 1393 hinc
3026 1340 3377 1394 manifestum

1795 1442 1901 1499 est,
1957 1431 2107 1503 quod
2161 1448 2289 1487 vera
2337 1431 2652 1486 obedientia
2700 1448 2761 1485 ac
2812 1432 3250 1501 persuasibilitas
3312 1432 3380 1485 ad

1796 1538 1991 1580 omnes
2019 1525 2289 1594 pervenit.
2332 1524 2530 1578 Multos
2556 1533 2739 1577 autem
2783 1525 3103 1592 testesipsis
3156 1524 3378 1589 statuit,

1798 1630 1869 1671 ne
1893 1614 1958 1670 ad
1993 1616 2190 1669 malam
2217 1614 2522 1670 doctrinam
2546 1615 2959 1670 erubescerent.
2992 1615 3153 1685 412
3192 1635 3208 1664 ι
3236 1614 3384 1669 Gan-

1800 1707 1906 1762 deo
1940 1707 2107 1777 igitur
2154 1714 2380 1776 propter
2427 1720 2544 1769 vos,
2583 1725 2601 1756 ›
2638 1706 2784 1775 quod
2836 1722 2944 1760 non
2996 1707 3115 1759 sitis
3146 1707 3381 1775 decepti.

1812 1818 1830 1849 ‹
1871 1797 2161 1866 Sapientes
2185 1797 2409 1867 quidem
2445 1811 2567 1851 esse
2620 1796 2685 1850 ad
2733 1795 2960 1849 bonmn.
2996 1824 3012 1848 ι
3062 1796 3385 1851 Subindieat

1801 1889 1949 1961 quod
1974 1890 2139 1944 etiam
2168 1889 2389 1958 quidam
2412 1889 2631 1943 illorum
2661 1888 2873 1958 decepti
2895 1896 3069 1942 erant.
3100 1889 3383 1958 Siquidem

1801 1983 1878 2039 ait
1924 2000 1939 2038 :
1973 1983 2054 2038 Ad
2098 1982 2303 2037 bonum
2340 1982 2561 2051 quidem
2606 1982 2731 2035 volo
2762 1997 2859 2036 vos
2902 1982 3205 2051 prudentes
3237 1996 3382 2044 esse,

1803 2076 1867 2129 a-J
1895 2089 2064 2145 prava
2096 2089 2229 2129 vero
2282 2073 2565 2143 imperitos
2593 2073 2787 2138 malis;
2822 2073 2924 2125 hoe
2958 2083 3063 2137 cst,
3094 2071 3385 2141 prudentia

1803 2168 2027 2238 quidem
2076 2167 2180 2231 uti,
2219 2180 2289 2220 ne
2330 2166 2401 2220 ab
2437 2166 2563 2219 aliis
2592 2164 2890 2234 quidquam
2928 2164 3191 2231 iniustum
3230 2164 3387 2218 vobis

1806 2262 1898 2313 tiat
1951 2277 1965 2319 :
2023 2258 2397 2314 sinceritatem
2451 2267 2657 2319 autem,
2713 2271 2782 2310 ne
2841 2256 2965 2309 aliis
3028 2255 3384 2309 insidiemini.

1814 2370 1832 2401 ι
1869 2351 2014 2405 Deus
2067 2358 2250 2403 autem
2298 2348 2470 2417 pacis.
2530 2366 2548 2397 ι
2601 2346 2872 2412 Quoniam
2934 2356 3093 2400 erant
3136 2345 3387 2409 dissidia,

1807 2440 1958 2509 pacis
2006 2440 2255 2494 datorem
2317 2439 2557 2499 invocat,
2606 2447 2665 2489 ut
2716 2436 2973 2489 cohibeat
3034 2435 3388 2489 offendicula.

1817 2551 1835 2581 ‹
1873 2530 2152 2585 Conteret.
2189 2550 2206 2582 ι
2249 2528 2406 2597 Quod
2456 2529 2632 2582 multo
2672 2527 2846 2597 magis
2883 2542 3044 2595 quam
3091 2527 3388 2595 subjicere.

1818 2643 1835 2674 ι
1864 2623 2144 2678 Satanam.
2177 2642 2194 2673 ι
2217 2622 2335 2676 Non
2365 2620 2566 2682 solum,
2596 2619 2796 2688 inquit,
2833 2617 3194 2672 immittentes
3217 2618 3394 2671 otl‘en-

1812 2715 1996 2771 dicula
2020 2721 2293 2778 conteret,
2328 2711 2425 2767 sed
2452 2720 2509 2765 et
2538 2711 2717 2779 ipsum
2752 2711 2972 2764 illorum
3009 2708 3201 2763 ducem
3234 2709 3393 2763 Sata-

1812 2822 1960 2861 nam.
2002 2826 2019 2856 ι
2052 2804 2236 2859 Brevi.
2295 2823 2311 2855 ι
2357 2804 2400 2858 Α
2430 2812 2676 2872 tempore
2725 2801 3158 2857 consolationem
3189 2800 3393 2856 conﬁr-

1814 2905 1947 2951 mat.
1986 2916 2002 2947 ι
2039 2896 2222 2951 Gratia
2248 2894 2466 2949 Domini
2494 2894 2671 2948 nostri
2711 2893 2840 2949 Iesu
2867 2892 3071 2949 Christi
3104 2893 3173 2947 sit
3204 2893 3391 2947 vobis-

1816 3003 1961 3042 cum.
2000 3006 2018 3039 »
2080 2986 2335 3056 Suggerit
2380 2984 2515 3055 ipsis
2565 2984 2661 3039 Dei
2706 2983 2961 3055 gratiam,
3011 3000 3133 3054 qua:
3178 2999 3396 3053 semper

1817 3075 1996 3128 salvos
2048 3074 2197 3129 facit.
2237 3073 2392 3139 Quod
2440 3073 2485 3127 si
2531 3088 2661 3129 cum
2726 3073 2939 3128 inimici
2983 3082 3167 3128 essent
3220 3073 3398 3129 salvos

142 3168 326 3234 ἔργων,
361 3168 455 3219 καὶ
497 3167 721 3236 χάριτος
762 3168 838 3228 εἰς
874 3167 932 3219 τὸ
972 3166 1211 3235 σωθῆναι
1252 3166 1523 3235 δεόμεθα;
1563 3166 1694 3218 Mes:

1822 3164 1973 3232 fecit,
2009 3166 2183 3221 multo
2212 3165 2383 3235 magis
2405 3179 2575 3220 nunc.
2607 3164 2773 3220 Vides
2799 3164 2945 3234 quod
2986 3180 3111 3220 cum
3136 3164 3398 3234 operibus

143 3260 239 3325 γὰρ
270 3259 327 3309 τὸ
366 3261 714 3328 μαρτυρῆσαι
747 3259 928 3319 αὐτοῖς
970 3258 1239 3327 ὑπακοὴν,
1272 3257 1393 3309 τότε
1425 3257 1523 3327 τὴν
1550 3257 1713 3327 χάριν

146 3350 428 3415 ἐπεύξατο.

208 3532 602 3591 Ἀσπάζονται
650 3528 798 3597 ὑμᾶς
849 3528 1126 3597 Τιμόθεος
1166 3529 1199 3580 ό
1241 3528 1538 3594 συνεργός
1573 3543 1714 3593 μου,

148 3624 234 3678 καί
265 3625 543 3687 Λούκιος,
568 3623 664 3674 κιιί
684 3620 919 3685 Ἰάσων,
950 3621 1045 3672 καὶ
1065 3618 1468 3685 Σωσίπατρος,
1496 3621 1547 3670 cl
1577 3632 1719 3685 συγ-

150 3717 331 3783 γενεῖς
380 3733 528 3783 μου.
588 3713 944 3779 Ἀσπάζομαι
1002 3709 1156 3779 ὑμᾶς
1211 3710 1325 3779 ἐγὼ
1378 3710 1636 3775 Τέρτιος,
1686 3710 1718 3760 ό

150 3810 371 3875 γράψας
429 3807 548 3874 τὴν
601 3805 938 3873 ἐπιστολὴν
984 3804 1052 3856 ἐν
1108 3802 1324 3869 Κυρίῳ.
1369 3800 1715 3859 Ἀσπάζεται

152 3899 293 3967 ὑμᾶς
334 3899 523 3963 Γάιος
575 3900 606 3951 ό
639 3896 814 3960 ξένος
865 3913 1006 3964 μου,
1068 3892 1299 3959 καὶτῆς
1351 3891 1719 3957 Ἐκκλησίας

152 3992 309 4059 ὅλης.
341 3988 699 4047 Ἀσπάζεται
724 3988 878 4057 ὑμᾶς
904 3990 1198 4053 Ἔραστος
1220 3987 1252 4039 ό
1277 3984 1589 4052 οἰκονόμος
1610 3982 1720 4051 τῆς

154 4088 397 4149 πόλεως,
432 4082 535 4136 καί
569 4082 873 4147 Κούαρτος
911 4083 943 4133 ό
975 4079 1260 4146 ἀδελφός.
1304 4076 1373 4131 Ἢ
1412 4075 1583 4145 χάρις
1615 4074 1720 4129 τοῦ

155 4182 361 4247 Κυρίου
396 4177 565 4249 ἡμῶν
585 4172 793 4242 Ἰησοῦ
819 4169 1077 4239 Χριστοῦ
1098 4168 1247 4237 μετὰ
1273 4166 1512 4219 πάντων
1532 4159 1717 4233 ὑμῶν.

169 4273 360 4342 Ἀμήν.

221 4364 368 4428 Εἶδες
399 4362 678 4432 ἐγκώμιον
708 4358 802 4413 τοῦ
833 4356 1097 4428 Τιμοθέου
1125 4372 1139 4421 ;
1186 4354 1441 4424 συνήργει
1479 4353 1535 4405 δὲ
1571 4350 1721 4421 αὐτῷ

160 4460 208 4510 ὲν
261 4458 335 4528 τῷ
362 4454 706 4524 Εὐαγγελίῳ.
748 4469 767 4503 ι
805 4452 913 4505 Καὶ
948 4449 1321 4516 Σωσίπατρος,
1365 4446 1412 4497 οἰ
1439 4444 1721 4511 συγγενεῖς

1816 3260 1979 3316 etiam
2026 3261 2198 3330 gratia
2243 3262 2404 3317 nobis
2442 3273 2582 3328 opus
2626 3258 2698 3312 -it
2740 3268 2802 3313 nt
2841 3258 2973 3312 salvi
3010 3257 3217 3312 simus?
3259 3258 3395 3312 Nam

1816 3357 2106 3418 postquam
2169 3346 2539 3401 obedientiam
2588 3343 2721 3411 ipsis
2774 3342 2968 3398 adesse
3018 3352 3250 3399 testatus
3287 3354 3393 3407 est,

1819 3451 1951 3495 tunc
1988 3438 2153 3492 etiam
2184 3437 2413 3506 gratiam
2439 3442 2613 3504 optat.

1889 3529 2027 3593 XVI,
2061 3529 2250 3583 21-24.
2282 3527 2532 3581 Salutant
2555 3544 2641 3581 vos
2676 3526 2973 3580 Timotheus
2996 3526 3208 3594 adjutor
3230 3542 3393 3591 meus,

1820 3629 1868 3673 et
1888 3619 2096 3678 Lucius,
2133 3627 2181 3671 et
2204 3617 2389 3680 lason,
2419 3634 2480 3671 ac
2503 3615 2777 3685 Sosipater
2807 3616 3018 3683 cognati
3061 3616 3179 3667 mei.
3207 3613 3395 3668 Saluto

1818 3729 1905 3766 vos
1952 3728 2043 3781 ego
2080 3711 2304 3774 Tertius,
2340 3711 2429 3779 qui
2477 3709 2665 3777 scripsi
2720 3708 2997 3775 epistolam
3046 3707 3099 3759 in
3150 3706 3394 3760 Domino.

1819 3800 2032 3857 Salutat
2079 3818 2165 3854 ros
2217 3801 2379 3855 Gaius
2426 3800 2607 3867 hospes
2653 3814 2797 3851 meus
2839 3800 3096 3867 totiusque
3128 3797 3394 3853 Ecclesiat.

1822 3896 2036 3950 Salutat
2064 3911 2150 3948 vos
2180 3892 2422 3955 Erastus,
2461 3907 2756 3945 azcouomus
2795 3892 3042 3952 civitatis,
3079 3899 3129 3942 et
3160 3890 3395 3955 Quartus

1822 3988 2008 4057 frater.
2046 3982 2232 4038 Gratia
2291 3982 2505 4036 Domini
2537 3985 2699 4035 nostri
2740 3977 2869 4032 Jcsu
2919 3978 3112 4034 Christi
3162 3984 3229 4036 sit
3275 3996 3394 4035 cum

1822 4079 2059 4133 omnibus
2088 4079 2249 4132 vobis.
2275 4078 2462 4131 Amen.

1897 4348 2061 4405 Vides
2130 4345 2445 4401 cncomium
2515 4342 2827 4397 Timothei?
2886 4338 3173 4410 adiuvabat
3251 4338 3398 4392 etiim

1827 4442 2005 4512 ipsum
2034 4441 2087 4495 in
2116 4438 2427 4509 Evangelia.
2460 4455 2477 4485 ι
2524 4436 2589 4489 Et
2620 4434 2922 4502 Sosipater,
2960 4431 3174 4499 cognati
3212 4430 3338 4483 mei.
3374 4447 3393 4480 ι

164 4567 270 4617 μου.
304 4568 322 4601 ι
356 4546 658 4615 Συγγενεῖς
714 4559 868 4611 φησι,
902 4541 1028 4603 τοὺς
1066 4538 1309 4599 ἐοικότας
1332 4535 1472 4589 κατὰ
1503 4535 1605 4604 τὴν
1635 4533 1694 4587 εὖ

1828 4533 2079 4605 Cognati,
2123 4532 2322 4601 inquit,
2358 4528 2566 4583 similes
2604 4527 2655 4579 in
2704 4526 2922 4594 pietate.
2964 4542 2981 4573 ι
3028 4522 3266 4576 Tertius.
3311 4520 3403 4589 qui

164 4640 380 4692 σὲδειαν.
411 4638 690 4707 «Τέρτιος,
716 4637 743 4686 6
761 4633 997 4703 γράψας.
1022 4649 1040 4683 ι
1062 4631 1205 4683 Ἀντ“ι
1230 4628 1469 4699 μεγάλου
1486 4628 1729 4682 τέθεικεν

165 4735 395 4792 ἐπαίνου,
421 4733 487 4785 τὸ
514 4725 657 4783 εἶναι
680 4725 1005 4795 ὑπογραφέα
1025 4724 1261 4778 Παύλου.
1289 4742 1306 4774 ι
1332 4722 1491 4785 Γάϊος
1520 4722 1548 4773 ὁ
1579 4721 1731 4786 ξένος

170 4842 275 4892 μου.
302 4846 321 4877 ι
344 4823 643 4877 Τουτέστιν
676 4822 704 4873 ὁ
732 4818 1003 4887 ξενοδόχος
1032 4834 1157 4886 μου.
1182 4814 1290 4868 Καὶ
1322 4813 1489 4876 πολὺς
1519 4814 1547 4865 ὁ
1575 4813 1729 4867 ἐπαι-

166 4932 260 4977 νος,
292 4917 370 4969 ὅτι
399 4917 586 4967 πᾶσαν
622 4911 784 4973 ala-rb;
839 4908 1103 4978 ξενοδοχεῖ
1127 4906 1224 4978 τὴν
1252 4905 1603 4974 Ἐκκλησίαν,
1637 4903 1733 4958 καὶ

168 5010 246 5061 τὸν
277 5008 511 5070 Παῦλον,
555 5005 613 5065 ὃς
653 5003 752 5055 οὐκ
800 5001 866 5054 ἂν
898 4998 1085 5061 ἁπλῶς
1116 4998 1245 5067 παρ’
1281 4997 1429 5066 αὐτῷ
1459 4996 1729 5066 ἐξενίσθη,

170 5102 209 5151 εἰ
236 5102 300 5170 μὴ
337 5096 405 5170 ἦν
429 5102 457 5151 ὁ
490 5097 652 5156 Γαῖος
684 5094 851 5155 ἄξιος.
882 5110 900 5141 ι
923 5090 983 5144 Ὀ
1010 5090 1291 5158 οἰκονόμος
1318 5089 1417 5158 τῆς
1450 5087 1675 5149 πόλεως.
1702 5104 1721 5137 ι

170 5193 266 5261 Τὴν
298 5193 451 5256 ἀξίαν
488 5186 656 5241 αὑτοῦ
684 5185 947 5245 τέθεικεν,
982 5184 1070 5235 ἵνα
1098 5181 1240 5251 γνῷς
1270 5181 1351 5233 ὃτι
1384 5181 1443 5233 οὐ
1478 5179 1727 5242 πλοῦτος,

173 5287 255 5335 six
283 5285 535 5352 ἀξίωμα,
571 5278 801 5345 κώλυμα
857 5274 1065 5342 γίνεται
1111 5292 1216 5328 τινι
1262 5273 1399 5343 πρὸς
1445 5273 1507 5325 τὸ
1557 5271 1731 5339 ὀρθῶς

177 5374 303 5441 βιοῦν
334 5376 365 5445 ἦ
410 5372 717 5427 πιστεύειν.

241 5486 257 5516 ι
292 5468 353 5520 'll
382 5470 545 5537 χάρις
575 5466 668 5518 τοῦ
702 5466 906 5535 Κυρίου
934 5461 1110 5530 Ἰησοῦ
1142 5459 1400 5529 Χριστοῦ.
1434 5478 1450 5509 ι
1487 5458 1598 5526 Τῆς
1629 5456 1726 5525 χά-

183 5575 307 5621 orco;
339 5562 639 5628 μέμνηται,
674 5557 781 5608 τῶν
818 5555 1150 5625 εὐεργεσιῶν
1186 5552 1620 5620 ὑπομιμνήσκων
1640 5546 1731 5599 τοῦ

181 5648 412 5715 Χριστοῦ.
442 5669 457 5698 ι
490 5650 650 5701 Μετὰ
680 5648 899 5698 πάντων
932 5642 1106 5711 ὑμῶν·
1145 5642 1340 5708 Ἀμήν·
1368 5658 1384 5688 ’
1412 5638 1596 5698 Οὕτως
1630 5636 1732 5702 ἦρ’

184 5740 291 5790 Ξειτο
316 5742 414 5794 ἀπὸ
439 5740 629 5807 εὐχῆς.
677 5760 693 5787 ι
731 5739 897 5803 Χάρις
938 5737 1065 5802 ὑμῖν
1096 5736 1190 5786 καὶ
1222 5732 1409 5801 εἰρήνη
1447 5732 1553 5780 ἀπο
1600 5725 1733 5777 Θεοῦ

186 5833 366 5903 Ῑδιτηίιὶς
399 5835 489 5887 καὶ
527 5832 735 5900 κυρίη»
768 5830 937 5894 Ἰητοῦ
969 5826 1222 5895 Χριττνλῦ,
1263 5848 1275 5871 ι
1317 5827 1404 5878 7.7.".
1442 5823 1611 5884 οὕτως
1633 5837 1730 5872 κα-

1833 4624 2048 4693 scripsi.
2082 4642 2098 4673 ι
2132 4622 2189 4676 ld
2233 4634 2438 4687 magum
2470 4618 2648 4671 laudis
2688 4617 2808 4669 loco
2841 4615 3045 4684 pOSIIll,
3073 4612 3217 4682 quod
3258 4612 3408 4665 l'anli

1832 4712 2182 4770 amanuensis
2212 4710 2396 4764 luerit.
2432 4728 2447 4758 ι
2479 4706 2645 4760 Gaius
2677 4707 2874 4773 hospes
2901 4720 3075 4757 meus.
3116 4723 3131 4753 ι
3171 4702 3283 4755 lloc
3303 4712 3408 4767 est,

1833 4804 2073 4872 hospitio
2118 4817 2203 4855 me
2236 4798 2545 4868 suscipiens
2587 4814 2599 4849 :
2632 4806 2687 4850 et
2735 4810 2927 4864 magna
2972 4794 3089 4846 laus
3116 4802 3234 4845 erat
3268 4791 3409 4858 quod

1834 4913 2053 4955 omnem
2106 4896 2409 4951 Ecclesiam
2476 4891 2715 4959 hospitio
2778 4887 3059 4955 exciperet
3123 4902 3228 4938 una
3287 4899 3412 4938 cum

1834 4992 2024 5055 Paulo,
2057 4990 2148 5059 qui
2201 5005 2307 5041 non
2361 4996 2565 5040 temere
2600 4981 2743 5051 apud
2786 4996 2911 5034 eum
2942 4979 3134 5032 luisset
3172 4978 3414 5047 hospita-

1835 5089 1945 5146 tus,
1979 5081 2083 5134 nisi
2127 5078 2293 5133 Gaius
2344 5075 2567 5127 otnnino
2601 5072 2799 5141 dignus
2844 5070 3054 5122 fuisset.
3110 5088 3125 5118 ι
3159 5068 3414 5122 (Εοοιιο-

1836 5190 1961 5228 mus
1986 5172 2247 5227 civitatis.
2282 5190 2296 5219 ι
2335 5169 2466 5236 Ejus
2508 5166 2691 5235 posuit
2723 5163 3068 5232 dignitatem,
3098 5170 3157 5213 ut
3198 5162 3415 5215 noveris

1836 5266 1983 5335 quod
2028 5260 2381 5321 nondiiitiae,
2424 5273 2530 5309 non
2555 5255 2812 5323 dignitas,
2850 5251 3011 5303 alieni
3051 5250 3399 5318 sintimpedi-

1837 5367 2023 5413 mento
2047 5356 2112 5411 ad
2145 5363 2286 5407 recte
2314 5350 2635 5409 vivendum,
2674 5354 2767 5398 aut
2797 5344 3155 5397 credendum.

1907 5451 2068 5521 413
2099 5468 2116 5497 ι
2153 5446 2337 5501 Gratia
2365 5440 2578 5497 Domini
2613 5438 2786 5491 nostri
2812 5437 2937 5489 Jesu
2974 5434 3197 5489 Christi.
3234 5451 3251 5483 ι
3278 5434 3414 5487 Gra-

1840 5545 1926 5599 tia:
1952 5538 2221 5599 meminit,
2255 5536 2459 5590 Christi
2488 5528 2752 5585 beneﬁcia
2788 5528 2894 5581 illis
2926 5542 3242 5595 suggerens.
3280 5544 3297 5574 ι
3333 5524 3413 5577 Sit

1840 5653 1964 5692 cum
2021 5630 2281 5685 omnibus
2338 5626 2514 5677 vobis.
2582 5623 2775 5673 Amen.
2817 5638 2833 5668 ι
2879 5620 2951 5672 Ita
2995 5635 3022 5671 a
3098 5617 3414 5685 precatione

1841 5726 2008 5793 cwpit
2041 5741 2053 5777 :
2096 5740 2113 5772 ι
2149 5719 2333 5775 Gratia
2371 5714 2524 5767 vobis
2562 5723 2617 5765 et
2667 5726 2765 5779 pax
2806 5725 2834 5763 ο
2870 5710 2981 5761 Deo
3014 5710 3172 5761 Patre
3216 5716 3273 5757 ct
3315 5707 3392 5758 Do

1847 5815 1994 5869 mitto
2029 5812 2154 5866 Jrsu
2183 5807 2401 5862 (lhtisto
2438 5821 2448 5855 :
2498 5822 2514 5851 ι
2553 5810 2601 5851 et
2635 5800 2703 5852 ita
2737 5798 3081 5851 convcuicnti
3114 5794 3273 5847 tnmlo
3304 5809 3393 5847 scr
