4194 6468
100 423 186 485 6η
1138 408 1520 470 COMMENT.
1569 409 1648 469 IN
1688 407 1756 467 El

1138 408 1520 470 COMMENT.
1569 409 1648 469 ΙΝ
1688 407 1983 469 ΕΡΙΞΤ.Ι
2019 410 2119 469 AD
2158 407 2330 471 COR.

3248 399 3356 472 642

99 529 279 598 ἁγίοις,
314 546 332 578 ι
375 524 577 581 αὐτίκα
606 521 806 593 συνῆψε
832 540 844 552 ·
884 540 901 572 ι
938 521 1042 574 Σὺν
1073 521 1206 572 πάσι
1228 522 1343 581 τοῖς
1367 517 1663 572 ἐπικαλου-
1693 523 1736 578 Α

1693 523 1736 578 Α
1767 518 1999 573 dixisset
2030 537 2047 570 ι
2090 522 2310 575 V'oeatis
2357 520 2583 580 sanctis,
2620 540 2637 572 ι
2683 524 2934 592 protinus
2963 525 3345 596 coniungendo

102 623 285 694 μένοις,
317 639 335 670 ι
378 621 472 672 καὶ
501 618 648 687 ἐξῆε.
696 617 803 669 Καὶ
834 617 963 685 ὑμῖν
992 657 1005 678 ,
1047 614 1201 682 φησὶ,
1239 613 1330 664 καὶ
1381 612 1661 681 σύμπασιν

98 708 172 776 εἴη
206 707 370 776 ὴὰπδ
394 703 532 757 Θεοῦ
563 704 905 776 καὶξηατρδς
930 704 1089 771 χάρις
1130 701 1224 754 καὶ
1249 701 1461 770 εἰρήνη.
1495 717 1514 751 ‹
1555 701 1663 752 Αὐ-

99 801 194 852 τῶν
233 817 288 852 τε
316 802 409 852 καὶ
460 799 670 868 ἡμῶν.»
695 783 706 792 ’
727 797 944 866 Ἐπειδὴ
969 794 1139 848 εἰπὼν
1162 837 1176 860 ,
1216 813 1232 846 ι
1259 796 1362 847 Σὺν
1391 796 1522 847 πᾶσι
1552 796 1663 855 τοῖς

100 892 530 961 ἐπικαλουμένοις
547 891 610 942 τὸ
631 888 802 958 ὄνομα
821 887 914 941 τοῦ
935 889 1158 958 Κυρίου,
1180 911 1196 937 ο
1233 889 1482 956 ἐπήγαγε
1504 885 1663 954 μόνον

98 982 168 1041 τὸ,
203 998 221 1030 ι
259 982 466 1048 Ἡμῶν,
501 999 519 1030 ι
565 977 1041 1049 ἐπιδιορθούμενος
1099 975 1193 1029 καὶ
1244 975 1456 1036 δεικνὺς
1486 972 1663 1026 κοινὸν

99 1071 246 1123 αὑτὸν
274 1069 476 1138 Κύριον
511 1070 606 1122 καὶ
642 1070 922 1136 Δεσπότην
970 1068 1226 1120 ἁπάντων
1256 1068 1403 1127 ὄντα,
1436 1064 1662 1134 προστί-

100 1161 260 1230 θησιν,
301 1179 319 1211 ι
351 1160 541 1212 Αύτῶν
575 1177 632 1212 τε
666 1161 759 1212 καὶ
791 1159 967 1229 ἡμῶν.
1010 1178 1027 1210 ι
1081 1160 1142 1211 Εἰ
1185 1159 1242 1210 δὲ
1276 1157 1453 1218 κοινὸς
1487 1157 1663 1210 ἀπάν-

99 1271 194 1305 των
247 1253 449 1324 Ιὶύριος
477 1294 491 1318 ,
526 1251 621 1305 καὶ
670 1253 730 1304 οὐ
785 1253 946 1321 μόνον
989 1251 1166 1320 ἡμῶν,
1229 1249 1365 1304 ἀλλά
1416 1249 1509 1301 καὶ
1555 1247 1664 1299 τῶν

102 1344 424 1411 ἁπανταχοῦ,
451 1343 504 1394 τί
533 1343 830 1410 σχιζόμεθα
856 1341 1125 1410 ἀλλήλων,
1146 1340 1240 1393 καὶ
1265 1339 1362 1410 τὴν
1397 1337 1578 1407 κοινὴν
1607 1335 1666 1401 ἐξ

99 1428 162 1484 ὧν
192 1433 454 1502 τέμνεσθε
487 1432 909 1502 καθυϐρίζοντες
961 1433 1284 1501 κυριότητα,
1312 1431 1521 1500 ἑτέροις
1569 1431 1664 1482 καὶ

102 1527 290 1595 ἑτέροιο,
325 1526 553 1587 ἑαυτοὺς
589 1525 909 1594 διανέμετες
951 1543 968 1574 ι
1002 1526 1108 1577 Καὶ
1138 1526 1324 1594 εἰρήνη
1377 1523 1484 1575 ἀπὸ
1526 1521 1662 1575 Θεοῦ

104 1618 317 1682 Πατρός.
356 1634 375 1664 ι
417 1617 482 1666 Τί
507 1617 584 1680 δὲ,
621 1617 805 1684 φησὶν,
839 1615 871 1684 ἢ
905 1617 1043 1685 πρὸς
1087 1614 1238 1666 τόνδε
1266 1611 1596 1683 εἰρηνεύετε,
1630 1611 1663 1679 ἢ

101 1710 194 1761 ἀπὸ
219 1708 372 1760 τοῦδε
405 1710 564 1779 χάριν
594 1707 781 1777 ἐχετες
832 1707 995 1776 Ἐγὼ,
1023 1708 1179 1778 φησὶ,
1206 1706 1376 1759 ταῦτα
1400 1705 1508 1759 ἀπὸ
1528 1704 1663 1757 Θεοῦ

101 1800 213 1867 ὑμῖν
245 1798 476 1867 εὔχομαι
499 1799 772 1866 γενέσθαι.
810 1781 1112 1852 Α’ἰνίττεται
1148 1799 1226 1865 δὲ,
1250 1797 1374 1860 τοὺς
1405 1797 1665 1850 διδασκά-

102 1888 212 1951 λους
237 1887 420 1940 αὐτῶν
445 1888 882 1958 καθαπτόμενος.

165 2160 513 2230 Εὐκαριστὼ
565 2161 645 2226 τῷ
683 2160 803 2224 Θεῷ
858 2179 978 2230 μου
1031 2158 1288 2213 πάντοτε
1316 2161 1444 2228 περὶ
1483 2159 1660 2228 ὑμῶν,

102 2253 182 2303 ἐπὶ
213 2252 282 2318 τῇ
317 2252 510 2320 χάριτι
554 2251 660 2305 τοῦ
708 2251 857 2304 Θεοῦ
895 2249 968 2317 τῇ
996 2249 1240 2317 δοθείσῃ
1274 2250 1415 2318 ὑμῖν
1442 2250 1511 2302 ἐν
1536 2253 1666 2317 Χρι-

103 2344 210 2407 στῴ
237 2343 467 2409 Ἰησοῦ,
489 2344 575 2395 ὅτι
603 2343 672 2395 ἐν
699 2342 878 2394 παντὶ
901 2343 1341 2407 ἐπλουτίσθητε
1380 2341 1450 2394 ἐν
1482 2342 1661 2407 αὐτῷ,

103 2434 160 2484 ἐι·
185 2435 359 2486 παι-τι
391 2434 550 2501 λόγῳ
582 2432 677 2486 καὶ
709 2431 878 2502 πάσῃ
911 2431 1149 2499 γνώσει,
1204 2431 1398 2496 καθὼς
1429 2431 1490 2484 τὸ
1515 2449 1665 2500 μαρ-

108 2528 291 2592 τύριον
318 2527 428 2579 τοῦ
456 2524 714 2594 Χριστοῦ
745 2523 1058 2590 ἐϐεϐαιώθη
1093 2523 1161 2575 ἐν
1190 2522 1350 2589 ὑμῖν.

167 2619 210 2690 [ι
231 2620 576 2689 Εὑχαρίστῶ.
593 2618 1018 2689 ›]Εύχαρίστους
1037 2611 1175 2669 εἶναι
1206 2617 1353 2686 ἡμᾶς
1373 2615 1664 2680 παιδεύων,

108 2713 154 2763 ἐν
171 2713 311 2783 πάσῃ
330 2713 618 2782 Ἐπιστολῇ
637 2712 792 2764 τοῦτο
818 2710 1052 2780 τίθησιν.
1086 2730 1104 2760 ι
1131 2710 1219 2779 Τῷ
1239 2709 1360 2778 Θεῷ
1379 2727 1501 2778 μου.
1530 2727 1546 2760 ι
1574 2710 1669 2763 Ἐκ

108 2805 291 2872 πολλῆς
309 2805 555 2875 ἀγάπης,
587 2804 645 2856 τὸ
661 2804 840 2856 κοινὸν
862 2802 990 2854 ἴδιον
1016 2805 1274 2856 ποιεῖται.
1299 2801 1454 2854 «Ἐπὶ
1483 2805 1546 2870 τῇ
1567 2803 1668 2871 χά-

110 2912 204 2964 ριτι
225 2896 316 2948 τοῦ
339 2896 498 2948 Θεοῦ.
523 2915 541 2946 ι
573 2895 730 2962 Μέγα
753 2893 1014 2964 ἐφρόνουν
1039 2893 1132 2946 ἐπὶ
1169 2896 1278 2955 τοῖς
1311 2893 1665 2964 χαρίσμασιν.

111 2988 396 3040 Λίνίττεται
427 2987 552 3040 οὖν’
592 2987 652 3040 El
688 2988 788 3040 οὐκ
820 2987 878 3052 ἐξ
929 2985 1145 3039 οἰκείων
1199 2986 1664 3056 κατορθωμάτων,

110 3079 226 3130 ἀλλὰ
259 3081 320 3148 τῇ
354 3079 450 3131 τοῦ
478 3077 712 3148 Χριστοῦ
739 3078 917 3150 δωρεᾷ
946 3078 1006 3130 τὸ
1035 3078 1280 3148 χάρισμα
1302 3079 1583 3146 εἰλήφατε,
1615 3080 1668 3132 τί

113 3171 240 3238 μέγα
280 3175 527 3240 φρονεῖτε
553 3187 568 3235 ;
608 3189 626 3222 ι
655 3171 745 3224 Ἐν
769 3172 995 3241 Χριστῷ
1035 3172 1231 3240 Ἰησοῦ.
1259 3191 1276 3222 ι
1318 3171 1398 3242 Τῇ
1425 3172 1516 3224 διὰ
1537 3173 1671 3243 Χρι-

114 3262 246 3314 στοῦ.
279 3263 380 3314 Διά
425 3261 666 3332 Χριστοῦ
705 3263 814 3332 γάρ
844 3264 871 3314 ὁ
896 3264 1081 3332 Πατὴρ
1113 3263 1364 3316 δέδωκεν.
1403 3285 1420 3313 ι
1459 3265 1548 3315 Ἐν
1579 3265 1671 3315 αῦο

113 3350 194 3420 τῷ.
233 3369 250 3401 ι
295 3351 468 3404 Πάλιν
503 3351 582 3415 τὸ,
603 3351 672 3403 ἐν
691 3349 870 3415 αὐτῷ,
898 3354 1164 3416 τουτέστι,
1197 3352 1265 3405 δι’
1293 3352 1483 3406 αὑτοῦ.
1520 3353 1580 3405 Εἰ
1619 3353 1675 3406 δὲ.

114 3441 356 3494 ὃιάῦτοῦ
395 3442 789 3510 ἐπλουτίσθητε
823 3444 881 3494 ἐν
939 3447 1098 3496 παντὶ
1151 3444 1473 3513 πράγματι,
1522 3445 1614 3497 καὶ
1647 3445 1676 3496 ό

114 3530 323 3596 πλοῦτος
359 3531 514 3601 παρὰ
543 3531 700 3583 Θεοῦ·
736 3531 852 3593 πῶς
886 3531 1193 3602 ἀνθρώποις
1226 3535 1473 3597 ἑαυτοὺς,
1517 3535 1670 3603 φησὶ,

117 3632 533 3702 προσενείματες
569 3650 587 3682 ι
626 3632 734 3684 Καὶ
757 3631 903 3701 πάσῃ
929 3633 1146 3699 γνώσει.
1183 3653 1200 3683 ι
1245 3634 1365 3687 Ἐνι
1391 3634 1498 3703 γὰρ
1521 3633 1676 3701 λόγος

118 3723 268 3790 χωρὶς
299 3723 578 3791 γνώσεως,
603 3725 676 3785 ὡς
710 3724 742 3794 ἡ
781 3723 1040 3792 φλυαρία.
1075 3725 1192 3776 Ἐνι
1228 3726 1319 3776 καὶ
1343 3725 1541 3790 γνῶσις
1564 3742 1673 3792 χω·

120 3813 190 3880 ρὶς
217 3815 395 3882 λόγου,
430 3817 555 3884 ὠςὴ
597 3817 704 3868 τῶν
734 3816 1255 3884 ἰδιωτῶν,νοούντων
1299 3816 1418 3886 μὲν,
1441 3815 1674 3880 ἐξειπεῖν

119 3905 165 3956 δὲ
194 3908 246 3958 τὸ
274 3909 469 3978 νοηθὲν
509 3909 582 3978 μὴ
612 3909 944 3978 δυναμένων.
984 3908 1124 3961 Ἀλλ’
1160 3910 1338 3978 ὑμεῖς,
1371 3909 1526 3978 φησὶ,
1553 3909 1673 3961 κατ’

117 3998 263 4066 ἄμφω
291 4001 701 4069 ἐπλουτίσθητε,
736 4003 829 4054 καὶ
862 4003 1003 4073 λόγῳ
1038 4005 1131 4054 καὶ
1163 4001 1382 4068 γνώσει.
1423 4019 1440 4052 ι
1478 4001 1674 4064 Καθὼς

118 4089 167 4139 τὸ
189 4091 485 4162 μαρτύριον
513 4091 606 4144 τοῦ
638 4093 895 4160 Χριστοῦ.
940 4113 956 4144 ι
1017 4093 1243 4158 Καθὼς,
1291 4093 1555 4153 τουτέστι,
1607 4091 1675 4146 δι’

119 4178 200 4233 ὡν.
225 4183 320 4234 Διὰ
349 4184 511 4250 λόγου
543 4183 668 4254 γὰρ,
704 4188 857 4253 φησὶ,
883 4186 974 4238 καὶ
1000 4185 1099 4254 τῆς
1121 4183 1365 4236 θεοδότου
1395 4183 1670 4250 γνώσεως,

117 4275 168 4323 τὸ
189 4277 479 4344 μαρτύριον
512 4275 605 4328 τοῦ
639 4275 875 4345 Χριστοῦ
897 4317 911 4336 ,
953 4276 1221 4337 τουτέστι,
1284 4276 1344 4328 τὸ
1385 4277 1670 4347 κήρυγμα,

119 4366 184 4424 εἰς
209 4367 344 4432 ὑμᾶς
373 4365 660 4417 πιστευθὲν
686 4365 1022 4433 ἐϐεϐαιώθη·
1081 4366 1216 4433 ὅπερ
1253 4367 1378 4434 ὑμῖν
1431 4365 1668 4434 ἐγένετο,

120 4457 167 4506 οὺ
196 4457 254 4508 δι’
309 4458 543 4526 εὐφυΐας
575 4438 779 4518 οίκείας
810 4456 843 4526 ἢ
901 4456 1003 4525 τῆς
1039 4455 1236 4520 ἔξωθεν
1285 4457 1498 4525 σοφίας,
1537 4456 1673 4511 ἀλλὰ

1765 609 2048 680 subiunxit
2087 654 2093 662 .
2154 631 2172 660 ι
2221 611 2358 666 Cum
2412 614 2672 668 omnibus
2717 618 2808 684 qui
2862 617 3138 680 invocant,
3171 639 3190 668 ι
3237 628 3345 675 etc.

1765 704 1833 759 Et
1883 706 2061 771 vobis,
2118 708 2332 776 inquit.
2402 720 2458 763 et
2507 710 2784 764 universis
2827 712 2896 764 sit
2939 728 2969 765 a
3023 712 3133 765 Duo
3190 714 3348 768 Patre

1765 796 1939 865 gratia
1982 804 2037 848 et
2087 812 2208 866 pax.
2259 817 2274 847 ‹
2319 797 2385 851 Et
2439 814 2558 864 suo,
2624 809 2680 853 et
2730 811 2938 854 nostro.
3001 821 3018 853 ι
3075 803 3348 869 Quoniam

1766 886 1858 938 ubi
1889 887 2134 952 dixisset,
2180 907 2196 938 ι
2231 889 2366 943 Cum
2405 891 2662 947 omnibus
2707 893 2802 961 qui
2843 892 3098 949 invocant
3145 912 3347 950 nomen

1767 975 2005 1041 Domini,
2029 999 2045 1030 ι
2070 981 2397 1050 adjunxerat
2430 991 2641 1036 tantum
2682 1004 2696 1033 ι
2723 985 2931 1047 Nostri,
2963 1007 2978 1036 ο
3017 995 3272 1055 tanquam
3295 988 3348 1040 id

1765 1068 2043 1137 corrigens
2120 1080 2176 1124 et
2256 1072 2555 1125 ostendens
2613 1089 2958 1130 conuuunum
3039 1078 3214 1146 ipsqu
3295 1088 3354 1132 et

1766 1167 2090 1212 cunctorum
2129 1175 2250 1216 esse
2301 1163 2594 1218 Dominum
2645 1174 2699 1218 et
2755 1168 3094 1235 magistrum,
3135 1168 3288 1222 addit
3334 1187 3348 1221 :

1776 1271 1792 1300 ι
1831 1251 1895 1305 Et
1922 1267 2046 1317 suo,
2091 1262 2147 1306 et
2186 1262 2399 1308 nostro.
2431 1276 2446 1306 I
2487 1256 2642 1322 Quod
2693 1259 2735 1310 si
2769 1261 3078 1314 communis
3103 1262 3352 1315 omnium

1767 1343 2033 1399 Dominus
2065 1356 2168 1405 est.
2215 1355 2271 1401 et
2310 1362 2421 1400 non
2450 1349 2624 1402 solum
2679 1360 2886 1412 noster,
2936 1352 3028 1405 sed
3066 1355 3228 1408 etiam
3256 1370 3356 1409 eo-

1770 1451 1890 1489 rum
1923 1436 2016 1504 qui
2047 1437 2230 1489 ubivis
2260 1438 2508 1491 locorum
2553 1439 2782 1508 degunt,
2816 1442 3008 1511 utquid
3066 1443 3209 1497 inter
3256 1461 3356 1499 vos

1773 1537 1964 1580 mutuo
2020 1526 2321 1590 dissidetis,
2372 1540 2425 1582 et
2495 1545 2844 1585 communem
2897 1534 3354 1598 dominationem,

1768 1634 1866 1672 vos
1899 1620 2048 1687 ipsos
2080 1619 2407 1687 separando,
2444 1621 2641 1689 injuria
2677 1622 2998 1687 aﬁicientes,
3028 1627 3150 1680 aliis
3193 1637 3356 1696 atque

1769 1710 1893 1764 aliis
1919 1726 2016 1765 vos
2047 1711 2402 1766 attribuitis?
2435 1732 2450 1764 ι
2490 1714 2558 1767 Ει
2601 1731 2704 1784 pax
2744 1731 2772 1769 a
2801 1718 2912 1770 Deo
2949 1719 3127 1771 Patre.
3165 1738 3182 1768 ›
3213 1719 3355 1784 Quid

1771 1811 1979 1867 autem,
2011 1812 2106 1858 aut
2139 1819 2269 1875 erga
2305 1821 2490 1875 quem,
2535 1806 2736 1876 inquit,
2775 1824 2960 1877 pacem
2996 1810 3226 1868 habetis.
3263 1821 3358 1864 aut

1769 1909 1799 1945 a
1853 1910 1964 1963 quo
2010 1897 2240 1965 gratiam
2283 1898 2572 1966 accipitis?
2621 1900 2752 1970 Ego,
2787 1900 2884 1963 ait,
2931 1901 3062 1956 ba-c‘
3089 1909 3143 1955 et
3183 1917 3210 1954 a
3245 1902 3357 1955 Deo

1770 1985 1928 2040 vobis
1957 1987 2278 2057 contingere
2313 1988 2495 2058 cupio.
2534 1988 2630 2043 llis
2656 1999 2839 2043 autem
2871 1990 3128 2045 doctores
3161 2006 3356 2046 eorum

1770 2077 1984 2132 occulte
2017 2078 2396 2148 reprehendit.

1842 2169 1881 2231 Ι,
1916 2169 2026 2224 4-6.
2061 2170 2272 2225 Gratias
2301 2189 2398 2240 ago
2428 2171 2534 2226 Deo
2560 2189 2668 2225 meo
2689 2189 2892 2242 semper
2914 2190 3008 2241 pro
3041 2175 3179 2228 vobis
3201 2191 3358 2244 super

1769 2263 1944 2331 gratia
1977 2261 2091 2327 Dei,
2125 2279 2240 2332 qua:
2271 2263 2397 2316 data
2426 2273 2502 2317 est
2539 2263 2678 2317 vobis
2723 2280 2816 2331 per
2851 2263 3114 2318 Christum
3145 2267 3352 2331 Iesum,

1772 2356 2023 2424 quoniam
2068 2356 2119 2408 in
2164 2357 2308 2409 omni
2356 2372 2410 2408 re
2456 2357 2609 2410 ditati
2644 2358 2765 2410 estis
2799 2374 2892 2425 per
2923 2358 3094 2426 ipsum
3138 2361 3359 2413 inomni

1771 2464 2010 2500 sermone
2037 2457 2083 2499 et
2109 2449 2162 2499 in
2185 2450 2326 2500 onmi
2348 2447 2513 2518 419
2536 2450 2772 2510 scientia.
2797 2449 2978 2518 quibus
3000 2453 3359 2507 testimonium

1775 2539 1970 2594 Christi
1994 2540 2370 2608 conﬁrmatum
2399 2549 2476 2593 est
2506 2542 2569 2593 in
2589 2540 2751 2594 vobis.

1853 2648 1869 2679 ι
1912 2628 2125 2682 Gratias
2161 2645 2279 2698 ago.
2329 2647 2347 2680 ι
2404 2631 2689 2684 lnstruens
2722 2646 2842 2695 nos,
2895 2641 2953 2685 ut
2996 2633 3133 2703 grati
3164 2634 3355 2698 simus,

1776 2721 1958 2775 hocin
1998 2722 2147 2775 omni
2173 2721 2327 2775 addit
2354 2721 2618 2791 Epistula.
2657 2723 2804 2777 «Deo
2847 2739 2987 2778 meo.
3029 2745 3046 2775 ι
3080 2725 3145 2778 Et
3185 2726 3358 2781 multo

1775 2827 1964 2866 amore
1989 2811 2232 2866 vindicat
2257 2812 2363 2866 sibi
2391 2811 2445 2864 id
2475 2811 2626 2880 quod
2661 2827 2953 2867 conunune
2981 2822 3083 2867 est.
3122 2832 3141 2864 ‹
3182 2813 3360 2883 Super

1775 2901 1946 2971 gratia
1980 2901 2096 2956 Dei.
2126 2920 2144 2953 ι
2183 2899 2351 2955 Donis
2373 2900 2671 2971 plurimum
2710 2900 3168 2957 intumeseebant.
3200 2903 3361 2958 Hunc

1775 3005 1907 3061 ergo
1937 2992 2120 3045 innuit
2147 3008 2370 3047 sensum
2399 3010 2413 3045 :
2438 2991 2494 3046 Si
2518 3007 2628 3046 non
2657 2993 2858 3048 vestris
2889 2993 3047 3048 bonis
3071 2994 3357 3063 operibus,

1777 3082 1873 3135 sed
1915 3081 2124 3135 Christi
2151 3097 2381 3135 munere
2416 3081 2620 3134 donum
2671 3083 2983 3152 accepistis,
3035 3084 3168 3153 quid
3211 3085 3355 3138 intu-

1779 3171 2045 3226 mescitis.
2091 3189 2109 3220 ι
2147 3171 2250 3224 Per
2289 3169 2569 3224 Christum
2617 3171 2826 3227 Jesum.
2884 3193 2902 3224 ›
2943 3173 3170 3242 (Σαμίων
3207 3176 3354 3228 enim

1781 3265 1836 3314 ἐν
1876 3262 2098 3331 Χριστῷ
2143 3277 2243 3330 pro
2290 3261 2377 3314 διὰ
2429 3262 2686 3332 Χριστοῦ.
2731 3263 2865 3318 Nam
2918 3281 3017 3334 per
3073 3264 3357 3320 Christum

1779 3353 1928 3406 dedit
1975 3353 2156 3407 l'ater.
2199 3372 2216 3403 ι
2263 3355 2365 3406 Per
2409 3354 2610 3423 ipsum.
2657 3373 2674 3405 ι
2715 3355 2999 3425 Siquidem
3046 3373 3263 3411 rursum
3299 3361 3361 3411 ἐν

1779 3446 1925 3515 αὐτῷ
1965 3446 2178 3514 rapitur
2217 3461 2315 3514 pro
2349 3447 2416 3498 δι’
2444 3447 2634 3499 αὐτοῦ.
2688 3447 2844 3512 Quod
2889 3450 2932 3502 si
2961 3465 3057 3517 per
3094 3449 3267 3518 ipsum
3304 3451 3359 3503 in

1778 3539 1928 3590 omni
1961 3553 2019 3591 re
2052 3538 2207 3591 ditati
2244 3538 2399 3602 estis,
2432 3538 2598 3608 idque
2626 3539 2835 3593 divitiis
2868 3556 2989 3609 qua:
3020 3556 3048 3593 a
3072 3541 3182 3595 Deo
3207 3550 3358 3605 sunt,

1778 3647 1888 3701 quo
1921 3640 2080 3700 pacto
2117 3645 2214 3684 vos
2250 3631 2399 3700 ipsos
2426 3630 2744 3685 hominibus
2781 3630 3108 3685 addixistis?
3150 3651 3166 3681 ι
3197 3631 3265 3686 Εῑ
3303 3633 3360 3686 ἱη

1777 3723 1926 3776 omni
1979 3723 2228 3776 seientia.
2279 3740 2296 3772 ι
2353 3721 2636 3794 Contingit
2677 3724 2825 3777 enim
2878 3739 3187 3778 sermonem
3239 3739 3364 3778 esse

1777 3815 1983 3884 absque
2019 3815 2271 3880 scientia,
2316 3815 2485 3869 veluti
2517 3824 2646 3870 sunt
2676 3831 2852 3886 nugze.
2898 3816 3136 3870 Rursum
3177 3816 3361 3870 scien-

1778 3908 1906 3960 tiam
1946 3921 2066 3960 esse
2113 3907 2388 3977 contingit
2427 3907 2606 3975 abque
2653 3921 2932 3972 sermone,
2985 3908 3356 3977 quemadmo-

1777 3998 1908 4051 dum
1943 3997 1994 4050 in
2029 3996 2253 4052 idiotis:
2286 3997 2381 4067 qui
2417 4013 2532 4053 rem
2557 3999 2778 4068 quidem
2813 4000 3144 4070 intelligunt,
3168 4015 3359 4054 verum

1777 4089 1924 4158 quod
1991 4088 2178 4142 animo
2237 4099 2634 4160 conceperunt,
2682 4091 2990 4160 exprimere
3055 4100 3360 4160 nequeunt.

1778 4179 1884 4234 Sed
1909 4194 2026 4240 vos,
2052 4179 2250 4246 inquit,
2284 4187 2520 4249 utroque
2552 4181 2708 4236 ditati
2740 4182 2874 4236 estis
2912 4199 2924 4235 :
2962 4191 3070 4235 tam
3106 4197 3363 4236 sermone

1775 4291 1938 4346 quam
1974 4276 2224 4331 scientia.
2260 4293 2276 4324 ι
2307 4272 2520 4340 Quibus
2543 4276 2917 4330 testimonium
2943 4276 3060 4331 Dei.
3104 4295 3122 4328 ι
3155 4276 3355 4341 Καθὼς

1776 4369 1992 4438 capitur
2019 4384 2119 4438 pro
2145 4368 2190 4420 δι
2217 4361 2310 4420 ὧν.
2338 4365 2618 4436 Siquidem
2650 4382 2748 4437 per
2793 4383 3126 4432 sermonem,
3158 4368 3357 4437 inquit,

1780 4471 1834 4516 et
1883 4459 2134 4514 traditam
2175 4475 2204 4512 a
2239 4459 2348 4512 Deo
2379 4458 2686 4522 scientiam,
2724 4457 3096 4512 testimonium
3127 4457 3353 4521 Christi,

121 4548 193 4599 διὰ
215 4550 428 4620 χάριτος
452 4548 612 4602 Θεοῦ.
638 4577 704 4588 -
735 4549 922 4602 ’Ἄλλο
950 4547 1145 4619 [ΦΩΤ.]
1181 4550 1349 4602 Πόθεν
1401 4549 1558 4620 δῆλον
1590 4552 1670 4603 ὅτι
1708 4561 1750 4616 ι)

1708 4561 1750 4616 ι)
1779 4553 1884 4607 hoc
1921 4562 2026 4615 est,
2069 4549 2405 4620 praedicatio,
2453 4547 2558 4603 ﬁde
2607 4549 2990 4603 conﬁrmatum
3023 4558 3104 4604 est
3147 4549 3202 4602 in
3238 4567 3355 4609 vos.

122 4643 490 4714 ἐπλουτίσθητε
522 4643 664 4713 λόγῳ
696 4644 787 4695 καὶ
814 4641 1010 4710 γνώσει
1037 4659 1052 4708 ;
1099 4644 1164 4696 ἐκ
1194 4644 1285 4696 τοῦ
1322 4643 1382 4696 τὸ
1412 4645 1672 4714 κήρυγμα

120 4732 202 4798 τῆς
225 4737 296 4795 εἷς
324 4732 562 4802 Χριστὸν
609 4733 863 4796 πίστεως,
914 4732 1275 4802 βεϐαιωθῆναι
1321 4734 1380 4786 ἐν
1409 4735 1556 4804 ὑμῖν.
1607 4735 1671 4787 Ἦ

122 4824 213 4891 γὰρ
234 4826 416 4878 τούτου
438 4824 730 4894 βεὸαίωσις
746 4825 802 4875 ἐν
829 4826 977 4893 ὑμῖν,
997 4828 1089 4878 καὶ
1119 4826 1276 4894 λόγου
1305 4828 1397 4879 καὶ
1419 4826 1672 4895 γνώσεως

123 4917 306 4981 γίνεται
343 4918 650 4990 μαρτύριον
679 4921 827 4989 ὑμῖν.
861 4937 878 4970 ι
905 4919 1219 4987 Μαρτύριον
1252 4919 1508 4990 Χριστοῦ.
1539 4939 1558 4972 ι
1603 4921 1674 4973 ’Ἡ

123 5010 173 5059 τὸ
199 5012 439 5064 ἑκούσιον
471 5013 567 5064 καὶ
605 5013 872 5081 σωτήριον
905 5012 1094 5074 πάθος,
1131 5011 1224 5064 καὶ
1259 5012 1442 5074 ἁπλῶς
1472 5013 1504 5082 ἡ
1533 5013 1673 5083 ὑπὲρ

127 5102 261 5169 ἡμῶν
289 5103 382 5157 τοῦ
408 5105 588 5170 Λόγου
619 5103 844 5168 κένωσις
874 5102 969 5155 καὶ
995 5102 1408 5175 ἐνανθρώπησις
1429 5120 1442 5133 ·
1481 5104 1506 5176 ἢ
1536 5122 1675 5175 μαρ-

126 5193 285 5263 τύριον
328 5194 570 5264 Χριστοῦ
615 5197 650 5266 ἡ
692 5195 800 5248 τῶν
847 5196 1086 5265 σημείων
1121 5195 1278 5264 χάρις
1329 5197 1424 5248 καὶ
1473 5197 1670 5266 δωρεά.

127 5284 217 5336 Καὶ
238 5286 340 5358 γάρ
365 5289 475 5339 εἰσὶ
505 5285 680 5338 ταῦτα
722 5284 1024 5356 μαρτύριον
1059 5286 1156 5354 τῆς
1186 5285 1264 5346 εἰς
1312 5286 1548 5355 Χριστὸν
1581 5287 1672 5339 πί-

130 5387 294 5436 στεως.
345 5377 443 5429 καὶ
476 5376 575 5446 τῆς
599 5375 874 5445 θειότητος
907 5374 1069 5428 αὐτοῦ
1101 5377 1192 5429 καὶ
1231 5373 1668 5445 μεγαλειότητος.

127 5456 280 5521 Ἦσαν
303 5468 431 5537 γὰρ,
458 5462 600 5537 ἦσαν
622 5468 669 5520 oi
688 5466 962 5534 Κορίνθιοι
991 5465 1348 5529 πλουτοῦντες
1367 5468 1422 5518 ἐν
1442 5467 1673 5528 τούτοις.

138 5554 267 5609 Ἐπεὶ
301 5556 410 5619 οῦν,
449 5558 610 5626 φησὶ,
662 5558 835 5612 ταῦτα
879 5559 1073 5625 ὁρᾶται
1106 5558 1160 5612 ἐν
1193 5559 1321 5624 ὑμῖν
1361 5559 1417 5610 ἐν
1445 5557 1676 5628 ἀφθονίᾳ

131 5652 206 5701 καὶ
233 5651 539 5720 βεϐαιώσει,
561 5650 762 5716 καλῶς,
789 5652 942 5720 φησὶ,
964 5652 1300 5721 προείπομεν
1319 5651 1400 5704 ὅτι
1430 5652 1487 5702 ἐν
1513 5653 1676 5703 παντὶ

130 5736 247 5810 λόγῳ
272 5744 359 5796 καὶ
390 5743 547 5816 πάσῃ
573 5741 772 5811 γνώσει
794 5743 1203 5812 ἐπλουτίσθητε.
1237 5743 1416 5812 Μέρος
1435 5741 1676 5811 γὰρ·τῶν

133 5835 470 5903 χαριτμάτων,
517 5837 545 5888 ὃ
571 5852 627 5888 τε
660 5833 815 5903 λόγος
853 5836 997 5904 καὶὴ
1053 5834 1276 5902 γνῶσις,
1317 5836 1343 5886 ὁ
1387 5833 1485 5905 μὲν
1516 5834 1672 5902 λόγος

1780 4644 1924 4713 quod
1975 4641 2130 4696 vobis
2167 4656 2274 4694 non
2311 4641 2531 4709 propria
2579 4640 2764 4693 datum
2803 4647 2884 4693 est
2935 4640 3222 4704 industria,
3265 4648 3361 4694 aut

1780 4744 2004 4789 externa
2044 4732 2333 4802 sapientia,
2384 4731 2479 4786 sed
2513 4732 2610 4786 Dei
2655 4732 2848 4802 gratia.
2890 4759 2962 4772 ——
2987 4731 3165 4786 Aliud.
3200 4733 3357 4787 Unde

1783 4828 2131 4881 manifestum
2188 4834 2275 4880 est
2340 4825 2487 4895 quod
2557 4839 2811 4879 sermone
2870 4824 3025 4878 ditati
3099 4824 3218 4878 sitis
3293 4838 3358 4877 ac

1782 4919 2045 4973 scientia?
2074 4934 2140 4971 ex
2182 4932 2249 4970 eo
2281 4917 2423 4986 quod
2455 4915 2770 4984 prredicatio
2808 4914 2933 4969 ﬁdei
2976 4915 3027 4968 in
3053 4914 3354 4979 Christum,

1784 5010 2166 5063 conﬁrmatum
2227 5018 2310 5061 est
2349 5007 2402 5060 in
2449 5007 2626 5060 vobis:
2690 5006 2854 5074 iuljus
2921 5022 3156 5075 namque
3220 5025 3342 5061 run-

1786 5097 2022 5152 ﬁrmatio
2074 5099 2128 5150 in
2185 5097 2366 5160 vobis,
2402 5104 2456 5149 et
2496 5096 2768 5149 sermonis
2818 5104 2873 5150 et
2902 5096 3147 5150 scientiae
3197 5097 3354 5151 vobis

1785 5191 2158 5244 testimonium
2212 5198 2313 5242 est.
2370 5207 2386 5239 ι
2437 5188 2834 5243 Testimonium
2909 5187 3133 5243 Christi.
3172 5209 3190 5241 ι
3247 5189 3355 5246 Aut

1785 5282 2091 5337 voluntaria
2149 5291 2203 5335 et
2262 5280 2518 5334 salutaris
2551 5280 2752 5348 passio,
2804 5289 2973 5348 utque
3025 5295 3135 5334 uno
3183 5281 3354 5335 verbo

1784 5377 1986 5438 dicam,
2024 5374 2164 5427 facta
2218 5389 2313 5440 pro
2345 5373 2503 5424 nobis
2544 5371 2707 5425 Verbi
2744 5371 3042 5426 exinanitio
3082 5380 3137 5425 et
3173 5372 3355 5426 incar-

1783 5466 1936 5521 natio
1969 5483 1982 5518 :
2017 5475 2111 5518 aut
2136 5462 2506 5517 testimonium
2537 5461 2738 5516 Christi
2782 5461 2957 5531 gratia
2987 5471 3069 5516 est
3115 5462 3353 5516 domun-

1783 5575 1890 5630 que
1948 5558 2247 5627 signorum.
2291 5554 2573 5623 Siquidem
2624 5554 2738 5608 bzec
2793 5563 2923 5607 sunt
2980 5555 3353 5612 testimonium

1786 5651 1911 5706 ﬁdei
1963 5651 2015 5704 in
2068 5647 2350 5702 Christum
2405 5663 2467 5700 ac
2509 5646 2812 5700 divinitatis
2855 5657 2907 5698 et
2963 5649 3355 5714 magnitudinis

1783 5741 1922 5810 ejus.
1959 5739 2012 5793 In
2054 5738 2140 5791 bis
2165 5738 2311 5790 enim
2348 5736 2504 5804 ditati
2543 5743 2700 5789 erant
2743 5734 3030 5788 Corinthii.
3067 5736 3198 5790 Nam
3228 5754 3352 5790 rum

1785 5833 1921 5901 hmo,
1959 5831 2155 5902 inquit,
2191 5832 2244 5886 in
2278 5831 2432 5886 vobis
2468 5829 2894 5900 ςιιιιείιὶρξῑιῐὶιιιΐ,
2931 5831 3065 5885 bene
3100 5830 3357 5900 prmdixi-
