4194 6468
134 406 236 469 649

1027 400 1413 462 COMMENT.
1457 402 1531 461 ΙΝ
1579 403 1815 464 Ei’lST.
1866 404 1883 462 l
1932 407 2029 464 AD
2082 404 2441 466 (LORINTH.

3299 407 3405 471 650

136 536 275 581 στοις
308 514 719 587 εὐηγγελίζετο,
755 518 884 587 παρ’
910 515 995 582 οἷς
1032 518 1127 570 καὶ
1157 514 1519 569 ἐκινδύνευεν.
1563 535 1581 568 ι
1609 518 1719 569 05x

1832 517 2251 586 prohibebatur,
2306 519 2401 574 sed
2440 520 2490 572 id
2515 536 2733 590 quoque
2770 536 2833 575 ex
2905 520 3234 577 liberalitate
3272 540 3410 594 pra:-

133 611 188 660 ίν
221 608 383 679 σοφίᾳ
404 609 586 675 λόγου.
613 629 632 661 s
672 610 786 663 Οὐκ
813 605 988 674 εἶπεν,
1024 609 1139 663 Οὐκ
1171 610 1230 660 ἐν
1262 608 1422 679 σοφίᾳ
1454 608 1730 675 γνώσεως,

135 700 227 753 σλλ
258 716 272 731 ·
318 720 336 751 ι
373 700 485 753 Οῦκ
533 701 594 754 ὲν
628 703 789 772 σοφίᾳ
817 702 999 768 λόγου.
1038 720 1056 751 s
1097 700 1317 761 Καλῶς.
1372 698 1484 752 Καὶ
1521 700 1630 768 γάρ
1674 702 1732 753 έν

134 795 289 859 σοφία
313 794 568 858 γνώσεως
584 792 986 863 εὐηγγελίζετο.
1012 792 1104 845 Διὸ
1134 792 1230 845 καὶ
1255 791 1543 860 ἀλλαχοῦ,‹
1568 790 1730 843 ἰδιώ-

132 903 224 955 της
274 884 356 955 τῷ
409 886 577 956 λόγῳ,
665 885 872 938 ἀλλὀὐ
929 888 996 955 τῇ
1049 883 1314 952 γνώσει.»
1363 884 1427 936 Τί
1450 883 1560 953 γάρ
1612 884 1730 935 ἐστι

134 978 441 1049 σοφώτερον
473 979 507 1049 ἢ
547 980 625 1042 είς
648 979 851 1045 γνῶσιν
894 981 1121 1048 ἄμεινον
1173 977 1268 1030 xal
1317 978 1727 1048 λαμπρότερον,

132 1072 221 1125 τοῦ
247 1072 443 1141 μαθεῖν
473 1072 567 1125 καὶ
590 1071 800 1137 διδάξαι
820 1072 901 1124 ὅτι
926 1069 1147 1140 σταυρῷ
1168 1071 1262 1123 καὶ
1283 1069 1501 1139 θανάτῳ
1524 1069 1662 1139 κατή
1671 1086 1729 1139 ρ-

133 1182 291 1235 γηται
346 1166 612 1231 θάνατος;
669 1164 767 1217 καὶ
821 1164 883 1215 τὸ
940 1163 1211 1235 ἡμέτερον
1260 1162 1370 1216 τῶν
1419 1162 1726 1232 ἀνθρώπων

132 1259 304 1326 γένος,
342 1260 564 1329 μακρᾶς
600 1258 694 1311 καὶ
736 1256 1132 1327 χαλεπωτάτης
1174 1256 1274 1324 τῆς
1324 1254 1419 1308 τοῦ
1462 1254 1724 1307 Διαϐόλου

130 1353 449 1422 τυραννίδος
487 1350 901 1422 ἡλευθέρωταις
955 1369 972 1401 ι
1008 1349 1128 1402 ’Ὶνα
1163 1347 1238 1418 μὴ
1268 1347 1480 1418 κενωθῇ
1505 1348 1533 1400 ὀ
1559 1364 1724 1401 σταυ-

136 1441 217 1509 ρὸς
266 1439 366 1493 τοῦ
409 1440 675 1509 Χριστοῦ.
712 1458 731 1491 s
769 1439 889 1493 ’Ἱνα
926 1437 1001 1510 μὴ
1032 1436 1239 1507 βλάϐην
1286 1438 1379 1489 καὶ
1423 1437 1722 1489 ἐλάττωσιν

132 1533 401 1605 ὑπομείνῃ
429 1534 458 1584 ό
497 1532 755 1602 σταυρός.
798 1532 861 1584 Ei
887 1531 997 1601 γὰρ
1034 1532 1093 1583 ὲν
1130 1529 1295 1600 σοφία
1319 1529 1481 1596 λόγου
1515 1530 1722 1599 ἐκήρυ-

132 1624 220 1689 ξαν
263 1628 313 1679 oi
358 1625 671 1686 ἀπόστολοι,
697 1618 846 1693 εἶχόν
889 1639 1035 1686 τινες
1071 1622 1338 1692 νομίζειν,
1368 1620 1456 1674 διὰ
1494 1621 1591 1690 τὴν
1615 1621 1723 1673 τῶν

128 1718 292 1786 λόγων
319 1718 519 1782 πειθὼ,
554 1716 849 1770 πεπεῖσθαι
887 1716 1014 1778 τοὺς
1047 1714 1395 1786 ἀνθρώπους,
1424 1714 1483 1766 οὺ
1512 1714 1601 1766 διὰ
1621 1714 1721 1783 τὴν

128 1814 348 1881 δύναμιν
381 1810 475 1863 τοῦ
517 1809 930 1879 κηρυσσομένου
972 1807 1234 1878 Χριστοῦ,
1267 1808 1295 1859 ὃ
1317 1803 1383 1875 ἦν
1414 1807 1589 1876 βλάὸη
1624 1806 1717 1858 τοῦ

1833 607 2030 660 stabat.
2066 628 2082 658 ι
2118 609 2226 662 Sed
2285 620 2339 663 ut
2400 610 2754 679 Evangelium
2785 612 3159 680 prmdicarem.
3200 633 3218 665 ι
3276 615 3411 673 Nam

1834 696 1938 750 hoc
1969 698 2149 767 magni
2182 709 2299 753 erat
2328 700 2558 765 laboris,
2587 701 2845 769 quodque
2884 703 3125 757 ferreum
3160 706 3415 776 require-

1832 798 1914 842 ret
1942 788 2209 843 animum.
2244 792 2528 860 Siquidem
2567 793 2657 847 ille
2683 795 2792 862 jam
2824 796 3116 850 credentes
3149 797 3413 867 baptizat,

1831 879 1921 933 hic
1953 896 2085 934 vero
2111 879 2418 935 incredulis
2451 884 2814 953 E\‘ttllgcliUIll
2867 886 3234 955 praedicabat,
3267 893 3413 960 apud

1828 986 1967 1038 quos
1990 972 2156 1026 etiam
2178 974 2441 1041 periculis
2462 977 2863 1044 exponebatur.
2885 998 2902 1030 ι
2926 980 3045 1034 Non
3072 981 3127 1035 in
3143 983 3413 1052 sapientia

1832 1064 2028 1116 verbi.
2073 1083 2090 1114 ι
2129 1065 2248 1119 Non
2300 1066 2462 1131 dixit,
2530 1067 2651 1121 Non
2712 1068 2767 1122 in
2828 1070 3096 1139 sapientia
3146 1074 3414 1139 scientias,

1830 1154 1927 1209 sed
1966 1171 1978 1206 :
2018 1174 2035 1205 ι
2070 1154 2189 1209 Non
2220 1158 2274 1211 in
2307 1159 2576 1227 sapientia
2617 1160 2795 1216 verbi.
2828 1181 2847 1213 ι
2882 1162 3137 1219 Pulchre.
3178 1166 3313 1220 Nam
3363 1171 3417 1223 in

1828 1246 2099 1314 sapientia
2172 1250 2419 1303 scientiae
2470 1250 2830 1321 Evangelium
2879 1256 3237 1324 pmdicabat.
3290 1260 3417 1316 ideo

1827 1351 2047 1406 quoque
2084 1338 2216 1391 alibi
2250 1339 2385 1393 dicit
2415 1358 2427 1392 :
2466 1360 2482 1390 ι
2524 1342 2640 1396 Etsi
2668 1343 2957 1412 imperitus
2995 1361 3271 1414 sermone,
3307 1368 3417 1405 non

1830 1438 2013 1484 tamen
2038 1430 2294 1484 scientia.
2337 1452 2354 1483 ι
2398 1432 2542 1497 Quid
2565 1434 2716 1489 enim
2742 1436 3053 1506 sapientius
3084 1452 3190 1503 est,
3223 1452 3319 1494 aut
3348 1445 3416 1496 ad

1826 1521 2114 1574 scientiam
2172 1524 2372 1576 melius
2419 1540 2483 1577 ac
2534 1525 2925 1583 vehementius
2972 1546 3138 1599 quam
3175 1534 3321 1589 scire
3354 1551 3418 1589 ac

1826 1610 2025 1666 docere
2055 1612 2204 1683 quod
2236 1628 2400 1669 cruce
2431 1630 2496 1668 ac
2529 1627 2703 1670 morte
2732 1617 2952 1673 devicta
3007 1621 3081 1675 sit
3134 1639 3306 1685 mors,
3360 1638 3419 1680 et

1824 1715 2078 1761 nostrum
2136 1724 2332 1777 genus,
2383 1725 2580 1779 nempe
2625 1710 2917 1765 hominum
2940 1713 3101 1784 longa
3150 1731 3417 1770 maxnne-

1825 1814 1932 1866 que
1985 1800 2285 1855 miserabili
2337 1803 2542 1857 diaboli
2601 1806 2891 1875 tyrannide
2948 1806 3021 1861 sit
3080 1808 3417 1863 liberatum?

130 1903 476 1973 κηρύγματος
514 1902 611 1953 καὶ
640 1900 733 1953 τοῦ
766 1900 1029 1971 σταυροῦ,
1061 1899 1177 1953 Νῦν
1207 1900 1265 1953 δὲ
1295 1900 1372 1969 τῷ
1414 1899 1719 1971 ἀγραμμά-

1833 1908 1850 1939 ι
1884 1890 1962 1944 Ne
1992 1904 2293 1947 evacuetur
2321 1910 2453 1947 crux
2482 1895 2691 1950 Christi
2718 1940 2731 1951 .
2773 1918 2789 1948 ι
2830 1899 2908 1953 Nc
2934 1913 3331 1956 nocumentum
3362 1914 3418 1957 et

129 2012 233 2057 τοις
262 1996 362 2047 καὶ
394 1992 633 2056 ἰδιώταις
664 1992 978 2061 ἀνθρώποις
1030 1992 1121 2046 τόν
1156 1993 1363 2062 κόσμον
1412 2009 1716 2045 πεπιστευ-

131 2087 299 2152 κέναι,
326 2086 430 2156 τὴν
464 2088 560 2141 τοῦ
608 2086 848 2158 Χριστοῦ
895 2085 1128 2153 δύναμιν
1174 2083 1567 2153 ἀνακηρύττει.
1604 2084 1709 2135 Κε-

132 2176 309 2231 νοῦται
346 2180 459 2249 γὰρ
501 2180 599 2232 καί⁵
654 2174 1097 2239 κατευτελίζεται
1136 2177 1165 2228 ὁ
1197 2174 1431 2240 σταυρὸς
1464 2174 1556 2227 τοῦ
1582 2176 1716 2245 Χρι-

134 2270 249 2322 στοῦ
282 2272 405 2339 ἦτοι
430 2271 493 2323 τὸ
525 2271 669 2341 ὑπὲρ
712 2270 872 2340 ἡμῶν
900 2269 1151 2322 ἑκούσιον
1179 2267 1351 2330 πάθος
1378 2266 1568 2329 αὐτοῦ,
1598 2270 1711 2328 τοῖς

132 2363 260 2431 λόγῳ
312 2363 509 2431 σοφίας
560 2364 653 2416 καὶ
692 2361 1015 2431 πιθανότητι
1038 2360 1408 2430 πειρωμένοις
1454 2358 1621 2411 αὑτοῦ
1654 2359 1714 2410 τὸ

134 2456 413 2524 μεγαλεῖον
444 2457 539 2510 καὶ
566 2456 665 2525 τὴν
697 2455 954 2524 θειότητα
1008 2453 1386 2523 παραστῆσαι.
1432 2452 1556 2513 Πῶς
1608 2450 1714 2521 γάρ

131 2548 235 2599 ἐστι
265 2547 325 2599 τὸ
362 2547 505 2617 ὑπὲρ
539 2547 697 2614 λόγον
729 2546 822 2599 καὶ
866 2544 1050 2613 φύσιν,
1074 2543 1255 2611 λόγοις
1287 2541 1380 2594 καὶ
1412 2540 1574 2609 τέχνη
1608 2542 1717 2592 τινὶ

132 2643 510 2710 παραστῆσαις
548 2640 645 2703 Τίς
690 2638 747 2692 δὲ
783 2640 878 2692 καὶ
912 2638 1070 2709 χρεία
1121 2636 1298 2704 λόγων
1334 2639 1427 2687 καὶ
1467 2632 1714 2697 πειθοῦς,

131 2733 227 2785 τῶν
257 2733 504 2802 σημείων
530 2733 624 2785 καὶ
652 2731 946 2801 θαυμάτων
970 2728 1154 2799 μεῖζον
1176 2729 1273 2782 καὶ
1297 2729 1480 2797 φωνῆς
1499 2726 1717 2795 ἁπάσης

130 2825 513 2893 κεκραγότων,
572 2824 667 2875 καὶ
724 2824 903 2876 πάντα
958 2821 1052 2874 τὸν
1103 2821 1431 2891 βουλόμενον
1480 2820 1573 2871 ἐπὶ
1618 2818 1717 2887 τὴν

133 2916 402 2968 εὐσέϐειαν
433 2915 527 2967 καὶ
556 2911 619 2965 τὸ
650 2913 915 2983 κήρυγμα
944 2910 1470 2982 χειραγωγούντων;

1825 1982 2194 2053 abjectionem
2235 2002 2372 2040 crux
2410 1988 2702 2043 sustineat.
2734 1990 2953 2046 Etenim
2991 1992 3036 2046 si
3068 1993 3121 2047 in
3149 1997 3416 2061 sapientia

1824 2079 2100 2134 sermonis
2137 2081 2534 2149 prtedicasscnt
2591 2085 2852 2154 apostoli,
2904 2090 3223 2155 potuissent
3274 2105 3417 2144 non-

1822 2170 1958 2224 nulli
1988 2172 2314 2228 existimare
2336 2174 2485 2243 quod
2518 2185 2746 2245 propter
2781 2192 3103 2232 sermonum
3140 2196 3416 2250 apparen-

1821 2262 1951 2315 tiam
1971 2265 2221 2333 persuasi
2244 2264 2765 2335 fuissenthomines,
2786 2286 2894 2323 non
2913 2281 3140 2340 propter
3157 2272 3413 2327 virtutem

1820 2351 2029 2407 Christi
2097 2356 2193 2424 qui
2273 2358 2704 2425 prmdicabatur,
2786 2360 2934 2428 quod
3005 2375 3411 2419 nocumcntum

1824 2444 2018 2498 luisset
2045 2448 2453 2513 prmiicationis
2473 2458 2529 2505 et
2558 2452 2763 2506 crucis.
2800 2453 2958 2508 Nunc
3017 2463 3201 2508 autem
3254 2473 3413 2511 mun-

1825 2536 1955 2589 dum
1998 2538 2299 2594 illitteratis
2323 2556 2387 2595 ac
2428 2542 2705 2612 imperitis
2737 2546 3041 2601 credidisse
3073 2548 3412 2613 hominibus,

1826 2629 2033 2683 Christi
2100 2632 2365 2687 virtutem
2450 2635 2717 2691 declarat.
2791 2638 3105 2693 Evacuatur
3179 2640 3327 2693 enim
3357 2652 3415 2694 et

1826 2721 2041 2791 abjecta
2072 2725 2324 2778 redditur
2357 2743 2492 2780 crux
2518 2727 2752 2793 Christi,
2783 2730 2901 2783 sive
2951 2731 3265 2785 voluntaria
3294 2733 3414 2802 ejus

1826 2815 2011 2884 passio
2069 2833 2173 2885 pro
2232 2818 2411 2883 nobis,
2477 2822 2547 2875 ab
2596 2821 2685 2876 bis
2732 2823 2828 2892 qui
2885 2824 3319 2893 magnitudinem
3351 2841 3415 2879 ac

1827 2906 2180 2962 divinitatem
2249 2912 2391 2981 ejus,
2476 2916 2748 2984 sapientia
2816 2932 2882 2970 ac
2943 2917 3414 2986 persnasibilitato

132 3006 369 3062 nituntur
415 3006 825 3059 demonstrare.
876 3002 1013 3057 Nam
1054 3003 1150 3073 qui
1200 3001 1320 3057 ﬁeri
1381 3010 1585 3073 potest,
1633 3008 1693 3056 ut
1736 2999 1884 3069 quod
1930 3016 2101 3070 supra
2130 3017 2443 3058 sermonem
2492 3021 2556 3060 ac
2602 3017 2856 3061 naturam
2913 3019 3019 3075 est,
3069 3026 3325 3065 sermone
3361 3020 3416 3067 et

132 3111 234 3154 arte
264 3100 503 3171 quadam
540 3096 989 3152 demonstretur?
1027 3095 1143 3150 lmo
1181 3112 1304 3166 quae
1341 3098 1508 3151 etiam
1544 3095 1847 3151 necessitas
1896 3104 1982 3149 est
2026 3110 2349 3151 sermonum
2382 3098 2716 3169 virtutisque
2740 3097 3066 3166 ﬂexanimze,
3100 3120 3222 3158 cum
3258 3104 3413 3173 signa

133 3210 187 3248 ac
212 3194 477 3247 miracula
506 3194 705 3250 fortius
738 3194 888 3248 omni
918 3208 1049 3248 voce
1065 3194 1303 3248 clament
1340 3208 1671 3263 omnemque
1702 3194 1974 3245 volentem
1998 3190 2067 3245 ad
2099 3192 2361 3261 pietatem
2386 3206 2439 3247 et
2466 3195 2911 3263 praedicationem
2946 3199 3253 3253 deducant?

212 3288 273 3340 Ὀ
301 3289 489 3357 λόγος
520 3286 631 3356 γὰρ
667 3290 699 3340 ὀ
731 3287 837 3342 τοῦ
871 3287 1170 3354 σταυροῦ,
1201 3286 1328 3352 τοῖς
1374 3284 1489 3353 μὲν
1523 3286 1715 3338 ἀπολ-

1891 3284 1931 3345 l,
1959 3280 2145 3339 18-20.
2169 3282 2356 3338 Sermo
2380 3287 2520 3339 enim
2539 3304 2583 3337 σε
2620 3289 2730 3349 ιεὶε,
2751 3289 2828 3342 Itis
2847 3289 3058 3358 quidem
3075 3292 3163 3359 qui
3189 3300 3413 3361 pereunt

134 3380 425 3448 λινμένοις,
453 3380 647 3448 μωρία
682 3377 851 3431 ἐστι’.
890 3378 1019 3443 Τοῖς
1055 3377 1124 3430 δὲ
1160 3376 1519 3447 σωζομένοις
1546 3376 1710 3445 ἡμῖν,

1822 3377 2048 3432 stultitia
2080 3388 2156 3431 est
2189 3395 2207 3431 :
2242 3379 2389 3432 nobis
2421 3387 2600 3433 autem
2631 3382 2720 3450 qui
2748 3380 2979 3434 salutent
3013 3384 3409 3453 consequimur,

136 3471 371 3539 δύναμις
407 3472 557 3525 Θεοῦ
586 3471 741 3523 ἐστι.
776 3470 1113 3537 remaneat
1152 3468 1299 3537 γάρ·
1340 3468 1577 3523 Ἀπολώ
1599 3467 1714 3534 τὴν

136 3580 337 3631 σοφίαν
384 3563 505 3615 τῶν
534 3563 764 3631 σοφῶν,
802 3562 899 3615 καί
940 3561 1054 3629 τὴν
1086 3563 1346 3615 σύνεσιν
1373 3560 1493 3613 τῶν
1529 3576 1710 3613 συνε-

138 3654 239 3705 τῶν
260 3656 555 3719 ἀθετήσω.
585 3654 710 3707 Ποῦ
742 3656 967 3722 σοφός;
993 3651 1116 3706 11οὗ
1145 3652 1557 3722 γραμματεύς;
1586 3650 1709 3703 Ποῦ

138 3746 462 3814 ιὐζιιτητὶις
486 3747 590 3799 τοῦ
629 3744 849 3811 αἰῶνος
884 3746 1140 3807 τούτου;
1173 3744 1319 3812 Οὐχὶ
1346 3742 1650 3812 ἐμώρανεν
1678 3746 1711 3795 ό

141 3840 269 3903 Θεὰς
301 3840 415 3906 τὴν
438 3838 673 3905 σοφίαν
703 3836 809 3891 τοῦ
840 3839 1073 3905 κόσμου
1105 3838 1320 3891 τούτου
1338 3852 1357 3900 ;

203 3932 351 3993 Εἰκὸς
385 3929 528 3983 εἶναι
553 3932 685 4000 παρ’
715 3931 897 3991 αὐτοῖς
923 3930 1215 3994 ἀπίστους,
1237 3929 1287 3982 οἳ
1326 3928 1576 3996 διέσυρον
1616 3926 1709 3979 τὸν

142 4028 374 4095 σταυρόν.
398 4025 571 4094 Φησὶν
588 4020 702 4077 οῦν·
730 4024 914 4093 Μηδὲν
942 4021 1247 4091 ξενισθῆτε.
1270 4020 1395 4084 Τοῖς
1415 4023 1524 4093 γάρ
1545 4022 1709 4073 ἀπολ-

142 4116 391 4184 λυμένοις,
417 4119 487 4170 τὰ
510 4120 591 4180 εἰς
617 4117 894 4187 σωτηρίαν
919 4114 1143 4169 δοθέντα
1167 4115 1319 4186 παρὰ
1340 4114 1497 4181 Θεοῦ,
1529 4115 1709 4184 μωρία

143 4204 264 4261 sint
284 4212 446 4263 δοκεῖ.

205 4302 399 4372 [ΦΩἸἉ]
439 4303 689 4354 Δείκνυσι
718 4302 925 4365 λοιπὸν,
948 4302 1029 4354 ὅτι
1055 4301 1176 4354 οὐδὲ
1200 4302 1327 4372 ὲνῆν
1349 4301 1494 4371 λόγῳ
1519 4302 1710 4368 copia;

146 4397 577 4463 προσαγαγέσθαι
606 4399 760 4458 τινὰς
801 4395 879 4465 τῷ
928 4395 1268 4465 κηρύγματι.
1314 4394 1373 4447 Ὀ
1424 4396 1534 4465 γάρ
1581 4399 1711 4466 περὶ

144 4484 225 4536 τοῦ
266 4487 501 4554 σταυροῦ
537 4488 717 4555 λόγος,
748 4489 807 4540 οὐ
849 4489 1009 4558 μόνον
1035 4489 1094 4540 οὑ
1129 4489 1420 4557 προσάγει,
1449 4488 1584 4541 ἀλλα
1618 4489 1711 4541 καὶ

146 4580 238 4641 τοῖς
258 4581 652 4650 ἀπολλυμένοις
674 4581 853 4651 μωρία
882 4582 1049 4635 δοκεῖ,
1076 4582 1139 4633 Εί
1170 4580 1227 4635 δὲ
1249 4580 1431 4646 τοῦτο,
1456 4583 1509 4635 τί
1541 4583 1607 4635 ἄν
1627 4598 1713 4645 τις

146 4670 243 4739 ἔχοι
291 4673 470 4740 λέγειν
516 4674 646 4742 περὶ
688 4673 782 4726 τοῦ
819 4674 1176 4745 κηρύγματος
1201 4716 1215 4740 ,
1272 4676 1348 4746 μὴ
1386 4675 1569 4728 πάντα
1613 4676 1711 4745 τῆς

1817 3474 2052 3541 potentia
2106 3470 2204 3524 Dei
2227 3480 2323 3524 est.
2393 3470 2663 3541 Siquidem
2720 3476 2977 3544 scriptum
3018 3484 3095 3529 est
3130 3492 3147 3528 :
3180 3476 3409 3532 Perdant

1814 3565 2137 3633 sapientiam
2159 3566 2479 3633 sapientium
2501 3576 2550 3618 et
2569 3566 2978 3634 intelligentiam
3000 3568 3408 3638 intelligentiam

1816 3653 2079 3719 reficiam.
2127 3651 2223 3704 libi
2269 3654 2531 3721 sapiens?
2582 3653 2672 3707 L’bi
2720 3654 2941 3706 scriba?
2978 3654 3072 3708 Ubi
3105 3656 3407 3726 disputator

1813 3746 1972 3814 hujus
2008 3744 2236 3798 seculi?
2297 3746 2487 3798 Annon
2532 3747 2819 3813 infamavit
2876 3746 3013 3800 Deus
3081 3750 3404 3817 sapientiam

1816 3838 2000 3889 mundi
2024 3838 2213 3906 hujus?

1886 3930 2197 3984 Verisimile
2222 3930 2646 3984 estinercdulos
2671 3930 2841 3984 fuisse
2912 3932 3055 4001 apud
3104 3933 3254 4003 ipsos
3308 3936 3403 4003 qui

1812 4021 1961 4073 cruci
1985 4020 2359 4075 detraherent.
2387 4021 2477 4074 Ait
2507 4036 2638 4091 ergo
2672 4039 2685 4075 ;
2710 4022 2856 4075 Nihil
2875 4023 3073 4077 mirum
3093 4033 3401 4079 autnovum

1818 4113 1971 4167 vobis
1999 4112 2255 4168 videatur
2270 4155 2283 4178 ,
2303 4113 2575 4183 siquidem
2595 4115 2683 4168 his
2703 4116 2796 4184 qui
2822 4128 3078 4185 pereunt,
3098 4132 3162 4170 ea
3187 4134 3308 4186 qua:
3336 4118 3406 4171 ad

1815 4206 2050 4259 salutem
2110 4222 2141 4259 a
2173 4207 2286 4261 Deo
2337 4207 2463 4261 data
2497 4217 2646 4269 sunt,
2714 4208 2947 4261 stultitia
2976 4225 3100 4263 esse
3121 4210 3403 4263 videntur.

1884 4296 2047 4368 425
2060 4296 2730 4368 Ostenditconsequenter
2746 4300 2893 4368 quod
2920 4299 3036 4354 ﬁeri
3064 4316 3172 4355 non
3197 4312 3404 4370 posset,

1816 4398 2138 4444 utsermone
2160 4389 2444 4459 sapientia:
2462 4391 2871 4445 adducerentur
2884 4391 3109 4461 quidam
3124 4391 3191 4446 ad
3213 4392 3409 4461 praedi-

1815 4481 2088 4535 cationem
2106 4499 2120 4534 :
2141 4482 2417 4552 siquidem
2442 4498 2624 4538 sermo
2646 4484 2713 4538 de
2735 4500 2898 4538 cruce
2922 4500 3031 4538 non
3058 4492 3269 4538 tantum
3294 4500 3407 4538 non

1813 4571 2060 4636 adducit,
2084 4575 2179 4627 sed
2201 4574 2371 4629 etiam
2390 4574 2622 4628 stultitia
2638 4575 2859 4628 videtur
2898 4576 2983 4629 his
3029 4578 3121 4646 qui
3148 4584 3407 4647 pereunt.

1815 4664 1973 4730 Quod
1997 4666 2043 4718 si
2065 4666 2170 4719 hoc
2187 4666 2262 4719 ita
2283 4675 2387 4730 est,
2408 4667 2677 4735 quidnam
2706 4667 2890 4721 dicere
2928 4678 3112 4737 posset
3132 4668 3408 4738 quiSpiam

147 4765 345 4831 χάριτος
397 4764 549 4833 αὑτῷ
606 4767 986 4836 χορηγούσης;
1026 4784 1044 4816 ι
1092 4767 1220 4830 Τοῖς
1267 4766 1324 4819 δὲ
1373 4766 1707 4836 σωζομένοις

1822 4757 1884 4809 de
1941 4756 2331 4824 praedicatione
2357 4797 2372 4821 ,
2412 4772 2537 4812 cum
2591 4760 2761 4827 gratia
2789 4759 2891 4828 ipsi
2916 4774 3025 4813 non
3065 4762 3250 4813 omnia
3280 4775 3409 4829 snp-

147 4854 533 4927 ήμῖν,δύναμις
572 4857 716 4910 Θεοῦ
745 4858 885 4911 ἐστι.
922 4876 941 4909 ι
989 4859 1053 4911 Ui.
1087 4858 1196 4929 γάρ
1229 4858 1303 4929 μὴ
1339 4858 1715 4929 ἐξεστηκότες,

150 4946 245 5000 ἀλλ’
278 4944 353 5013 οἷς
392 4951 515 5003 ἐστι
564 4951 840 5021 σωτηρίας
887 4950 1065 5014 ἐλπὶς,
1095 4953 1160 5003 ὲκ
1235 4952 1427 5005 τούτου
1484 4952 1719 5029 μάλιστα

150 5043 465 5113 γινώσκομεν
502 5045 603 5113 τὴν
631 5044 867 5113 δύναμιν
921 5046 1017 5097 καὶ
1046 5044 1144 5115 τὴν
1180 5045 1371 5113 σοφίαν
1422 5046 1518 5099 τοῦ
1555 5045 1715 5099 θεοῦ.

152 5134 365 5204 Δύναμιν
397 5138 524 5207 μὲν,
554 5139 637 5190 ὅτι
668 5137 882 5206 θανάτῳ
912 5138 1143 5191 θάνατον
1183 5138 1362 5190 ἔλυσε*
1400 5139 1593 5208 σοφίαν
1640 5139 1717 5200 δὲ,

148 5222 219 5275 ὅτι
265 5225 434 5294 τούτῳ
503 5224 586 5295 τῷ
628 5225 817 5295 τρόπῳ
864 5225 1214 5289 ἀπολωλότας
1256 5227 1502 5283 διέσωσε.
1547 5249 1564 5280 ι
1603 5224 1712 5281 Ποῦ

155 5312 291 5377 σοφός
316 5330 329 5378 ;
367 5333 384 5363 ι
417 5313 619 5367 Λαϐὼν
644 5314 958 5385 παρρησίαν
992 5314 1099 5367 ἀπὸ
1128 5314 1228 5384 τῆς
1260 5315 1502 5384 Γραφῆς,
1530 5317 1714 5371 λοιπὸν

154 5400 465 5454 καθάπτεται
505 5401 720 5455 αὐτῶν·
760 5420 778 5452 ι
809 5400 918 5453 Ποῦ
951 5402 1145 5469 σοφόςς
1188 5419 1205 5452 ι
1239 5402 1370 5473 περὶ
1410 5402 1711 5473 Ἑλλήνων·

154 5486 333 5555 λέγων’
371 5510 389 5543 ι
422 5491 534 5544 Ποῦ
573 5490 969 5563 γραμματεύς;
999 5510 1019 5543 s
1054 5491 1183 5560 περὶ
1228 5491 1519 5546 Ἰουδαίων.
1552 5511 1570 5543 ι
1604 5494 1713 5546 Ποῦ

158 5574 465 5648 συζητητηςς
508 5598 525 5628 ι
562 5578 859 5633 Τουτέστιν
883 5620 897 5641 ,
930 5582 980 5633 oi
1014 5581 1298 5650 λογισμοῖς
1337 5582 1434 5634 καὶ
1465 5582 1715 5652 ὲρεύναις

155 5666 211 5715 τὰ
240 5667 408 5721 πάντα
438 5670 860 5739 ἐπιτρέψαντες.
891 5663 1053 5724 Οὗτοι
1096 5670 1206 5741 γὰρ
1239 5671 1438 5735 πάντες
1460 5713 1477 5737 ,
1516 5672 1718 5727 ώσανεὶ

158 5754 336 5826 ἔλεγεν,
374 5762 687 5833 ἐξαρπάσαι
733 5764 857 5816 τινα
909 5763 1010 5834 τῆς
1073 5765 1282 5834 πλάνης
1326 5766 1426 5818 οὐκ
1467 5767 1713 5836 ἴσχυσαν.

158 5851 270 5921 Dixi
320 5856 604 5929 ἐμώρανεν
662 5859 691 5909 ό
739 5857 873 5920 θεὸς
941 5858 1039 5928 τὴν
1100 5858 1295 5925 σοφίαν
1351 5858 1447 5911 τοῦ
1503 5860 1715 5929 κόσμου

448 5958 723 6018 Ριταοῑ..
773 5956 891 6018 Gn.
934 5958 1219 6023 CXVIII.

1818 4847 2025 4917 peditct
2056 4848 2079 4900 ?
2112 4866 2130 4898 ι
2167 4848 2338 4903 Nobis
2363 4860 2544 4903 autem
2580 4851 2674 4920 qui
2722 4853 2954 4905 salutem
2989 4851 3408 4919 consequimur,

1822 4940 2063 5009 potentia
2114 4940 2210 4994 Dei
2249 4951 2357 4995 est.
2417 4960 2435 4992 ι
2472 4941 2606 4995 Nam
2656 4942 2750 5010 qui
2805 4958 2917 4995 non
2952 4942 3251 5005 resilimus,
3312 4942 3409 4997 sed

1821 5048 1973 5099 spem
2030 5033 2301 5087 habemus
2356 5034 2585 5098 salutis,
2640 5051 2709 5089 ex
2759 5036 2867 5090 hoc
2927 5035 3279 5105 potissimum
3309 5034 3409 5089 Dei.

1824 5127 2121 5194 petentiam
2181 5136 2237 5181 et
2283 5130 2609 5195 sapientiam
2639 5128 3028 5199 cognoscimus
3057 5145 3071 5180 :
3101 5126 3407 5197 potentiam

1824 5219 2068 5289 quidem,
2115 5220 2263 5290 quod
2294 5232 2474 5277 morte
2523 5222 3406 5292 solveritmortem;sapientiam

1824 5327 1981 5372 vero.
2016 5312 2165 5381 quod
2186 5314 2296 5383 jam
2327 5314 2595 5384 perditos,
2633 5317 2741 5371 hoc
2769 5318 2932 5369 modo
2966 5315 3151 5369 salvos
3176 5314 3406 5369 fecerit.

1830 5421 1849 5454 ι
1885 5403 1990 5457 Ubi
2015 5405 2275 5474 sapiens?
2311 5425 2328 5457 ι
2365 5404 2595 5477 Sumpta
2620 5408 2883 5478 loquendi
2910 5409 3165 5463 libertate
3189 5425 3219 5462 a
3257 5408 3411 5464 Seri-

1823 5504 2008 5566 ptura,
2039 5512 2137 5552 eos
2170 5498 2518 5567 postmodum
2542 5500 2817 5570 objurgat,
2864 5500 3094 5555 dicens:
3124 5500 3227 5555 Ubi
3264 5518 3282 5550 ι
3313 5514 3409 5554 sa-

1819 5587 2039 5658 piens?»
2066 5589 2135 5644 de
2174 5589 2416 5647 Graecis:
2445 5609 2462 5641 ι
2492 5591 2596 5648 Ubi
2625 5592 2932 5647 scriba?de
2951 5590 3157 5646 Iudaeis
3189 5607 3204 5644 :
3241 5608 3259 5643 ι
3299 5589 3407 5645 Ubi

1819 5680 2183 5751 disputator?
2218 5701 2237 5733 ι
2277 5682 2391 5736 lloc
2444 5691 2563 5747 est,
2626 5683 2721 5753 qui
2774 5680 3299 5737 ratiocinationibus
3342 5694 3409 5732 ac

1818 5772 2260 5829 scrutationihus
2300 5776 2487 5829 omnia
2527 5775 2903 5829 committunt.
2934 5774 3012 5829 Ac
3057 5773 3105 5827 si
3158 5773 3405 5828 diceret:

1819 5863 1886 5919 Hi
1913 5867 2061 5922 enim
2090 5881 2284 5923 omnes
2323 5868 2537 5923 nullum
2594 5869 2663 5923 ab
2710 5884 2900 5923 errore
2959 5874 3262 5935 potuerunt
3296 5862 3406 5919 eri-

2958 5967 3030 6025 ‘21
