4194 6468
786 404 884 465 651

1846 412 2244 473 CECUMENII
2279 411 2573 473 TRlCCE
2604 411 2944 471 EPlSCOI’I

3862 380 3866 387 ’
3941 414 4055 477 652

780 533 933 589 pere.
971 536 989 569 ι
1027 518 1224 573 Annon
1260 520 1549 577 infatuavit
1608 523 1752 578 Deus
1802 526 2126 595 sapientiam
2166 526 2354 580 mundi

2462 524 2652 577 τούτου
2676 539 2689 589 ;
2729 541 2748 573 ι
2787 523 2995 584 Πάντες
3019 518 3129 592 γὰρ
3155 520 3206 574 οί
3232 519 3520 591 δοκοῦντες
3543 514 3685 575 εἶναι
3720 522 3873 591 σοφοῖ
3899 522 4056 591 ἐμω-

782 611 986 682 hujus?
1020 632 1037 662 ι
1077 611 1280 667 Omnes
1306 613 1451 667 enim
1484 615 1577 684 qui
1609 617 1888 685 sapientes
1934 633 2055 673 esse
2087 618 2355 672 videban-

783 715 873 757 tur
906 703 1156 757 infatuati
1178 712 1325 769 sunt,
1357 705 1496 760 adeo
1526 717 1585 761 ut
1611 709 1687 761 illi
1715 708 1963 762 invenire
1998 724 2104 763 non
2132 718 2359 779 possent

783 811 905 864 qua:
934 812 961 847 a
997 796 1371 863 piscatoribus
1393 807 1448 851 et
1483 799 1783 853 illitteratis
1813 800 2134 857 hominibus
2160 803 2359 873 pr:edi-

780 896 899 939 cata
933 895 1064 939 sunt
1102 896 1158 940 et
1208 891 1553 943 conlirmata.
1590 890 1881 957 Quomodo
1911 904 2097 948 autem
2149 894 2356 947 conﬁr-

777 976 985 1031 mavit?
1028 977 1142 1032 lloc
1187 990 1292 1042 est,
1337 980 1561 1035 stultam
1610 999 1730 1039 esse
1784 988 2052 1056 coarguit,
2099 1001 2166 1040 eo
2209 986 2356 1055 quod

778 1068 1063 1122 veritatem
1087 1069 1336 1123 invenire
1358 1086 1466 1124 non
1490 1074 1850 1140 possent.—A
1863 1074 1990 1128 liud.
2016 1074 2355 1144 Sapientiam

776 1160 968 1214 mundi
1020 1170 1178 1214 vocat
1211 1162 1628 1231 eloquentiam;
1661 1166 1865 1219 etenim
1917 1167 2079 1238 hujus
2133 1168 2359 1239 largitor

775 1253 920 1306 Deus
946 1260 1049 1307 est.
1092 1253 1227 1307 Nam
1263 1267 1319 1308 et
1351 1256 1467 1324 ipse
1503 1256 1718 1326 linguas
1752 1259 1960 1325 divisit,
1996 1269 2050 1315 et
2100 1262 2357 1332 proprios

779 1345 981 1414 cuique
1011 1344 1365 1401 characteres
1398 1347 1704 1403 distribuit.
1740 1354 1929 1421 Itaque
1971 1352 2172 1407 Graecae
2221 1370 2359 1423 quo-

777 1453 885 1507 que
916 1438 1114 1507 linguae
1152 1440 1270 1508 ipse
1301 1438 1456 1493 dedit
1483 1440 1851 1508 splendorem.
1891 1442 1960 1494 At
1994 1442 2069 1494 illi
2123 1442 2227 1496 hoc
2270 1441 2355 1497 usi

777 1548 886 1584 non
916 1540 1046 1584 sunt
1089 1530 1155 1584 ad
1190 1531 1241 1583 id
1292 1530 1438 1599 quod
1502 1532 1771 1599 oportuit,
1826 1530 2124 1587 efﬁcientes
2176 1532 2352 1603 ipsam

775 1624 1119 1679 scductionis
1147 1623 1457 1687 illecebras,
1508 1623 1673 1694 idque
1723 1634 1947 1695 agentes
1977 1633 2036 1679 ut
2084 1626 2356 1679 sermonis

777 1717 1215 1787 persuasibilitas
1232 1733 1398 1771 causa
1432 1716 1589 1771 ﬁeret
1620 1717 2235 1772 introducendierroris
2256 1735 2355 1787 per

2471 617 2766 685 ράνθησαν,
2796 613 2875 683 τῷ
2910 612 2986 683 μὴ
3019 613 3312 683 δυνηθῆναι
3336 613 3537 677 αὐτοὺς
3574 614 3755 677 εὑρεῖν
3804 615 3952 684 άπερ
3992 614 4059 665 ἐκ

2465 708 2573 761 τῶν
2611 706 2804 760 ἁλιέων
2836 706 2930 759 καὶ
2961 706 3346 775 ἀγραμμάτων
3376 707 3718 775 κεκήρυκται
3765 706 3861 758 καὶ
3890 706 4060 756 πεπί-

2474 816 2711 852 στευται.
2734 799 2858 862 Πῶς
2899 797 2956 851 δὲ
3000 795 3289 866 ὲμώρανε;
3339 798 3607 856 τουτέστι,
3644 796 3836 865 μωράν
3887 793 4059 847 οὖσαν

2479 890 2697 961 ἤλεγξε,
2725 889 2803 959 τῷ
2839 889 2914 961 μὴ
2956 889 3176 959 ἰσχύσαι
3208 890 3390 960 εὑρεῖν
3425 888 3485 942 τὸ
3512 888 3729 958 ἀληθές.
3759 916 3829 929 ——
3848 889 4055 941 Ἄλλο.

2470 979 2799 1055 [ΘΕΟΔΩΡ.]
2818 981 3019 1050 Σοφίαν
3037 982 3131 1035 τοῦ
3155 983 3386 1051 κόσμου,
3406 981 3506 1053 τὴν
3523 979 3858 1049 εὐγλωττίαν
3876 979 4054 1032 καλεῖ.

2471 1075 2563 1127 καὶ
2589 1075 2697 1144 γὰρ
2735 1074 2938 1144 ταύτης
2974 1074 3211 1145 χορηγὸς
3237 1079 3264 1128 ὁ
3294 1074 3446 1136 Θεός.
3482 1074 3652 1137 Αὐτὸς
3677 1074 3787 1144 γὰρ
3816 1075 3911 1126 καὶ
3956 1072 4058 1133 τὰς

2469 1167 2719 1235 γλώσσας
2747 1167 2927 1233 διεῖλε,
2959 1168 3056 1219 καὶ
3086 1168 3295 1237 ἑκάστῃ
3352 1166 3710 1237 χαρακτῆρας
3752 1164 3914 1226 ίδίους
3951 1164 4058 1215 ἀπ-

2468 1257 2669 1321 ένειμε.
2703 1259 2813 1312 Καὶ
2834 1261 2900 1329 τῇ
2918 1256 3128 1311 Ἐλλάδι
3151 1257 3332 1309 τοίνυν
3364 1258 3541 1327 φωνῇ,
3570 1254 3732 1317 αὐτὸς
3758 1253 3925 1306 ἔδωκε
3955 1252 4059 1320 τὴν

2463 1348 2849 1421 λαμπρότητα.
2886 1352 2952 1403 Οἱ
3011 1350 3067 1403 δὲ
3116 1368 3180 1418 γε
3232 1350 3333 1402 οὐκ
3373 1351 3452 1412 εἰς
3482 1349 3600 1402 δέον
3636 1347 3809 1418 ταύτῃ
3849 1345 4061 1416 χρησά-

2467 1459 2638 1513 μενοι,
2670 1442 2869 1512 δέλεαρ
2892 1441 3069 1513 αὐτὴν
3105 1443 3204 1511 τῆς
3229 1442 3448 1511 ἀπάτης
3477 1442 3786 1509 ἀπέφηναν,
3833 1437 3930 1491 καὶ
3968 1454 4059 1488 ττι-

2464 1535 2631 1606 θανὴν
2665 1534 2762 1605 τὴν
2790 1534 3119 1605 μυθολογίαν
3156 1534 3254 1603 τῆς
3288 1535 3494 1603 πλάνης
3520 1532 3867 1604 εἰργάσαντο.
3908 1530 4062 1581 Κατ-

2462 1628 2653 1697 ηγορεῖ
2676 1627 2877 1691 τοίνυν,
2912 1627 2971 1679 οὑ
3005 1629 3104 1696 τῆς
3129 1626 3483 1693 εὐγλωττίας,
3517 1623 3653 1678 ἀλλά
3688 1624 3785 1693 τῆς
3814 1624 3872 1675 ἐν
3913 1620 4057 1691 αὐτῇ

2470 1720 2860 1788 κρυπτομένης
2893 1718 3267 1787 ψευδολογίας.

774 1812 1051 1865 l’abulosas
1066 1810 1537 1864 ratiocinationes.
1559 1810 1862 1881 Rcdarguit
1881 1811 2047 1881 igitur
2064 1828 2173 1865 non
2192 1812 2591 1881 eloquentiam,
2616 1812 2709 1866 sed
2728 1827 2848 1866 eam
2862 1827 2983 1880 quas
2998 1811 3050 1863 in
3067 1811 3180 1880 ipsa
3196 1820 3280 1864 est
3295 1807 3517 1863 fallendi
3535 1805 4055 1877 promptitudinem.

845 1905 887 1965 l,
916 1903 980 1957 21
1011 1930 1033 1942 ο
1066 1903 1155 1956 ‘23.
1196 1901 1635 1973 Quandoquidem
1675 1905 1813 1956 enim
1844 1905 1899 1957 in
1955 1904 2216 1974 sapientia
2265 1904 2362 1958 Dei
2399 1917 2437 1969 Β

772 2014 873 2049 non
904 1996 1145 2065 cognovit
1177 1998 1404 2049 mundus
1442 2014 1535 2067 per
1566 1998 1886 2067 sapientiam
1922 1997 2115 2063 Deum,
2154 1998 2353 2067 placuit

776 2090 880 2141 Deo
912 2105 1006 2158 per
1037 2089 1322 2141 stultitiam
1360 2090 1752 2156 prwdicationis
1782 2091 1955 2144 salvos
2010 2092 2184 2160 facere
2240 2108 2355 2144 ere-

770 2182 966 2234 dentes.
1001 2181 1265 2244 Quoniam
1305 2188 1354 2233 et
1389 2180 1564 2234 Judwi
1588 2183 1741 2253 signa
1772 2182 2067 2253 postulant,
2100 2192 2148 2235 et
2188 2182 2355 2237 Cra'ci

770 2273 1089 2339 sapientiam
1118 2282 1385 2341 quierunt.
1423 2273 1530 2326 Nos
1592 2284 1767 2327 autem
1798 2278 2148 2345 pra‘dicantus
2199 2276 2353 2331 Citri-

768 2374 907 2415 stum
938 2361 1270 2429 cruciﬁxum,
1297 2362 1473 2415 Judwi
1504 2363 1715 2432 quidem
1743 2366 2132 2434 oﬂ'endiculum,
2160 2365 2355 2420 Grttcis

769 2470 891 2506 t‘ero
923 2452 1232 2505 stultitiam.

841 2545 1007 2614 [‘26
1044 2565 1059 2594 ι
1102 2546 1157 2597 1η
1206 2544 1500 2613 sapientia.
1543 2564 1560 2595 ι
1593 2546 1725 2612 Qua:
1761 2546 2021 2601 videlicet
2082 2548 2136 2601 in
2197 2562 2351 2602 crea-

772 2638 910 2689 turis
940 2636 1240 2699 relucebat,
1273 2652 1469 2705 nempe
1496 2637 1549 2689 in
1573 2639 1713 2691 cmlo
1737 2647 1793 2691 et
1827 2639 1880 2690 in
1910 2648 2075 2691 terra.
2098 2638 2353 2703 Quando-

772 2727 1017 2796 quidem,
1086 2726 1287 2795 inquit,
1322 2742 1431 2780 non
1474 2727 1732 2796 cognovit
1782 2728 2023 2781 mundus
2052 2729 2223 2782 Deum
2261 2746 2357 2796 per

773 2818 938 2870 talem
975 2818 1149 2887 ipsius
1177 2817 1505 2886 sapientiam
1542 2833 1665 2885 qua:
1706 2817 1760 2871 in
1815 2820 2087 2873 creaturis
2134 2820 2357 2890 conspi-

774 2910 1047 2972 ciebatur,
1106 2911 1315 2978 placuit
1370 2911 1482 2963 Deo
1505 2926 1602 2979 per
1663 2924 1884 2964 crucem
1944 2912 2121 2964 salvos
2175 2912 2356 2966 facere

772 3017 869 3055 eos
892 3002 987 3070 qui
1020 3002 1332 3064 crederent,
1370 3017 1492 3069 quae
1518 3001 1751 3055 stultitia
1781 3016 1902 3056 esse
1928 3001 2149 3056 videtur
2178 3004 2359 3059 inere-

774 3093 942 3154 dulis,
971 3103 1028 3146 et
1053 3094 1137 3145 his
1164 3092 1258 3161 qui
1295 3102 1551 3161 pereunt.
1587 3091 1926 3160 Sapientiam
1954 3102 2138 3146 autem
2172 3095 2359 3163 appel-

774 3185 849 3237 lat
901 3186 1197 3237 humanam
1244 3199 1465 3253 quoque
1525 3184 1945 3253 intelligentiam
2002 3196 2059 3240 et
2088 3186 2355 3255 eloquen-

2552 1904 2786 1971 Ἐπειδὴ
2815 1906 2923 1973 γὰρ
2962 1904 3029 1955 ἐν
3062 1902 3135 1970 τῇ
3166 1903 3353 1969 σοφίᾳ
3392 1901 3503 1953 οὐκ
3548 1900 3702 1968 ἔγνω
3750 1900 3782 1950 ὀ
3824 1896 4057 1964 κόσμος

2457 1994 2555 2048 διὰ
2572 1995 2681 2060 τῆς
2694 1997 2918 2063 σοφίας
2948 1994 3054 2047 τὸν
3078 1995 3245 2058 Θεὸν,
3273 1992 3613 2056 εὐδόκησεν
3627 1992 3658 2043 ό
3673 1988 3814 2053 Θεὸς
3828 1985 3926 2039 διὰ
3946 1986 4056 2052 τῆς

2452 2088 2679 2157 μωρίας
2732 2088 2839 2141 τοῦ
2868 2087 3266 2155 κηρύγματος,
3320 2083 3517 2137 σῶσαι
3547 2083 3689 2145 τοὺς
3740 2081 4059 2133 πιστεύον-

2458 2199 2584 2246 τας.
2656 2178 2896 2245 Ἐπειδὴ
2946 2178 3045 2231 atat
3101 2176 3378 2233 Ἰουδαῖοι
3407 2173 3932 2243 σημεῖον-αἰτοῦσι.
3955 2171 4058 2223 καὶ

2458 2272 2762 2337 Ἓλληνες
2809 2272 3037 2338 σοφίαν
3083 2268 3391 2336 ζητοῦσιν,
3430 2268 3604 2337 ἡμεῖς
3636 2265 3709 2318 δὲ
3742 2266 4053 2332 κηρύσσο-

2452 2380 2567 2432 μεν
2642 2361 2903 2430 Χριστὸν
2982 2360 3480 2430 ἐσταυρωμένον,
3557 2358 3873 2421 Ἰουδαίοις
3935 2356 4058 2425 μὲν

2459 2454 2837 2519 σκάνδαλον,
2862 2455 3134 2521 Ἕλλησι
3168 2451 3238 2505 δὲ
3261 2454 3513 2521 μωρίαν.

2536 2566 2553 2596 ι
2580 2547 2667 2597 Ἐν
2688 2550 2752 2616 τῇ
2778 2546 2957 2617 σοφίᾳ.
2988 2565 3005 2596 ι
3033 2547 3111 2615 Τῇ
3129 2545 3218 2598 διὰ
3245 2544 3352 2597 τῶν
3382 2543 3700 2614 κτισμάτων
3723 2540 4054 2611 φαινομένῃ,

2457 2634 2566 2691 οῖον
2604 2637 2835 2709 ούρανοῦ
2866 2640 2961 2689 καὶ
3011 2638 3134 2705 γῆς.
3178 2636 3421 2705 Ἐπειδὴ,
3473 2636 3661 2703 φησὶν,
3710 2636 3811 2686 οὐκ
3839 2634 3989 2700 ἔγνω
4027 2636 4054 2684 ὁ

2460 2731 2663 2798 κόσμος
2693 2731 2784 2781 τὸν
2803 2728 2937 2780 Θεὸν
2973 2727 3061 2781 διὰ
3095 2727 3193 2796 τῆς
3220 2727 3474 2793 τοιαύτης
3508 2726 3673 2777 αὑτοῦ
3720 2724 3915 2792 σοφίας
3947 2726 4049 2791 τῆς

2458 2820 2904 2891 ὲνθεωρουμένης
2954 2822 3067 2882 τοῖς
3113 2819 3442 2887 κτίσμασιν,
3498 2818 3793 2886 εὐδόκησεν
3837 2818 3867 2868 ὁ
3914 2816 4057 2876 Θεὸς

2459 2914 2547 2967 διὰ
2580 2916 2675 2967 τοῦ
2704 2911 2938 2984 σταυροῦ
2968 2913 3140 2965 σῶσαι
3170 2913 3295 2975 τοὺς
3323 2911 3705 2972 πιστεύοντας,
3735 2910 3885 2969 ὅστις
3933 2926 4054 2976 μω-

2466 3008 2553 3077 ρία
2583 3008 2695 3068 τοῖς
2720 3006 2973 3067 ἀπίστοις
3004 3006 3097 3056 καὶ
3148 3004 3544 3073 ἀπολλυμένοις
3575 3001 3717 3056 εἶναι
3747 3004 3915 3055 δοκεῖ.
3953 3004 4053 3053 Xo-

2460 3099 2589 3165 (ρίαν
2617 3096 2695 3159 δὲ,
2734 3097 2829 3148 καὶ
2858 3096 2958 3166 τὴν
2992 3095 3347 3164 ἀνθρωπίνην
3378 3096 3633 3164 ἀνομάξει
3677 3097 3913 3156 σύνεσιν,
3959 3098 4055 3148 καὶ

2461 3190 2557 3258 τὴν
2595 3188 2948 3254 εύγλωττίαν,
2994 3187 3111 3257 ἦτοι
3146 3187 3276 3239 αὐτὸ
3320 3189 3380 3240 τὸ
3430 3188 3528 3256 τῆς
3560 3188 3756 3250 λέξεως
3791 3187 4051 3254 ἀνθηρὸν,

777 3278 929 3339 tiam,
963 3278 1077 3331 sive
1112 3277 1286 3346 ipsam
1323 3277 1591 3331 doctrina:
1613 3278 1979 3331 suavitatem:
2010 3289 2071 3332 ut
2106 3281 2358 3333 ostendat

2466 3282 2553 3334 ἶνα
2585 3281 2792 3350 διδάξῃ,
2821 3281 2903 3332 ὃτι
2950 3280 3041 3332 νοῦ
3074 3280 3301 3349 ποιητὴς
3342 3284 3368 3332 ὁ
3409 3280 3561 3341 Θεὸς,
3592 3282 3685 3333 καὶ
3730 3282 4050 3351 φρονήσεως

777 3370 948 3422 Deum
982 3370 1181 3423 mentis
1209 3384 1330 3424 esse
1362 3380 1671 3424 creatorem
1702 3380 1756 3424 et
1803 3372 2111 3440 prudentia:
2145 3388 2207 3426 ac
2238 3374 2356 3426 elo-

776 3459 1016 3529 quentia:
1038 3459 1399 3529 largitorem:
1433 3476 1746 3531 quanquam
1779 3463 2034 3516 nonnulli
2064 3464 2151 3517 his
2194 3466 2261 3517 ad
2291 3480 2355 3519 ea

777 3569 899 3622 quae
930 3568 1039 3607 non
1065 3561 1286 3621 oportet
1313 3553 1394 3605 usi
1437 3552 1565 3607 sint.
1602 3552 1902 3607 Stultitiam
1936 3570 2068 3609 vero
2093 3555 2358 3623 prazdica-

779 3644 947 3697 tionis
975 3643 1111 3697 dicit
1144 3642 1558 3712 simplicitatem
1595 3643 1923 3698 dictionum.
1962 3645 2141 3698 Divini
2180 3646 2356 3714 siqui-

778 3734 904 3788 dem
955 3732 1215 3802 discipuli
1269 3733 1453 3786 idiota:
1508 3742 1687 3797 erant,
1736 3734 1883 3803 quod
1926 3736 1991 3787 ad
2046 3750 2354 3788 sermonem

775 3827 995 3893 attinet,
1027 3825 1123 3881 sed
1146 3825 1345 3879 divites
1372 3825 1622 3879 scientia.
1656 3845 1672 3876 ι
1705 3826 1769 3879 Ει
1793 3826 1966 3880 Judaei
1996 3828 2149 3896 signa
2170 3836 2356 3896 postu-

778 3919 913 3971 lant.
952 3935 971 3968 ›
998 3916 1054 3970 Si
1078 3914 1288 3975 Judazo.
1322 3915 1522 3983 inquit,
1557 3915 1861 3969 dixerimus
1891 3934 1902 3967 :
1939 3916 2139 3978 Crede,
2182 3916 2355 3984 proti-

779 4023 886 4061 nus
908 4007 1061 4077 signa
1088 4021 1152 4060 ac
1169 4005 1417 4075 prodigia
1442 4006 1560 4059 ﬁeri
1587 3998 1826 4075 postulat
1852 4006 1919 4059 ad
1946 4006 2355 4076 prmdicationis

778 4098 1276 4153 conﬁrmationem.
1319 4098 1433 4151 Nos
1462 4108 1644 4151 autem
1678 4097 1956 4152 Christum
1994 4099 2357 4167 prredicamus

781 4192 1129 4257 cruciﬁxum,
1190 4192 1336 4262 quod
1385 4206 1494 4245 non
1551 4192 1714 4244 modo
1769 4208 1878 4245 non
1939 4202 2025 4246 est
2075 4193 2355 4261 signorum

780 4284 1201 4346 demonstratio,
1235 4283 1367 4354 quin
1400 4283 1584 4352 potius
1606 4284 1995 4338 imbecillitatis
2025 4294 2128 4348 est,
2183 4299 2356 4352 quan-

780 4387 897 4432 tum
924 4376 991 4431 ad
1026 4377 1079 4431 id
1103 4377 1249 4446 quod
1275 4386 1522 4445 apparet.
1556 4376 1811 4429 Attamen
1861 4392 1987 4430 cum
2042 4377 2145 4430 hoc
2198 4376 2354 4429 infir-

780 4488 929 4524 mum
958 4470 1229 4531 videatur,
1262 4478 1317 4522 et
1353 4469 1440 4523 bis
1478 4484 1600 4537 quae
1650 4469 1941 4536 requirunt
1991 4470 2351 4529 contrarium,

780 4562 1133 4616 adducuntur
1175 4560 1541 4613 nihilominus
1576 4557 1642 4611 ad
1687 4557 1873 4622 ﬁdem,
1917 4560 2065 4629 quod
2104 4575 2352 4625 magnam

2466 3371 2699 3442 χορηγὸς
2729 3372 2825 3423 καὶ
2858 3371 3211 3439 εὐγλωττίας,
3258 3372 3309 3423 εί
3346 3372 3439 3425 καί
3473 3389 3618 3435 τινες
3675 3374 3862 3435 αὐτοῖς
3891 3374 3977 3442 ἐφ’
4016 3373 4054 3425 ἃ

2469 3466 2542 3534 μὴ
2570 3465 2649 3515 δεῖ
2681 3464 3003 3533 ἐχρήσαντο.
3028 3462 3257 3532 Μωρίαν
3307 3463 3364 3515 δὲ
3410 3463 3500 3516 τοῦ
3528 3463 3908 3534 κηρύγματος,
3945 3467 4048 3533 τὴν

2464 3556 2571 3608 τῶν
2585 3555 2781 3620 λέξεων
2802 3554 3081 3625 ἀπλότητά
3106 3570 3292 3623 φησιν.
3314 3554 3546 3607 ἰδιῶται
3573 3557 3670 3624 μὲν
3686 3557 3795 3627 γὰρ
3812 3556 3890 3626 τῷ
3906 3556 4053 3629 λόγῳ

2463 3643 2603 3716 ¹ἦσαν
2646 3648 2695 3698 οἱ
2746 3646 3021 3699 θεσπέσιοι
3066 3645 3331 3715 μαθηταὶ,
3368 3646 3614 3699 πλούσιοι
3645 3647 3704 3699 δὲ
3733 3652 3798 3716 τῇ
3824 3648 4049 3715 γνώσει.

2472 3758 2489 3790 ι
2519 3739 2879 3792 ΚαὶΊουδαῖοι
2909 3740 3133 3807 σημεῖον
3162 3737 3423 3791 αἰτοῦσιν.
3456 3755 3477 3789 ο
3498 3739 3644 3803 Ἐὰν,
3665 3741 3851 3809 φησὶν,
3878 3740 4050 3793 εῖτ-,ως

2468 3848 2566 3900 μεν
2601 3829 2861 3899 Ἰουδαίῳ,
2878 3830 3191 3894 Πίστευσον,
3212 3830 3369 3893 εὐθὺς
3386 3832 3588 3900 σημεῖα
3602 3832 3696 3883 καὶ
3710 3834 3917 3900 τέρατα
3933 3836 4052 3885 ὲττιο

2466 3922 2618 3989 ζητεῖ
2677 3920 2950 3987 γενέσθαι,
3007 3922 3143 3991 πρὸς
3193 3921 3454 3974 σύστασιν
3507 3921 3603 3975 τοῦ
3667 3924 4045 3992 κηρύγματος.

2477 4010 2667 4080 Ἡμεῖς
2693 4011 2749 4063 δὲ
2775 4010 3011 4081 Χριστὸν
3042 4012 3392 4081 κηρύσσομεν
3411 4015 3843 4085 ἐσταυρωμένον.
3866 4016 4049 4085 Ὅπερ

2464 4103 2524 4155 ού
2551 4102 2711 4171 μόνον
2738 4103 2837 4154 οὐκ
2870 4104 2985 4154 ἔστι
3020 4104 3260 4171 σημείων
3284 4105 3561 4169 ἐπίδειξις,
3595 4105 3729 4157 ἀλλά
3759 4106 3853 4157 καὶ
3882 4106 4049 4158 ἀσθε-

2464 4195 2632 4257 νείας,
2661 4196 2783 4245 ὅσον
2809 4195 2947 4246 κατὰ
2975 4196 3034 4246 τὸ
3066 4194 3411 4265 φαινόμενον.
3446 4197 3554 4247 Καὶ
3583 4197 3732 4264 ὅμως
3759 4196 3938 4267 τούτῳ
3966 4199 4046 4264 τῷ

2461 4280 2705 4332 δοκοῦντι
2729 4280 2946 4333 ἀσθενεῖ
2976 4285 3068 4333 καὶ
3100 4284 3327 4352 ἐναντίῳ
3370 4283 3444 4345 ὼς
3478 4285 3612 4352 πρὸς
3654 4284 3690 4338 ἃ.
3720 4286 4047 4339 ἀπαιτοῦσιν

2465 4374 2746 4439 ἐνάγονται
2779 4375 2914 4442 πρὸς
2946 4374 3044 4441 τὴν
3085 4375 3285 4439 πίστιν,
3319 4376 3455 4443 ὅπερ
3508 4377 3751 4447 μεγάλην
3800 4378 4044 4432 δείκνυσι

2463 4465 2555 4517 τοῦ
2584 4464 2719 4516 Θεοῦ
2747 4465 2843 4534 τὴν
2884 4465 3131 4534 δύναμιν.
3184 4467 3351 4520 Πάλιν
3390 4468 3651 4535 Ἕλληνες
3701 4471 3899 4537 σοφίαν
3942 4472 4046 4538 ζη-

2462 4557 2615 4609 τοῦσι
2649 4559 2775 4627 παρ’
2804 4557 2982 4626 ἡμῶν,
3013 4558 3150 4611 ἀλλὰ
3184 4559 3459 4620 κάκείνοις
3486 4561 3645 4629 ἡμεῖς
3674 4560 3765 4612 τὸν
3808 4563 4045 4629 σταυρὸν

780 4653 878 4707 Dei
909 4650 1165 4705 ostendat
1194 4649 1514 4719 potentiam.
1551 4646 1795 4701 Rursum
1825 4647 2001 4701 Graeci
2025 4646 2350 4716 sapientiam

2462 4647 2826 4717 κηρύσσομεν,
2856 4648 3011 4718 ὅπερ,
3044 4649 3183 4701 κατά
3203 4648 3264 4701 τὸ
3284 4649 3628 4718 φαινόμενον,
3658 4649 3873 4717 μωρίας
3898 4646 4044 4702 εἶναι

780 4759 810 4797 a
861 4742 1022 4796 nobis
1057 4746 1375 4812 requirunt,
1418 4740 1513 4795 sed
1570 4739 1679 4793 illis
1727 4754 1948 4807 quoque
1996 4754 2098 4793 nos
2135 4753 2356 4792 crucem

781 4834 1166 4904 praedicamus,
1186 4832 1336 4901 quod
1365 4831 1433 4885 ad
1461 4831 1514 4885 id
1543 4831 1690 4902 quod
1720 4831 1773 4884 in
1800 4838 2093 4901 prospectu
2112 4837 2197 4883 est
2224 4830 2359 4883 stul-

784 4925 916 4980 titise
969 4940 1090 4980 esse
1120 4925 1363 4991 videtur,
1396 4924 1571 4978 Deum
1601 4924 1859 4979 videlicet
1889 4922 2189 4992 praedicare
2230 4936 2351 4975 cru-

781 5017 1043 5071 ciﬁxum:
1095 5024 1150 5069 at
1200 5016 1303 5070 hoc
1347 5032 1567 5087 quoque
1615 5016 1782 5070 modo
1836 5015 2247 5085 persuadentur
2303 5021 2360 5068 et

779 5112 1184 5179 obtemperant.
1220 5110 1412 5162 Annon
1442 5110 1556 5162 hac
1588 5109 1832 5162 maxima:
1885 5115 2015 5160 sunt
2041 5105 2361 5159 admiratio-

780 5203 868 5255 nis
900 5218 964 5255 ac
992 5201 1266 5259 miraculi.
1300 5216 1395 5254 eos
1419 5216 1511 5269 per
1542 5201 1654 5253 haec
1704 5198 2020 5269 persuaderi
2051 5213 2171 5267 qua:
2226 5213 2358 5253 con-

782 5292 950 5345 traria
1004 5299 1131 5344 sunt
1168 5292 1235 5345 iis
1269 5307 1389 5360 quia
1442 5292 1773 5360 requirunt!
1818 5291 1926 5343 Aut
1983 5289 2088 5342 boc
2138 5302 2359 5357 quoque

780 5387 945 5439 modo
1015 5386 1244 5453 intelligi
1303 5396 1516 5454 potest:
1580 5385 1871 5449 Quoniam,
1936 5383 2135 5451 inquit,
2184 5383 2357 5438 Judaai

781 5476 933 5546 signa
996 5478 1273 5545 postulant
1340 5486 1390 5530 et
1441 5478 1613 5531 Grttcci
1679 5478 2026 5546 sapientiam,
2071 5476 2357 5529 inveniunt

780 5569 1001 5635 utrique
1033 5566 1087 5621 in
1130 5568 1350 5622 Christo
1406 5586 1471 5623 ea
1514 5584 1636 5638 qua:
1688 5570 1998 5639 requirunt.
2032 5568 2360 5635 Quomodo?

780 5658 1064 5729 Siquidem
1090 5659 1393 5715 incredulis
1418 5661 1621 5716 Judaeis
1649 5661 2046 5716 oilendiculum
2080 5670 2183 5725 est,
2210 5661 2359 5717 Grat-

778 5752 970 5820 eisque
996 5750 1307 5807 inﬁdelibus
1341 5752 1568 5806 fatuitas
1613 5763 1860 5821 apparet.
1915 5756 1987 5808 At
2036 5753 2093 5807 hi
2140 5754 2233 5823 qui
2288 5768 2354 5807 ex

777 5843 912 5913 ipsis
942 5844 1118 5898 vocati
1148 5854 1274 5900 sunt
1308 5855 1364 5901 et
1420 5846 1603 5911 electi,
1656 5845 1943 5901 inveniunt
1994 5861 2119 5902 eum
2172 5846 2349 5901 Patris

2456 4738 2622 4799 δοκεῖ,
2649 4739 2782 4793 Θεὸν
2838 4742 3132 4810 κηρύσσειν
3181 4740 3616 4811 ἐσταυρωμένον,
3650 4741 3785 4793 ἀλλά
3818 4742 3914 4794 καὶ
3949 4742 4045 4795 οῦ-

2456 4847 2563 4893 τως
2592 4832 2888 4885 πείθονται.
2938 4829 3087 4903 ’Δρα
3124 4833 3184 4885 οὐ
3227 4833 3402 4886 ταῦτα
3455 4834 3711 4902 μεγίστου
3759 4833 4044 4901 θαύματος

2457 4924 2518 4976 τὸ
2543 4924 2607 4976 ὲκ
2632 4924 2739 4977 τῶν
2762 4926 3022 4979 ἐναντίων
3052 4925 3126 4988 ὡς
3152 4924 3290 4994 πρὸς
3314 4924 3351 4978 ἃ
3380 4925 3534 4977 αὐτοὶ
3562 4924 3884 4987 ἐπιζητοῦσι
3917 4926 4042 4977 πεί-

2459 5015 2645 5070 θεσθαι
2679 5016 2914 5084 αύτούς;
2946 5018 2977 5088 ἢ
3010 5018 3101 5069 καὶ
3125 5016 3295 5079 οὕτως
3323 5017 3562 5085 νοητὲον·
3609 5014 3847 5085 Ἐπειδὴ,
3881 5018 4040 5085 φησὶ,

2460 5110 2553 5161 καὶ
2592 5111 2834 5162 Ἰουδαῖοι
2883 5110 3095 5179 σημεῖαέ
3130 5110 3451 5178 ἐπιζητοῦσι
3500 5109 3593 5162 καὶ
3636 5108 3897 5177 Ἕλληνες
3948 5126 4041 5161 σο-

2460 5202 2608 5269 φίαν,
2666 5194 3011 5272 εὑρίσκουσιν
3065 5204 3367 5273 ἀμφότεροι
3418 5202 3454 5255 ἃ
3505 5201 3759 5271 ζητοῦσιν
3810 5202 3893 5263 είς
3934 5202 4040 5254 τὸν

2459 5296 2714 5364 Χριστόν.
2768 5298 2931 5361 Πῶς;
2979 5298 3103 5359 Τοῖς
3168 5297 3265 5365 μὲν
3302 5296 3409 5363 γὰρ
3453 5296 3702 5355 ἀπίστοις
3760 5293 4043 5354 Ἰουδαίοις

2462 5388 2758 5440 σκάνδαλον
2818 5392 2955 5453 ἐστι,
3007 5390 3098 5441 καὶ
3142 5390 3254 5453 τοῖς
3299 5388 3549 5450 ἀπίστοις
3585 5386 3811 5453 Ἕλλησι
3854 5388 4042 5457 μωρία

2455 5478 2619 5531 δοκεῖ.
2647 5480 2709 5532 Οί
2739 5480 2794 5531 δέ
2821 5496 2905 5547 γε,
2954 5481 3109 5549 φησὶ,
3161 5481 3351 5550 κλητοὶ
3385 5479 3481 5532 καὶ
3514 5478 3790 5531 ἐπίλεκτοι
3836 5477 3901 5541 ἐξ
3936 5479 4041 5529 aia-

2455 5570 2583 5635 τῶν,
2608 5570 2958 5640 εὑρίσκουσιν
2987 5571 3150 5623 αὑτὸν
3175 5570 3302 5624 ὄντα
3336 5571 3565 5638 δύναμιν
3608 5569 3699 5621 καὶ
3725 5570 3922 5637 σοφίαν
3944 5570 4040 5621 τοῦ

2457 5662 2692 5733 Πατρός.
2739 5664 2803 5715 Τί
2832 5664 2940 5733 γάρ
2973 5663 3172 5729 λέγεις,
3219 5656 3265 5715 ὦ
3307 5662 3562 5725 Ἰουδαῖες
3598 5661 3805 5729 Σημεῖα
3837 5661 4039 5724 ἐπιζη-

2454 5755 2608 5817 τείς;
2668 5753 2799 5805 Ἰδοὺ
2836 5756 2863 5805 ὁ
2912 5753 3167 5822 Χριστὸς,
3200 5752 3337 5806 Θεοῦ
3392 5752 3621 5821 δύναμίς
3673 5752 3821 5803 ἐστιν
3852 5752 3887 5819 ὴ
3929 5751 4039 5800 τῶν

2459 5844 2701 5914 σημείων
2737 5846 3016 5915 ποιητική.
3052 5844 3160 5898 Καὶ
3190 5844 3254 5898 σὺ
3288 5845 3340 5897 τί
3382 5844 3580 5912 λέγεις,
3609 5838 3654 5899 ὦ
3682 5841 3922 5912 1'3qu;
3950 5856 4040 5893 σο-
