4194 6468
751 350 860 414 650

1819 354 2214 416 (ECUMENII
2246 357 2536 418 TRiCCxE
2573 357 2915 420 EPISCOPI

3908 359 4018 425 650

749 463 871 517 Dei.
931 481 948 513 ι
1029 459 1256 514 Mortem
1328 462 1474 514 enim
1539 459 1742 514 Christi
1819 463 2166 530 pnedicaudo
2231 481 2298 518 an

2457 483 2545 518 ιων
2576 465 2834 536 Χριστοῦ.
2882 468 2972 518 Aab
2999 464 3301 535 μαρτύριον
3334 466 3497 520 αὑτὸν
3557 466 3732 521 καλεῖ.
3767 485 3784 518 ι
3808 467 3884 519 Οὐ
3905 466 4015 537 γὰρ

753 553 1061 619 nuntiabat,
1092 552 1382 607 ideoillam
1435 551 1678 622 appellat
1719 554 2118 621 testimonium.
2156 575 2172 607 ι
2214 557 2331 612 Non

753 646 899 700 enim
948 645 1207 716 judicavi.
1251 663 1268 695 ι
1316 644 1534 698 Etenim
1601 660 1702 716 ego
1752 646 1854 700 hoc
1887 648 2100 712 censui,
2132 649 2331 719 inquit,

752 737 912 809 431
948 737 1230 809 (quoniam
1255 736 1580 792 etChristus
1607 737 1820 808 statuit)
1847 749 1907 793 ut
1933 740 2051 794 sine
2067 743 2335 810 eloquen-

756 832 827 883 tia
864 831 1242 898 praedicarem.
1275 849 1292 881 ι
1329 830 1653 885 NisiJesum
1683 830 1986 887 Christum.
2020 853 2036 884 ι
2072 835 2334 899 Externa,

757 922 955 991 inquit,
987 937 1096 983 non
1137 921 1240 976 fuit
1271 921 1407 975 mihi
1459 937 1598 992 opus
1660 924 1952 994 sapientia,
2005 925 2100 979 sed
2157 927 2336 981 solum

752 1014 1030 1068 Christum
1060 1015 1372 1083 prmdieavi,
1414 1026 1469 1070 et
1506 1015 1651 1070 hunc
1697 1016 2134 1074 cruciﬁxumzet
2158 1029 2340 1075 tamen

755 1105 1000 1159 omnium
1026 1106 1360 1174 sapientium
1384 1122 1480 1161 ora
1514 1107 1788 1161 obluravi.

826 1197 892 1261 ll,
925 1199 1044 1252 5-5.
1075 1197 1144 1252 Et
1164 1215 1258 1267 ego
1283 1203 1337 1252 in
1368 1199 1728 1252 imbecillitate
1750 1208 1798 1252 et
1821 1202 2007 1254 timore
2029 1219 2091 1254 ac
2119 1211 2343 1256 tremore

759 1288 926 1341 multo
954 1299 1193 1343 versatus
1210 1307 1324 1343 sum
1344 1291 1486 1360 apud
1511 1307 1617 1344 vos.
1658 1290 1725 1344 Et
1757 1308 1926 1345 sermo
1951 1309 2092 1345 meus
2115 1309 2176 1345 ac
2202 1310 2342 1363 prte-

759 1383 955 1434 :licatio
984 1398 1099 1434 mea
1134 1393 1236 1436 non
1271 1383 1371 1452 fuit
1409 1386 1757 1454 persuasoriis
1791 1386 2037 1439 humani!
2070 1389 2346 1456 sapientia:

757 1474 945 1538 verbis,
991 1475 1080 1528 sed
1127 1475 1181 1529 in
1224 1479 1518 1530 ostensione
1567 1476 1796 1548 Spiritus
1844 1496 1906 1533 ac
1950 1483 2195 1546 potentia:
2233 1498 2249 1534 :
2293 1493 2346 1534 ut

757 1562 887 1630 ﬁdes
914 1572 1087 1618 vestra
1128 1581 1230 1620 non
1265 1568 1330 1620 sit
1357 1583 1448 1635 per
1462 1568 1780 1633 sapientiam
1817 1568 2108 1631 hominum,
2139 1571 2228 1622 sed
2259 1586 2350 1626 per

763 1655 1050 1710 volentiam
1081 1656 1196 1710 Dei.

829 1747 964 1801 Nam
987 1747 1264 1816 quomodo
1294 1763 1403 1801 non
1426 1750 1736 1813 imbecillis,
1757 1763 1880 1803 cum
1905 1766 1933 1804 a
1959 1759 2037 1804 tot
2061 1752 2349 1822 magistra-

2435 561 2642 629 ἔκρινα.
2669 577 2687 609 ι
2727 560 2833 612 Καὶ
2863 559 2968 628 γὰρ
3005 557 3112 625 ἐγὼ
3140 558 3296 611 τοῦτο
3353 558 3657 630 ἑδοκίμασα
3686 557 3898 629 (ἐπειδὴ
3923 559 4020 610 καὶ

2435 651 2464 701 ὁ
2499 650 2775 720 Χριστὸς),
2826 650 2886 702 τὸ
2914 649 3065 710 ἄνευ,
3124 651 3308 719 φησὶν,
3365 650 3696 720 εὐγλωττίας
3757 651 4016 721 κηρύξαι.

2445 743 2548 795 «Εἰ
2611 743 2685 814 μὴ
2751 743 2957 814 Ἰησοῦν
3006 745 3312 813 Χριστόν.»
3369 745 3480 815 τῆς
3543 744 3764 810 ἔξωθεν,
3827 744 4018 813 φησὶν,

2438 836 2538 888 οὐκ
2596 835 2822 905 ἐδεήθην
2883 835 3098 904 σοφίας,
3127 836 3262 890 ἀλλὰ
3289 835 3452 905 μόνον
3497 835 3730 906 Χριστρν
3753 832 4019 904 ἐκήρυξα,

2439 927 2534 980 καὶ
2578 925 2772 978 τοῦτον
2822 926 3262 997 ἐσταυρωμένον,
3296 927 3394 980 καὶ
3418 927 3568 996 ὅμως
3594 926 3834 989 πάντων,
3861 923 4019 992 φησὶ,

2438 1015 2548 1068 τῶν
2575 1014 2756 1086 σοφῶν
2785 1015 3058 1086 ἐνέφραξα
3084 1017 3152 1070 τὰ
3189 1017 3453 1088 στόματα.

2512 1197 2620 1252 Kal
2661 1197 2776 1267 ἐγὼ
2813 1198 2882 1251 ἐν
2936 1197 3220 1265 ἀσθενείᾳ
3243 1197 3341 1251 καί
3378 1198 3450 1252 ἐν
3475 1198 3638 1268 φόϐῳ
3662 1199 3756 1252 καὶ
3791 1198 3862 1252 ἐν
3893 1201 4025 1268 τρό-

2437 1306 2532 1360 μῳ
2567 1288 2775 1354 πολλῷ
2819 1290 3116 1359 ἐγενόμην
3186 1289 3337 1359 πρὸς
3386 1288 3563 1359 ὑμᾶς.
3608 1290 3717 1344 Καὶ
3775 1295 3808 1344 ὁ
3840 1292 4028 1360 λόγος

2441 1400 2561 1452 μου
2589 1379 2776 1434 καὶτὸ
2814 1379 3090 1449 κήρυτμά
3112 1397 3254 1448 μου.
3293 1383 3404 1434 οὐκ
3431 1381 3500 1433 ἐν
3537 1381 3759 1446 πειθοῖς
3800 1383 4030 1448 ἀνθρω-

2447 1473 2626 1538 πίνης
2657 1473 2876 1540 σοφίας
2907 1471 3132 1541 λόγοις,
3158 1472 3311 1525 ἀλλ’
3337 1471 3406 1524 ἐν
3434 1470 3736 1535 ἀποδείξει
3760 1473 4032 1537 Πνεύμα-

2449 1582 2549 1630 τος
2573 1565 2668 1617 καὶ
2698 1563 3028 1633 δυνάμεως,
3051 1564 3153 1616 ἵνα
3181 1563 3218 1631 ή
3241 1563 3447 1628 πίστις
3468 1563 3636 1632 ὑμῶν
3655 1564 3740 1632 μὴ
3763 1559 3803 1635 ᾖ
3831 1565 3902 1618 ἐν
3923 1581 4032 1619 σο-

2448 1658 2555 1724 φίᾳ
2597 1657 2944 1722 ἀνθρώπιον,
2967 1655 3107 1710 ἀλλ’
3133 1656 3202 1708 ἐν
3247 1655 3500 1724 δυνάμει
3540 1655 3710 1709 Θεοῦ.

2524 1747 2704 1820 [ΦΩΙ.]
2751 1749 2872 1811 Ιιῶς
2923 1747 3032 1818 γὰρ
3078 1747 3179 1799 οὐκ
3233 1747 3486 1816 ἀσθενὴς,
3533 1748 3560 1799 ὁ
3604 1746 3708 1799 ὑπὸ
3759 1747 4036 1800 τοσούτων

765 1839 911 1893 libus
945 1839 1360 1909 persecutiones
1394 1841 1692 1897 sustineret
1721 1845 1743 1895 ?
1768 1844 2002 1898 Tantum
2032 1862 2141 1899 non
2169 1846 2304 1900 dicit
2331 1865 2342 1898 :

2457 1840 2725 1892 δυναστῶν
2759 1837 3088 1908 διωκόμενος
3115 1856 3128 1901 ;
3161 1837 3464 1905 Μονονουχὶ
3516 1835 3714 1904 λέγων,
3747 1837 3811 1889 Τί
3862 1854 4035 1907 προσ-

763 1931 830 1986 Ut
855 1930 987 2000 quid
1014 1947 1109 1985 vos
1135 1932 1284 2001 ipsos
1311 1934 1530 1988 traditis
1551 1935 1772 2004 quidam
1818 1938 2182 2006 sapientibus,
2223 1940 2346 2008 qui-

763 2030 886 2076 t‘am
918 2037 1047 2077 vero
1080 2024 1446 2092 potentibus;
1479 2041 1612 2079 num
1650 2027 1764 2082 haec
1793 2029 2076 2098 quidpiam
2109 2031 2174 2082 ad
2210 2045 2347 2098 prat-

763 2116 1092 2170 dieationem
1140 2117 1455 2180 conferunt,
1493 2133 1691 2188 nempe
1745 2137 2011 2191 apparens
2054 2123 2344 2191 sapientia,

765 2234 774 2254 ι
805 2207 971 2261 ivitiae
996 2216 1050 2261 et
1092 2208 1337 2276 potentia
1366 2209 1389 2262 ?
1416 2209 1770 2266 Considerate
1798 2214 2074 2280 quomodo
2103 2215 2346 2267 venerim

770 2298 923 2350 vobis
943 2298 1270 2367 pradicans.
1291 2298 1430 2353 Num
1463 2301 1516 2354 in
1539 2301 1806 2370 sapientia
1828 2303 1850 2354 ?
1870 2303 1973 2356 Sed
1999 2321 2346 2374 nequaquam

771 2393 875 2448 hoc
905 2392 1089 2448 dicere
1119 2391 1376 2463 possetis.
1427 2395 1509 2448 An
1547 2396 1602 2448 in
1649 2397 1989 2465 potentatu?
2026 2397 2190 2465 Atqui
2243 2407 2351 2451 tre-

769 2499 926 2537 mens
981 2498 1048 2538 ac
1101 2483 1323 2548 timens,
1371 2482 1679 2554 plenusque
1730 2485 1895 2539 minis
1942 2485 2226 2540 intentatis
2276 2486 2348 2539 ita

767 2573 1134 2644 pradicabam
1169 2575 1314 2629 inter
1334 2590 1451 2629 vos.
1476 2575 1589 2630 Cur
1615 2592 1747 2646 ergo
1782 2592 1879 2632 vos
1907 2585 2124 2646 sumpta
2153 2577 2348 2631 horum

767 2665 1068 2731 oblivione,
1110 2667 1390 2735 sapientes
1413 2675 1466 2721 et
1497 2665 1696 2721 divites
1726 2683 1788 2720 ac
1819 2677 2075 2737 potentes
2111 2669 2348 2737 requiri-

769 2755 932 2818 tis,et
961 2757 1064 2810 hos
1088 2757 1247 2811 vobis
1277 2767 1648 2826 praeceptores
1677 2768 1734 2812 et
1755 2757 2009 2812 doctores
2035 2758 2353 2814 exbibetis?

775 2868 790 2896 ι
834 2848 902 2901 Ει
938 2849 1156 2904 timore.
1195 2868 1213 2899 ι
1257 2849 1379 2902 Non
1410 2849 1611 2911 solum,
1643 2850 1843 2917 inquit,
1884 2850 2019 2903 mihi
2057 2865 2199 2919 opus
2242 2866 2350 2905 non

768 2940 874 2994 fuit
904 2941 1175 3010 sapientia
1208 2950 1268 2994 ut
1301 2941 1679 3011 praedicarem,
1717 2958 1908 3012 verum
1947 2943 2115 2997 etiam
2142 2958 2266 2997 cum
2297 2943 2353 2996 in

770 3032 947 3085 multo
974 3046 1153 3086 essein
1183 3033 1379 3087 timore
1415 3048 1477 3086 ac
1499 3041 1738 3088 tremore
1771 3043 1994 3103 propter
2017 3034 2356 3104 persecutio-

2448 1933 2700 2002 ενείματε
2729 1932 2980 1993 ἑαυτοὺς,
3010 1930 3057 1982 οἱ
3099 1930 3198 1998 μὲν
3238 1930 3349 1991 τοῖς
3377 1931 3584 1998 σοφοῖς,
3630 1931 3678 1981 oi
3716 1929 3771 1980 δὲ
3807 1931 3920 1991 τοῖς
3947 1929 4037 1980 δυ-

2448 2029 2620 2088 νατοῖς
2648 2043 2662 2090 ;
2695 2025 2786 2094 Μή
2819 2040 2868 2076 τι
2889 2021 3061 2076 ταῦτα
3092 2021 3459 2092 συμϐάλλεται
3491 2021 3626 2090 πρὸς
3657 2021 3716 2072 τὸ
3746 2022 4035 2090 κήρυγμα,

2449 2121 2482 2188 ἡ
2514 2115 2744 2170 δοκοῦσα
2785 2114 2942 2182 σοφία
2987 2113 3080 2166 καὶ
3111 2115 3138 2166 ὁ
3178 2111 3406 2175 πλοῦτος
3441 2112 3535 2165 καὶ
3564 2114 3597 2180 ὴ
3650 2112 3881 2181 δύναμις
3907 2155 3920 2174 ,
3953 2113 4039 2163 ἑν-

2451 2210 2729 2280 ουμήθητε
2787 2207 2900 2270 πῶς
2953 2203 3116 2278 ἦλθον
3152 2206 3446 2276 κηρύσσων
3483 2208 3631 2274 ὑμῖν.
3688 2207 3779 2258 Ἐν
3836 2206 4036 2276 σοφίας

2450 2303 2562 2354 ἀλλ’
2599 2302 2699 2355 οὐκ
2731 2300 2796 2354 ἂν
2830 2300 3004 2370 ἔχοιτε
3035 2300 3192 2353 τοῦτο
3221 2302 3412 2353 εἰπεῖν.
3449 2298 3588 2351 ’Λ).λ⁹
3620 2299 3676 2349 ἐν
3709 2299 4036 2370 δυναστείας

2452 2397 2546 2448 καὶ
2592 2395 2699 2464 μὴν
2745 2394 2968 2466 τρέμων
3011 2394 3106 2448 καὶ
3164 2392 3346 2461 φόϐων
3392 2392 3484 2446 καὶ
3531 2391 3770 2444 ἀπειλῶν
3823 2393 4036 2459 γέμων,

2451 2487 2624 2551 οὕτως
2655 2487 2962 2558 ἐκήρυσσον
2997 2487 3053 2541 ὲν
3093 2487 3241 2556 ὑμῖν.
3278 2485 3343 2539 Τί
3388 2480 3480 2538 οὖν
3512 2485 3670 2553 ὑμεῖς
3714 2483 3917 2536 τούτων
3941 2484 4042 2552 λήο

2454 2579 2552 2646 θην
2582 2578 2858 2642 λαϐόντες,
2901 2579 3096 2644 σοφοὺς
3127 2577 3221 2629 καὶ
3282 2576 3572 2637 πλουσίους
3617 2575 3711 2626 καὶ
3769 2573 4041 2629 δυνάστας

2453 2674 2786 2743 ἐπιζητεῖτε,
2819 2671 2912 2724 καὶ
2945 2669 3169 2732 τούτους
3202 2671 3327 2738 ὑμῖν
3360 2669 3714 2730 διδασκάλους
3768 2667 3861 2718 καὶ
3901 2666 4042 2718 καθ-

2452 2765 2666 2836 ηγητὰς
2705 2763 3110 2832 ἀποφαίνεσθε;
3146 2781 3164 2813 ι
3206 2762 3312 2815 Καὶ
3351 2762 3408 2812 ἐν
3458 2759 3631 2827 φόϐῳ.
3670 2778 3689 2810 ι
3723 2758 3798 2811 Οὐ
3851 2757 4040 2828 μόνον.

2456 2859 2644 2926 φησιν,
2673 2857 2773 2911 οὐκ
2803 2855 3031 2925 ἐδεήθην
3064 2857 3254 2922 σοφίας
3299 2857 3376 2916 εἰς
3402 2855 3460 2906 τὸ
3490 2853 3746 2922 κηρύξαι,
3772 2852 3906 2904 ἀλλὰ
3945 2852 4042 2903 καὶ

2457 2954 2515 3006 ἐν
2563 2951 2712 3020 φόϐῳ
2763 2948 2858 3002 καὶ
2902 2948 3088 3018 τρόμῳ
3130 2946 3208 2999 ὢν
3240 2946 3418 3014 πολλῷ
3449 2947 3535 2998 διὰ
3561 2945 3688 3007 τοὺς
3736 2943 4044 3011 διωγμοὺς,

2456 3045 2626 3102 οὕτως
2658 3040 2918 3112 ὲκήρυξα,
2961 3041 3098 3108 ὅπερ
3135 3039 3334 3107 πολλὴν
3385 3037 3626 3089 δείκνυσι
3672 3035 3768 3104 τὴν
3809 3035 4046 3102 δύναμιν

771 3138 890 3182 nes.
928 3122 1000 3175 ita
1021 3131 1204 3176 tamen
1237 3123 1552 3192 prmdieavi,
1573 3124 1719 3194 quod
1741 3140 1880 3194 opus
1914 3126 2139 3179 multam
2172 3135 2351 3179 osten-

2457 3132 2551 3184 τοῦ
2578 3130 2835 3202 σταυροῦ,
2861 3130 2943 3182 ὅτι
2974 3130 3030 3181 ἐν
3067 3127 3305 3197 ἰδιωτείᾳ
3327 3126 3420 3180 καὶ
3449 3125 3599 3195 φόϐῳ
3630 3123 4044 3192 κηρυσσόμενος

769 3213 852 3267 dit
901 3214 1204 3282 potentiam
1245 3215 1449 3278 crucis,
1482 3216 1610 3284 quia
1665 3216 1719 3269 in
1773 3217 2008 3271 ruditate
2053 3233 2115 3272 ac
2157 3218 2352 3272 timore

772 3307 1125 3375 prmdieando
1169 3309 1537 3376 praevaluerit.
1583 3310 1689 3363 Eos
1743 3311 2006 3379 deprimit
2054 3312 2145 3382 qui
2208 3313 2352 3382 apud

771 3400 922 3467 ipsos
970 3399 1250 3469 sapientes
1287 3410 1447 3455 erant
1500 3419 1513 3454 :
1555 3400 1850 3455 ostendens
1900 3411 2103 3471 quanta
2147 3402 2356 3457 iuerint

771 3492 1054 3546 obstacula
1093 3493 1452 3562 impedientia
1486 3507 1556 3547 ne
1587 3493 1906 3548 crederetur
1954 3494 2350 3564 prmdicationi,

768 3589 825 3636 et
859 3589 1036 3635 tamen
1063 3582 1332 3636 creditum
1359 3592 1464 3636 est.
1505 3603 1523 3634 ι
1556 3583 1675 3637 Non
1701 3585 2087 3652 persuasoriis.
2119 3604 2138 3636 ι
2165 3586 2356 3654 Neque

772 3673 920 3726 enim
957 3673 1275 3743 praedicatio
1308 3674 1615 3730 adulterata
1647 3683 1766 3730 erat
1796 3691 1894 3744 per
1927 3684 2210 3730 externam
2239 3676 2355 3730 elo-

772 3765 1057 3832 quentiam
1116 3775 1212 3819 aut
1271 3766 1666 3821 eruditionem.
1733 3784 1750 3815 ι
1785 3765 1892 3820 Sed
1939 3767 1992 3819 in
2041 3764 2356 3819 ostensione

774 3856 1034 3925 Spiritus.
1076 3875 1096 3908 ›
1134 3857 1268 3910 Nam
1313 3873 1412 3927 per
1447 3857 1712 3927 Spiritum
1742 3867 1991 3911 sanctum
2029 3857 2266 3927 etsigna
2295 3872 2359 3911 ac

772 3966 789 4001 ι
812 3951 1005 4005 Ξτιυιοε
1028 3965 1149 4019 qua:
1169 3951 1238 4005 ab
1264 3965 1330 4004 eo
1356 3960 1507 4013 sunt,
1533 3949 1973 4005 demonstramus
2001 3959 2187 4020 aperte
2210 3949 2355 4019 quod

772 4057 900 4096 vera
942 4041 1212 4107 dicamus,
1247 4052 1303 4097 et
1326 4059 1425 4112 per
1464 4043 1573 4096 vim
1604 4059 1668 4097 ac
1705 4042 2006 4112 potentiam
2035 4057 2158 4111 qua:
2185 4043 2360 4096 exerit

773 4149 831 4185 se
860 4131 914 4186 in
945 4133 1124 4187 nobis.
1185 4153 1202 4184 ι
1238 4134 1306 4188 Ut
1337 4134 1470 4189 ﬁdes
1498 4143 1677 4188 vestra
1712 4150 1818 4187 non
1855 4134 1945 4188 sit.
1989 4153 2006 4184 ι
2063 4134 2281 4189 Etenim
2313 4135 2358 4189 si

775 4243 872 4296 per
904 4228 1198 4282 humanam
1228 4228 1420 4283 luisset
1447 4227 1795 4296 sapientiam,
1834 4226 2075 4297 suspicio
2113 4226 2360 4281 fortassis

774 4320 964 4374 haberi
993 4321 1264 4390 potuisset
1293 4321 1439 4390 quod
1472 4335 1569 4388 per
1602 4319 1974 4388 eloquentiam
2007 4328 2356 4388 superasset;

773 4429 922 4467 nunc
951 4430 1082 4468 vero
1109 4431 1233 4470 cum
1262 4431 1360 4484 per
1388 4416 1541 4484 signa
1581 4414 1654 4467 sit
1685 4424 1741 4466 et
1775 4413 2029 4475 virtutes,
2068 4411 2358 4464 eertitudi-

2461 3223 2714 3292 κατέσχε.
2747 3220 3092 3274 Καταϐαλλει
3137 3220 3193 3271 δὲ
3246 3219 3370 3280 τοὺς
3423 3218 3552 3287 παρ’
3590 3217 3770 3277 αὐτοῖς
3818 3217 4046 3282 σοφοὺς,

2460 3315 2673 3377 δεικνὺς
2708 3314 2849 3368 πόσα
2890 3313 2988 3382 μὲν
3014 3308 3079 3382 ἦν
3108 3312 3175 3364 τὰ
3215 3309 3514 3377 κωλύματα
3557 3306 3650 3359 τοῦ
3687 3306 4042 3372 πιστευθῆναι

2460 3408 2521 3460 τὸ
2552 3409 2834 3477 κήρυγμα,
2885 3405 3000 3467 πῶς
3052 3404 3107 3456 δὲ
3148 3401 3482 3470 ἐπιστεύθη;
3522 3419 3537 3452 ι
3571 3401 3686 3452 Οὐκ
3726 3401 3783 3450 ἐν
3836 3397 4047 3458 πειθοῖς

2462 3497 2872 3569 ἁνθρωπίνης.ι
2914 3497 2988 3548 Οὐ
3028 3495 3137 3565 γὰρ
3167 3489 3234 3564 ἦν
3267 3493 3326 3546 τὸ
3358 3492 3623 3560 κήρυγμα
3654 3491 4049 3558 σεσοφισμένου

2462 3591 2550 3644 διὰ
2579 3590 2678 3658 τῆς
2716 3588 2915 3653 ἔξωθεν
2954 3585 3288 3654 εὐγλωττίας
3319 3584 3414 3638 καὶ
3439 3581 3800 3641 παιδεύσεως.
3831 3599 3850 3632 s
3893 3578 4045 3630 Ἀλλ’

2463 3684 2522 3734 ὲν
2552 3681 2825 3745 ἀποδείξει
2853 3680 3194 3748 Πνεῦματος.
3231 3697 3248 3728 ι
3285 3677 3384 3729 Δια
3413 3676 3522 3746 γὰρ
3558 3673 3651 3726 τοῦ
3678 3672 3835 3740 ἁγίου
3874 3670 4050 3723 Πνεῦ-

2469 3791 2638 3842 ματος
2670 3774 2763 3825 καὶ
2811 3772 2918 3824 τῶν
2945 3771 3001 3837 ἐξ
3030 3769 3195 3823 αὑτοῦ
3231 3769 3473 3838 σημείων
3507 3767 3599 3818 καὶ
3641 3765 3926 3832 δυνάμεων
3949 3765 4051 3825 τὰς

2467 3863 2767 3926 ἀποδείξεις
2795 3862 2888 3915 τοῦ
2915 3863 3087 3931 ἀληθῆ
3108 3861 3288 3926 λέγειν
3315 3857 3688 3928 παρεχόμεθα.
3713 3855 3807 3908 καὶ
3838 3855 3926 3907 διὰ
3949 3854 4049 3923 τῆς

2469 3957 2545 4014 είς
2565 3957 2710 4024 ἡμᾶς
2731 3952 3059 4023 ἐνεργούσης
3075 3952 3376 4020 δυνάμεως.
3393 3969 3409 4002 ι
3436 3950 3550 4002 Ἱνα
3568 3950 3601 4018 ἡ
3621 3947 3800 4008 πίστις
3822 3945 4000 4014 ὑμῶν.
4026 3965 4045 3994 ι

2467 4047 2531 4098 Εἰ
2560 4047 2665 4116 γὰρ
2692 4042 2760 4117 ἦν
2807 4047 2865 4098 ἐν
2906 4045 3068 4114 σοφία
3121 4042 3457 4112 ἀνθρωπίνῃ,
3494 4041 3622 4101 ῐσως
3665 4039 3729 4092 ἂν
3770 4037 4048 4107 ὑπενοήθη

2467 4141 2534 4208 τῇ
2579 4138 2885 4207 εὐγλωττίᾳ
2939 4136 3343 4206 περιγενέσθαι,
3388 4133 3483 4186 νῦν
3515 4132 3569 4185 δὲ
3599 4132 3658 4184 τὸ
3683 4131 3772 4184 διὰ
3802 4131 4052 4200 σημείων

2468 4231 2562 4282 καὶ
2610 4230 2894 4297 δυνάμεων
2943 4225 3104 4292 εἶναι,
3157 4227 3215 4279 τὸ
3265 4223 3635 4294 ἀναμφίϐολον
3671 4222 3926 4292 προξενεῖ
3979 4225 4047 4291 τῇ

2467 4320 2673 4374 πίστει.
2706 4321 2720 4339 ⁸
2735 4321 2781 4373 Η
2801 4320 2907 4390 γὰρ
2927 4320 3012 4372 διὰ
3047 4319 3154 4371 τῶν
3177 4318 3352 4388 ἔργων
3369 4318 3462 4371 καὶ
3489 4316 3730 4386 σημείων
3747 4313 4051 4378 ἀπόδειξις,

2462 4411 2565 4480 τῆς
2597 4415 2660 4465 ἐκ
2698 4413 2957 4484 ῥημάτων
2999 4410 3339 4480 βεϐαιοτέρα.

777 4520 899 4558 nem
947 4507 1209 4561 conciliat
1251 4507 1398 4561 ﬁdei.
1435 4505 1596 4576 432
1627 4505 1910 4574 Siquidem
1959 4504 2359 4557 demonstratio
2399 4519 2522 4572 quze
2555 4521 2653 4575 per
2695 4520 2860 4575 opera
2902 4513 3069 4559 estet
3099 4503 3272 4572 signa,
3307 4500 3517 4554 ﬁrmior
3542 4507 3625 4554 est
3653 4515 3718 4555 ea
3787 4515 3909 4568 quae
3982 4517 4050 4554 ex

777 4599 960 4654 verbis
992 4601 1333 4669 producitur.

854 4692 918 4752 ll,
947 4693 1066 4747 6-8.
1093 4693 1258 4745 Porro
1284 4693 1604 4762 sapientiam
1624 4691 1890 4758 loquimur
1907 4691 2043 4741 inter
2067 4692 2318 4760 perfectos
2343 4705 2351 4740 :

2537 4686 2763 4753 Σοφίαν
2783 4684 2850 4736 δὲ
2869 4683 3176 4750 ,λαλοῦμεν
3201 4683 3269 4734 ἐν
3296 4680 3412 4745 τοῖς
3443 4681 3712 4742 τελείοις,
3739 4682 3967 4747 σοριάν
3985 4679 4052 4731 δὲ

776 4788 1096 4855 sapientiam
1130 4794 1307 4839 autem
1338 4801 1441 4838 non
1467 4783 1645 4837 scrculi
1673 4784 1831 4852 hujus
1865 4797 2031 4849 neque
2065 4783 2362 4850 principum

775 4878 958 4932 steculi
988 4879 1166 4949 hujus,
1194 4879 1284 4948 qui
1310 4876 1620 4930 abolentur:
1643 4875 1734 4928 sed
1761 4873 2024 4942 loquimur
2045 4873 2361 4942 sapientiam

783 4971 877 5024 Dei
912 4972 968 5024 in
997 4971 1264 5040 mysterio,
1300 4985 1416 5039 qui:
1447 4969 1715 5021 recondita
1748 4975 1843 5028 est,
1876 4982 2037 5036 quam
2078 4965 2363 5034 pra'ﬁuivit

789 5065 922 5115 l'eus
955 5070 1081 5114 ante
1111 5060 1305 5114 uacula
1348 5062 1401 5113 in
1441 5057 1669 5128 gloriam
1705 5066 1963 5120 nostram,
2013 5073 2174 5126 quam
2209 5072 2360 5108 nemo

781 5157 1078 5225 principum
1101 5150 1281 5207 sa'culi
1303 5151 1460 5220 hujus
1483 5153 1742 5220 cognovit.

853 5246 1148 5314 Postquam
1178 5243 1346 5299 semel
1374 5242 1768 5296 demonstravit
1799 5257 1941 5305 eam,
1969 5257 2090 5310 qua:
2125 5239 2363 5292 homini-

782 5341 888 5394 bus
927 5338 1194 5407 sapientia
1239 5336 1478 5397 videtur,
1536 5349 1656 5388 esse
1703 5333 1992 5387 stultitiam
2029 5349 2042 5386 :
2086 5331 2179 5386 Dei
2231 5345 2363 5384 vero

783 5432 1131 5502 sapientiam.
1147 5447 1266 5499 qua:
1284 5426 1648 5498 pereuntibus
1666 5425 1895 5479 stultitia
1916 5425 2152 5487 videtur,
2176 5438 2361 5476 veram

785 5539 906 5580 esse
925 5522 1274 5592 sapientiam,
1300 5523 1410 5591 jam
1437 5519 1697 5588 deinceps
1721 5526 1934 5586 sumpta
1958 5516 2182 5570 audacia
2208 5522 2366 5568 vocat

787 5617 962 5684 ipsam
1003 5613 1348 5683 sapientiam.
1382 5611 1524 5664 Dicit
1568 5619 1749 5663 autem
1787 5607 2132 5675 sapientiam,
2169 5606 2365 5675 prardi-

788 5706 1062 5760 cationem
1110 5705 1176 5758 de
1219 5702 1457 5765 Christo,
1498 5703 1754 5771 quodque
1804 5715 1901 5768 per
1942 5713 2160 5752 erucem
2212 5697 2362 5750 salva

785 5797 926 5854 [acta
954 5797 1024 5853 sit
1059 5804 1329 5858 creatura,
1361 5811 1480 5864 quae
1513 5793 1614 5847 sub
1665 5793 1801 5845 coelo
1843 5800 1943 5846 est.
1986 5811 2001 5838 κ
2045 5789 2189 5843 Inter
2237 5805 2359 5858 per-

2469 4781 2539 4829 οιῖν
2562 4777 2664 4829 τοῦ
2687 4777 2900 4839 αἰῶνος
2918 4775 3154 4836 τούτου,
3173 4772 3314 4826 οὐδὲ
3334 4771 3452 4824 τῶν
3468 4772 3780 4838 ἀρχόντων
3794 4771 3900 4824 τοῦ
3916 4769 4049 4824 ιιὶὼ-

2468 4887 2572 4934 νος
2606 4869 2818 4920 τούτου
2849 4865 2966 4918 τῶν
2998 4865 3516 4934 καταργουμένων,
3545 4861 3707 4916 ἀλλὰ
3738 4862 4054 4929 λαλοῦμεν

2468 4960 2694 5027 σοφίαν
2728 4956 2874 5010 Θεοῦ
2900 4957 2970 5009 ἐν
2993 4955 3305 5024 μυστηρίῳ
3339 4953 3452 5020 τὴν
3479 4952 4050 5020 ἀποκεκρυμμένην,

2470 5053 2550 5119 ἢν
2573 5033 2905 5120 προώριένεν
2928 5051 2960 5102 ὁ
2985 5048 3128 5113 Θεὸς
3146 5047 3258 5116 πρὸ
3281 5046 3397 5098 τῶν
3419 5044 3650 5098 αἰώνων
3668 5045 3755 5108 εἷς
3770 5043 3966 5108 δόξαν
3995 5046 4055 5111 ἡ·

2464 5141 2614 5212 μῶν,
2643 5141 2723 5210 ἣν
2744 5141 2943 5206 οὐδεὶς
2958 5138 3077 5193 τῶν
3119 5139 3429 5207 ἀρχόντων
3451 5135 3556 5190 τοῦ
3576 5133 3796 5201 αἰῶνος
3833 5138 4054 5191 τούτου

2464 5234 2748 5302 ἔγνωκεν.

2553 5325 2770 5394 Ἐπειδὴ
2796 5324 2942 5388 ἅπαξ
2969 5321 3217 5386 ἀπέδειξε
3249 5319 3344 5390 τὴν
3376 5319 3484 5372 τῶν
3518 5316 3823 5388 ἀνθρώπιον
3860 5319 4055 5386 σοφίαν

2467 5416 2731 5470 δοκοῦσαν
2752 5456 2766 5476 ,
2813 5415 3023 5483 μωρίαν
3056 5409 3244 5476 οὖσαν,
3277 5413 3377 5480 τὴν
3406 5410 3462 5462 δὲ
3493 5409 3585 5462 τοῦ
3615 5408 3752 5461 Θεοῦ
3785 5409 4055 5462 δοκοῦσαν

2469 5513 2573 5568 sui;
2610 5507 3006 5576 ἀπολλυμένοις
3036 5504 3268 5575 μωρίαν,
3303 5502 3507 5570 ταύτην
3545 5496 3715 5554 οὖσαν
3741 5500 3845 5568 τὴν
3877 5501 4055 5570 ἀλητιῆ

2473 5602 2685 5670 σοφίαν,
2730 5600 2855 5653 τότε
2909 5598 3092 5651 λοιπὸν
3153 5597 3346 5667 0αρῥεί
3392 5595 3575 5646 καλεῖν
3609 5591 3779 5660 αὐτὴν
3832 5593 4051 5659 σοφίαν.

2473 5694 2671 5761 Σοφίαν
2697 5693 2752 5744 δὲ
2798 5691 2966 5757 λέγει,
3006 5689 3064 5740 τὸ
3110 5687 3235 5756 περὶ
3275 5683 3510 5755 Χριστοῦ
3539 5683 3823 5752 κήρυγμα,
3857 5683 3953 5732 καὶ
4000 5683 4056 5730 τὸ

2471 5789 2557 5841 δια
2621 5783 2854 5855 σταυροῦ
2891 5781 3124 5852 σωθῆναι
3163 5780 3256 5848 τὴν
3305 5776 3679 5843 ὑπό“ρα·ίὸν.
3729 5793 3746 5824 ι
3795 5772 3884 5824 Ἐν
3941 5776 4051 5830 ταῖς
