4194 6468
177 383 269 445 υδι

1090 378 1477 443 COMMENT.
1516 377 1601 441 IN
1639 376 1879 443 EPIST.
1914 380 1944 440 I
1989 380 2083 440 AD
2125 377 2484 441 CORINTH.

3313 384 3424 449 662

176 494 416 557 τελείοις.
456 511 475 547 ι
516 491 810 546 Τουτέστιν
858 492 915 544 ἐν
957 490 1071 555 τοῖς
1101 493 1314 557 πιστοῖς
1338 508 1352 523 ⁶
1381 492 1578 545 ἐκεῖνοι
1634 490 1744 562 γὰρ

1858 492 2037 547 lectos.
2078 510 2097 541 ι
2138 490 2252 544 lloc
2295 500 2401 555 est,
2437 490 2583 544 inter
2610 489 2836 546 ﬁdeles:
2892 506 3017 547 nam
3049 493 3125 547 illi
3150 494 3455 564 sapientes.

173 588 317 654 σοφοὶ
356 587 453 640 καὶ
479 585 696 648 τέλειοι,
725 585 775 637 οἱ
818 585 887 638 τὰ
924 583 1240 655 ἀνθρώπινα
1269 585 1617 656 ὑπεριδόντες
1666 584 1742 646 ὡς

173 680 389 751 ἀσθενῆ,
438 679 534 733 καὶ
577 679 697 748 Θεῷ
750 677 981 741 ἑαυτοὺς
1035 678 1419 740 ὲκδεδωκότες.
1463 696 1482 729 ι
1529 676 1604 731 Οὑ
1651 674 1744 729 τοῦ

174 773 359 834 αἰῶνος
385 772 599 825 τούτου.
636 790 654 822 ι
682 772 885 835 Αἱῶνος
915 770 1106 825 τούτου
1132 771 1301 840 λέγει,
1332 771 1419 824 διὰ
1448 770 1507 823 τδ
1533 773 1748 825 ἐπικαι-

174 879 257 930 ρον
296 862 500 924 αὐτῶν,
552 863 645 914 καὶ
700 862 860 932 μέχρι
906 860 1001 915 τοῦ
1032 862 1226 924 αἰῶνος
1264 861 1455 915 τούτου
1496 863 1745 925 ἑστάναι,

175 955 260 1007 καὶ
282 955 358 1024 μὴ
376 954 619 1023 προϊέναι
642 955 788 1014 εἰςτὸ
810 953 1022 1025 μέλλον.
1047 975 1065 1007 ι
1090 955 1209 1007 Τῶν
1229 956 1743 1027 καταργουμένων.»

176 1048 275 1098 Καὶ
310 1046 421 1115 γὰρ
454 1046 858 1116 καταργοῦνται
891 1046 986 1101 καὶ
1014 1050 1392 1115 συμπαύονται
1415 1047 1493 1117 τῷ
1524 1047 1752 1117 παρόντι

177 1138 290 1205 ξῖῳ,
320 1138 436 1190 ἀλλ’
466 1141 564 1211 οὐχ
593 1141 640 1194 οἱ
670 1139 886 1205 δίκαιοι,
926 1140 1061 1193 ἀλλά
1092 1142 1210 1194 τότε
1241 1142 1442 1209 μᾶλλον
1468 1143 1499 1211 ἥ
1543 1141 1638 1195 νῦν
1660 1142 1753 1194 ἀν-

175 1228 373 1283 θοῦσιν.
415 1229 715 1300 Ἀρχοντας
762 1231 819 1285 δὲ
859 1233 1031 1297 καλεῖ,
1063 1234 1437 1303 αἰνιττόμενος
1464 1234 1591 1295 τοὺς
1620 1232 1753 1303 παρ’

175 1322 353 1384 αὐτοῖς
408 1324 764 1391 φιλοσόφους,
814 1323 1208 1393 λογογράφους,
1254 1327 1508 1395 ῥήτορας,
1559 1325 1608 1377 οἶ
1660 1325 1753 1378 καὶ

174 1412 492 1479 ίημαγωγοὶ
540 1413 802 1480 ἐγίνοντο.
841 1434 861 1466 ι
895 1415 984 1468 Ἐν
1033 1415 1340 1485 μυστηρίῳ,
1381 1435 1399 1468 ι
1435 1416 1754 1483 Μυστήριον

178 1502 345 1567 καλεῖ,
373 1502 434 1555 τὸ
469 1505 610 1557 κατά
640 1504 877 1573 Χριστὸν
903 1506 1190 1575 κήρυγμα,
1221 1508 1300 1558 ὅτι
1342 1506 1460 1558 οὐδε
1473 1505 1568 1574 μῖα
1594 1504 1752 1558 δύνα-

178 1612 262 1662 μις
283 1594 534 1663 οὐρανία,
551 1595 666 1664 ᾔδει
682 1596 813 1648 αὐτὸ
834 1597 939 1664 πρὸ
954 1597 1047 1649 τοῦ
1066 1596 1341 1663 γενέσθαι,
1368 1600 1463 1649 καλ⁵
1488 1598 1591 1659 ὅτι,
1622 1596 1757 1650 ἄλλα

174 1686 421 1754 ὁρῶντες,
439 1686 576 1741 ἄλλα
590 1687 936 1757 πιστεύομεν.
953 1689 995 1740 Χ
1006 1688 1185 1757 ρίστον
1198 1689 1224 1739 ὁ
1232 1688 1361 1757 ρῶν,
1375 1689 1450 1751 ὡς
1463 1706 1497 1755 φ
1508 1688 1653 1742 ιλάνο
1662 1706 1758 1758 ρω-

175 1793 269 1829 πον
282 1778 447 1831 σέϐω*
467 1779 651 1832 δοῦλον
666 1780 927 1847 γεγονότα
939 1779 1177 1841 ἀκούων,
1197 1780 1295 1849 τῆς
1321 1780 1644 1850 κηδεμονίας
1665 1780 1760 1833 αὖ-

1847 598 1909 637 ac
1958 581 2186 652 perfecti
2230 592 2379 647 sunt,
2423 582 2516 653 qui
2559 584 2793 638 humana
2838 594 3095 655 tanquam
3132 584 3428 642 imbecillia

1849 671 2239 742 despexerunt,
2269 686 2335 725 ac
2364 687 2483 726 sese
2511 673 2624 727 Deo
2646 671 3014 730 tradiderunt.
3049 694 3066 727 ι
3094 674 3215 730 Non
3243 676 3429 731 saeculi

1849 764 2036 835 hujus.
2073 783 2091 816 ι
2128 764 2322 819 Saeculi
2361 763 2524 835 hujus
2556 765 2941 835 dicitproptcr
2972 767 3431 838 temporalitatem

1851 858 2119 929 ipsorum,
2160 857 2307 926 quod
2337 873 2445 911 una
2486 874 2609 913 cum
2653 860 2759 916 hoc
2787 859 2989 915 szeculo
3019 861 3337 929 persistant,
3375 870 3433 915 at

1850 967 1961 1005 non
1996 949 2298 1020 procedant
2329 949 2394 1003 ad
2432 949 2697 1003 futurum.
2735 970 2753 1002 ι
2790 951 2894 1019 Qui
2929 949 3242 1007 abolentur.
3281 971 3300 1004 ›
3341 951 3431 1007 Si-

1853 1041 2074 1113 quidem
2114 1050 2331 1095 cessant
2359 1057 2464 1095 una
2498 1057 2621 1097 cum
2654 1044 2905 1111 praesenti
2942 1043 3074 1098 vita.
3111 1042 3181 1097 At
3209 1058 3318 1098 non
3355 1044 3434 1099 ita

1848 1134 1981 1205 justi
2013 1151 2025 1187 :
2079 1135 2215 1202 quin
2258 1133 2441 1203 potius
2480 1132 2679 1188 ﬂorent
2711 1141 2842 1187 tunc
2864 1136 3034 1205 magis
3069 1151 3233 1206 quam
3263 1150 3431 1190 nunc.

1855 1225 2140 1295 Principes
2162 1236 2346 1281 autem
2376 1234 2536 1281 vocat
2562 1226 2734 1282 :clam
2764 1226 3057 1296 designans
3080 1228 3435 1298 philosophos

1856 1317 1949 1389 qui
1990 1317 2136 1387 apud
2172 1332 2270 1372 eos
2312 1327 2490 1381 erant,
2547 1318 3016 1389 historiographos
3063 1334 3127 1373 ac
3162 1318 3432 1382 rhetores,

1856 1412 1951 1479 qui
1985 1410 2151 1464 etiam
2192 1408 2512 1480 reipublicae
2562 1409 3035 1466 administratores
3082 1408 3208 1464 lacti
3252 1417 3432 1463 erant.

1865 1519 1882 1549 ι
1920 1500 1977 1553 ln
2002 1501 2279 1570 mysterio.
2316 1521 2333 1552 ι
2370 1500 2689 1572 Mysterium
2716 1510 2874 1555 vocat
2898 1500 3338 1571 praedicationem
3365 1499 3436 1554 de

1857 1591 2100 1653 Christo,
2157 1594 2287 1660 quia
2332 1607 2511 1660 neque
2564 1594 2672 1647 ulla
2712 1593 2952 1648 cmlestis
2996 1594 3174 1647 virtus
3209 1598 3436 1646 noverat

1860 1681 1994 1735 illud
2030 1682 2348 1752 priusquam
2385 1681 2556 1745 ﬁeret,
2586 1691 2643 1736 et
2667 1684 2796 1753 quia
2824 1684 2928 1737 alia
2965 1684 3217 1738 videmus
3250 1691 3305 1738 et
3330 1682 3435 1736 alia

1861 1775 2160 1830 credimus.
2186 1776 2469 1830 Christum
2508 1776 2722 1838 videns,
2767 1785 3027 1845 tanquam
3063 1774 3359 1846 benignum
3383 1780 3440 1829 et

176 1869 258 1921 τὸν
279 1871 628 1937 προσκυνῶ(
648 1872 760 1942 Τὴν
785 1874 1308 1941 ἀποκεκρυμμένην.
1342 1893 1360 1924 ι
1393 1874 1513 1926 Ἔτι
1541 1874 1647 1941 γὰρ
1665 1874 1757 1925 καὶ

1863 1867 2161 1917 humanum
2193 1865 2314 1918 colo
2344 1882 2356 1918 :
2400 1881 2616 1919 servum
2642 1864 3180 1929 audiensell‘ectum,
3216 1864 3287 1918 ob
3319 1863 3439 1917 dis-

175 1960 263 2011 νῦν
313 1960 641 2028 κέκρυπται,
668 1965 781 2025 τοῖς
823 1964 920 2033 μὲν
951 1964 1201 2026 ἀπίστοις
1247 1966 1341 2017 καὶ
1397 1965 1621 2035 σφόδρα,
1651 1966 1763 2026 τοῖς

176 2046 224 2098 δὲ
253 2050 487 2113 πιστοῖς,
516 2050 577 2100 ού
617 2049 843 2120 σφόδρα.
886 2068 903 2100 ι
944 2051 1049 2102 Ἢν
1091 2051 1398 2123 προώρισεν
1426 2051 1624 2111 ὁΘεός.
1662 2053 1763 2104 Ἦν

179 2135 368 2200 σοφίαν
396 2135 704 2204 προώρισεν
754 2139 782 2190 ό
824 2138 1031 2207 Πατὴρ,
1091 2139 1245 2209 φησὶ,
1285 2142 1387 2209 τὴν
1432 2140 1561 2209 περὶ
1612 2141 1761 2209 ἡμᾶς

178 2225 501 2292 κηδεμονίαν
521 2226 948 2297 ἐνδεικνύμενος,
980 2229 1065 2282 ἵνα
1090 2231 1237 2300 ἡμᾶς
1258 2232 1327 2285 δι’
1351 2232 1519 2301 αὐτῆς
1538 2232 1757 2303 δοξάσῃ.

176 2316 245 2367 Τὸ
269 2316 354 2379 δὲ,
391 2334 409 2367 ι
443 2317 555 2389 Πρὸ
572 2318 678 2370 τῶν
705 2319 939 2385 αἰώνων,
967 2340 987 2372 ι
1026 2322 1194 2392 δηλοῖ,
1230 2324 1500 2377 συναΐδιον
1518 2325 1650 2394 πρὸς
1674 2325 1763 2377 τὸν

178 2406 414 2477 Πατέρα.
471 2428 488 2459 ‹
533 2411 635 2463 Ἦν
689 2411 866 2474 οὐδεὶς
922 2412 1033 2465 τῶν
1083 2414 1385 2483 ἀρχόντων.
1426 2433 1443 2467 ι
1484 2416 1601 2467 Ἐνι
1665 2418 1765 2483 μὲν

179 2498 363 2564 νοῆσαι
414 2498 593 2563 τοῦτο,
630 2500 724 2553 καὶ
769 2502 900 2570 περὶ
948 2502 1040 2555 τοῦ
1092 2504 1326 2557 Πιλάτου
1368 2506 1461 2556 καὶ
1503 2502 1761 2574 Ἡρώδου.

178 2589 405 2655 ﬁ'fvdouv
436 2592 564 2660 γάρ.
598 2593 720 2643 Ἔτι
771 2592 829 2645 δὲ
879 2594 975 2647 καὶ
1009 2594 1139 2664 περὶ
1172 2595 1283 2647 τῶν
1330 2597 1636 2667 ἀρχιερέων
1670 2599 1765 2651 καὶ

181 2679 576 2747 γραμματέων,
641 2683 835 2746 οἵτινες
870 2685 1101 2752 ἠγνόουν
1149 2685 1247 2755 τὴν
1280 2687 1367 2740 διὰ
1395 2686 1488 2739 τοῦ
1521 2688 1753 2759 σταυροῦ

181 2769 267 2820 τοῦ
298 2772 538 2837 Χρ;στού
580 2773 673 2826 καὶ⁵
705 2773 797 2826 τοῦ
828 2775 1061 2829 θανάτου
1096 2778 1393 2847 γινομένην
1418 2779 1752 2848 οἰκονομίαν.

185 2861 324 2913 Ἀνω
359 2863 418 2912 δὲ
471 2864 640 2915 εἰπὼν
681 2867 943 2935 ἄρχοντας
988 2866 1081 2919 τοῦ
1136 2869 1329 2931 αἰῶνος
1371 2869 1561 2923 τούτου
1629 2872 1756 2935 τοὺς

181 2950 281 3000 τῶν
328 2952 599 3020 Ἑλλήνων
623 2957 837 3023 σοφοὺς,
872 2956 965 3009 νῦν
1000 2957 1146 3025 λέγει
1168 2960 1292 3022 τοὺς
1321 2959 1430 3012 τῶν
1466 2960 1753 3016 Ἰουδαίων.

1859 1958 2238 2025 pensationem
2286 1971 2412 2009 eum
2462 1956 2654 2011 adoro.
2711 1976 2729 2008 ‹
2769 1955 2901 2023 Quae
2943 1955 3227 2011 recondita
3278 1962 3381 2008 est.
3413 1972 3430 2005 ι

1860 2045 1995 2101 Nam
2026 2045 2209 2100 ethoc
2238 2061 2457 2116 quoque
2484 2053 2732 2116 tempore
2761 2046 2976 2101 occulta
3006 2053 3112 2111 est,
3140 2043 3437 2099 incredulis

1858 2138 2082 2208 quidem
2121 2138 2500 2202 vehementer,
2544 2137 2898 2193 credentibus
2951 2152 3083 2192 vero
3118 2152 3228 2191 non
3277 2136 3435 2190 adeo.

1867 2251 1885 2283 ‹
1924 2231 2098 2298 Quam
2139 2231 2436 2301 pnelinivit
2469 2231 2637 2285 Deus.
2682 2249 2700 2283 ι
2740 2229 3089 2301 Quanquam,
3116 2229 3316 2299 inquit,
3347 2244 3428 2283 sa-

1860 2324 2121 2393 pientiam
2161 2323 2453 2393 praelinivit
2498 2324 2683 2388 Pater,
2732 2323 3030 2379 ostendens
3079 2320 3439 2393 gubernatio-

1860 2431 2008 2478 nem,
2066 2431 2230 2486 quam
2279 2417 2425 2470 circa
2478 2432 2577 2471 nos
2625 2414 2838 2479 habuit,
2877 2422 2938 2470 ut
2978 2428 3079 2485 per
3122 2414 3295 2484 ipsam
3338 2426 3440 2467 nos

1858 2506 2207 2576 gloriﬁcaret.
2263 2507 2419 2572 Quod
2478 2517 2663 2561 autem
2711 2507 2785 2561 ait
2825 2524 2841 2561 :
2895 2525 2913 2558 ι
2947 2506 3088 2561 Ante
3136 2502 3331 2560 saecula
3360 2540 3375 2565 ,
3413 2519 3432 2553 ο

1859 2598 2131 2669 signiﬁcat
2159 2598 2591 2654 coaeternitatem
2631 2612 2756 2653 cum
2794 2597 2974 2653 Patre.
3021 2615 3040 2649 ι
3077 2595 3250 2663 Quam
3278 2608 3439 2649 nemo

1859 2690 2188 2760 principum.
2225 2710 2243 2742 ι
2286 2692 2471 2745 Potest
2495 2690 2720 2760 quidem
2763 2690 2869 2745 hoc
2904 2689 3135 2760 intelligi
3170 2688 3336 2742 etiam
3371 2686 3440 2740 de

1862 2780 2037 2834 Pilato
2068 2790 2123 2834 et
2155 2779 2365 2834 Herode
2395 2797 2407 2832 :
2446 2795 2568 2833 nam
2601 2778 2927 2849 ignorabant
2955 2776 3300 2847 sapientiam.
3336 2775 3439 2830 Po.

1863 2880 1965 2926 test
2015 2881 2070 2925 et
2118 2873 2184 2926 de
2243 2872 2597 2941 pontiﬁcibus
2629 2886 2693 2926 ac
2738 2871 2937 2925 scribis
2981 2870 3073 2940 qui
3116 2868 3439 2940 ignorabant

1863 2962 2061 3018 laetam
2089 2979 2186 3033 per
2216 2964 2426 3019 Christi
2451 2979 2668 3019 crucem
2708 2972 2766 3018 et
2807 2973 3038 3018 mortem
3071 2960 3439 3032 dispensatio-

184 3060 321 3096 nem.
361 3044 525 3115 433
559 3044 694 3100 Cum
723 3056 905 3103 autem
949 3050 1105 3117 prius
1135 3053 1461 3122 appellasset
1486 3054 1763 3124 principes
1799 3057 1985 3112 saeculi
2027 3057 2190 3127 hujus
2232 3056 2508 3127 sapientes
2574 3056 2912 3121 Graecorum,
2954 3070 3100 3109 nunc
3167 3054 3319 3109 dicit
3348 3067 3436 3107 sa-

185 3135 397 3205 pientes
436 3136 774 3192 Judmorum.

252 3229 317 3283 Εἰ
346 3230 456 3298 γὰρ
484 3231 780 3300 ἔγνωσαν,
811 3235 921 3288 οὐκ
946 3234 1021 3288 ἂν
1054 3235 1160 3290 τὸν
1180 3238 1397 3306 Κύριον
1430 3236 1539 3307 τῆς
1575 3238 1757 3306 δόξης

1926 3238 1992 3303 ll,
2027 3238 2081 3303 8,
2107 3240 2159 3293 9.
2183 3239 2321 3293 Num
2344 3241 2389 3293 si
2411 3241 2785 3310 cognovissent,
2801 3257 3132 3310 nequaquam
3154 3239 3432 3292 Dominum

184 3321 587 3390 ἐσταιτρωκανο
614 3326 792 3389 ἀλλὰ,
825 3327 1013 3393 καθὼς
1048 3327 1389 3397 γέγραπται,
1436 3332 1502 3382 Ἀ
1534 3331 1757 3399 ὀφθαλ-

181 3414 289 3479 [ulc
322 3416 435 3467 οὐκ
484 3411 625 3477 εἶδε,
660 3416 756 3470 καὶ
799 3412 907 3483 οὖς
932 3420 1044 3473 οὐκ
1076 3420 1325 3488 ἤκουσε,
1356 3424 1452 3475 καὶ
1485 3421 1583 3475 ἐπὶ
1616 3438 1758 3490 καρ-

185 3506 318 3559 δίαν
347 3508 667 3574 ἀνθρώπου
708 3513 821 3563 οὐκ
848 3510 1053 3579 ἀνέϐη,
1087 3511 1125 3565 ἆ
1175 3513 1506 3583 ἡτοίμασεν
1543 3518 1575 3567 ὀ
1615 3514 1759 3579 Θεὸς

186 3598 305 3663 τοῖς
334 3597 656 3666 ἀγαπῶσιν
687 3603 895 3656 αὐτόν.

253 3692 474 3760 Ἐπειδὴ
511 3696 621 3755 τοῖς
654 3693 901 3765 ἀνοήτοις
946 3697 974 3748 ὁ
1025 3698 1255 3767 σταυρὸς
1287 3698 1472 3763 ἀδοξία
1504 3698 1640 3750 εἶναι
1674 3698 1759 3751 δν.-

187 3783 288 3839 κεῖ.
321 3784 424 3853 ὅρα
453 3785 592 3851 πῶς,
621 3787 856 3855 Χριστοῦ
891 3789 1166 3859 μνησθεὶς,
1193 3790 1392 3860 Κύριον
1418 3792 1579 3845 αὑτὸν
1600 3791 1756 3861 δόξης

189 3875 356 3937 καλεῖ,
395 3876 613 3940 δεικνὺς
648 3878 731 3931 ὅτι
780 3879 840 3931 οὐ
891 3879 1052 3950 μόνον
1098 3882 1249 3935 οὐδὲν
1278 3884 1356 3945 εἰς
1402 3883 1558 3946 δόξαν
1621 3900 1757 3951 παρ-

192 3966 392 4037 εὸλὰὄη
444 3971 507 4019 ἐκ
544 3970 637 4020 τοῦ
677 3972 910 4041 σταυροῦ
951 3977 1043 4026 καὶ
1078 3975 1170 4027 τοῦ
1196 3975 1446 4036 θανάτου,
1489 3975 1625 4028 ἀλλά
1668 3979 1759 4030 καὶ

191 4059 382 4125 μᾶλλον
436 4062 530 4113 ἐπὶ
568 4063 945 4135 φιλανθρωπίᾳ
992 4067 1271 4137 ἐδοξάσθη.
1302 4096 1369 4111 --
1403 4069 1602 4122 Ἄλλο.
1639 4066 1760 4140 [ΟΙ-

190 4150 622 4222 ΚΟΥΜΕΝΙΟΥ]
662 4153 720 4206 El
780 4154 878 4222 μὲν
932 4155 1012 4220 τό,
1075 4175 1093 4208 ι
1152 4158 1269 4209 Τῶν
1334 4159 1607 4229 ἀρχόντων
1662 4159 1757 4211 τοῦ

226 4236 374 4299 ἷῶνος
406 4237 598 4290 τούτου
637 4238 781 4310 δέξῃ,
822 4261 839 4292 ι
886 4243 960 4305 ὡς
993 4244 1126 4314 πρὸς
1151 4246 1242 4297 τὸν
1281 4246 1524 4316 Ἡρώδην
1554 4250 1644 4300 καὶ
1669 4249 1759 4301 τὸν

193 4328 437 4388 Πιλᾶτον,
469 4329 849 4401 ἁπλουστέρως
871 4336 1086 4403 νοήσεις
1113 4337 1172 4388 τὸ
1196 4337 1479 4406 ἑπόμενον.
1504 4357 1519 4389 ι
1548 4340 1605 4390 Εἰ
1630 4340 1753 4407 γὰρ,

191 4421 368 4487 φησὶν,
399 4420 665 4487 ἔγνωσαν,
695 4423 793 4476 οὐκ
823 4424 886 4477 ἂν
910 4426 1001 4479 τὸν
1026 4427 1227 4499 Κύριον
1258 4430 1355 4497 τῆς
1380 4429 1538 4499 δόξης
1560 4431 1755 4485 ἐσταύ-

191 4528 385 4576 ρωσαν.
425 4531 444 4562 ι
478 4513 551 4564 Οὐ
601 4514 710 4582 γὰρ
740 4515 994 4569 τοσοῦτον
1042 4518 1410 4589 ἐμεμήνεσαν,
1440 4520 1636 4589 φθόνου
1683 4524 1758 4593 μὴ

1856 3329 2040 3400 gloria:
2076 3333 2503 3399 cruciﬁxissent;
2546 3333 2656 3397 sed,
2700 3331 3139 3401 quemadmodum
3182 3332 3433 3400 scriptum

1858 3429 1933 3473 est
1964 3438 1981 3475 :
2032 3420 2160 3486 Qua:
2198 3422 2379 3475 oculus
2408 3440 2510 3475 non
2536 3424 2681 3487 vidit,
2712 3440 2805 3476 nec
2840 3424 2987 3476 auris
3015 3423 3234 3485 audivit,
3267 3438 3357 3475 nec
3381 3424 3398 3475 ἑ
3419 3443 3434 3473 ι

1858 3529 1947 3565 cor
1993 3513 2214 3567 hominis
2276 3514 2620 3568 ascenderunt
2658 3530 2777 3585 qua
2827 3515 3149 3585 praeparavit
3187 3514 3324 3569 Deus
3351 3514 3434 3568 di-

1862 3603 2139 3674 ligentibus
2169 3623 2245 3660 se.

1929 3694 2196 3761 Quoniam
2229 3698 2523 3753 insensatis
2551 3714 2683 3753 crux
2710 3699 3008 3770 ignominia
3042 3715 3162 3756 esse
3191 3699 3432 3765 videtur,

1859 3784 1983 3838 vide
2025 3784 2321 3852 quomodo,
2366 3785 2507 3840 facta
2558 3786 2762 3843 Christi
2817 3789 3116 3854 mentione,
3147 3790 3436 3845 Dominum

1860 3874 2047 3943 gloria:
2094 3874 2271 3944 ipsum
2325 3884 2522 3931 vocat:
2578 3877 2878 3933 ostendens
2918 3877 3066 3948 quod
3112 3893 3223 3932 non
3259 3878 3435 3931 solum

1862 3964 2001 4019 nihil
2044 3965 2121 4019 illi
2151 3964 2217 4019 ad
2259 3966 2488 4037 gloriam
2519 3981 2655 4021 crux
2699 3976 2794 4023 aut
2832 3983 2981 4023 mers
3011 3968 3207 4034 obfuit,
3244 3984 3438 4023 verum

1861 4058 2024 4112 etiam
2079 4058 2150 4111 ob
2209 4058 2606 4114 humanitatem
2668 4076 2765 4115 seu
2820 4061 3212 4132 benignitatem
3267 4061 3440 4131 magis

1862 4148 2199 4218 gloriﬁcatus
2228 4160 2334 4203 est.
2364 4179 2431 4190 -
2460 4149 2643 4208 Aliud.
2669 4151 2726 4206 Si
2759 4151 2812 4205 id
2840 4153 2985 4221 quod
3011 4152 3089 4206 ait
3118 4170 3132 4207 :
3170 4171 3187 4203 ι
3228 4151 3442 4206 Princi-

1862 4256 1991 4309 pum
2022 4240 2205 4293 saeculi
2241 4241 2426 4312 hujus,
2468 4260 2485 4294 ι
2525 4258 2625 4312 pro
2664 4242 2878 4298 Herode
2907 4253 2963 4299 et
3002 4245 3178 4299 Pilato
3211 4259 3441 4314 accepe-

1864 4335 1960 4398 ris,
2002 4333 2309 4403 simplicius
2342 4333 2614 4405 intelliges
2651 4335 2796 4404 quod
2830 4335 3119 4404 sequitur:
3166 4354 3183 4386 ‹
3228 4334 3363 4389 Nam
3397 4334 3440 4388 si

1864 4428 2269 4499 cognovissent,
2294 4443 2639 4497 nequaquam
2674 4429 2965 4482 Dominum
2996 4428 3185 4499 gloriae
3223 4429 3444 4482 crucifi-

1865 4520 2117 4585 xissent;
2156 4541 2174 4572 ι
2228 4535 2407 4589 neque
2435 4520 2582 4573 enim
2635 4528 2783 4573 tanta
2815 4518 2960 4587 capti
3006 4528 3165 4573 erant
3206 4518 3437 4573 insania.

191 4603 568 4675 ὑποκειμένου.
611 4607 671 4658 Εἰ
709 4607 765 4659 δὲ
818 4610 952 4677 πρὸς
983 4610 1106 4673 τοὺς
1138 4614 1415 4683 ἀρχιερεῖς
1446 4616 1540 4667 καὶ
1575 4633 1755 4687 γραμ-

1865 4627 1989 4666 cum
2024 4626 2118 4667 eos
2140 4627 2251 4664 non
2274 4619 2566 4677 occuparet
2598 4609 2820 4663 invidia.
2857 4609 2912 4663 Si
2936 4624 3068 4663 vero
3090 4623 3190 4677 pro
3218 4607 3440 4677 pontiﬁ-

192 4699 371 4761 ματεῖς
404 4696 657 4757 ἐκλάΰοις
684 4700 751 4753 οἳ
780 4699 971 4768 ᾔδεσαν
1021 4702 1182 4754 αὑτὸν
1215 4703 1340 4755 ὄντα
1383 4704 1473 4756 τὸν
1528 4708 1758 4776 Χριστὶν

190 4784 300 4847 (καὶ
330 4787 492 4853 δῆλον
527 4787 586 4851 ἐξ
616 4780 690 4841 ὧν
712 4788 895 4856 ἔλεγον
921 4792 970 4843 οἱ
1006 4796 1242 4863 γεωργοὶ
1275 4794 1370 4847 τοῦ
1401 4796 1723 4864 ἀμπελῶνος
1742 4816 1757 4830 ·

196 4896 211 4926 ι
245 4878 412 4941 Οὗτός
447 4883 597 4933 ἐστιν
640 4883 670 4934 ό
721 4881 1076 4954 κληρονόμος,
1141 4887 1293 4940 δεῦτε
1352 4888 1761 4959 ἀποκτείνωμεν

191 4971 365 5031 αὑτὸν,
399 4972 500 5023 καὶ
522 4975 550 5024 ὁ
581 4974 846 5043 ἀμπελῶν
878 4976 1034 5045 ἡμῶν
1060 4978 1232 5043 ἔσται,
1267 4999 1285 5031 ι
1319 4979 1455 5033 ἀλλὰ
1475 4980 1551 5050 τῷ
1582 4982 1761 5052 φθόνῳ

192 5058 697 5132 ἀπετυφλὼθησαν),
746 5063 919 5128 οὕτως
968 5068 1180 5136 νοήσεις
1229 5070 1291 5122 τὸ
1342 5070 1513 5136 κάτω,
1556 5074 1661 5136 ὅτι,
1698 5074 1761 5126 Εἰ

192 5149 451 5216 ἔγνωσαν,
488 5155 675 5222 φησὶν,
707 5156 788 5208 ὅτι
814 5158 1049 5229 τοσαύτη
1076 5160 1225 5213 ἔσται
1247 5164 1356 5225 τοῖς
1377 5164 1554 5217 ἔθνεσι
1584 5181 1761 5236 σωτη-

194 5244 274 5309 ρία
294 5246 357 5297 ἐκ
390 5244 487 5298 τοῦ
521 5248 775 5316 σταυροῦ,
814 5250 921 5304 οὐδ’
950 5252 1017 5304 ἂν
1044 5250 1207 5324 ἦλθον
1230 5256 1307 5317 εἰς
1329 5255 1389 5308 τὸ
1423 5256 1755 5328 σταυρῶσαι,

194 5336 517 5405 ἐκτήκεσθαι
554 5338 754 5405 μᾶλλον
789 5340 851 5393 ἐκ
880 5341 973 5395 τοῦ
1003 5343 1200 5410 φθόνου
1244 5344 1577 5416 αἱρούμενοι,
1607 5346 1639 5415 ἢ
1676 5346 1760 5398 ἵνα

195 5425 328 5495 σωθῇ
360 5428 428 5482 τὰ
466 5428 596 5498 ἔθνη
630 5431 724 5482 καὶ
758 5433 962 5503 ἐκϐάλῃ
993 5436 1212 5499 αὐτοὺς,
1261 5438 1355 5489 καὶ
1392 5438 1757 5507 ἀντικαταστῇ

194 5516 266 5577 εἰς
291 5518 380 5570 τὸν
406 5520 575 5571 τόπον
623 5521 821 5576 αὐτῶν.
850 5555 921 5566 -
953 5526 1152 5579 Ἄλλο.
1206 5524 1441 5597 [ΙΩΛΝ.]
1475 5526 1759 5595 Εύκαῑρως

196 5605 389 5677 Κύριον
417 5609 582 5678 δόξης
609 5610 883 5669 ἐκάλεσεν.
919 5615 1136 5687 Ἐπειδὴ
1159 5618 1266 5688 γὰρ
1297 5621 1324 5671 ό
1367 5620 1600 5688 σταυρὺς
1637 5617 1758 5671 ἀδο-

269 5789 309 5817 τ¹
344 5787 539 5843 Matth.
576 5805 688 5853 nl,
728 5792 813 5844 58.

1863 4701 2022 4756 cibus
2052 4712 2106 4755 et
2135 4700 2424 4769 pharisaeis
2450 4699 2730 4769 acceperis
2753 4740 2767 4763 ,
2818 4700 2913 4769 qui
2956 4707 3224 4753 noverant
3261 4698 3439 4766 ipsum

1862 4808 1983 4848 esse
2026 4792 2308 4847 Christum
2360 4790 2545 4861 (idque
2579 4806 2647 4845 ex
2691 4806 2758 4846 eo
2803 4792 3151 4845 manifestum
3181 4789 3439 4859 estquod

1867 4884 2125 4939 dicebant
2153 4884 2394 4937 cultores
2423 4882 2627 4937 vineze:
2655 4900 2672 4935 ι
2702 4882 2800 4937 Hic
2824 4892 2909 4936 est
2930 4882 3122 4945 haeres,
3151 4880 3315 4950 agile,
3347 4894 3414 4934 oc

1868 4975 2116 5031 cidamus
2142 4983 2361 5038 eum,et
2390 4974 2549 5028 vinea
2575 4976 2682 5028 erit
2708 4982 2892 5027 nostra
2921 4973 2963 5004 ⁷⁸
2994 4988 3009 5037 ;
3053 4991 3071 5024 ι
3103 4970 3208 5025 Sed
3235 4970 3439 5023 invidia

1867 5067 2125 5121 excaecati
2148 5066 2321 5135 sunt),
2350 5072 2477 5119 tunc
2507 5065 2654 5134 quod
2684 5065 2911 5120 inferius
2933 5064 3156 5119 additur
3180 5063 3258 5117 sic
3282 5060 3442 5116 intel-

1866 5161 2000 5230 liges
2031 5180 2042 5213 :
2072 5159 2126 5213 Si
2155 5158 2539 5229 cognovissent
2568 5158 2713 5227 quod
2746 5174 2774 5212 a
2811 5173 2975 5212 cruce
3009 5166 3153 5211 tanta
3187 5156 3441 5226 gentibus

1862 5250 2047 5305 futura
2095 5250 2260 5313 salus,
2303 5262 2644 5317 nequaquam
2703 5246 2769 5301 ad
2816 5245 2921 5300 hoc
2953 5244 3328 5314 pervenis-sent
3381 5250 3441 5296 ut

1864 5357 1991 5397 eum
2014 5340 2403 5410 cruciﬁgerent
2429 5357 2442 5392 :
2467 5339 2730 5409 eligentes
2752 5340 2930 5407 potius
2954 5336 3159 5413 invidia
3193 5335 3441 5390 tabesce-

1867 5448 1949 5495 re,
2000 5446 2163 5501 quam
2197 5439 2256 5483 ut
2290 5437 2480 5500 gentes
2514 5429 2674 5483 salvae
2708 5427 2922 5489 ﬁerent,
2967 5436 3022 5482 et
3072 5427 3205 5495 ipsis
3249 5425 3440 5495 ejectis

1866 5525 1972 5579 illae
1997 5539 2186 5578 eorum
2215 5523 2336 5577 loco
2359 5520 3099 5577 substituerentur.-—-Aliud.
3121 5520 3440 5588 Opportune

1873 5615 2160 5670 Dominum
2208 5614 2393 5684 gloria:
2445 5612 2757 5682 appellavit.
2814 5613 2946 5667 Nam
3002 5612 3257 5681 quoniam
3306 5622 3439 5663 crux
