  <div class='ocr_page' id='page_1' title='image "/cluster/home/n/w/nwhite01/storage/ocr_20150623/118/nnc1.0046980148/342.png"; bbox 0 0 4194 6468; ppageno 0'>
   <div class='ocr_carea' id='block_1_1' title="bbox 163 399 263 461">
    <p class='ocr_par' dir='ltr' id='par_1_1' title="bbox 163 399 263 461">
     <span class='ocr_line' id='line_1_1' title="bbox 163 399 263 461; baseline 0 0"><span class='ocrx_word' id='word_1_1' title='bbox 163 399 263 461; x_wconf 77' lang='grc'><strong>665</strong></span> 
     </span>
    </p>
   </div>
   <div class='ocr_carea' id='block_1_2' title="bbox 1124 397 2518 488">
    <p class='ocr_par' dir='ltr' id='par_1_2' title="bbox 1124 397 2518 488">
     <span class='ocr_line' id='line_1_2' title="bbox 1124 397 2518 488; baseline 0.009 -28"><span class='ocrx_word' id='word_1_2' title='bbox 1124 397 1512 461; x_wconf 72' lang='lat' dir='ltr'><strong>COMMENT.</strong></span> <span class='ocrx_word' id='word_1_3' title='bbox 1664 406 1900 470; x_wconf 75' lang='lat' dir='ltr'><strong>EPIST.</strong></span> <span class='ocrx_word' id='word_1_4' title='bbox 1938 410 1955 466; x_wconf 90' lang='lat' dir='ltr'><strong>l</strong></span> <span class='ocrx_word' id='word_1_5' title='bbox 2006 411 2103 469; x_wconf 75' lang='lat' dir='ltr'><strong>AD</strong></span> <span class='ocrx_word' id='word_1_6' title='bbox 2153 410 2518 472; x_wconf 73' lang='lat' dir='ltr'><strong>CORINTH.</strong></span> 
     </span>
    </p>
   </div>
   <div class='ocr_carea' id='block_1_3' title="bbox 3327 421 3435 487">
    <p class='ocr_par' dir='ltr' id='par_1_3' title="bbox 3327 421 3435 487">
     <span class='ocr_line' id='line_1_3' title="bbox 3327 421 3435 487; baseline -0.009 -1"><span class='ocrx_word' id='word_1_7' title='bbox 3327 421 3435 487; x_wconf 77' lang='lat'><strong>666</strong></span> 
     </span>
    </p>
   </div>
   <div class='ocr_carea' id='block_1_4' title="bbox 162 502 1740 600">
    <p class='ocr_par' dir='ltr' id='par_1_4' title="bbox 162 502 1740 576">
     <span class='ocr_line' id='line_1_4' title="bbox 162 502 1740 576; baseline -0.002 -16"><span class='ocrx_word' id='word_1_8' title='bbox 162 505 417 567; x_wconf 69' lang='grc' dir='ltr'>σιάλους,</span> <span class='ocrx_word' id='word_1_9' title='bbox 452 503 616 573; x_wconf 80' lang='grc' dir='ltr'><strong>ἡμεῖς</strong></span> <span class='ocrx_word' id='word_1_10' title='bbox 647 503 702 557; x_wconf 83' lang='grc' dir='ltr'>δὲ</span> <span class='ocrx_word' id='word_1_11' title='bbox 727 503 788 557; x_wconf 59' lang='lat' dir='ltr'><strong>et</strong></span> <span class='ocrx_word' id='word_1_12' title='bbox 823 502 1053 576; x_wconf 74' lang='grc' dir='ltr'>Πνεῦμα</span> <span class='ocrx_word' id='word_1_13' title='bbox 1095 507 1154 560; x_wconf 78' lang='grc' dir='ltr'><strong>τὸ</strong></span> <span class='ocrx_word' id='word_1_14' title='bbox 1197 510 1372 572; x_wconf 58' lang='lat' dir='ltr'><strong>am».</strong></span> <span class='ocrx_word' id='word_1_15' title='bbox 1411 531 1429 562; x_wconf 70' lang='grc' dir='ltr'><em>ς</em></span> <span class='ocrx_word' id='word_1_16' title='bbox 1487 511 1625 564; x_wconf 71' lang='grc' dir='ltr'>Ἀλλ’</span> <span class='ocrx_word' id='word_1_17' title='bbox 1685 515 1740 566; x_wconf 66' lang='grc' dir='ltr'>ἐν</span> 
     </span>
    </p>
   </div>
   <div class='ocr_carea' id='block_1_5' title="bbox 1839 502 3438 600">
    <p class='ocr_par' dir='ltr' id='par_1_5' title="bbox 1847 518 3438 600">
     <span class='ocr_line' id='line_1_5' title="bbox 1847 518 3438 600; baseline 0.009 -30"><span class='ocrx_word' id='word_1_18' title='bbox 1847 526 2028 586; x_wconf 86' lang='lat' dir='ltr'><strong>ptore.</strong></span> <span class='ocrx_word' id='word_1_19' title='bbox 2063 518 2146 574; x_wconf 89' lang='lat' dir='ltr'><strong>lili</strong></span> <span class='ocrx_word' id='word_1_20' title='bbox 2167 521 2439 590; x_wconf 82' lang='lat' dir='ltr'><strong>siquidem</strong></span> <span class='ocrx_word' id='word_1_21' title='bbox 2462 523 2746 578; x_wconf 73' lang='lat' dir='ltr'><strong>Platonem</strong></span> <span class='ocrx_word' id='word_1_22' title='bbox 2766 539 2827 578; x_wconf 82' lang='lat' dir='ltr'><strong>ae</strong></span> <span class='ocrx_word' id='word_1_23' title='bbox 2841 525 3206 600; x_wconf 75' lang='lat' dir='ltr'><strong>Pythagoram</strong></span> <span class='ocrx_word' id='word_1_24' title='bbox 3230 527 3438 586; x_wconf 85' lang='lat' dir='ltr'><strong>habent</strong></span> 
     </span>
    </p>
   </div>
   <div class='ocr_carea' id='block_1_6' title="bbox 157 594 1746 674">
    <p class='ocr_par' dir='ltr' id='par_1_6' title="bbox 157 594 1746 674">
     <span class='ocr_line' id='line_1_6' title="bbox 157 594 1746 674; baseline 0.004 -25"><span class='ocrx_word' id='word_1_25' title='bbox 157 597 427 656; x_wconf 77' lang='grc' dir='ltr'>διδακτοῖς</span> <span class='ocrx_word' id='word_1_26' title='bbox 444 594 761 662; x_wconf 75' lang='grc' dir='ltr'>Πνεῦματος</span> <span class='ocrx_word' id='word_1_27' title='bbox 775 595 956 661; x_wconf 79' lang='grc' dir='ltr'>ἁγίου.</span> <span class='ocrx_word' id='word_1_28' title='bbox 970 615 988 648; x_wconf 81' lang='lat' dir='ltr'><strong>t</strong></span> <span class='ocrx_word' id='word_1_29' title='bbox 999 596 1207 651; x_wconf 75' lang='grc' dir='ltr'>Οὐκοῦν</span> <span class='ocrx_word' id='word_1_30' title='bbox 1220 599 1458 669; x_wconf 77' lang='grc' dir='ltr'>οὐδαμοῦ</span> <span class='ocrx_word' id='word_1_31' title='bbox 1476 621 1504 671; x_wconf 77' lang='grc' dir='ltr'><strong>χ</strong></span> <span class='ocrx_word' id='word_1_32' title='bbox 1515 604 1632 670; x_wconf 88' lang='grc' dir='ltr'>ρεία</span> <span class='ocrx_word' id='word_1_33' title='bbox 1645 603 1746 674; x_wconf 82' lang='grc' dir='ltr'>τῆς</span> 
     </span>
    </p>
   </div>
   <div class='ocr_carea' id='block_1_7' title="bbox 158 685 1744 763">
    <p class='ocr_par' dir='ltr' id='par_1_7' title="bbox 158 685 1744 763">
     <span class='ocr_line' id='line_1_7' title="bbox 158 685 1744 763; baseline 0.006 -23"><span class='ocrx_word' id='word_1_34' title='bbox 158 685 504 758; x_wconf 74' lang='grc' dir='ltr'><strong>ἀνθρωπίνης</strong></span> <span class='ocrx_word' id='word_1_35' title='bbox 524 685 735 754; x_wconf 76' lang='grc' dir='ltr'>σοφίας.</span> <span class='ocrx_word' id='word_1_36' title='bbox 767 687 903 740; x_wconf 82' lang='grc' dir='ltr'><strong>Ὀλα</strong></span> <span class='ocrx_word' id='word_1_37' title='bbox 918 687 1026 758; x_wconf 78' lang='grc' dir='ltr'>γὰρ</span> <span class='ocrx_word' id='word_1_38' title='bbox 1050 691 1415 759; x_wconf 74' lang='grc' dir='ltr'>πνευματικά.</span> <span class='ocrx_word' id='word_1_39' title='bbox 1446 711 1466 743; x_wconf 78' lang='grc' dir='ltr'><strong>ι</strong></span> <span class='ocrx_word' id='word_1_40' title='bbox 1494 693 1744 763; x_wconf 81' lang='grc' dir='ltr'>Πνευμα-</span> 
     </span>
    </p>
   </div>
   <div class='ocr_carea' id='block_1_8' title="bbox 156 779 1741 852">
    <p class='ocr_par' dir='ltr' id='par_1_8' title="bbox 156 779 1741 852">
     <span class='ocr_line' id='line_1_8' title="bbox 156 779 1741 852; baseline 0.006 -22"><span class='ocrx_word' id='word_1_41' title='bbox 156 781 326 842; x_wconf 85' lang='grc' dir='ltr'>τικοῖς</span> <span class='ocrx_word' id='word_1_42' title='bbox 352 779 697 847; x_wconf 80' lang='grc' dir='ltr'>πνευματικά</span> <span class='ocrx_word' id='word_1_43' title='bbox 718 781 1155 848; x_wconf 71' lang='grc' dir='ltr'>συγκρίνοντες.»</span> <span class='ocrx_word' id='word_1_44' title='bbox 1189 783 1359 836; x_wconf 84' lang='grc' dir='ltr'>Τοῦτο</span> <span class='ocrx_word' id='word_1_45' title='bbox 1391 785 1560 852; x_wconf 81' lang='grc' dir='ltr'><strong>λέγει,</strong></span> <span class='ocrx_word' id='word_1_46' title='bbox 1588 789 1741 852; x_wconf 86' lang='grc' dir='ltr'>ὅταν,</span> 
     </span>
    </p>
   </div>
   <div class='ocr_carea' id='block_1_9' title="bbox 161 869 1745 948">
    <p class='ocr_par' dir='ltr' id='par_1_9' title="bbox 161 869 1745 948">
     <span class='ocr_line' id='line_1_9' title="bbox 161 869 1745 948; baseline 0.005 -26"><span class='ocrx_word' id='word_1_47' title='bbox 161 870 349 939; x_wconf 63' lang='grc' dir='ltr'>φησιν,</span> <span class='ocrx_word' id='word_1_48' title='bbox 383 869 641 942; x_wconf 76' lang='grc' dir='ltr'>ἀνακύψῃ</span> <span class='ocrx_word' id='word_1_49' title='bbox 671 869 894 941; x_wconf 75' lang='grc' dir='ltr'>ζήτημα</span> <span class='ocrx_word' id='word_1_50' title='bbox 959 874 1351 942; x_wconf 78' lang='grc' dir='ltr'>πνευματικὸν,</span> <span class='ocrx_word' id='word_1_51' title='bbox 1401 875 1511 928; x_wconf 75' lang='grc' dir='ltr'><strong>ἀπὸ</strong></span> <span class='ocrx_word' id='word_1_52' title='bbox 1567 895 1745 948; x_wconf 85' lang='grc' dir='ltr'>παρα-</span> 
     </span>
    </p>
   </div>
   <div class='ocr_carea' id='block_1_10' title="bbox 159 963 1742 1035">
    <p class='ocr_par' dir='ltr' id='par_1_10' title="bbox 159 963 1742 1035">
     <span class='ocr_line' id='line_1_10' title="bbox 159 963 1742 1035; baseline 0.004 -20"><span class='ocrx_word' id='word_1_53' title='bbox 159 963 476 1032; x_wconf 80' lang='grc' dir='ltr'>δειγμάτων</span> <span class='ocrx_word' id='word_1_54' title='bbox 511 964 926 1033; x_wconf 73' lang='grc' dir='ltr'><strong>¹πνευματικῶν</strong></span> <span class='ocrx_word' id='word_1_55' title='bbox 971 964 1074 1028; x_wconf 76' lang='grc' dir='ltr'><strong>τὰς</strong></span> <span class='ocrx_word' id='word_1_56' title='bbox 1131 967 1453 1035; x_wconf 77' lang='grc' dir='ltr'><strong>συγκρίσεις</strong></span> <span class='ocrx_word' id='word_1_57' title='bbox 1504 968 1600 1021; x_wconf 72' lang='grc' dir='ltr'>καὶ</span> <span class='ocrx_word' id='word_1_58' title='bbox 1643 969 1742 1031; x_wconf 83' lang='grc' dir='ltr'><strong>τὰς</strong></span> 
     </span>
    </p>
   </div>
   <div class='ocr_carea' id='block_1_11' title="bbox 158 1050 1744 1130">
    <p class='ocr_par' dir='ltr' id='par_1_11' title="bbox 158 1050 1744 1130">
     <span class='ocr_line' id='line_1_11' title="bbox 158 1050 1744 1130; baseline 0.003 -23"><span class='ocrx_word' id='word_1_59' title='bbox 158 1055 439 1117; x_wconf 80' lang='grc' dir='ltr'>ἑπιλύσεις</span> <span class='ocrx_word' id='word_1_60' title='bbox 476 1056 778 1122; x_wconf 72' lang='grc' dir='ltr'>ἐπαγομεν,</span> <span class='ocrx_word' id='word_1_61' title='bbox 828 1050 978 1109; x_wconf 79' lang='grc' dir='ltr'>οἷον·</span> <span class='ocrx_word' id='word_1_62' title='bbox 1032 1059 1081 1109; x_wconf 80' lang='grc' dir='ltr'><strong>εἰ</strong></span> <span class='ocrx_word' id='word_1_63' title='bbox 1125 1057 1326 1128; x_wconf 80' lang='grc' dir='ltr'><strong>ἀνέστη</strong></span> <span class='ocrx_word' id='word_1_64' title='bbox 1383 1061 1682 1130; x_wconf 83' lang='grc' dir='ltr'>τριήμερος</span> <span class='ocrx_word' id='word_1_65' title='bbox 1715 1061 1744 1112; x_wconf 82' lang='grc' dir='ltr'>ὁ</span> 
     </span>
    </p>
   </div>
   <div class='ocr_carea' id='block_1_12' title="bbox 157 1144 1742 1220">
    <p class='ocr_par' dir='ltr' id='par_1_12' title="bbox 157 1144 1742 1220">
     <span class='ocr_line' id='line_1_12' title="bbox 157 1144 1742 1220; baseline 0.003 -22"><span class='ocrx_word' id='word_1_66' title='bbox 157 1146 411 1217; x_wconf 73' lang='grc' dir='ltr'>Χριστὸς,</span> <span class='ocrx_word' id='word_1_67' title='bbox 460 1147 524 1198; x_wconf 81' lang='grc' dir='ltr'>ὲκ</span> <span class='ocrx_word' id='word_1_68' title='bbox 551 1144 648 1198; x_wconf 81' lang='grc' dir='ltr'>τοῦ</span> <span class='ocrx_word' id='word_1_69' title='bbox 694 1147 852 1199; x_wconf 79' lang='grc' dir='ltr'>Ἰωνᾶ</span> <span class='ocrx_word' id='word_1_70' title='bbox 893 1147 993 1210; x_wconf 79' lang='grc' dir='ltr'><strong>τὰς</strong></span> <span class='ocrx_word' id='word_1_71' title='bbox 1023 1147 1326 1212; x_wconf 77' lang='grc' dir='ltr'><strong>ἀποδείξεις</strong></span> <span class='ocrx_word' id='word_1_72' title='bbox 1375 1151 1612 1220; x_wconf 81' lang='grc' dir='ltr'>παράγω</span> <span class='ocrx_word' id='word_1_73' title='bbox 1645 1150 1742 1203; x_wconf 84' lang='grc' dir='ltr'>καὶ</span> 
     </span>
    </p>
   </div>
   <div class='ocr_carea' id='block_1_13' title="bbox 156 1236 1741 1312">
    <p class='ocr_par' dir='ltr' id='par_1_13' title="bbox 156 1236 1741 1312">
     <span class='ocr_line' id='line_1_13' title="bbox 156 1236 1741 1312; baseline 0.003 -24"><span class='ocrx_word' id='word_1_74' title='bbox 156 1237 250 1307; x_wconf 74' lang='grc' dir='ltr'>τὴν</span> <span class='ocrx_word' id='word_1_75' title='bbox 281 1236 618 1306; x_wconf 83' lang='grc' dir='ltr'>μαρτυρίαν·</span> <span class='ocrx_word' id='word_1_76' title='bbox 645 1239 692 1289; x_wconf 88' lang='grc' dir='ltr'><strong>εί</strong></span> <span class='ocrx_word' id='word_1_77' title='bbox 726 1237 982 1308; x_wconf 78' lang='grc' dir='ltr'><strong>ἐγέννησε</strong></span> <span class='ocrx_word' id='word_1_78' title='bbox 1040 1239 1315 1310; x_wconf 90' lang='grc' dir='ltr'>παρθένος</span> <span class='ocrx_word' id='word_1_79' title='bbox 1367 1239 1462 1293; x_wconf 75' lang='grc' dir='ltr'>τὸν</span> <span class='ocrx_word' id='word_1_80' title='bbox 1511 1241 1741 1312; x_wconf 81' lang='grc' dir='ltr'><strong>Κύριον,</strong></span> 
     </span>
    </p>
   </div>
   <div class='ocr_carea' id='block_1_14' title="bbox 158 1328 1667 1402">
    <p class='ocr_par' dir='ltr' id='par_1_14' title="bbox 158 1328 1667 1402">
     <span class='ocr_line' id='line_1_14' title="bbox 158 1328 1667 1402; baseline 0.005 -22"><span class='ocrx_word' id='word_1_81' title='bbox 158 1330 217 1380; x_wconf 79' lang='grc' dir='ltr'>ὲκ</span> <span class='ocrx_word' id='word_1_82' title='bbox 243 1329 352 1381; x_wconf 88' lang='grc' dir='ltr'><strong>τῶν</strong></span> <span class='ocrx_word' id='word_1_83' title='bbox 377 1328 608 1398; x_wconf 83' lang='grc' dir='ltr'>στειρῶν</span> <span class='ocrx_word' id='word_1_84' title='bbox 635 1329 836 1398; x_wconf 81' lang='grc' dir='ltr'>Ἀννης</span> <span class='ocrx_word' id='word_1_85' title='bbox 875 1328 972 1382; x_wconf 70' lang='grc' dir='ltr'>καὶ</span> <span class='ocrx_word' id='word_1_86' title='bbox 1013 1329 1294 1385; x_wconf 77' lang='grc' dir='ltr'>Ἐλισάσετ</span> <span class='ocrx_word' id='word_1_87' title='bbox 1320 1332 1353 1402; x_wconf 78' lang='grc' dir='ltr'><strong>ἠ</strong></span> <span class='ocrx_word' id='word_1_88' title='bbox 1394 1331 1667 1396; x_wconf 81' lang='grc' dir='ltr'>ὲπίλυσις.</span> 
     </span>
    </p>
   </div>
   <div class='ocr_carea' id='block_1_15' title="bbox 229 1602 1742 1671">
    <p class='ocr_par' dir='ltr' id='par_1_15' title="bbox 229 1602 1742 1671">
     <span class='ocr_line' id='line_1_15' title="bbox 229 1602 1742 1671; baseline 0.004 -16"><span class='ocrx_word' id='word_1_89' title='bbox 229 1604 500 1670; x_wconf 74' lang='grc' dir='ltr'>Ψυχικὸς</span> <span class='ocrx_word' id='word_1_90' title='bbox 521 1602 590 1654; x_wconf 76' lang='grc' dir='ltr'>δὲ</span> <span class='ocrx_word' id='word_1_91' title='bbox 617 1602 950 1669; x_wconf 74' lang='grc' dir='ltr'>ἅνθρωπος,</span> <span class='ocrx_word' id='word_1_92' title='bbox 975 1604 1048 1657; x_wconf 82' lang='grc' dir='ltr'><strong>οὐ</strong></span> <span class='ocrx_word' id='word_1_93' title='bbox 1075 1603 1310 1671; x_wconf 80' lang='grc' dir='ltr'>δέκεται</span> <span class='ocrx_word' id='word_1_94' title='bbox 1330 1607 1399 1658; x_wconf 76' lang='grc' dir='ltr'>τὰ</span> <span class='ocrx_word' id='word_1_95' title='bbox 1423 1607 1529 1660; x_wconf 80' lang='grc' dir='ltr'>τοῦ</span> <span class='ocrx_word' id='word_1_96' title='bbox 1552 1609 1742 1661; x_wconf 63' lang='lat' dir='ltr'><strong>Hreu-</strong></span> 
     </span>
    </p>
   </div>
   <div class='ocr_carea' id='block_1_16' title="bbox 156 1694 1740 1763">
    <p class='ocr_par' dir='ltr' id='par_1_16' title="bbox 156 1694 1740 1763">
     <span class='ocr_line' id='line_1_16' title="bbox 156 1694 1740 1763; baseline 0.007 -19"><span class='ocrx_word' id='word_1_97' title='bbox 156 1712 344 1762; x_wconf 73' lang='grc' dir='ltr'>ματος</span> <span class='ocrx_word' id='word_1_98' title='bbox 401 1694 506 1746; x_wconf 79' lang='grc' dir='ltr'>τοῦ</span> <span class='ocrx_word' id='word_1_99' title='bbox 545 1695 692 1746; x_wconf 75' lang='grc' dir='ltr'>θεοῦ</span> <span class='ocrx_word' id='word_1_100' title='bbox 725 1712 737 1724; x_wconf 87' lang='grc'><strong>·</strong></span> <span class='ocrx_word' id='word_1_101' title='bbox 767 1696 957 1761; x_wconf 74' lang='grc' dir='ltr'>μωρία</span> <span class='ocrx_word' id='word_1_102' title='bbox 999 1698 1108 1763; x_wconf 78' lang='grc' dir='ltr'><strong>γὰρ</strong></span> <span class='ocrx_word' id='word_1_103' title='bbox 1138 1697 1298 1762; x_wconf 76' lang='grc' dir='ltr'>αὐτῷ</span> <span class='ocrx_word' id='word_1_104' title='bbox 1328 1699 1479 1760; x_wconf 82' lang='grc' dir='ltr'>ἐστι,</span> <span class='ocrx_word' id='word_1_105' title='bbox 1516 1701 1612 1753; x_wconf 82' lang='grc' dir='ltr'><strong>καί</strong></span> <span class='ocrx_word' id='word_1_106' title='bbox 1668 1702 1740 1754; x_wconf 83' lang='grc' dir='ltr'><strong>οὐ</strong></span> 
     </span>
    </p>
   </div>
   <div class='ocr_carea' id='block_1_17' title="bbox 156 1786 1738 1857">
    <p class='ocr_par' dir='ltr' id='par_1_17' title="bbox 156 1786 1738 1857">
     <span class='ocr_line' id='line_1_17' title="bbox 156 1786 1738 1857; baseline 0.001 -17"><span class='ocrx_word' id='word_1_107' title='bbox 156 1790 402 1842; x_wconf 61' lang='grc' dir='ltr'>«δύναται</span> <span class='ocrx_word' id='word_1_108' title='bbox 433 1787 648 1856; x_wconf 71' lang='grc' dir='ltr'>γνῶναι</span> <span class='ocrx_word' id='word_1_109' title='bbox 680 1786 766 1839; x_wconf 78' lang='grc' dir='ltr'>ὅτι</span> <span class='ocrx_word' id='word_1_110' title='bbox 803 1787 1218 1855; x_wconf 77' lang='grc' dir='ltr'><strong>πνευματικῶς</strong></span> <span class='ocrx_word' id='word_1_111' title='bbox 1240 1791 1644 1857; x_wconf 75' lang='grc' dir='ltr'>ἀνακρίνεται,</span> <span class='ocrx_word' id='word_1_112' title='bbox 1686 1793 1738 1842; x_wconf 88' lang='grc'><strong>’0</strong></span> 
     </span>
    </p>
   </div>
   <div class='ocr_carea' id='block_1_18' title="bbox 1849 608 3437 685">
    <p class='ocr_par' dir='ltr' id='par_1_18' title="bbox 1849 608 3437 685">
     <span class='ocr_line' id='line_1_18' title="bbox 1849 608 3437 685; baseline 0.009 -22"><span class='ocrx_word' id='word_1_113' title='bbox 1849 619 2241 679; x_wconf 59' lang='lat' dir='ltr'><strong>praeceptores,</strong></span> <span class='ocrx_word' id='word_1_114' title='bbox 2287 628 2390 668; x_wconf 91' lang='lat' dir='ltr'><strong>nos</strong></span> <span class='ocrx_word' id='word_1_115' title='bbox 2418 625 2604 669; x_wconf 81' lang='lat' dir='ltr'><strong>autem</strong></span> <span class='ocrx_word' id='word_1_116' title='bbox 2637 608 2908 685; x_wconf 86' lang='lat' dir='ltr'><strong>Spiritum</strong></span> <span class='ocrx_word' id='word_1_117' title='bbox 2941 631 3216 674; x_wconf 86' lang='lat' dir='ltr'><strong>sanctum.</strong></span> <span class='ocrx_word' id='word_1_118' title='bbox 3251 639 3269 672; x_wconf 75' lang='grc' dir='ltr'><strong>ι</strong></span> <span class='ocrx_word' id='word_1_119' title='bbox 3330 622 3437 676; x_wconf 85' lang='lat' dir='ltr'><strong>Sed</strong></span> 
     </span>
    </p>
   </div>
   <div class='ocr_carea' id='block_1_19' title="bbox 1849 705 3439 782">
    <p class='ocr_par' dir='ltr' id='par_1_19' title="bbox 1849 705 3439 782">
     <span class='ocr_line' id='line_1_19' title="bbox 1849 705 3439 782; baseline 0.009 -28"><span class='ocrx_word' id='word_1_120' title='bbox 1849 716 1948 770; x_wconf 90' lang='lat' dir='ltr'><strong>per</strong></span> <span class='ocrx_word' id='word_1_121' title='bbox 1967 718 2066 775; x_wconf 87' lang='lat' dir='ltr'><strong>eos</strong></span> <span class='ocrx_word' id='word_1_122' title='bbox 2093 718 2232 782; x_wconf 84' lang='lat' dir='ltr'><strong>quos</strong></span> <span class='ocrx_word' id='word_1_123' title='bbox 2248 705 2409 761; x_wconf 90' lang='lat' dir='ltr'><strong>docet</strong></span> <span class='ocrx_word' id='word_1_124' title='bbox 2435 705 2679 776; x_wconf 76' lang='lat' dir='ltr'><strong>Spiritus</strong></span> <span class='ocrx_word' id='word_1_125' title='bbox 2705 719 2954 764; x_wconf 88' lang='lat' dir='ltr'><strong>sanctus.</strong></span> <span class='ocrx_word' id='word_1_126' title='bbox 2983 728 3001 761; x_wconf 73' lang='grc' dir='ltr'><strong>ι</strong></span> <span class='ocrx_word' id='word_1_127' title='bbox 3034 711 3230 768; x_wconf 88' lang='lat' dir='ltr'><strong>Nullus</strong></span> <span class='ocrx_word' id='word_1_128' title='bbox 3252 713 3439 782; x_wconf 86' lang='lat' dir='ltr'><strong>itaque</strong></span> 
     </span>
    </p>
   </div>
   <div class='ocr_carea' id='block_1_20' title="bbox 1847 797 3437 876">
    <p class='ocr_par' dir='ltr' id='par_1_20' title="bbox 1847 797 3437 876">
     <span class='ocr_line' id='line_1_20' title="bbox 1847 797 3437 876; baseline 0.007 -28"><span class='ocrx_word' id='word_1_129' title='bbox 1847 810 1983 850; x_wconf 86' lang='lat' dir='ltr'><strong>usus</strong></span> <span class='ocrx_word' id='word_1_130' title='bbox 2013 805 2098 850; x_wconf 90' lang='lat' dir='ltr'><strong>est</strong></span> <span class='ocrx_word' id='word_1_131' title='bbox 2124 797 2382 851; x_wconf 69' lang='lat' dir='ltr'><strong>humanae</strong></span> <span class='ocrx_word' id='word_1_132' title='bbox 2429 799 2715 855; x_wconf 66' lang='lat' dir='ltr'><strong>scientiae:</strong></span> <span class='ocrx_word' id='word_1_133' title='bbox 2750 801 2936 856; x_wconf 89' lang='lat' dir='ltr'><strong>omnia</strong></span> <span class='ocrx_word' id='word_1_134' title='bbox 2983 817 3220 873; x_wconf 81' lang='lat' dir='ltr'><strong>namque</strong></span> <span class='ocrx_word' id='word_1_135' title='bbox 3269 806 3437 876; x_wconf 86' lang='lat' dir='ltr'><strong>spiri-</strong></span> 
     </span>
    </p>
   </div>
   <div class='ocr_carea' id='block_1_21' title="bbox 1845 889 3437 966">
    <p class='ocr_par' dir='ltr' id='par_1_21' title="bbox 1845 889 3437 966">
     <span class='ocr_line' id='line_1_21' title="bbox 1845 889 3437 966; baseline 0.006 -25"><span class='ocrx_word' id='word_1_136' title='bbox 1845 889 2014 943; x_wconf 90' lang='lat' dir='ltr'><strong>tualia</strong></span> <span class='ocrx_word' id='word_1_137' title='bbox 2045 899 2195 945; x_wconf 91' lang='lat' dir='ltr'><strong>sunt.</strong></span> <span class='ocrx_word' id='word_1_138' title='bbox 2231 909 2248 940; x_wconf 75' lang='grc' dir='ltr'><strong>ι</strong></span> <span class='ocrx_word' id='word_1_139' title='bbox 2307 891 2705 959; x_wconf 89' lang='lat' dir='ltr'><strong>Spiritualibus</strong></span> <span class='ocrx_word' id='word_1_140' title='bbox 2745 893 3057 964; x_wconf 81' lang='lat' dir='ltr'><strong>spiritualia</strong></span> <span class='ocrx_word' id='word_1_141' title='bbox 3108 912 3437 966; x_wconf 88' lang='lat' dir='ltr'><strong>comparan-</strong></span> 
     </span>
    </p>
   </div>
   <div class='ocr_carea' id='block_1_22' title="bbox 1847 980 3436 1058">
    <p class='ocr_par' dir='ltr' id='par_1_22' title="bbox 1847 980 3436 1058">
     <span class='ocr_line' id='line_1_22' title="bbox 1847 980 3436 1058; baseline 0.009 -28"><span class='ocrx_word' id='word_1_142' title='bbox 1847 987 1948 1034; x_wconf 90' lang='lat' dir='ltr'><strong>tes.</strong></span> <span class='ocrx_word' id='word_1_143' title='bbox 1982 1000 1998 1030; x_wconf 80' lang='grc' dir='ltr'><strong>ι</strong></span> <span class='ocrx_word' id='word_1_144' title='bbox 2023 980 2136 1035; x_wconf 90' lang='lat' dir='ltr'><strong>lloc</strong></span> <span class='ocrx_word' id='word_1_145' title='bbox 2161 990 2268 1044; x_wconf 91' lang='lat' dir='ltr'><strong>est,</strong></span> <span class='ocrx_word' id='word_1_146' title='bbox 2301 982 2449 1050; x_wconf 89' lang='lat' dir='ltr'><strong>quod</strong></span> <span class='ocrx_word' id='word_1_147' title='bbox 2481 983 2636 1038; x_wconf 88' lang='lat' dir='ltr'><strong>dicit.</strong></span> <span class='ocrx_word' id='word_1_148' title='bbox 2657 984 2794 1039; x_wconf 89' lang='lat' dir='ltr'><strong>Cum</strong></span> <span class='ocrx_word' id='word_1_149' title='bbox 2827 985 3190 1058; x_wconf 75' lang='lat' dir='ltr'><strong>investigatur</strong></span> <span class='ocrx_word' id='word_1_150' title='bbox 3205 991 3436 1058; x_wconf 66' lang='lat' dir='ltr'><strong>quaestio</strong></span> 
     </span>
    </p>
   </div>
   <div class='ocr_carea' id='block_1_23' title="bbox 1845 1071 3436 1146">
    <p class='ocr_par' dir='ltr' id='par_1_23' title="bbox 1845 1071 3436 1146">
     <span class='ocr_line' id='line_1_23' title="bbox 1845 1071 3436 1146; baseline 0.007 -23"><span class='ocrx_word' id='word_1_151' title='bbox 1845 1071 2024 1139; x_wconf 88' lang='lat' dir='ltr'><strong>aliqua</strong></span> <span class='ocrx_word' id='word_1_152' title='bbox 2091 1073 2422 1141; x_wconf 87' lang='lat' dir='ltr'><strong>spiritualis,</strong></span> <span class='ocrx_word' id='word_1_153' title='bbox 2455 1088 2519 1126; x_wconf 83' lang='lat' dir='ltr'><strong>ac</strong></span> <span class='ocrx_word' id='word_1_154' title='bbox 2549 1076 2818 1145; x_wconf 78' lang='lat' dir='ltr'><strong>exemplis</strong></span> <span class='ocrx_word' id='word_1_155' title='bbox 2865 1080 3249 1146; x_wconf 84' lang='lat' dir='ltr'><strong>spiritualibus</strong></span> <span class='ocrx_word' id='word_1_156' title='bbox 3281 1097 3436 1134; x_wconf 82' lang='lat' dir='ltr'><strong>com-</strong></span> 
     </span>
    </p>
   </div>
   <div class='ocr_carea' id='block_1_24' title="bbox 1846 1161 3435 1236">
    <p class='ocr_par' dir='ltr' id='par_1_24' title="bbox 1846 1161 3435 1236">
     <span class='ocr_line' id='line_1_24' title="bbox 1846 1161 3435 1236; baseline 0.008 -24"><span class='ocrx_word' id='word_1_157' title='bbox 1846 1161 2162 1230; x_wconf 88' lang='lat' dir='ltr'><strong>parationes</strong></span> <span class='ocrx_word' id='word_1_158' title='bbox 2192 1178 2255 1217; x_wconf 89' lang='lat' dir='ltr'><strong>ac</strong></span> <span class='ocrx_word' id='word_1_159' title='bbox 2283 1164 2772 1233; x_wconf 73' lang='lat' dir='ltr'><strong>interpretationes</strong></span> <span class='ocrx_word' id='word_1_160' title='bbox 2799 1167 3145 1232; x_wconf 87' lang='lat' dir='ltr'><strong>adducimus,</strong></span> <span class='ocrx_word' id='word_1_161' title='bbox 3177 1180 3262 1236; x_wconf 88' lang='lat' dir='ltr'><strong>ut,</strong></span> <span class='ocrx_word' id='word_1_162' title='bbox 3281 1170 3435 1226; x_wconf 76' lang='lat' dir='ltr'><strong>verbi</strong></span> 
     </span>
    </p>
   </div>
   <div class='ocr_carea' id='block_1_25' title="bbox 1844 1251 3434 1329">
    <p class='ocr_par' dir='ltr' id='par_1_25' title="bbox 1844 1251 3434 1329">
     <span class='ocr_line' id='line_1_25' title="bbox 1844 1251 3434 1329; baseline 0.006 -25"><span class='ocrx_word' id='word_1_163' title='bbox 1844 1263 2010 1304; x_wconf 88' lang='lat' dir='ltr'><strong>causa</strong></span> <span class='ocrx_word' id='word_1_164' title='bbox 2035 1268 2048 1303; x_wconf 88' lang='lat'><strong>:</strong></span> <span class='ocrx_word' id='word_1_165' title='bbox 2074 1251 2118 1303; x_wconf 91' lang='lat' dir='ltr'><strong>si</strong></span> <span class='ocrx_word' id='word_1_166' title='bbox 2143 1251 2384 1304; x_wconf 87' lang='lat' dir='ltr'><strong>surrexit</strong></span> <span class='ocrx_word' id='word_1_167' title='bbox 2409 1253 2577 1307; x_wconf 90' lang='lat' dir='ltr'><strong>tertio</strong></span> <span class='ocrx_word' id='word_1_168' title='bbox 2607 1253 2697 1308; x_wconf 92' lang='lat' dir='ltr'><strong>die</strong></span> <span class='ocrx_word' id='word_1_169' title='bbox 2722 1253 2979 1310; x_wconf 80' lang='lat' dir='ltr'><strong>Christus</strong></span> <span class='ocrx_word' id='word_1_170' title='bbox 3001 1297 3018 1322; x_wconf 94' lang='lat'><strong>,</strong></span> <span class='ocrx_word' id='word_1_171' title='bbox 3052 1273 3118 1312; x_wconf 88' lang='lat' dir='ltr'><strong>ex</strong></span> <span class='ocrx_word' id='word_1_172' title='bbox 3148 1259 3285 1313; x_wconf 84' lang='lat' dir='ltr'><strong>Jona</strong></span> <span class='ocrx_word' id='word_1_173' title='bbox 3309 1275 3434 1329; x_wconf 89' lang='lat' dir='ltr'><strong>pro-</strong></span> 
     </span>
    </p>
   </div>
   <div class='ocr_carea' id='block_1_26' title="bbox 1845 1341 3433 1404">
    <p class='ocr_par' dir='ltr' id='par_1_26' title="bbox 1845 1341 3433 1404">
     <span class='ocr_line' id='line_1_26' title="bbox 1845 1341 3433 1404; baseline 0.005 -8"><span class='ocrx_word' id='word_1_174' title='bbox 1845 1341 2100 1396; x_wconf 88' lang='lat' dir='ltr'><strong>bationes</strong></span> <span class='ocrx_word' id='word_1_175' title='bbox 2141 1355 2204 1397; x_wconf 85' lang='lat' dir='ltr'><strong>ac</strong></span> <span class='ocrx_word' id='word_1_176' title='bbox 2231 1341 2611 1398; x_wconf 87' lang='lat' dir='ltr'><strong>testimonium</strong></span> <span class='ocrx_word' id='word_1_177' title='bbox 2657 1345 2915 1400; x_wconf 90' lang='lat' dir='ltr'><strong>adduco:</strong></span> <span class='ocrx_word' id='word_1_178' title='bbox 2945 1347 2990 1401; x_wconf 90' lang='lat' dir='ltr'><strong>si</strong></span> <span class='ocrx_word' id='word_1_179' title='bbox 3022 1356 3185 1402; x_wconf 88' lang='lat' dir='ltr'><strong>natus</strong></span> <span class='ocrx_word' id='word_1_180' title='bbox 3213 1359 3298 1404; x_wconf 87' lang='lat' dir='ltr'><strong>est</strong></span> <span class='ocrx_word' id='word_1_181' title='bbox 3324 1351 3433 1404; x_wconf 88' lang='lat' dir='ltr'><strong>Do-</strong></span> 
     </span>
    </p>
   </div>
   <div class='ocr_carea' id='block_1_27' title="bbox 1844 1431 3430 1504">
    <p class='ocr_par' dir='ltr' id='par_1_27' title="bbox 1844 1431 3430 1504">
     <span class='ocr_line' id='line_1_27' title="bbox 1844 1431 3430 1504; baseline 0.006 -19"><span class='ocrx_word' id='word_1_182' title='bbox 1844 1434 2028 1487; x_wconf 89' lang='lat' dir='ltr'><strong>minus</strong></span> <span class='ocrx_word' id='word_1_183' title='bbox 2086 1449 2152 1487; x_wconf 79' lang='lat' dir='ltr'><strong>ex</strong></span> <span class='ocrx_word' id='word_1_184' title='bbox 2179 1431 2422 1504; x_wconf 79' lang='lat' dir='ltr'><strong>virgine,</strong></span> <span class='ocrx_word' id='word_1_185' title='bbox 2457 1449 2523 1488; x_wconf 84' lang='lat' dir='ltr'><strong>ex</strong></span> <span class='ocrx_word' id='word_1_186' title='bbox 2547 1436 2831 1492; x_wconf 79' lang='lat' dir='ltr'><strong>sterilibus</strong></span> <span class='ocrx_word' id='word_1_187' title='bbox 2865 1437 3024 1493; x_wconf 82' lang='lat' dir='ltr'><strong>Anna</strong></span> <span class='ocrx_word' id='word_1_188' title='bbox 3058 1437 3118 1494; x_wconf 80' lang='lat' dir='ltr'><strong>et</strong></span> <span class='ocrx_word' id='word_1_189' title='bbox 3147 1439 3430 1496; x_wconf 86' lang='lat' dir='ltr'><strong>Elisabeth</strong></span> 
     </span>
    </p>
   </div>
   <div class='ocr_carea' id='block_1_28' title="bbox 1843 1525 2512 1594">
    <p class='ocr_par' dir='ltr' id='par_1_28' title="bbox 1843 1525 2512 1594">
     <span class='ocr_line' id='line_1_28' title="bbox 1843 1525 2512 1594; baseline -0.003 -14"><span class='ocrx_word' id='word_1_190' title='bbox 1843 1527 2082 1580; x_wconf 85' lang='lat' dir='ltr'><strong>sumitur</strong></span> <span class='ocrx_word' id='word_1_191' title='bbox 2105 1525 2512 1594; x_wconf 88' lang='lat' dir='ltr'><strong>interpretatio.</strong></span> 
     </span>
    </p>
   </div>
   <div class='ocr_carea' id='block_1_29' title="bbox 1913 1614 3434 1693">
    <p class='ocr_par' dir='ltr' id='par_1_29' title="bbox 1913 1614 3434 1693">
     <span class='ocr_line' id='line_1_29' title="bbox 1913 1614 3434 1693; baseline 0.006 -24"><span class='ocrx_word' id='word_1_192' title='bbox 1913 1617 1980 1678; x_wconf 88' lang='lat' dir='ltr'><strong>ll,</strong></span> <span class='ocrx_word' id='word_1_193' title='bbox 2017 1618 2202 1670; x_wconf 77' lang='lat' dir='ltr'><strong>N-l6.</strong></span> <span class='ocrx_word' id='word_1_194' title='bbox 2229 1618 2488 1670; x_wconf 73' lang='lat' dir='ltr'><strong>Animalia</strong></span> <span class='ocrx_word' id='word_1_195' title='bbox 2521 1627 2696 1671; x_wconf 83' lang='lat' dir='ltr'><strong>autem</strong></span> <span class='ocrx_word' id='word_1_196' title='bbox 2723 1621 2993 1673; x_wconf 81' lang='lat' dir='ltr'><strong>liomonou</strong></span> <span class='ocrx_word' id='word_1_197' title='bbox 3021 1614 3208 1689; x_wconf 79' lang='lat' dir='ltr'><strong>accipit</strong></span> <span class='ocrx_word' id='word_1_198' title='bbox 3233 1639 3294 1676; x_wconf 86' lang='lat' dir='ltr'><strong>ea</strong></span> <span class='ocrx_word' id='word_1_199' title='bbox 3318 1640 3434 1693; x_wconf 71' lang='lat' dir='ltr'><strong>qua:</strong></span> 
     </span>
    </p>
   </div>
   <div class='ocr_carea' id='block_1_30' title="bbox 1843 1710 3433 1783">
    <p class='ocr_par' dir='ltr' id='par_1_30' title="bbox 1843 1710 3433 1783">
     <span class='ocr_line' id='line_1_30' title="bbox 1843 1710 3433 1783; baseline 0.003 -19"><span class='ocrx_word' id='word_1_200' title='bbox 1843 1719 1966 1764; x_wconf 86' lang='lat' dir='ltr'><strong>sunt</strong></span> <span class='ocrx_word' id='word_1_201' title='bbox 1997 1710 2224 1778; x_wconf 75' lang='lat' dir='ltr'><strong>Spiritus</strong></span> <span class='ocrx_word' id='word_1_202' title='bbox 2250 1710 2364 1773; x_wconf 82' lang='lat' dir='ltr'><strong>Dei,</strong></span> <span class='ocrx_word' id='word_1_203' title='bbox 2395 1711 2622 1764; x_wconf 78' lang='lat' dir='ltr'><strong>stultitia</strong></span> <span class='ocrx_word' id='word_1_204' title='bbox 2652 1714 2911 1782; x_wconf 74' lang='lat' dir='ltr'><strong>siquidem</strong></span> <span class='ocrx_word' id='word_1_205' title='bbox 2967 1715 3067 1783; x_wconf 84' lang='lat' dir='ltr'><strong>ipsi</strong></span> <span class='ocrx_word' id='word_1_206' title='bbox 3124 1727 3246 1768; x_wconf 83' lang='lat' dir='ltr'><strong>sunt</strong></span> <span class='ocrx_word' id='word_1_207' title='bbox 3271 1733 3289 1769; x_wconf 88' lang='lat'><strong><em>:</em></strong></span> <span class='ocrx_word' id='word_1_208' title='bbox 3341 1733 3433 1769; x_wconf 78' lang='lat' dir='ltr'><strong>nec</strong></span> 
     </span>
    </p>
   </div>
   <div class='ocr_carea' id='block_1_31' title="bbox 1846 1803 3430 1876">
    <p class='ocr_par' dir='ltr' id='par_1_31' title="bbox 1846 1803 3430 1876">
     <span class='ocr_line' id='line_1_31' title="bbox 1846 1803 3430 1876; baseline 0.003 -20"><span class='ocrx_word' id='word_1_209' title='bbox 1846 1812 2010 1872; x_wconf 77' lang='lat' dir='ltr'><strong>potest</strong></span> <span class='ocrx_word' id='word_1_210' title='bbox 2065 1819 2391 1872; x_wconf 75' lang='lat' dir='ltr'><strong>cognoscere,</strong></span> <span class='ocrx_word' id='word_1_211' title='bbox 2471 1803 2595 1872; x_wconf 83' lang='lat' dir='ltr'><strong>quia</strong></span> <span class='ocrx_word' id='word_1_212' title='bbox 2640 1805 2992 1872; x_wconf 83' lang='lat' dir='ltr'><strong>spiritualiter</strong></span> <span class='ocrx_word' id='word_1_213' title='bbox 3042 1807 3430 1876; x_wconf 76' lang='lat' dir='ltr'><strong>dijudicautur.</strong></span> 
     </span>
    </p>
   </div>
   <div class='ocr_carea' id='block_1_32' title="bbox 157 1869 1740 1964">
    <p class='ocr_par' dir='ltr' id='par_1_32' title="bbox 157 1879 1740 1949">
     <span class='ocr_line' id='line_1_32' title="bbox 157 1879 1740 1949; baseline 0.002 -16"><span class='ocrx_word' id='word_1_214' title='bbox 157 1882 219 1933; x_wconf 74' lang='grc' dir='ltr'>δὲ</span> <span class='ocrx_word' id='word_1_215' title='bbox 244 1880 672 1948; x_wconf 69' lang='grc' dir='ltr'>πνευματικὸς,</span> <span class='ocrx_word' id='word_1_216' title='bbox 695 1879 1005 1947; x_wconf 70' lang='grc' dir='ltr'><strong>ἀνακρίνει</strong></span> <span class='ocrx_word' id='word_1_217' title='bbox 1032 1881 1150 1949; x_wconf 79' lang='grc' dir='ltr'><strong>μὲν</strong></span> <span class='ocrx_word' id='word_1_218' title='bbox 1199 1881 1414 1946; x_wconf 82' lang='grc' dir='ltr'>πάντα,</span> <span class='ocrx_word' id='word_1_219' title='bbox 1448 1884 1630 1948; x_wconf 70' lang='grc' dir='ltr'>αὐτὸς</span> <span class='ocrx_word' id='word_1_220' title='bbox 1677 1884 1740 1936; x_wconf 80' lang='grc' dir='ltr'>δὲ</span> 
     </span>
    </p>
   </div>
   <div class='ocr_carea' id='block_1_33' title="bbox 1839 1869 3431 1964">
    <p class='ocr_par' dir='ltr' id='par_1_33' title="bbox 1850 1869 3431 1964">
     <span class='ocr_line' id='line_1_33' title="bbox 1850 1869 3431 1964; baseline 0.001 -16"><span class='ocrx_word' id='word_1_221' title='bbox 1850 1895 2157 1964; x_wconf 83' lang='lat' dir='ltr'><strong>Spiritualis</strong></span> <span class='ocrx_word' id='word_1_222' title='bbox 2175 1911 2295 1947; x_wconf 78' lang='lat' dir='ltr'><strong>vero</strong></span> <span class='ocrx_word' id='word_1_223' title='bbox 2323 1895 2567 1947; x_wconf 79' lang='lat' dir='ltr'><strong>universa</strong></span> <span class='ocrx_word' id='word_1_224' title='bbox 2587 1895 2799 1964; x_wconf 78' lang='lat' dir='ltr'><strong>quidem</strong></span> <span class='ocrx_word' id='word_1_225' title='bbox 2823 1869 3228 1964; x_wconf 66' lang='lat' dir='ltr'><strong>dijudicat,ipse</strong></span> <span class='ocrx_word' id='word_1_226' title='bbox 3252 1908 3431 1952; x_wconf 76' lang='lat' dir='ltr'><strong>autem</strong></span> 
     </span>
    </p>
   </div>
   <div class='ocr_carea' id='block_1_34' title="bbox 157 1971 1743 2043">
    <p class='ocr_par' dir='ltr' id='par_1_34' title="bbox 157 1971 1743 2043">
     <span class='ocr_line' id='line_1_34' title="bbox 157 1971 1743 2043; baseline 0.002 -17"><span class='ocrx_word' id='word_1_227' title='bbox 157 1974 254 2026; x_wconf 65' lang='grc' dir='ltr'><strong>ὐπ’</strong></span> <span class='ocrx_word' id='word_1_228' title='bbox 287 1971 544 2036; x_wconf 66' lang='grc' dir='ltr'>οὐδενὸς</span> <span class='ocrx_word' id='word_1_229' title='bbox 573 1971 980 2039; x_wconf 75' lang='grc' dir='ltr'><strong>ἀνακρίνεται.</strong></span> <span class='ocrx_word' id='word_1_230' title='bbox 1010 1972 1105 2038; x_wconf 68' lang='grc' dir='ltr'>Τίς</span> <span class='ocrx_word' id='word_1_231' title='bbox 1133 1973 1242 2042; x_wconf 80' lang='grc' dir='ltr'><strong>γὰρ</strong></span> <span class='ocrx_word' id='word_1_232' title='bbox 1269 1974 1420 2043; x_wconf 75' lang='grc' dir='ltr'><strong>ἔγνω</strong></span> <span class='ocrx_word' id='word_1_233' title='bbox 1454 1975 1608 2028; x_wconf 71' lang='grc' dir='ltr'><strong>γοῦν</strong></span> <span class='ocrx_word' id='word_1_234' title='bbox 1631 1980 1743 2029; x_wconf 71' lang='grc' dir='ltr'><strong>Κιο-</strong></span> 
     </span>
    </p>
   </div>
   <div class='ocr_carea' id='block_1_35' title="bbox 153 2061 1743 2134">
    <p class='ocr_par' dir='ltr' id='par_1_35' title="bbox 153 2061 1743 2134">
     <span class='ocr_line' id='line_1_35' title="bbox 153 2061 1743 2134; baseline 0.003 -19"><span class='ocrx_word' id='word_1_235' title='bbox 153 2067 286 2131; x_wconf 66' lang='lat' dir='ltr'><strong>{-r&#39;nv</strong></span> <span class='ocrx_word' id='word_1_236' title='bbox 328 2064 398 2129; x_wconf 79' lang='grc' dir='ltr'>ὃς</span> <span class='ocrx_word' id='word_1_237' title='bbox 427 2061 784 2131; x_wconf 73' lang='grc' dir='ltr'>συμϐιϐάσει</span> <span class='ocrx_word' id='word_1_238' title='bbox 821 2066 1044 2130; x_wconf 72' lang='grc' dir='ltr'><strong>αὑτόι·;</strong></span> <span class='ocrx_word' id='word_1_239' title='bbox 1088 2065 1288 2134; x_wconf 81' lang='grc' dir='ltr'><em>Ἡμεῖς</em></span> <span class='ocrx_word' id='word_1_240' title='bbox 1320 2067 1390 2118; x_wconf 86' lang='grc' dir='ltr'>δὲ</span> <span class='ocrx_word' id='word_1_241' title='bbox 1427 2067 1579 2120; x_wconf 68' lang='grc' dir='ltr'><strong>γοῦν</strong></span> <span class='ocrx_word' id='word_1_242' title='bbox 1606 2070 1743 2134; x_wconf 80' lang='grc' dir='ltr'>Χρι-</span> 
     </span>
    </p>
   </div>
   <div class='ocr_carea' id='block_1_36' title="bbox 164 2155 593 2223">
    <p class='ocr_par' dir='ltr' id='par_1_36' title="bbox 164 2155 593 2223">
     <span class='ocr_line' id='line_1_36' title="bbox 164 2155 593 2223; baseline 0.005 -15"><span class='ocrx_word' id='word_1_243' title='bbox 164 2155 310 2208; x_wconf 76' lang='grc' dir='ltr'>στοῦ</span> <span class='ocrx_word' id='word_1_244' title='bbox 349 2156 593 2223; x_wconf 73' lang='grc' dir='ltr'>ἔχομεν.</span> 
     </span>
    </p>
   </div>
   <div class='ocr_carea' id='block_1_37' title="bbox 224 2247 1738 2319">
    <p class='ocr_par' dir='ltr' id='par_1_37' title="bbox 224 2247 1738 2319">
     <span class='ocr_line' id='line_1_37' title="bbox 224 2247 1738 2319; baseline -0.01 -3"><span class='ocrx_word' id='word_1_245' title='bbox 224 2247 475 2314; x_wconf 69' lang='grc' dir='ltr'>Ψυκικδν</span> <span class='ocrx_word' id='word_1_246' title='bbox 528 2247 815 2318; x_wconf 79' lang='grc' dir='ltr'>ἄνθρωπον</span> <span class='ocrx_word' id='word_1_247' title='bbox 865 2247 1040 2310; x_wconf 84' lang='grc' dir='ltr'>καλεῖ,</span> <span class='ocrx_word' id='word_1_248' title='bbox 1094 2249 1187 2302; x_wconf 74' lang='grc' dir='ltr'>τὸν</span> <span class='ocrx_word' id='word_1_249' title='bbox 1237 2250 1416 2305; x_wconf 76' lang='grc' dir='ltr'>πάντα</span> <span class='ocrx_word' id='word_1_250' title='bbox 1443 2255 1553 2316; x_wconf 84' lang='grc' dir='ltr'>τοῖς</span> <span class='ocrx_word' id='word_1_251' title='bbox 1589 2253 1738 2319; x_wconf 68' lang='grc' dir='ltr'>λογι-</span> 
     </span>
    </p>
   </div>
   <div class='ocr_carea' id='block_1_38' title="bbox 159 2340 1737 2412">
    <p class='ocr_par' dir='ltr' id='par_1_38' title="bbox 159 2340 1737 2412">
     <span class='ocr_line' id='line_1_38' title="bbox 159 2340 1737 2412; baseline 0.004 -22"><span class='ocrx_word' id='word_1_252' title='bbox 159 2343 307 2408; x_wconf 77' lang='grc' dir='ltr'>σμοῖς</span> <span class='ocrx_word' id='word_1_253' title='bbox 331 2341 434 2408; x_wconf 76' lang='grc' dir='ltr'>τῆς</span> <span class='ocrx_word' id='word_1_254' title='bbox 463 2340 641 2409; x_wconf 66' lang='grc' dir='ltr'>ψυχῆς</span> <span class='ocrx_word' id='word_1_255' title='bbox 677 2341 913 2406; x_wconf 81' lang='grc' dir='ltr'><strong>διδόντα,</strong></span> <span class='ocrx_word' id='word_1_256' title='bbox 943 2341 1036 2394; x_wconf 73' lang='grc' dir='ltr'>καὶ</span> <span class='ocrx_word' id='word_1_257' title='bbox 1073 2341 1244 2412; x_wconf 77' lang='grc' dir='ltr'>μηδὲν</span> <span class='ocrx_word' id='word_1_258' title='bbox 1294 2343 1475 2396; x_wconf 86' lang='grc' dir='ltr'>πίστει</span> <span class='ocrx_word' id='word_1_259' title='bbox 1507 2344 1737 2412; x_wconf 72' lang='grc' dir='ltr'>δεχόμε-</span> 
     </span>
    </p>
   </div>
   <div class='ocr_carea' id='block_1_39' title="bbox 156 2432 1736 2505">
    <p class='ocr_par' dir='ltr' id='par_1_39' title="bbox 156 2432 1736 2505">
     <span class='ocr_line' id='line_1_39' title="bbox 156 2432 1736 2505; baseline 0.007 -24"><span class='ocrx_word' id='word_1_260' title='bbox 156 2449 260 2488; x_wconf 77' lang='grc' dir='ltr'>νον,</span> <span class='ocrx_word' id='word_1_261' title='bbox 293 2433 436 2501; x_wconf 79' lang='grc' dir='ltr'>μήτε</span> <span class='ocrx_word' id='word_1_262' title='bbox 467 2432 760 2500; x_wconf 79' lang='grc' dir='ltr'>νομίζοντά</span> <span class='ocrx_word' id='word_1_263' title='bbox 783 2450 928 2496; x_wconf 84' lang='grc' dir='ltr'>τινος</span> <span class='ocrx_word' id='word_1_264' title='bbox 975 2432 1182 2486; x_wconf 83' lang='grc' dir='ltr'>ἀνωθεν</span> <span class='ocrx_word' id='word_1_265' title='bbox 1217 2434 1428 2488; x_wconf 84' lang='grc' dir='ltr'>δεῖσθαι</span> <span class='ocrx_word' id='word_1_266' title='bbox 1463 2435 1736 2505; x_wconf 78' lang='grc' dir='ltr'>βοηθείας.</span> 
     </span>
    </p>
   </div>
   <div class='ocr_carea' id='block_1_40' title="bbox 159 2615 1735 2688">
    <p class='ocr_par' dir='ltr' id='par_1_40' title="bbox 159 2615 1735 2688">
     <span class='ocr_line' id='line_1_40' title="bbox 159 2615 1735 2688; baseline 0.006 -24"><span class='ocrx_word' id='word_1_267' title='bbox 159 2615 264 2666; x_wconf 69' lang='grc' dir='ltr'>δεῖν</span> <span class='ocrx_word' id='word_1_268' title='bbox 301 2615 770 2678; x_wconf 81' lang='grc' dir='ltr'>τάςδιδασκαλίας</span> <span class='ocrx_word' id='word_1_269' title='bbox 815 2617 906 2669; x_wconf 75' lang='grc' dir='ltr'>τοῦ</span> <span class='ocrx_word' id='word_1_270' title='bbox 954 2618 1296 2688; x_wconf 68' lang='grc' dir='ltr'>Πνεύματος,</span> <span class='ocrx_word' id='word_1_271' title='bbox 1332 2619 1621 2673; x_wconf 79' lang='grc' dir='ltr'>πιστεῦσαι</span> <span class='ocrx_word' id='word_1_272' title='bbox 1679 2622 1735 2674; x_wconf 82' lang='grc' dir='ltr'>δὲ</span> 
     </span>
    </p>
   </div>
   <div class='ocr_carea' id='block_1_41' title="bbox 159 2705 1734 2780">
    <p class='ocr_par' dir='ltr' id='par_1_41' title="bbox 159 2705 1734 2780">
     <span class='ocr_line' id='line_1_41' title="bbox 159 2705 1734 2780; baseline 0.006 -23"><span class='ocrx_word' id='word_1_273' title='bbox 159 2705 435 2776; x_wconf 57' lang='grc' dir='ltr'>λογισμῶν</span> <span class='ocrx_word' id='word_1_274' title='bbox 460 2710 626 2778; x_wconf 75' lang='grc' dir='ltr'>χωρὶς</span> <span class='ocrx_word' id='word_1_275' title='bbox 645 2709 745 2760; x_wconf 77' lang='grc' dir='ltr'>οὐκ</span> <span class='ocrx_word' id='word_1_276' title='bbox 779 2709 1000 2773; x_wconf 78' lang='grc' dir='ltr'><strong>ἐθέλων,</strong></span> <span class='ocrx_word' id='word_1_277' title='bbox 1031 2710 1209 2764; x_wconf 64' lang='grc' dir='ltr'>πὲντα</span> <span class='ocrx_word' id='word_1_278' title='bbox 1245 2711 1404 2780; x_wconf 85' lang='grc' dir='ltr'><strong>μωρά</strong></span> <span class='ocrx_word' id='word_1_279' title='bbox 1433 2715 1643 2777; x_wconf 71' lang='grc' dir='ltr'>νοοιίζει</span> <span class='ocrx_word' id='word_1_280' title='bbox 1670 2713 1734 2767; x_wconf 79' lang='grc' dir='ltr'><strong>τὰ</strong></span> 
     </span>
    </p>
   </div>
   <div class='ocr_carea' id='block_1_42' title="bbox 157 2797 1732 2874">
    <p class='ocr_par' dir='ltr' id='par_1_42' title="bbox 157 2797 1732 2874">
     <span class='ocr_line' id='line_1_42' title="bbox 157 2797 1732 2874; baseline -0.002 -17"><span class='ocrx_word' id='word_1_281' title='bbox 157 2799 248 2865; x_wconf 63' lang='grc' dir='ltr'>τῆς</span> <span class='ocrx_word' id='word_1_282' title='bbox 297 2797 614 2864; x_wconf 77' lang='grc' dir='ltr'>οἰκονομίας</span> <span class='ocrx_word' id='word_1_283' title='bbox 663 2800 760 2850; x_wconf 81' lang='grc' dir='ltr'><strong>τοῦ</strong></span> <span class='ocrx_word' id='word_1_284' title='bbox 818 2799 1049 2867; x_wconf 79' lang='grc' dir='ltr'><strong>Κυρίου.</strong></span> <span class='ocrx_word' id='word_1_285' title='bbox 1095 2830 1166 2839; x_wconf 89' lang='grc'><strong><em>-</em></strong></span> <span class='ocrx_word' id='word_1_286' title='bbox 1202 2801 1732 2874; x_wconf 66' lang='grc' dir='ltr'><strong>Ἀ.ὶ.1ως.[ΙΩΑΝ]</strong></span> 
     </span>
    </p>
   </div>
   <div class='ocr_carea' id='block_1_43' title="bbox 159 2890 1734 2962">
    <p class='ocr_par' dir='ltr' id='par_1_43' title="bbox 159 2890 1734 2962">
     <span class='ocr_line' id='line_1_43' title="bbox 159 2890 1734 2962; baseline 0.003 -20"><span class='ocrx_word' id='word_1_287' title='bbox 159 2891 399 2959; x_wconf 68' lang='grc' dir='ltr'>Ψυχικὸς</span> <span class='ocrx_word' id='word_1_288' title='bbox 449 2891 619 2951; x_wconf 74' lang='grc' dir='ltr'>ἔστιν,</span> <span class='ocrx_word' id='word_1_289' title='bbox 672 2892 697 2944; x_wconf 85' lang='grc' dir='ltr'>ὁ</span> <span class='ocrx_word' id='word_1_290' title='bbox 741 2891 882 2943; x_wconf 66' lang='grc' dir='ltr'>κατὰ</span> <span class='ocrx_word' id='word_1_291' title='bbox 909 2891 1086 2961; x_wconf 76' lang='grc' dir='ltr'>σάρκα</span> <span class='ocrx_word' id='word_1_292' title='bbox 1119 2890 1250 2954; x_wconf 76' lang='grc' dir='ltr'>ζῶν,</span> <span class='ocrx_word' id='word_1_293' title='bbox 1302 2893 1396 2944; x_wconf 73' lang='grc' dir='ltr'><strong>καὶ</strong></span> <span class='ocrx_word' id='word_1_294' title='bbox 1437 2895 1604 2962; x_wconf 76' lang='grc' dir='ltr'>μήπω</span> <span class='ocrx_word' id='word_1_295' title='bbox 1641 2895 1734 2946; x_wconf 66' lang='grc' dir='ltr'><strong>τὸν</strong></span> 
     </span>
    </p>
   </div>
   <div class='ocr_carea' id='block_1_44' title="bbox 161 2985 1734 3059">
    <p class='ocr_par' dir='ltr' id='par_1_44' title="bbox 161 2985 1734 3059">
     <span class='ocr_line' id='line_1_44' title="bbox 161 2985 1734 3059; baseline 0.003 -24"><span class='ocrx_word' id='word_1_296' title='bbox 161 2985 277 3037; x_wconf 67' lang='grc' dir='ltr'>νςῦν</span> <span class='ocrx_word' id='word_1_297' title='bbox 318 2985 617 3054; x_wconf 75' lang='grc' dir='ltr'>φωτισθεὶς</span> <span class='ocrx_word' id='word_1_298' title='bbox 664 2985 752 3038; x_wconf 76' lang='grc' dir='ltr'><strong>δια</strong></span> <span class='ocrx_word' id='word_1_299' title='bbox 804 2985 900 3038; x_wconf 76' lang='grc' dir='ltr'>τοῦ</span> <span class='ocrx_word' id='word_1_300' title='bbox 963 2986 1304 3057; x_wconf 84' lang='grc' dir='ltr'>πνεύματος,</span> <span class='ocrx_word' id='word_1_301' title='bbox 1367 2987 1502 3040; x_wconf 78' lang='grc' dir='ltr'>ἀλλὰ</span> <span class='ocrx_word' id='word_1_302' title='bbox 1567 2986 1734 3059; x_wconf 75' lang='grc' dir='ltr'>μ’ὁνην</span> 
     </span>
    </p>
   </div>
   <div class='ocr_carea' id='block_1_45' title="bbox 160 3077 1733 3150">
    <p class='ocr_par' dir='ltr' id='par_1_45' title="bbox 160 3077 1733 3150">
     <span class='ocr_line' id='line_1_45' title="bbox 160 3077 1733 3150; baseline 0.003 -21"><span class='ocrx_word' id='word_1_303' title='bbox 160 3077 251 3146; x_wconf 76' lang='grc' dir='ltr'>τὴν</span> <span class='ocrx_word' id='word_1_304' title='bbox 280 3078 526 3146; x_wconf 76' lang='grc' dir='ltr'>ἔμφυτον</span> <span class='ocrx_word' id='word_1_305' title='bbox 557 3079 649 3130; x_wconf 78' lang='grc' dir='ltr'>καὶ</span> <span class='ocrx_word' id='word_1_306' title='bbox 676 3077 1025 3148; x_wconf 77' lang='grc' dir='ltr'><strong>ἀνθρωπίνην</strong></span> <span class='ocrx_word' id='word_1_307' title='bbox 1051 3080 1265 3134; x_wconf 79' lang='grc' dir='ltr'>σύνεσιν</span> <span class='ocrx_word' id='word_1_308' title='bbox 1294 3080 1459 3149; x_wconf 77' lang='grc' dir='ltr'>ἔχων,</span> <span class='ocrx_word' id='word_1_309' title='bbox 1487 3081 1553 3150; x_wconf 74' lang='grc' dir='ltr'>ἦν</span> <span class='ocrx_word' id='word_1_310' title='bbox 1611 3084 1733 3144; x_wconf 87' lang='grc' dir='ltr'>ταῖς</span> 
     </span>
    </p>
   </div>
   <div class='ocr_carea' id='block_1_46' title="bbox 1847 1983 3430 2058">
    <p class='ocr_par' dir='ltr' id='par_1_46' title="bbox 1847 1983 3430 2058">
     <span class='ocr_line' id='line_1_46' title="bbox 1847 1983 3430 2058; baseline 0.003 -20"><span class='ocrx_word' id='word_1_311' title='bbox 1847 2005 1878 2038; x_wconf 88' lang='lat' dir='ltr'><strong>a</strong></span> <span class='ocrx_word' id='word_1_312' title='bbox 1912 1988 2117 2038; x_wconf 81' lang='lat' dir='ltr'><strong>nemine</strong></span> <span class='ocrx_word' id='word_1_313' title='bbox 2145 1986 2495 2054; x_wconf 78' lang='lat' dir='ltr'><strong>dijudicatur.</strong></span> <span class='ocrx_word' id='word_1_314' title='bbox 2555 1983 2686 2049; x_wconf 83' lang='lat' dir='ltr'><strong>Quis</strong></span> <span class='ocrx_word' id='word_1_315' title='bbox 2718 1988 2855 2040; x_wconf 87' lang='lat' dir='ltr'><strong>enim</strong></span> <span class='ocrx_word' id='word_1_316' title='bbox 2918 1989 3159 2058; x_wconf 83' lang='lat' dir='ltr'><strong>cognovit</strong></span> <span class='ocrx_word' id='word_1_317' title='bbox 3205 1997 3430 2042; x_wconf 80' lang='lat' dir='ltr'><strong>mentem</strong></span> 
     </span>
    </p>
   </div>
   <div class='ocr_carea' id='block_1_47' title="bbox 1846 2075 3428 2147">
    <p class='ocr_par' dir='ltr' id='par_1_47' title="bbox 1846 2075 3428 2147">
     <span class='ocr_line' id='line_1_47' title="bbox 1846 2075 3428 2147; baseline 0.003 -18"><span class='ocrx_word' id='word_1_318' title='bbox 1846 2075 2056 2130; x_wconf 84' lang='lat' dir='ltr'><strong>Domini</strong></span> <span class='ocrx_word' id='word_1_319' title='bbox 2081 2077 2167 2147; x_wconf 82' lang='lat' dir='ltr'><strong>qui</strong></span> <span class='ocrx_word' id='word_1_320' title='bbox 2188 2075 2483 2129; x_wconf 73' lang='lat' dir='ltr'><strong>conciliabit</strong></span> <span class='ocrx_word' id='word_1_321' title='bbox 2511 2093 2629 2128; x_wconf 82' lang='lat' dir='ltr'><strong>cum</strong></span> <span class='ocrx_word' id='word_1_322' title='bbox 2645 2077 2682 2130; x_wconf 84' lang='lat'><strong>--?</strong></span> <span class='ocrx_word' id='word_1_323' title='bbox 2709 2075 2812 2131; x_wconf 82' lang='lat' dir='ltr'><strong>Nos</strong></span> <span class='ocrx_word' id='word_1_324' title='bbox 2835 2086 3011 2132; x_wconf 84' lang='lat' dir='ltr'><strong>autem</strong></span> <span class='ocrx_word' id='word_1_325' title='bbox 3028 2088 3251 2132; x_wconf 81' lang='lat' dir='ltr'><strong>mentem</strong></span> <span class='ocrx_word' id='word_1_326' title='bbox 3273 2077 3428 2134; x_wconf 79' lang='lat' dir='ltr'><strong>Chri-</strong></span> 
     </span>
    </p>
   </div>
   <div class='ocr_carea' id='block_1_48' title="bbox 1846 2170 2200 2222">
    <p class='ocr_par' dir='ltr' id='par_1_48' title="bbox 1846 2170 2200 2222">
     <span class='ocr_line' id='line_1_48' title="bbox 1846 2170 2200 2222; baseline 0.003 -1"><span class='ocrx_word' id='word_1_327' title='bbox 1846 2170 1914 2221; x_wconf 81' lang='lat' dir='ltr'><strong>sti</strong></span> <span class='ocrx_word' id='word_1_328' title='bbox 1944 2177 2200 2222; x_wconf 77' lang='lat' dir='ltr'><strong>tenemus.</strong></span> 
     </span>
    </p>
   </div>
   <div class='ocr_carea' id='block_1_49' title="bbox 1911 2258 3430 2329">
    <p class='ocr_par' dir='ltr' id='par_1_49' title="bbox 1911 2258 3430 2329">
     <span class='ocr_line' id='line_1_49' title="bbox 1911 2258 3430 2329; baseline 0.003 -19"><span class='ocrx_word' id='word_1_329' title='bbox 1911 2259 2216 2311; x_wconf 84' lang='lat' dir='ltr'><strong>Animalem</strong></span> <span class='ocrx_word' id='word_1_330' title='bbox 2248 2269 2408 2314; x_wconf 79' lang='lat' dir='ltr'><strong>vocat</strong></span> <span class='ocrx_word' id='word_1_331' title='bbox 2432 2258 2714 2313; x_wconf 80' lang='lat' dir='ltr'><strong>hominem</strong></span> <span class='ocrx_word' id='word_1_332' title='bbox 2735 2259 2994 2329; x_wconf 86' lang='lat' dir='ltr'><strong>eum,qui</strong></span> <span class='ocrx_word' id='word_1_333' title='bbox 3025 2259 3207 2314; x_wconf 87' lang='lat' dir='ltr'><strong>omnia</strong></span> <span class='ocrx_word' id='word_1_334' title='bbox 3231 2260 3430 2315; x_wconf 65' lang='lat' dir='ltr'><strong>anima</strong></span> 
     </span>
    </p>
   </div>
   <div class='ocr_carea' id='block_1_50' title="bbox 1842 2349 3432 2422">
    <p class='ocr_par' dir='ltr' id='par_1_50' title="bbox 1842 2349 3432 2422">
     <span class='ocr_line' id='line_1_50' title="bbox 1842 2349 3432 2422; baseline 0.003 -21"><span class='ocrx_word' id='word_1_335' title='bbox 1842 2349 2149 2404; x_wconf 88' lang='lat' dir='ltr'><strong>rationibus</strong></span> <span class='ocrx_word' id='word_1_336' title='bbox 2180 2351 2374 2404; x_wconf 90' lang='lat' dir='ltr'><strong>tribuit</strong></span> <span class='ocrx_word' id='word_1_337' title='bbox 2410 2367 2550 2405; x_wconf 88' lang='lat' dir='ltr'><strong>:nec</strong></span> <span class='ocrx_word' id='word_1_338' title='bbox 2580 2351 2883 2420; x_wconf 86' lang='lat' dir='ltr'><strong>quidquam</strong></span> <span class='ocrx_word' id='word_1_339' title='bbox 2913 2350 3017 2405; x_wconf 78' lang='lat' dir='ltr'><strong>(ide</strong></span> <span class='ocrx_word' id='word_1_340' title='bbox 3043 2352 3296 2422; x_wconf 89' lang='lat' dir='ltr'><strong>suscipit,</strong></span> <span class='ocrx_word' id='word_1_341' title='bbox 3326 2367 3432 2406; x_wconf 87' lang='lat' dir='ltr'><strong>nec</strong></span> 
     </span>
    </p>
   </div>
   <div class='ocr_carea' id='block_1_51' title="bbox 1784 2442 3424 2512">
    <p class='ocr_par' dir='ltr' id='par_1_51' title="bbox 1784 2442 3424 2512">
     <span class='ocr_line' id='line_1_51' title="bbox 1784 2442 3424 2512; baseline -0.002 -13"><span class='ocrx_word' id='word_1_342' title='bbox 1784 2495 1785 2499; x_wconf 44' lang='grc' dir='ltr'><strong>η</strong></span> <span class='ocrx_word' id='word_1_343' title='bbox 1841 2457 2084 2510; x_wconf 89' lang='lat' dir='ltr'><strong>superno</strong></span> <span class='ocrx_word' id='word_1_344' title='bbox 2120 2459 2259 2512; x_wconf 86' lang='lat' dir='ltr'><strong>opus</strong></span> <span class='ocrx_word' id='word_1_345' title='bbox 2291 2459 2413 2498; x_wconf 88' lang='lat' dir='ltr'><strong>esse</strong></span> <span class='ocrx_word' id='word_1_346' title='bbox 2450 2444 2659 2497; x_wconf 89' lang='lat' dir='ltr'><strong>auxilio</strong></span> <span class='ocrx_word' id='word_1_347' title='bbox 2715 2442 3024 2498; x_wconf 79' lang='lat' dir='ltr'><strong>arbitratur</strong></span> <span class='ocrx_word' id='word_1_348' title='bbox 3080 2461 3093 2495; x_wconf 92' lang='lat'><strong>:</strong></span> <span class='ocrx_word' id='word_1_349' title='bbox 3145 2443 3241 2512; x_wconf 87' lang='lat' dir='ltr'><strong>qui</strong></span> <span class='ocrx_word' id='word_1_350' title='bbox 3299 2458 3424 2496; x_wconf 84' lang='lat' dir='ltr'><strong>cum</strong></span> 
     </span>
    </p>
   </div>
   <div class='ocr_carea' id='block_1_52' title="bbox 163 2523 1784 2596">
    <p class='ocr_par' dir='ltr' id='par_1_52' title="bbox 163 2523 1784 2596">
     <span class='ocr_line' id='line_1_52' title="bbox 163 2523 1784 2596; baseline 0.005 -22"><span class='ocrx_word' id='word_1_351' title='bbox 163 2525 251 2584; x_wconf 83' lang='grc' dir='ltr'>’ος</span> <span class='ocrx_word' id='word_1_352' title='bbox 273 2526 391 2584; x_wconf 89' lang='grc' dir='ltr'>τοῖς</span> <span class='ocrx_word' id='word_1_353' title='bbox 420 2528 520 2592; x_wconf 83' lang='grc' dir='ltr'>τῆς</span> <span class='ocrx_word' id='word_1_354' title='bbox 547 2523 726 2593; x_wconf 77' lang='grc' dir='ltr'>ψυχῆς</span> <span class='ocrx_word' id='word_1_355' title='bbox 757 2526 1024 2594; x_wconf 84' lang='grc' dir='ltr'>νοήμασιν</span> <span class='ocrx_word' id='word_1_356' title='bbox 1047 2527 1107 2577; x_wconf 72' lang='grc' dir='ltr'>οὐ</span> <span class='ocrx_word' id='word_1_357' title='bbox 1141 2525 1442 2596; x_wconf 85' lang='grc' dir='ltr'>δυνάμενος</span> <span class='ocrx_word' id='word_1_358' title='bbox 1504 2529 1667 2580; x_wconf 72' lang='grc' dir='ltr'>κατα)</span> <span class='ocrx_word' id='word_1_359' title='bbox 1683 2547 1740 2582; x_wconf 80' lang='grc' dir='ltr'><strong>α·-</strong></span> <span class='ocrx_word' id='word_1_360' title='bbox 1780 2544 1784 2547; x_wconf 75' lang='lat'><strong>‘</strong></span> 
     </span>
    </p>
   </div>
   <div class='ocr_carea' id='block_1_53' title="bbox 1839 2529 3429 2602">
    <p class='ocr_par' dir='ltr' id='par_1_53' title="bbox 1839 2529 3429 2602">
     <span class='ocr_line' id='line_1_53' title="bbox 1839 2529 3429 2602; baseline 0.002 -19"><span class='ocrx_word' id='word_1_361' title='bbox 1839 2529 2120 2584; x_wconf 85' lang='lat' dir='ltr'><strong>doctrinas</strong></span> <span class='ocrx_word' id='word_1_362' title='bbox 2159 2530 2399 2599; x_wconf 87' lang='lat' dir='ltr'><strong>Spiritus</strong></span> <span class='ocrx_word' id='word_1_363' title='bbox 2446 2547 2555 2585; x_wconf 89' lang='lat' dir='ltr'><strong>non</strong></span> <span class='ocrx_word' id='word_1_364' title='bbox 2607 2533 2783 2601; x_wconf 82' lang='lat' dir='ltr'><strong>possit</strong></span> <span class='ocrx_word' id='word_1_365' title='bbox 2824 2541 3009 2587; x_wconf 87' lang='lat' dir='ltr'><strong>mente</strong></span> <span class='ocrx_word' id='word_1_366' title='bbox 3059 2532 3429 2602; x_wconf 88' lang='lat' dir='ltr'><strong>comprehen-</strong></span> 
     </span>
    </p>
   </div>
   <div class='ocr_carea' id='block_1_54' title="bbox 1839 2621 3429 2693">
    <p class='ocr_par' dir='ltr' id='par_1_54' title="bbox 1839 2621 3429 2693">
     <span class='ocr_line' id='line_1_54' title="bbox 1839 2621 3429 2693; baseline 0.002 -18"><span class='ocrx_word' id='word_1_367' title='bbox 1839 2621 1993 2685; x_wconf 87' lang='lat' dir='ltr'><strong>dere,</strong></span> <span class='ocrx_word' id='word_1_368' title='bbox 2038 2638 2139 2675; x_wconf 88' lang='lat' dir='ltr'><strong>nec</strong></span> <span class='ocrx_word' id='word_1_369' title='bbox 2186 2623 2319 2678; x_wconf 73' lang='lat' dir='ltr'><strong>velit</strong></span> <span class='ocrx_word' id='word_1_370' title='bbox 2354 2623 2563 2693; x_wconf 85' lang='lat' dir='ltr'><strong>absque</strong></span> <span class='ocrx_word' id='word_1_371' title='bbox 2607 2624 2919 2679; x_wconf 88' lang='lat' dir='ltr'><strong>rationibus</strong></span> <span class='ocrx_word' id='word_1_372' title='bbox 2949 2625 3200 2687; x_wconf 88' lang='lat' dir='ltr'><strong>credere,</strong></span> <span class='ocrx_word' id='word_1_373' title='bbox 3244 2625 3429 2678; x_wconf 85' lang='lat' dir='ltr'><strong>omnia</strong></span> 
     </span>
    </p>
   </div>
   <div class='ocr_carea' id='block_1_55' title="bbox 1839 2711 3432 2786">
    <p class='ocr_par' dir='ltr' id='par_1_55' title="bbox 1839 2711 3432 2786">
     <span class='ocr_line' id='line_1_55' title="bbox 1839 2711 3432 2786; baseline 0.004 -23"><span class='ocrx_word' id='word_1_374' title='bbox 1839 2711 2141 2765; x_wconf 72' lang='lat' dir='ltr'><strong>arbitratur</strong></span> <span class='ocrx_word' id='word_1_375' title='bbox 2171 2728 2290 2766; x_wconf 87' lang='lat' dir='ltr'><strong>esse</strong></span> <span class='ocrx_word' id='word_1_376' title='bbox 2333 2714 2499 2767; x_wconf 90' lang='lat' dir='ltr'><strong>stulta</strong></span> <span class='ocrx_word' id='word_1_377' title='bbox 2556 2729 2680 2784; x_wconf 72' lang='lat' dir='ltr'><strong>qua:</strong></span> <span class='ocrx_word' id='word_1_378' title='bbox 2706 2713 2909 2768; x_wconf 79' lang='lat' dir='ltr'><strong>divinae</strong></span> <span class='ocrx_word' id='word_1_379' title='bbox 2959 2726 3092 2770; x_wconf 87' lang='lat' dir='ltr'><strong>sunt</strong></span> <span class='ocrx_word' id='word_1_380' title='bbox 3144 2715 3432 2786; x_wconf 87' lang='lat' dir='ltr'><strong>dispensa—</strong></span> 
     </span>
    </p>
   </div>
   <div class='ocr_carea' id='block_1_56' title="bbox 1841 2803 3428 2875">
    <p class='ocr_par' dir='ltr' id='par_1_56' title="bbox 1841 2803 3428 2875">
     <span class='ocr_line' id='line_1_56' title="bbox 1841 2803 3428 2875; baseline 0.004 -21"><span class='ocrx_word' id='word_1_381' title='bbox 1841 2803 2023 2855; x_wconf 87' lang='lat' dir='ltr'><strong>tionis.</strong></span> <span class='ocrx_word' id='word_1_382' title='bbox 2049 2834 2114 2842; x_wconf 92' lang='lat'><em>—</em></span> <span class='ocrx_word' id='word_1_383' title='bbox 2147 2803 2263 2856; x_wconf 82' lang='lat' dir='ltr'><strong>Atio</strong></span> <span class='ocrx_word' id='word_1_384' title='bbox 2292 2805 2464 2858; x_wconf 86' lang='lat' dir='ltr'><strong>modo.</strong></span> <span class='ocrx_word' id='word_1_385' title='bbox 2487 2804 2756 2858; x_wconf 81' lang='lat' dir='ltr'><strong>Animalis</strong></span> <span class='ocrx_word' id='word_1_386' title='bbox 2775 2813 2878 2867; x_wconf 90' lang='lat' dir='ltr'><strong>est.</strong></span> <span class='ocrx_word' id='word_1_387' title='bbox 2905 2805 3000 2875; x_wconf 91' lang='lat' dir='ltr'><strong>qui</strong></span> <span class='ocrx_word' id='word_1_388' title='bbox 3029 2805 3184 2874; x_wconf 82' lang='lat' dir='ltr'><strong>juxta</strong></span> <span class='ocrx_word' id='word_1_389' title='bbox 3208 2820 3428 2860; x_wconf 88' lang='lat' dir='ltr'><strong>carnem</strong></span> 
     </span>
    </p>
   </div>
   <div class='ocr_carea' id='block_1_57' title="bbox 1836 2892 3429 2962">
    <p class='ocr_par' dir='ltr' id='par_1_57' title="bbox 1836 2892 3429 2962">
     <span class='ocr_line' id='line_1_57' title="bbox 1836 2892 3429 2962; baseline 0.001 -18"><span class='ocrx_word' id='word_1_390' title='bbox 1836 2893 2324 2947; x_wconf 66' lang='lat' dir='ltr'><strong>vivitetnoudum</strong></span> <span class='ocrx_word' id='word_1_391' title='bbox 2380 2907 2478 2962; x_wconf 82' lang='lat' dir='ltr'><strong>per</strong></span> <span class='ocrx_word' id='word_1_392' title='bbox 2539 2892 2795 2961; x_wconf 89' lang='lat' dir='ltr'><strong>spiritum</strong></span> <span class='ocrx_word' id='word_1_393' title='bbox 2853 2902 3037 2946; x_wconf 90' lang='lat' dir='ltr'><strong>mente</strong></span> <span class='ocrx_word' id='word_1_394' title='bbox 3075 2892 3429 2946; x_wconf 87' lang='lat' dir='ltr'><strong>illuminatus</strong></span> 
     </span>
    </p>
   </div>
   <div class='ocr_carea' id='block_1_58' title="bbox 1835 2984 3430 3043">
    <p class='ocr_par' dir='ltr' id='par_1_58' title="bbox 1835 2984 3430 3043">
     <span class='ocr_line' id='line_1_58' title="bbox 1835 2984 3430 3043; baseline -0.001 -5"><span class='ocrx_word' id='word_1_395' title='bbox 1835 2994 1942 3043; x_wconf 79' lang='lat' dir='ltr'><strong>est.</strong></span> <span class='ocrx_word' id='word_1_396' title='bbox 1981 2985 2077 3038; x_wconf 86' lang='lat' dir='ltr'><strong>scd</strong></span> <span class='ocrx_word' id='word_1_397' title='bbox 2116 2987 2360 3038; x_wconf 90' lang='lat' dir='ltr'><strong>innatam</strong></span> <span class='ocrx_word' id='word_1_398' title='bbox 2390 2993 2604 3038; x_wconf 90' lang='lat' dir='ltr'><strong>tantum</strong></span> <span class='ocrx_word' id='word_1_399' title='bbox 2634 2993 2686 3036; x_wconf 74' lang='lat' dir='ltr'><strong>et</strong></span> <span class='ocrx_word' id='word_1_400' title='bbox 2717 2985 3013 3039; x_wconf 84' lang='lat' dir='ltr'><strong>humanam</strong></span> <span class='ocrx_word' id='word_1_401' title='bbox 3043 2985 3212 3039; x_wconf 92' lang='lat' dir='ltr'><strong>habet</strong></span> <span class='ocrx_word' id='word_1_402' title='bbox 3269 2984 3430 3038; x_wconf 87' lang='lat' dir='ltr'><strong>intel-</strong></span> 
     </span>
    </p>
   </div>
   <div class='ocr_carea' id='block_1_59' title="bbox 1836 3075 3433 3146">
    <p class='ocr_par' dir='ltr' id='par_1_59' title="bbox 1836 3075 3433 3146">
     <span class='ocr_line' id='line_1_59' title="bbox 1836 3075 3433 3146; baseline -0.001 -17"><span class='ocrx_word' id='word_1_403' title='bbox 1836 3076 2160 3144; x_wconf 79' lang='lat' dir='ltr'><strong>ligentiam,</strong></span> <span class='ocrx_word' id='word_1_404' title='bbox 2235 3093 2403 3146; x_wconf 88' lang='lat' dir='ltr'><strong>quam</strong></span> <span class='ocrx_word' id='word_1_405' title='bbox 2463 3086 2791 3132; x_wconf 87' lang='lat' dir='ltr'><strong>cunctorum</strong></span> <span class='ocrx_word' id='word_1_406' title='bbox 2853 3078 3142 3131; x_wconf 84' lang='lat' dir='ltr'><strong>animabus</strong></span> <span class='ocrx_word' id='word_1_407' title='bbox 3202 3075 3433 3131; x_wconf 79' lang='lat' dir='ltr'><strong>Creator</strong></span> 
     </span>
    </p>
   </div>
   <div class='ocr_carea' id='block_1_60' title="bbox 161 3167 1740 3258">
    <p class='ocr_par' dir='ltr' id='par_1_60' title="bbox 161 3171 1730 3244">
     <span class='ocr_line' id='line_1_60' title="bbox 161 3171 1730 3244; baseline 0.003 -22"><span class='ocrx_word' id='word_1_408' title='bbox 161 3172 412 3224; x_wconf 75' lang='grc' dir='ltr'>ἁπάντων</span> <span class='ocrx_word' id='word_1_409' title='bbox 439 3171 634 3240; x_wconf 72' lang='grc' dir='ltr'>ψυχαῖς</span> <span class='ocrx_word' id='word_1_410' title='bbox 658 3171 917 3238; x_wconf 75' lang='grc' dir='ltr'>ἐμϐάλλει</span> <span class='ocrx_word' id='word_1_411' title='bbox 953 3175 979 3226; x_wconf 87' lang='grc' dir='ltr'><strong><em>ὁ</em></strong></span> <span class='ocrx_word' id='word_1_412' title='bbox 1000 3175 1360 3244; x_wconf 78' lang='grc' dir='ltr'>Δημιουργὸς.</span> <span class='ocrx_word' id='word_1_413' title='bbox 1382 3207 1453 3215; x_wconf 94' lang='grc'><strong><em>-</em></strong></span> <span class='ocrx_word' id='word_1_414' title='bbox 1473 3177 1730 3240; x_wconf 66' lang='grc' dir='ltr'>Ἄλλως.</span> 
     </span>
    </p>
   </div>
   <div class='ocr_carea' id='block_1_61' title="bbox 1839 3167 3427 3258">
    <p class='ocr_par' dir='ltr' id='par_1_61' title="bbox 1839 3167 3427 3238">
     <span class='ocr_line' id='line_1_61' title="bbox 1839 3167 3427 3238; baseline -0.001 -16"><span class='ocrx_word' id='word_1_415' title='bbox 1839 3169 2104 3222; x_wconf 88' lang='lat' dir='ltr'><strong>immittit.</strong></span> <span class='ocrx_word' id='word_1_416' title='bbox 2133 3169 2339 3222; x_wconf 79' lang='grc' dir='ltr'><strong>-Αίὶο</strong></span> <span class='ocrx_word' id='word_1_417' title='bbox 2367 3169 2539 3222; x_wconf 84' lang='lat' dir='ltr'><strong>modo.</strong></span> <span class='ocrx_word' id='word_1_418' title='bbox 2572 3167 2688 3223; x_wconf 85' lang='lat' dir='ltr'><strong>Hoc</strong></span> <span class='ocrx_word' id='word_1_419' title='bbox 2735 3177 2819 3224; x_wconf 89' lang='lat' dir='ltr'><strong>est</strong></span> <span class='ocrx_word' id='word_1_420' title='bbox 2855 3187 2869 3222; x_wconf 86' lang='lat'><strong>:</strong></span> <span class='ocrx_word' id='word_1_421' title='bbox 2926 3168 3158 3235; x_wconf 87' lang='lat' dir='ltr'><strong>Quando</strong></span> <span class='ocrx_word' id='word_1_422' title='bbox 3210 3168 3427 3238; x_wconf 84' lang='lat' dir='ltr'><strong>aliquid</strong></span> 
     </span>
    </p>
   </div>
   <div class='ocr_carea' id='block_1_62' title="bbox 174 3261 1734 3338">
    <p class='ocr_par' dir='ltr' id='par_1_62' title="bbox 174 3261 1734 3338">
     <span class='ocr_line' id='line_1_62' title="bbox 174 3261 1734 3338; baseline 0.001 -24"><span class='ocrx_word' id='word_1_423' title='bbox 174 3264 314 3315; x_wconf 76' lang='grc' dir='ltr'>’Λντὶ</span> <span class='ocrx_word' id='word_1_424' title='bbox 353 3262 473 3325; x_wconf 73' lang='grc' dir='ltr'>τοῦ.</span> <span class='ocrx_word' id='word_1_425' title='bbox 519 3261 689 3316; x_wconf 85' lang='grc' dir='ltr'>Ὅταν</span> <span class='ocrx_word' id='word_1_426' title='bbox 719 3280 772 3315; x_wconf 84' lang='grc' dir='ltr'><strong>τι</strong></span> <span class='ocrx_word' id='word_1_427' title='bbox 801 3265 1171 3333; x_wconf 77' lang='grc' dir='ltr'>πνευματικὸν</span> <span class='ocrx_word' id='word_1_428' title='bbox 1199 3267 1292 3317; x_wconf 75' lang='grc' dir='ltr'>καὶ</span> <span class='ocrx_word' id='word_1_429' title='bbox 1335 3266 1650 3334; x_wconf 73' lang='grc' dir='ltr'>ἀπόρρητον</span> <span class='ocrx_word' id='word_1_430' title='bbox 1677 3263 1734 3338; x_wconf 81' lang='grc' dir='ltr'>ᾗ,</span> 
     </span>
    </p>
   </div>
   <div class='ocr_carea' id='block_1_63' title="bbox 163 3353 1737 3430">
    <p class='ocr_par' dir='ltr' id='par_1_63' title="bbox 163 3353 1737 3430">
     <span class='ocr_line' id='line_1_63' title="bbox 163 3353 1737 3430; baseline 0.006 -26"><span class='ocrx_word' id='word_1_431' title='bbox 163 3353 264 3404; x_wconf 79' lang='grc' dir='ltr'>ἀπὸ</span> <span class='ocrx_word' id='word_1_432' title='bbox 295 3353 405 3405; x_wconf 84' lang='grc' dir='ltr'><strong>τῶν</strong></span> <span class='ocrx_word' id='word_1_433' title='bbox 438 3353 826 3422; x_wconf 79' lang='grc' dir='ltr'>πνευματικῶν</span> <span class='ocrx_word' id='word_1_434' title='bbox 857 3355 956 3416; x_wconf 71' lang='grc' dir='ltr'>τὰς</span> <span class='ocrx_word' id='word_1_435' title='bbox 985 3359 1293 3428; x_wconf 80' lang='grc' dir='ltr'>μαρτυρίας</span> <span class='ocrx_word' id='word_1_436' title='bbox 1343 3359 1574 3430; x_wconf 73' lang='grc' dir='ltr'>ἄγομεν,</span> <span class='ocrx_word' id='word_1_437' title='bbox 1626 3357 1737 3415; x_wconf 79' lang='grc' dir='ltr'>οἷον</span> 
     </span>
    </p>
   </div>
   <div class='ocr_carea' id='block_1_64' title="bbox 162 3447 1736 3524">
    <p class='ocr_par' dir='ltr' id='par_1_64' title="bbox 162 3447 1736 3524">
     <span class='ocr_line' id='line_1_64' title="bbox 162 3447 1736 3524; baseline 0.006 -26"><span class='ocrx_word' id='word_1_438' title='bbox 162 3448 236 3498; x_wconf 74' lang='grc' dir='ltr'>ὅτι</span> <span class='ocrx_word' id='word_1_439' title='bbox 267 3447 495 3516; x_wconf 82' lang='grc' dir='ltr'>ἀνέστη,</span> <span class='ocrx_word' id='word_1_440' title='bbox 529 3447 768 3515; x_wconf 73' lang='grc' dir='ltr'>παρᾶγω</span> <span class='ocrx_word' id='word_1_441' title='bbox 799 3449 900 3518; x_wconf 81' lang='grc' dir='ltr'>τὴν</span> <span class='ocrx_word' id='word_1_442' title='bbox 932 3448 1024 3501; x_wconf 82' lang='grc' dir='ltr'>τοῦ</span> <span class='ocrx_word' id='word_1_443' title='bbox 1058 3450 1216 3504; x_wconf 84' lang='grc' dir='ltr'><strong>’Ῐωνᾶ</strong></span> <span class='ocrx_word' id='word_1_444' title='bbox 1248 3454 1577 3524; x_wconf 81' lang='grc' dir='ltr'>μαρτυρίαν.</span> <span class='ocrx_word' id='word_1_445' title='bbox 1615 3455 1736 3508; x_wconf 83' lang='grc' dir='ltr'>Ὅτι</span> 
     </span>
    </p>
   </div>
   <div class='ocr_carea' id='block_1_65' title="bbox 163 3539 1737 3617">
    <p class='ocr_par' dir='ltr' id='par_1_65' title="bbox 163 3539 1737 3617">
     <span class='ocr_line' id='line_1_65' title="bbox 163 3539 1737 3617; baseline 0.008 -29"><span class='ocrx_word' id='word_1_446' title='bbox 163 3540 222 3589; x_wconf 80' lang='grc' dir='ltr'>ὲκ</span> <span class='ocrx_word' id='word_1_447' title='bbox 269 3539 546 3609; x_wconf 77' lang='grc' dir='ltr'>παρθένου</span> <span class='ocrx_word' id='word_1_448' title='bbox 595 3539 883 3609; x_wconf 76' lang='grc' dir='ltr'>ἐγεννήθη,</span> <span class='ocrx_word' id='word_1_449' title='bbox 949 3542 1191 3610; x_wconf 78' lang='grc' dir='ltr'>παράγω</span> <span class='ocrx_word' id='word_1_450' title='bbox 1243 3543 1470 3614; x_wconf 80' lang='grc' dir='ltr'>τὴντῶν</span> <span class='ocrx_word' id='word_1_451' title='bbox 1508 3547 1737 3617; x_wconf 79' lang='grc' dir='ltr'>στειρῶν</span> 
     </span>
    </p>
   </div>
   <div class='ocr_carea' id='block_1_66' title="bbox 163 3629 1738 3709">
    <p class='ocr_par' dir='ltr' id='par_1_66' title="bbox 163 3629 1738 3709">
     <span class='ocr_line' id='line_1_66' title="bbox 163 3629 1738 3709; baseline 0.006 -29"><span class='ocrx_word' id='word_1_452' title='bbox 163 3629 438 3698; x_wconf 75' lang='grc' dir='ltr'>γέννησιν.</span> <span class='ocrx_word' id='word_1_453' title='bbox 479 3629 726 3697; x_wconf 74' lang='grc' dir='ltr'>Ψυχικδς</span> <span class='ocrx_word' id='word_1_454' title='bbox 757 3629 813 3683; x_wconf 87' lang='grc' dir='ltr'><strong>δέ</strong></span> <span class='ocrx_word' id='word_1_455' title='bbox 847 3632 995 3686; x_wconf 75' lang='grc' dir='ltr'>ἐστιν</span> <span class='ocrx_word' id='word_1_456' title='bbox 1025 3634 1054 3686; x_wconf 86' lang='grc' dir='ltr'>ὁ</span> <span class='ocrx_word' id='word_1_457' title='bbox 1077 3633 1138 3686; x_wconf 81' lang='grc' dir='ltr'>τὸ</span> <span class='ocrx_word' id='word_1_458' title='bbox 1171 3636 1278 3688; x_wconf 80' lang='grc' dir='ltr'><strong>πᾶν</strong></span> <span class='ocrx_word' id='word_1_459' title='bbox 1319 3639 1432 3700; x_wconf 87' lang='grc' dir='ltr'>τοῖς</span> <span class='ocrx_word' id='word_1_460' title='bbox 1459 3637 1738 3709; x_wconf 79' lang='grc' dir='ltr'>λογισμοῖς</span> 
     </span>
    </p>
   </div>
   <div class='ocr_carea' id='block_1_67' title="bbox 162 3719 1738 3792">
    <p class='ocr_par' dir='ltr' id='par_1_67' title="bbox 162 3719 1738 3792">
     <span class='ocr_line' id='line_1_67' title="bbox 162 3719 1738 3792; baseline 0.008 -22"><span class='ocrx_word' id='word_1_461' title='bbox 162 3719 253 3787; x_wconf 72' lang='grc' dir='ltr'>τῆς</span> <span class='ocrx_word' id='word_1_462' title='bbox 313 3720 491 3789; x_wconf 60' lang='grc' dir='ltr'>ψυχῆς</span> <span class='ocrx_word' id='word_1_463' title='bbox 535 3721 731 3785; x_wconf 78' lang='grc' dir='ltr'>διδοὺς,</span> <span class='ocrx_word' id='word_1_464' title='bbox 777 3723 869 3775; x_wconf 73' lang='grc' dir='ltr'>καὶ</span> <span class='ocrx_word' id='word_1_465' title='bbox 936 3721 1012 3791; x_wconf 83' lang='grc' dir='ltr'><strong>μὴ</strong></span> <span class='ocrx_word' id='word_1_466' title='bbox 1058 3723 1293 3792; x_wconf 77' lang='grc' dir='ltr'>νομίζων</span> <span class='ocrx_word' id='word_1_467' title='bbox 1353 3727 1560 3781; x_wconf 76' lang='grc' dir='ltr'>ἄνωθέν</span> <span class='ocrx_word' id='word_1_468' title='bbox 1593 3746 1738 3792; x_wconf 90' lang='grc' dir='ltr'>τινος</span> 
     </span>
    </p>
   </div>
   <div class='ocr_carea' id='block_1_68' title="bbox 166 3809 1738 3891">
    <p class='ocr_par' dir='ltr' id='par_1_68' title="bbox 166 3809 1738 3891">
     <span class='ocr_line' id='line_1_68' title="bbox 166 3809 1738 3891; baseline 0.008 -29"><span class='ocrx_word' id='word_1_469' title='bbox 166 3809 434 3880; x_wconf 76' lang='grc' dir='ltr'>βοηθείας.</span> <span class='ocrx_word' id='word_1_470' title='bbox 465 3842 536 3852; x_wconf 91' lang='lat'><strong>—-</strong></span> <span class='ocrx_word' id='word_1_471' title='bbox 589 3814 847 3878; x_wconf 71' lang='grc' dir='ltr'>Ἄλλως.</span> <span class='ocrx_word' id='word_1_472' title='bbox 893 3813 1094 3888; x_wconf 77' lang='grc' dir='ltr'><strong>[ΦΩΤ.]</strong></span> <span class='ocrx_word' id='word_1_473' title='bbox 1163 3816 1223 3870; x_wconf 86' lang='grc' dir='ltr'>Ὀ</span> <span class='ocrx_word' id='word_1_474' title='bbox 1274 3817 1527 3888; x_wconf 77' lang='grc' dir='ltr'>ψυχικὸς,</span> <span class='ocrx_word' id='word_1_475' title='bbox 1550 3822 1738 3891; x_wconf 84' lang='grc' dir='ltr'>χρείαν</span> 
     </span>
    </p>
   </div>
   <div class='ocr_carea' id='block_1_69' title="bbox 165 3900 1739 3978">
    <p class='ocr_par' dir='ltr' id='par_1_69' title="bbox 165 3900 1739 3978">
     <span class='ocr_line' id='line_1_69' title="bbox 165 3900 1739 3978; baseline 0.007 -26"><span class='ocrx_word' id='word_1_476' title='bbox 165 3900 268 3969; x_wconf 61' lang='grc' dir='ltr'>ἰίει</span> <span class='ocrx_word' id='word_1_477' title='bbox 291 3902 636 3971; x_wconf 74' lang='grc' dir='ltr'>ἀνακρίσεως</span> <span class='ocrx_word' id='word_1_478' title='bbox 665 3903 758 3955; x_wconf 67' lang='grc' dir='ltr'>καὶ</span> <span class='ocrx_word' id='word_1_479' title='bbox 791 3903 1088 3969; x_wconf 73' lang='grc' dir='ltr'>ἐξετάσεως</span> <span class='ocrx_word' id='word_1_480' title='bbox 1119 3908 1212 3959; x_wconf 73' lang='grc' dir='ltr'>καὶ</span> <span class='ocrx_word' id='word_1_481' title='bbox 1248 3907 1540 3978; x_wconf 80' lang='grc' dir='ltr'>μαθήσεως</span> <span class='ocrx_word' id='word_1_482' title='bbox 1573 3927 1739 3963; x_wconf 86' lang='grc' dir='ltr'>πνευ-</span> 
     </span>
    </p>
   </div>
   <div class='ocr_carea' id='block_1_70' title="bbox 167 3994 1740 4068">
    <p class='ocr_par' dir='ltr' id='par_1_70' title="bbox 167 3994 1740 4068">
     <span class='ocr_line' id='line_1_70' title="bbox 167 3994 1740 4068; baseline 0.007 -25"><span class='ocrx_word' id='word_1_483' title='bbox 167 3997 416 4062; x_wconf 74' lang='grc' dir='ltr'>ματικῆς,</span> <span class='ocrx_word' id='word_1_484' title='bbox 454 3994 540 4045; x_wconf 80' lang='grc' dir='ltr'><strong>ἵνα</strong></span> <span class='ocrx_word' id='word_1_485' title='bbox 570 3994 937 4062; x_wconf 78' lang='grc' dir='ltr'>παραδέξηται</span> <span class='ocrx_word' id='word_1_486' title='bbox 959 3995 1025 4047; x_wconf 71' lang='grc' dir='ltr'><strong>τὰ</strong></span> <span class='ocrx_word' id='word_1_487' title='bbox 1067 3995 1162 4048; x_wconf 83' lang='grc' dir='ltr'>τοῦ</span> <span class='ocrx_word' id='word_1_488' title='bbox 1214 3999 1541 4068; x_wconf 78' lang='grc' dir='ltr'>πνεύματος.</span> <span class='ocrx_word' id='word_1_489' title='bbox 1581 4002 1740 4054; x_wconf 78' lang='grc' dir='ltr'>Ἀλλά</span> 
     </span>
    </p>
   </div>
   <div class='ocr_carea' id='block_1_71' title="bbox 167 4084 1738 4158">
    <p class='ocr_par' dir='ltr' id='par_1_71' title="bbox 167 4084 1738 4158">
     <span class='ocr_line' id='line_1_71' title="bbox 167 4084 1738 4158; baseline 0.005 -24"><span class='ocrx_word' id='word_1_490' title='bbox 167 4084 291 4151; x_wconf 70' lang='grc' dir='ltr'>πρὸς</span> <span class='ocrx_word' id='word_1_491' title='bbox 322 4084 528 4151; x_wconf 69' lang='grc' dir='ltr'>ταύτην</span> <span class='ocrx_word' id='word_1_492' title='bbox 548 4084 1068 4153; x_wconf 77' lang='grc' dir='ltr'>ἀπαυθαδιζόμενος,</span> <span class='ocrx_word' id='word_1_493' title='bbox 1099 4089 1194 4138; x_wconf 78' lang='grc' dir='ltr'>καὶ</span> <span class='ocrx_word' id='word_1_494' title='bbox 1240 4088 1412 4140; x_wconf 84' lang='grc' dir='ltr'>δοκῶν</span> <span class='ocrx_word' id='word_1_495' title='bbox 1450 4091 1738 4158; x_wconf 83' lang='grc' dir='ltr'>ἀρκεῖσθαι</span> 
     </span>
    </p>
   </div>
   <div class='ocr_carea' id='block_1_72' title="bbox 165 4174 1740 4248">
    <p class='ocr_par' dir='ltr' id='par_1_72' title="bbox 165 4174 1740 4248">
     <span class='ocr_line' id='line_1_72' title="bbox 165 4174 1740 4248; baseline 0.007 -25"><span class='ocrx_word' id='word_1_496' title='bbox 165 4176 267 4236; x_wconf 67' lang='grc' dir='ltr'>τοῖς</span> <span class='ocrx_word' id='word_1_497' title='bbox 321 4174 688 4245; x_wconf 78' lang='grc' dir='ltr'>ἀνθρωπίνοις</span> <span class='ocrx_word' id='word_1_498' title='bbox 751 4175 1066 4244; x_wconf 78' lang='grc' dir='ltr'>λογισμοῖς,</span> <span class='ocrx_word' id='word_1_499' title='bbox 1119 4178 1182 4229; x_wconf 86' lang='grc' dir='ltr'>οὑ</span> <span class='ocrx_word' id='word_1_500' title='bbox 1238 4179 1398 4248; x_wconf 80' lang='grc' dir='ltr'>μόνον</span> <span class='ocrx_word' id='word_1_501' title='bbox 1456 4182 1607 4235; x_wconf 80' lang='grc' dir='ltr'>οὐδὲν</span> <span class='ocrx_word' id='word_1_502' title='bbox 1665 4176 1740 4236; x_wconf 82' lang='grc' dir='ltr'>ὧν</span> 
     </span>
    </p>
   </div>
   <div class='ocr_carea' id='block_1_73' title="bbox 167 4265 1742 4336">
    <p class='ocr_par' dir='ltr' id='par_1_73' title="bbox 167 4265 1742 4336">
     <span class='ocr_line' id='line_1_73' title="bbox 167 4265 1742 4336; baseline 0.006 -19"><span class='ocrx_word' id='word_1_503' title='bbox 167 4268 342 4329; x_wconf 82' lang='grc' dir='ltr'>ἀγνοεῖ</span> <span class='ocrx_word' id='word_1_504' title='bbox 419 4265 862 4334; x_wconf 74' lang='grc' dir='ltr'>καταλαμϐάνει,</span> <span class='ocrx_word' id='word_1_505' title='bbox 935 4267 1068 4319; x_wconf 83' lang='grc' dir='ltr'>ἀλλὰ</span> <span class='ocrx_word' id='word_1_506' title='bbox 1127 4269 1220 4321; x_wconf 74' lang='grc' dir='ltr'>καὶ</span> <span class='ocrx_word' id='word_1_507' title='bbox 1283 4269 1590 4324; x_wconf 79' lang='grc' dir='ltr'>τούναντίον</span> <span class='ocrx_word' id='word_1_508' title='bbox 1661 4275 1742 4336; x_wconf 87' lang='grc' dir='ltr'><strong>εἰς</strong></span> 
     </span>
    </p>
   </div>
   <div class='ocr_carea' id='block_1_74' title="bbox 169 4355 1738 4426">
    <p class='ocr_par' dir='ltr' id='par_1_74' title="bbox 169 4355 1738 4426">
     <span class='ocr_line' id='line_1_74' title="bbox 169 4355 1738 4426; baseline 0.004 -19"><span class='ocrx_word' id='word_1_509' title='bbox 169 4357 379 4408; x_wconf 75' lang='grc' dir='ltr'>πλείονα</span> <span class='ocrx_word' id='word_1_510' title='bbox 453 4355 994 4426; x_wconf 75' lang='grc' dir='ltr'>καταϐαπτιζόμενος</span> <span class='ocrx_word' id='word_1_511' title='bbox 1070 4357 1341 4424; x_wconf 75' lang='grc' dir='ltr'>ἄγνοιαν,</span> <span class='ocrx_word' id='word_1_512' title='bbox 1405 4360 1468 4413; x_wconf 76' lang='grc' dir='ltr'><strong>τὸ</strong></span> <span class='ocrx_word' id='word_1_513' title='bbox 1528 4362 1738 4415; x_wconf 79' lang='grc' dir='ltr'>ἐκείνου</span> 
     </span>
    </p>
   </div>
   <div class='ocr_carea' id='block_1_75' title="bbox 170 4447 1739 4523">
    <p class='ocr_par' dir='ltr' id='par_1_75' title="bbox 170 4447 1739 4523">
     <span class='ocr_line' id='line_1_75' title="bbox 170 4447 1739 4523; baseline 0.006 -25"><span class='ocrx_word' id='word_1_514' title='bbox 170 4449 329 4511; x_wconf 76' lang='grc' dir='ltr'>πάθος</span> <span class='ocrx_word' id='word_1_515' title='bbox 397 4449 493 4501; x_wconf 72' lang='grc' dir='ltr'>καὶ</span> <span class='ocrx_word' id='word_1_516' title='bbox 549 4447 792 4518; x_wconf 84' lang='grc' dir='ltr'>νόσημα,</span> <span class='ocrx_word' id='word_1_517' title='bbox 848 4449 958 4511; x_wconf 81' lang='grc' dir='ltr'>τοῖς</span> <span class='ocrx_word' id='word_1_518' title='bbox 1030 4448 1126 4501; x_wconf 76' lang='grc' dir='ltr'><strong>τοῦ</strong></span> <span class='ocrx_word' id='word_1_519' title='bbox 1195 4451 1503 4520; x_wconf 85' lang='grc' dir='ltr'>πνεύματος</span> <span class='ocrx_word' id='word_1_520' title='bbox 1551 4454 1739 4523; x_wconf 83' lang='grc' dir='ltr'>νόμοις</span> 
     </span>
    </p>
   </div>
   <div class='ocr_carea' id='block_1_76' title="bbox 1840 3259 3432 3330">
    <p class='ocr_par' dir='ltr' id='par_1_76' title="bbox 1840 3259 3432 3330">
     <span class='ocr_line' id='line_1_76' title="bbox 1840 3259 3432 3330; baseline 0 -17"><span class='ocrx_word' id='word_1_521' title='bbox 1840 3260 2132 3330; x_wconf 85' lang='lat' dir='ltr'><strong>spirituale</strong></span> <span class='ocrx_word' id='word_1_522' title='bbox 2153 3269 2208 3314; x_wconf 90' lang='lat' dir='ltr'><strong>et</strong></span> <span class='ocrx_word' id='word_1_523' title='bbox 2238 3259 2520 3314; x_wconf 83' lang='lat' dir='ltr'><strong>ineﬂ&#39;abile</strong></span> <span class='ocrx_word' id='word_1_524' title='bbox 2565 3261 2753 3325; x_wconf 64' lang='lat' dir='ltr'><strong>fuerit,</strong></span> <span class='ocrx_word' id='word_1_525' title='bbox 2781 3276 2811 3314; x_wconf 92' lang='lat' dir='ltr'><strong>a</strong></span> <span class='ocrx_word' id='word_1_526' title='bbox 2859 3260 3242 3330; x_wconf 88' lang='lat' dir='ltr'><strong>spiritualibus</strong></span> <span class='ocrx_word' id='word_1_527' title='bbox 3273 3260 3432 3317; x_wconf 89' lang='lat' dir='ltr'><strong>testi-</strong></span> 
     </span>
    </p>
   </div>
   <div class='ocr_carea' id='block_1_77' title="bbox 1838 3352 3432 3422">
    <p class='ocr_par' dir='ltr' id='par_1_77' title="bbox 1838 3352 3432 3422">
     <span class='ocr_line' id='line_1_77' title="bbox 1838 3352 3432 3422; baseline 0.001 -18"><span class='ocrx_word' id='word_1_528' title='bbox 1838 3353 2020 3406; x_wconf 85' lang='lat' dir='ltr'><strong>monia</strong></span> <span class='ocrx_word' id='word_1_529' title='bbox 2053 3353 2327 3407; x_wconf 80' lang='lat' dir='ltr'><strong>ducimus.</strong></span> <span class='ocrx_word' id='word_1_530' title='bbox 2384 3353 2584 3421; x_wconf 88' lang='lat' dir='ltr'><strong>Utpote</strong></span> <span class='ocrx_word' id='word_1_531' title='bbox 2617 3352 2682 3407; x_wconf 92' lang='lat' dir='ltr'><strong>ad</strong></span> <span class='ocrx_word' id='word_1_532' title='bbox 2708 3353 2759 3407; x_wconf 91' lang='lat' dir='ltr'><strong>id</strong></span> <span class='ocrx_word' id='word_1_533' title='bbox 2785 3353 2934 3422; x_wconf 90' lang='lat' dir='ltr'><strong>quod</strong></span> <span class='ocrx_word' id='word_1_534' title='bbox 2982 3353 3226 3407; x_wconf 79' lang='lat' dir='ltr'><strong>surrexit</strong></span> <span class='ocrx_word' id='word_1_535' title='bbox 3271 3352 3432 3407; x_wconf 88' lang='lat' dir='ltr'><strong>Chri-</strong></span> 
     </span>
    </p>
   </div>
   <div class='ocr_carea' id='block_1_78' title="bbox 1840 3444 3430 3515">
    <p class='ocr_par' dir='ltr' id='par_1_78' title="bbox 1840 3444 3430 3515">
     <span class='ocr_line' id='line_1_78' title="bbox 1840 3444 3430 3515; baseline -0.001 -15"><span class='ocrx_word' id='word_1_536' title='bbox 1840 3453 1981 3509; x_wconf 78' lang='lat' dir='ltr'><strong>stus,</strong></span> <span class='ocrx_word' id='word_1_537' title='bbox 2008 3445 2159 3499; x_wconf 74' lang='lat' dir='ltr'><strong>Iona:</strong></span> <span class='ocrx_word' id='word_1_538' title='bbox 2194 3445 2572 3499; x_wconf 89' lang='lat' dir='ltr'><strong>testimonium</strong></span> <span class='ocrx_word' id='word_1_539' title='bbox 2605 3444 2820 3500; x_wconf 88' lang='lat' dir='ltr'><strong>adduco</strong></span> <span class='ocrx_word' id='word_1_540' title='bbox 2863 3461 2876 3498; x_wconf 92' lang='lat'><strong>:</strong></span> <span class='ocrx_word' id='word_1_541' title='bbox 2909 3445 3057 3515; x_wconf 90' lang='lat' dir='ltr'><strong>quod</strong></span> <span class='ocrx_word' id='word_1_542' title='bbox 3105 3460 3171 3498; x_wconf 80' lang='lat' dir='ltr'><strong>ex</strong></span> <span class='ocrx_word' id='word_1_543' title='bbox 3216 3444 3430 3507; x_wconf 65' lang='lat' dir='ltr'><strong>virgine</strong></span> 
     </span>
    </p>
   </div>
   <div class='ocr_carea' id='block_1_79' title="bbox 1838 3536 3430 3607">
    <p class='ocr_par' dir='ltr' id='par_1_79' title="bbox 1838 3536 3430 3607">
     <span class='ocr_line' id='line_1_79' title="bbox 1838 3536 3430 3607; baseline -0.002 -15"><span class='ocrx_word' id='word_1_544' title='bbox 1838 3547 2003 3592; x_wconf 87' lang='lat' dir='ltr'><strong>natus</strong></span> <span class='ocrx_word' id='word_1_545' title='bbox 2025 3547 2132 3600; x_wconf 89' lang='lat' dir='ltr'><strong>est,</strong></span> <span class='ocrx_word' id='word_1_546' title='bbox 2178 3538 2394 3592; x_wconf 86' lang='lat' dir='ltr'><strong>adduco</strong></span> <span class='ocrx_word' id='word_1_547' title='bbox 2423 3536 2694 3592; x_wconf 83' lang='lat' dir='ltr'><strong>sterilium</strong></span> <span class='ocrx_word' id='word_1_548' title='bbox 2741 3548 2961 3606; x_wconf 89' lang='lat' dir='ltr'><strong>partum</strong></span> <span class='ocrx_word' id='word_1_549' title='bbox 3011 3553 3074 3592; x_wconf 89' lang='lat' dir='ltr'><strong>ac</strong></span> <span class='ocrx_word' id='word_1_550' title='bbox 3113 3537 3430 3607; x_wconf 74' lang='lat' dir='ltr'><strong>generatio-</strong></span> 
     </span>
    </p>
   </div>
   <div class='ocr_carea' id='block_1_80' title="bbox 1838 3629 3430 3699">
    <p class='ocr_par' dir='ltr' id='par_1_80' title="bbox 1838 3629 3430 3699">
     <span class='ocr_line' id='line_1_80' title="bbox 1838 3629 3430 3699; baseline -0.001 -14"><span class='ocrx_word' id='word_1_551' title='bbox 1838 3647 1987 3685; x_wconf 89' lang='lat' dir='ltr'><strong>nem.</strong></span> <span class='ocrx_word' id='word_1_552' title='bbox 2017 3630 2284 3684; x_wconf 83' lang='lat' dir='ltr'><strong>Animalis</strong></span> <span class='ocrx_word' id='word_1_553' title='bbox 2316 3645 2448 3684; x_wconf 80' lang='lat' dir='ltr'><strong>vero</strong></span> <span class='ocrx_word' id='word_1_554' title='bbox 2499 3639 2603 3690; x_wconf 89' lang='lat' dir='ltr'><strong>est,</strong></span> <span class='ocrx_word' id='word_1_555' title='bbox 2657 3630 2752 3699; x_wconf 89' lang='lat' dir='ltr'><strong>qui</strong></span> <span class='ocrx_word' id='word_1_556' title='bbox 2801 3645 2916 3683; x_wconf 87' lang='lat' dir='ltr'><strong>rem</strong></span> <span class='ocrx_word' id='word_1_557' title='bbox 2969 3645 3187 3684; x_wconf 87' lang='lat' dir='ltr'><strong>onmem</strong></span> <span class='ocrx_word' id='word_1_558' title='bbox 3232 3629 3430 3684; x_wconf 63' lang='lat' dir='ltr'><strong>animae</strong></span> 
     </span>
    </p>
   </div>
   <div class='ocr_carea' id='block_1_81' title="bbox 1838 3721 3429 3790">
    <p class='ocr_par' dir='ltr' id='par_1_81' title="bbox 1838 3721 3429 3790">
     <span class='ocr_line' id='line_1_81' title="bbox 1838 3721 3429 3790; baseline -0.003 -11"><span class='ocrx_word' id='word_1_559' title='bbox 1838 3724 2382 3779; x_wconf 88' lang='lat' dir='ltr'><strong>consideratiouibus</strong></span> <span class='ocrx_word' id='word_1_560' title='bbox 2413 3721 2690 3787; x_wconf 88' lang='lat' dir='ltr'><strong>attribuit,</strong></span> <span class='ocrx_word' id='word_1_561' title='bbox 2727 3738 2828 3776; x_wconf 90' lang='lat' dir='ltr'><strong>nec</strong></span> <span class='ocrx_word' id='word_1_562' title='bbox 2861 3722 3161 3776; x_wconf 87' lang='lat' dir='ltr'><strong>arbitratur</strong></span> <span class='ocrx_word' id='word_1_563' title='bbox 3187 3737 3429 3790; x_wconf 85' lang='lat' dir='ltr'><strong>superno</strong></span> 
     </span>
    </p>
   </div>
   <div class='ocr_carea' id='block_1_82' title="bbox 1839 3811 3430 3885">
    <p class='ocr_par' dir='ltr' id='par_1_82' title="bbox 1839 3811 3430 3885">
     <span class='ocr_line' id='line_1_82' title="bbox 1839 3811 3430 3885; baseline -0.002 -16"><span class='ocrx_word' id='word_1_564' title='bbox 1839 3816 2024 3885; x_wconf 90' lang='lat' dir='ltr'><strong>aliquo</strong></span> <span class='ocrx_word' id='word_1_565' title='bbox 2053 3830 2192 3883; x_wconf 90' lang='lat' dir='ltr'><strong>opus</strong></span> <span class='ocrx_word' id='word_1_566' title='bbox 2217 3830 2338 3869; x_wconf 88' lang='lat' dir='ltr'><strong>esse</strong></span> <span class='ocrx_word' id='word_1_567' title='bbox 2379 3813 2606 3868; x_wconf 81' lang='lat' dir='ltr'><strong>auxilio.</strong></span> <span class='ocrx_word' id='word_1_568' title='bbox 2632 3841 2702 3853; x_wconf 93' lang='lat'><strong>—</strong></span> <span class='ocrx_word' id='word_1_569' title='bbox 2765 3813 2886 3868; x_wconf 77' lang='lat' dir='ltr'><strong>Alio</strong></span> <span class='ocrx_word' id='word_1_570' title='bbox 2944 3813 3120 3866; x_wconf 88' lang='lat' dir='ltr'><strong>modo.</strong></span> <span class='ocrx_word' id='word_1_571' title='bbox 3161 3811 3430 3866; x_wconf 85' lang='lat' dir='ltr'><strong>Animalis</strong></span> 
     </span>
    </p>
   </div>
   <div class='ocr_carea' id='block_1_83' title="bbox 1841 3905 3431 3977">
    <p class='ocr_par' dir='ltr' id='par_1_83' title="bbox 1841 3905 3431 3977">
     <span class='ocr_line' id='line_1_83' title="bbox 1841 3905 3431 3977; baseline -0.003 -15"><span class='ocrx_word' id='word_1_572' title='bbox 1841 3924 1980 3977; x_wconf 87' lang='lat' dir='ltr'><strong>opus</strong></span> <span class='ocrx_word' id='word_1_573' title='bbox 2054 3908 2222 3961; x_wconf 88' lang='lat' dir='ltr'><strong>habet</strong></span> <span class='ocrx_word' id='word_1_574' title='bbox 2283 3905 2682 3976; x_wconf 88' lang='lat' dir='ltr'><strong>dijudicatione</strong></span> <span class='ocrx_word' id='word_1_575' title='bbox 2728 3913 2784 3960; x_wconf 91' lang='lat' dir='ltr'><strong>et</strong></span> <span class='ocrx_word' id='word_1_576' title='bbox 2842 3905 3302 3975; x_wconf 89' lang='lat' dir='ltr'><strong>perscrutatione,</strong></span> <span class='ocrx_word' id='word_1_577' title='bbox 3365 3919 3431 3958; x_wconf 90' lang='lat' dir='ltr'><strong>ac</strong></span> 
     </span>
    </p>
   </div>
   <div class='ocr_carea' id='block_1_84' title="bbox 1839 3994 3431 4068">
    <p class='ocr_par' dir='ltr' id='par_1_84' title="bbox 1839 3994 3431 4068">
     <span class='ocr_line' id='line_1_84' title="bbox 1839 3994 3431 4068; baseline -0.004 -15"><span class='ocrx_word' id='word_1_578' title='bbox 1839 3999 2125 4068; x_wconf 86' lang='lat' dir='ltr'><strong>disciplina</strong></span> <span class='ocrx_word' id='word_1_579' title='bbox 2162 3999 2459 4067; x_wconf 85' lang='lat' dir='ltr'><strong>spirituali,</strong></span> <span class='ocrx_word' id='word_1_580' title='bbox 2498 4006 2558 4051; x_wconf 91' lang='lat' dir='ltr'><strong>ut</strong></span> <span class='ocrx_word' id='word_1_581' title='bbox 2584 3997 2954 4066; x_wconf 86' lang='lat' dir='ltr'><strong>suscipiatea,</strong></span> <span class='ocrx_word' id='word_1_582' title='bbox 3005 4013 3128 4066; x_wconf 63' lang='lat' dir='ltr'><strong>qua</strong></span> <span class='ocrx_word' id='word_1_583' title='bbox 3163 4003 3293 4051; x_wconf 87' lang='lat' dir='ltr'><strong>sunt</strong></span> <span class='ocrx_word' id='word_1_584' title='bbox 3317 3994 3431 4064; x_wconf 84' lang='lat' dir='ltr'><strong>spi-</strong></span> 
     </span>
    </p>
   </div>
   <div class='ocr_carea' id='block_1_85' title="bbox 1841 4086 3426 4162">
    <p class='ocr_par' dir='ltr' id='par_1_85' title="bbox 1841 4086 3426 4162">
     <span class='ocr_line' id='line_1_85' title="bbox 1841 4086 3426 4162; baseline -0.002 -18"><span class='ocrx_word' id='word_1_585' title='bbox 1841 4091 2002 4154; x_wconf 89' lang='lat' dir='ltr'><strong>ritus,</strong></span> <span class='ocrx_word' id='word_1_586' title='bbox 2032 4091 2195 4162; x_wconf 68' lang='grc'><strong>436</strong></span> <span class='ocrx_word' id='word_1_587' title='bbox 2225 4090 2318 4143; x_wconf 89' lang='lat' dir='ltr'><strong>sed</strong></span> <span class='ocrx_word' id='word_1_588' title='bbox 2352 4105 2474 4142; x_wconf 89' lang='lat' dir='ltr'><strong>eum</strong></span> <span class='ocrx_word' id='word_1_589' title='bbox 2502 4090 2849 4160; x_wconf 76' lang='lat' dir='ltr'><strong>arrogantior</strong></span> <span class='ocrx_word' id='word_1_590' title='bbox 2905 4090 2978 4142; x_wconf 87' lang='lat' dir='ltr'><strong>sit</strong></span> <span class='ocrx_word' id='word_1_591' title='bbox 3034 4104 3197 4158; x_wconf 91' lang='lat' dir='ltr'><strong>quam</strong></span> <span class='ocrx_word' id='word_1_592' title='bbox 3256 4096 3317 4141; x_wconf 87' lang='lat' dir='ltr'><strong>ut</strong></span> <span class='ocrx_word' id='word_1_593' title='bbox 3358 4086 3426 4141; x_wconf 89' lang='lat' dir='ltr'><strong>ad</strong></span> 
     </span>
    </p>
   </div>
   <div class='ocr_carea' id='block_1_86' title="bbox 1841 4181 3427 4252">
    <p class='ocr_par' dir='ltr' id='par_1_86' title="bbox 1841 4181 3427 4252">
     <span class='ocr_line' id='line_1_86' title="bbox 1841 4181 3427 4252; baseline -0.001 -16"><span class='ocrx_word' id='word_1_594' title='bbox 1841 4183 1984 4237; x_wconf 89' lang='lat' dir='ltr'><strong>hanc</strong></span> <span class='ocrx_word' id='word_1_595' title='bbox 2018 4198 2138 4236; x_wconf 89' lang='lat' dir='ltr'><strong>sese</strong></span> <span class='ocrx_word' id='word_1_596' title='bbox 2171 4182 2449 4246; x_wconf 89' lang='lat' dir='ltr'><strong>demittat,</strong></span> <span class='ocrx_word' id='word_1_597' title='bbox 2475 4192 2531 4236; x_wconf 91' lang='lat' dir='ltr'><strong>et</strong></span> <span class='ocrx_word' id='word_1_598' title='bbox 2590 4181 2840 4236; x_wconf 74' lang='lat' dir='ltr'><strong>suﬁicere</strong></span> <span class='ocrx_word' id='word_1_599' title='bbox 2895 4181 3107 4252; x_wconf 77' lang='lat' dir='ltr'><strong>judicet</strong></span> <span class='ocrx_word' id='word_1_600' title='bbox 3157 4181 3427 4234; x_wconf 87' lang='lat' dir='ltr'><strong>humanas</strong></span> 
     </span>
    </p>
   </div>
   <div class='ocr_carea' id='block_1_87' title="bbox 1841 4271 3426 4340">
    <p class='ocr_par' dir='ltr' id='par_1_87' title="bbox 1841 4271 3426 4340">
     <span class='ocr_line' id='line_1_87' title="bbox 1841 4271 3426 4340; baseline -0.002 -13"><span class='ocrx_word' id='word_1_601' title='bbox 1841 4273 2336 4336; x_wconf 86' lang='lat' dir='ltr'><strong>cousiderationes,</strong></span> <span class='ocrx_word' id='word_1_602' title='bbox 2374 4289 2483 4326; x_wconf 82' lang='lat' dir='ltr'><strong>non</strong></span> <span class='ocrx_word' id='word_1_603' title='bbox 2510 4272 2675 4326; x_wconf 91' lang='lat' dir='ltr'><strong>modo</strong></span> <span class='ocrx_word' id='word_1_604' title='bbox 2704 4271 2842 4326; x_wconf 87' lang='lat' dir='ltr'><strong>nihil</strong></span> <span class='ocrx_word' id='word_1_605' title='bbox 2883 4271 3306 4340; x_wconf 91' lang='lat' dir='ltr'><strong>comprehendit</strong></span> <span class='ocrx_word' id='word_1_606' title='bbox 3332 4285 3426 4324; x_wconf 89' lang='lat' dir='ltr'><strong>eo-</strong></span> 
     </span>
    </p>
   </div>
   <div class='ocr_carea' id='block_1_88' title="bbox 1842 4363 3422 4434">
    <p class='ocr_par' dir='ltr' id='par_1_88' title="bbox 1842 4363 3422 4434">
     <span class='ocr_line' id='line_1_88' title="bbox 1842 4363 3422 4434; baseline -0.001 -17"><span class='ocrx_word' id='word_1_607' title='bbox 1842 4382 1962 4417; x_wconf 91' lang='lat' dir='ltr'><strong>rum</strong></span> <span class='ocrx_word' id='word_1_608' title='bbox 1994 4381 2116 4434; x_wconf 67' lang='lat' dir='ltr'><strong>quaa</strong></span> <span class='ocrx_word' id='word_1_609' title='bbox 2148 4365 2382 4434; x_wconf 77' lang='lat' dir='ltr'><strong>ignorat,</strong></span> <span class='ocrx_word' id='word_1_610' title='bbox 2408 4365 2503 4419; x_wconf 88' lang='lat' dir='ltr'><strong>sed</strong></span> <span class='ocrx_word' id='word_1_611' title='bbox 2534 4380 2564 4418; x_wconf 90' lang='lat' dir='ltr'><strong>e</strong></span> <span class='ocrx_word' id='word_1_612' title='bbox 2584 4365 2803 4419; x_wconf 90' lang='lat' dir='ltr'><strong>diverso</strong></span> <span class='ocrx_word' id='word_1_613' title='bbox 2829 4379 3048 4432; x_wconf 88' lang='lat' dir='ltr'><strong>quoque</strong></span> <span class='ocrx_word' id='word_1_614' title='bbox 3074 4364 3128 4417; x_wconf 91' lang='lat' dir='ltr'><strong>in</strong></span> <span class='ocrx_word' id='word_1_615' title='bbox 3160 4363 3422 4432; x_wconf 87' lang='lat' dir='ltr'><strong>majorem</strong></span> 
     </span>
    </p>
   </div>
   <div class='ocr_carea' id='block_1_89' title="bbox 1843 4451 3425 4524">
    <p class='ocr_par' dir='ltr' id='par_1_89' title="bbox 1843 4451 3425 4524">
     <span class='ocr_line' id='line_1_89' title="bbox 1843 4451 3425 4524; baseline -0.003 -15"><span class='ocrx_word' id='word_1_616' title='bbox 1843 4455 2130 4510; x_wconf 88' lang='lat' dir='ltr'><strong>demersus</strong></span> <span class='ocrx_word' id='word_1_617' title='bbox 2161 4455 2555 4524; x_wconf 78' lang='lat' dir='ltr'><strong>ignorantiam,</strong></span> <span class='ocrx_word' id='word_1_618' title='bbox 2595 4455 2790 4508; x_wconf 66' lang='lat' dir='ltr'><strong>anima</strong></span> <span class='ocrx_word' id='word_1_619' title='bbox 2810 4452 3069 4507; x_wconf 75' lang='lat' dir='ltr'><strong>affectum</strong></span> <span class='ocrx_word' id='word_1_620' title='bbox 3097 4461 3154 4505; x_wconf 88' lang='lat' dir='ltr'><strong>et</strong></span> <span class='ocrx_word' id='word_1_621' title='bbox 3206 4451 3425 4522; x_wconf 60' lang='lat' dir='ltr'><strong>agritu-</strong></span> 
     </span>
    </p>
   </div>
   <div class='ocr_carea' id='block_1_90' title="bbox 171 4539 1740 4616">
    <p class='ocr_par' dir='ltr' id='par_1_90' title="bbox 171 4539 1737 4616">
     <span class='ocr_line' id='line_1_90' title="bbox 171 4539 1737 4616; baseline 0.003 -24"><span class='ocrx_word' id='word_1_622' title='bbox 171 4541 477 4609; x_wconf 70' lang='grc' dir='ltr'>περιάπτει,</span> <span class='ocrx_word' id='word_1_623' title='bbox 539 4541 632 4592; x_wconf 81' lang='grc' dir='ltr'>καὶ</span> <span class='ocrx_word' id='word_1_624' title='bbox 673 4541 888 4608; x_wconf 78' lang='grc' dir='ltr'>ἡγεῖται</span> <span class='ocrx_word' id='word_1_625' title='bbox 939 4539 1076 4594; x_wconf 84' lang='grc' dir='ltr'>αὐτὰ</span> <span class='ocrx_word' id='word_1_626' title='bbox 1127 4543 1362 4611; x_wconf 85' lang='grc' dir='ltr'>μωρίαν,</span> <span class='ocrx_word' id='word_1_627' title='bbox 1402 4544 1520 4598; x_wconf 87' lang='grc' dir='ltr'>δέον</span> <span class='ocrx_word' id='word_1_628' title='bbox 1559 4545 1737 4616; x_wconf 77' lang='grc' dir='ltr'>ἑαυτῷ</span> 
     </span>
    </p>
   </div>
   <div class='ocr_carea' id='block_1_91' title="bbox 1839 4539 3423 4616">
    <p class='ocr_par' dir='ltr' id='par_1_91' title="bbox 1843 4543 3423 4614">
     <span class='ocr_line' id='line_1_91' title="bbox 1843 4543 3423 4614; baseline -0.001 -17"><span class='ocrx_word' id='word_1_629' title='bbox 1843 4544 2030 4598; x_wconf 92' lang='lat' dir='ltr'><strong>dinem</strong></span> <span class='ocrx_word' id='word_1_630' title='bbox 2065 4544 2279 4614; x_wconf 79' lang='lat' dir='ltr'><strong>legibus</strong></span> <span class='ocrx_word' id='word_1_631' title='bbox 2297 4544 2527 4613; x_wconf 76' lang='lat' dir='ltr'><strong>Spiritus</strong></span> <span class='ocrx_word' id='word_1_632' title='bbox 2556 4543 2802 4613; x_wconf 83' lang='lat' dir='ltr'><strong>adoptat,</strong></span> <span class='ocrx_word' id='word_1_633' title='bbox 2831 4543 3185 4598; x_wconf 81' lang='lat' dir='ltr'><strong>etexistimat</strong></span> <span class='ocrx_word' id='word_1_634' title='bbox 3205 4557 3268 4596; x_wconf 92' lang='lat' dir='ltr'><strong>ea</strong></span> <span class='ocrx_word' id='word_1_635' title='bbox 3298 4557 3423 4596; x_wconf 88' lang='lat' dir='ltr'><strong>esse</strong></span> 
     </span>
    </p>
   </div>
   <div class='ocr_carea' id='block_1_92' title="bbox 174 4633 1736 4707">
    <p class='ocr_par' dir='ltr' id='par_1_92' title="bbox 174 4633 1736 4707">
     <span class='ocr_line' id='line_1_92' title="bbox 174 4633 1736 4707; baseline 0.004 -23"><span class='ocrx_word' id='word_1_636' title='bbox 174 4633 504 4700; x_wconf 71' lang='grc' dir='ltr'>μέμφεσθαι,</span> <span class='ocrx_word' id='word_1_637' title='bbox 534 4635 808 4694; x_wconf 79' lang='grc' dir='ltr'>ταπεινοῖς</span> <span class='ocrx_word' id='word_1_638' title='bbox 840 4633 935 4686; x_wconf 63' lang='grc' dir='ltr'><strong>καλ⁸</strong></span> <span class='ocrx_word' id='word_1_639' title='bbox 970 4633 1330 4703; x_wconf 83' lang='grc' dir='ltr'>ἀνθρωπίνοις</span> <span class='ocrx_word' id='word_1_640' title='bbox 1369 4635 1611 4707; x_wconf 85' lang='grc' dir='ltr'>μέτροις,</span> <span class='ocrx_word' id='word_1_641' title='bbox 1668 4638 1736 4691; x_wconf 87' lang='grc' dir='ltr'><strong>τά</strong></span> 
     </span>
    </p>
   </div>
   <div class='ocr_carea' id='block_1_93' title="bbox 172 4723 1737 4796">
    <p class='ocr_par' dir='ltr' id='par_1_93' title="bbox 172 4723 1737 4796">
     <span class='ocr_line' id='line_1_93' title="bbox 172 4723 1737 4796; baseline 0.006 -22"><span class='ocrx_word' id='word_1_642' title='bbox 172 4724 415 4792; x_wconf 58' lang='grc' dir='ltr'>ὑπερφυῆ</span> <span class='ocrx_word' id='word_1_643' title='bbox 442 4723 537 4776; x_wconf 71' lang='grc' dir='ltr'>καὶ</span> <span class='ocrx_word' id='word_1_644' title='bbox 558 4724 839 4792; x_wconf 84' lang='grc' dir='ltr'>κρείττονα</span> <span class='ocrx_word' id='word_1_645' title='bbox 867 4723 1143 4794; x_wconf 86' lang='grc' dir='ltr'>λογισμῶν</span> <span class='ocrx_word' id='word_1_646' title='bbox 1179 4729 1398 4796; x_wconf 86' lang='grc' dir='ltr'>μετρεῖν</span> <span class='ocrx_word' id='word_1_647' title='bbox 1447 4729 1542 4782; x_wconf 70' lang='grc' dir='ltr'>καὶ</span> <span class='ocrx_word' id='word_1_648' title='bbox 1571 4747 1737 4783; x_wconf 79' lang='grc' dir='ltr'>κατα-</span> 
     </span>
    </p>
   </div>
   <div class='ocr_carea' id='block_1_94' title="bbox 171 4813 1732 4887">
    <p class='ocr_par' dir='ltr' id='par_1_94' title="bbox 171 4813 1732 4887">
     <span class='ocr_line' id='line_1_94' title="bbox 171 4813 1732 4887; baseline 0.006 -23"><span class='ocrx_word' id='word_1_649' title='bbox 171 4813 457 4882; x_wconf 76' lang='grc' dir='ltr'>λαμϐάνειν</span> <span class='ocrx_word' id='word_1_650' title='bbox 491 4816 891 4883; x_wconf 73' lang='grc' dir='ltr'>ἐγχειρήσαντι.</span> <span class='ocrx_word' id='word_1_651' title='bbox 939 4814 999 4867; x_wconf 83' lang='grc' dir='ltr'>Ὀ</span> <span class='ocrx_word' id='word_1_652' title='bbox 1025 4815 1080 4867; x_wconf 86' lang='grc' dir='ltr'>δὲ</span> <span class='ocrx_word' id='word_1_653' title='bbox 1137 4820 1500 4887; x_wconf 76' lang='grc' dir='ltr'>πνευματικὸς</span> <span class='ocrx_word' id='word_1_654' title='bbox 1532 4821 1592 4872; x_wconf 73' lang='grc' dir='ltr'>οὐ</span> <span class='ocrx_word' id='word_1_655' title='bbox 1626 4821 1732 4874; x_wconf 86' lang='grc' dir='ltr'>δεῖ·</span> 
     </span>
    </p>
   </div>
   <div class='ocr_carea' id='block_1_95' title="bbox 171 4906 1739 4977">
    <p class='ocr_par' dir='ltr' id='par_1_95' title="bbox 171 4906 1739 4977">
     <span class='ocr_line' id='line_1_95' title="bbox 171 4906 1739 4977; baseline 0.004 -17"><span class='ocrx_word' id='word_1_656' title='bbox 171 4923 251 4960; x_wconf 84' lang='grc' dir='ltr'><strong>ται</strong></span> <span class='ocrx_word' id='word_1_657' title='bbox 281 4908 644 4977; x_wconf 79' lang='grc' dir='ltr'>ἀνακρίσεως,</span> <span class='ocrx_word' id='word_1_658' title='bbox 677 4907 789 4959; x_wconf 83' lang='grc' dir='ltr'>ἀλλ’</span> <span class='ocrx_word' id='word_1_659' title='bbox 837 4906 996 4969; x_wconf 70' lang='grc' dir='ltr'>αὐτὸς</span> <span class='ocrx_word' id='word_1_660' title='bbox 1027 4909 1411 4977; x_wconf 86' lang='grc' dir='ltr'>πνευματικῶς</span> <span class='ocrx_word' id='word_1_661' title='bbox 1466 4911 1561 4964; x_wconf 84' lang='grc' dir='ltr'>καὶ</span> <span class='ocrx_word' id='word_1_662' title='bbox 1623 4914 1739 4967; x_wconf 72' lang='lat' dir='ltr'><strong>Oso-</strong></span> 
     </span>
    </p>
   </div>
   <div class='ocr_carea' id='block_1_96' title="bbox 175 4997 1731 5076">
    <p class='ocr_par' dir='ltr' id='par_1_96' title="bbox 175 4997 1731 5076">
     <span class='ocr_line' id='line_1_96' title="bbox 175 4997 1731 5076; baseline 0.003 -26"><span class='ocrx_word' id='word_1_663' title='bbox 175 5000 340 5066; x_wconf 63' lang='grc' dir='ltr'>σόςως</span> <span class='ocrx_word' id='word_1_664' title='bbox 375 5001 593 5053; x_wconf 67' lang='grc' dir='ltr'>ἅπαντα</span> <span class='ocrx_word' id='word_1_665' title='bbox 615 4999 922 5067; x_wconf 73' lang='grc' dir='ltr'>δοκιμάζων</span> <span class='ocrx_word' id='word_1_666' title='bbox 957 4998 1051 5050; x_wconf 70' lang='grc' dir='ltr'><strong>καὶ</strong></span> <span class='ocrx_word' id='word_1_667' title='bbox 1077 4997 1274 5065; x_wconf 86' lang='grc' dir='ltr'>κρίνων</span> <span class='ocrx_word' id='word_1_668' title='bbox 1313 5001 1611 5054; x_wconf 74' lang='grc' dir='ltr'>τελειοῦται</span> <span class='ocrx_word' id='word_1_669' title='bbox 1667 5008 1731 5076; x_wconf 82' lang='grc' dir='ltr'><strong>τῇ</strong></span> 
     </span>
    </p>
   </div>
   <div class='ocr_carea' id='block_1_97' title="bbox 176 5089 1737 5165">
    <p class='ocr_par' dir='ltr' id='par_1_97' title="bbox 176 5089 1737 5165">
     <span class='ocr_line' id='line_1_97' title="bbox 176 5089 1737 5165; baseline 0.003 -23"><span class='ocrx_word' id='word_1_670' title='bbox 176 5089 361 5156; x_wconf 71' lang='grc' dir='ltr'>γνώσει</span> <span class='ocrx_word' id='word_1_671' title='bbox 403 5090 504 5143; x_wconf 75' lang='grc' dir='ltr'><strong>τοῦ</strong></span> <span class='ocrx_word' id='word_1_672' title='bbox 543 5091 872 5159; x_wconf 78' lang='grc' dir='ltr'>πνεύματος.</span> <span class='ocrx_word' id='word_1_673' title='bbox 911 5089 1001 5142; x_wconf 81' lang='grc' dir='ltr'><strong>Διὸ</strong></span> <span class='ocrx_word' id='word_1_674' title='bbox 1047 5089 1139 5142; x_wconf 79' lang='grc' dir='ltr'><strong>ὑπ’</strong></span> <span class='ocrx_word' id='word_1_675' title='bbox 1185 5091 1394 5155; x_wconf 71' lang='grc' dir='ltr'>οὖδενδς</span> <span class='ocrx_word' id='word_1_676' title='bbox 1448 5094 1737 5165; x_wconf 86' lang='grc' dir='ltr'>ἀνακρίνε-</span> 
     </span>
    </p>
   </div>
   <div class='ocr_carea' id='block_1_98' title="bbox 176 5182 1736 5258">
    <p class='ocr_par' dir='ltr' id='par_1_98' title="bbox 176 5182 1736 5258">
     <span class='ocr_line' id='line_1_98' title="bbox 176 5182 1736 5258; baseline 0.005 -25"><span class='ocrx_word' id='word_1_677' title='bbox 176 5199 276 5235; x_wconf 86' lang='grc' dir='ltr'>ται.</span> <span class='ocrx_word' id='word_1_678' title='bbox 318 5183 456 5235; x_wconf 82' lang='grc' dir='ltr'>’Υπδ</span> <span class='ocrx_word' id='word_1_679' title='bbox 482 5183 580 5252; x_wconf 71' lang='grc' dir='ltr'><strong>μὶν</strong></span> <span class='ocrx_word' id='word_1_680' title='bbox 597 5183 707 5234; x_wconf 89' lang='grc' dir='ltr'><strong>τῶν</strong></span> <span class='ocrx_word' id='word_1_681' title='bbox 744 5182 976 5246; x_wconf 85' lang='grc' dir='ltr'>πιστῶν,</span> <span class='ocrx_word' id='word_1_682' title='bbox 1007 5184 1088 5235; x_wconf 77' lang='grc' dir='ltr'>ὅτι</span> <span class='ocrx_word' id='word_1_683' title='bbox 1122 5184 1182 5235; x_wconf 71' lang='grc' dir='ltr'><strong>οὗ</strong></span> <span class='ocrx_word' id='word_1_684' title='bbox 1207 5183 1467 5252; x_wconf 83' lang='grc' dir='ltr'>διαφωνεῖ</span> <span class='ocrx_word' id='word_1_685' title='bbox 1495 5187 1736 5258; x_wconf 77' lang='grc' dir='ltr'>ἥδιστα-</span> 
     </span>
    </p>
   </div>
   <div class='ocr_carea' id='block_1_99' title="bbox 178 5275 1736 5351">
    <p class='ocr_par' dir='ltr' id='par_1_99' title="bbox 178 5275 1736 5351">
     <span class='ocr_line' id='line_1_99' title="bbox 178 5275 1736 5351; baseline 0.004 -26"><span class='ocrx_word' id='word_1_686' title='bbox 178 5275 341 5337; x_wconf 73' lang='grc' dir='ltr'>σιάζει</span> <span class='ocrx_word' id='word_1_687' title='bbox 374 5277 515 5344; x_wconf 74' lang='grc' dir='ltr'>πρὸς</span> <span class='ocrx_word' id='word_1_688' title='bbox 549 5275 742 5339; x_wconf 74' lang='grc' dir='ltr'>αὐτούς</span> <span class='ocrx_word' id='word_1_689' title='bbox 777 5293 790 5305; x_wconf 82' lang='grc'><em>’</em></span> <span class='ocrx_word' id='word_1_690' title='bbox 823 5275 924 5328; x_wconf 69' lang='grc' dir='ltr'><strong>ὑπὸ</strong></span> <span class='ocrx_word' id='word_1_691' title='bbox 951 5275 1005 5327; x_wconf 79' lang='grc' dir='ltr'>δὲ</span> <span class='ocrx_word' id='word_1_692' title='bbox 1035 5276 1141 5328; x_wconf 82' lang='grc' dir='ltr'><strong>τῶν</strong></span> <span class='ocrx_word' id='word_1_693' title='bbox 1166 5276 1429 5338; x_wconf 83' lang='grc' dir='ltr'>ἀπίστων,</span> <span class='ocrx_word' id='word_1_694' title='bbox 1457 5280 1537 5332; x_wconf 87' lang='grc' dir='ltr'>ὅτι</span> <span class='ocrx_word' id='word_1_695' title='bbox 1558 5280 1736 5351; x_wconf 79' lang='grc' dir='ltr'>πολλῷ</span> 
     </span>
    </p>
   </div>
   <div class='ocr_carea' id='block_1_100' title="bbox 177 5369 1734 5438">
    <p class='ocr_par' dir='ltr' id='par_1_100' title="bbox 177 5369 1734 5438">
     <span class='ocr_line' id='line_1_100' title="bbox 177 5369 1734 5438; baseline 0.006 -20"><span class='ocrx_word' id='word_1_696' title='bbox 177 5371 429 5436; x_wconf 72' lang='grc' dir='ltr'>κρείττων</span> <span class='ocrx_word' id='word_1_697' title='bbox 469 5371 585 5422; x_wconf 76' lang='grc' dir='ltr'>ἐστὶ</span> <span class='ocrx_word' id='word_1_698' title='bbox 623 5369 724 5437; x_wconf 77' lang='grc' dir='ltr'>τῆς</span> <span class='ocrx_word' id='word_1_699' title='bbox 757 5369 981 5422; x_wconf 79' lang='grc' dir='ltr'>ἐκείνων</span> <span class='ocrx_word' id='word_1_700' title='bbox 1024 5369 1387 5438; x_wconf 85' lang='grc' dir='ltr'>ἀνακρίσεως,</span> <span class='ocrx_word' id='word_1_701' title='bbox 1421 5371 1515 5424; x_wconf 77' lang='grc' dir='ltr'>καὶ</span> <span class='ocrx_word' id='word_1_702' title='bbox 1539 5373 1621 5426; x_wconf 82' lang='grc' dir='ltr'>ὅτι</span> <span class='ocrx_word' id='word_1_703' title='bbox 1675 5375 1734 5427; x_wconf 75' lang='grc' dir='ltr'>οὐ</span> 
     </span>
    </p>
   </div>
   <div class='ocr_carea' id='block_1_101' title="bbox 181 5466 1736 5538">
    <p class='ocr_par' dir='ltr' id='par_1_101' title="bbox 181 5466 1736 5538">
     <span class='ocr_line' id='line_1_101' title="bbox 181 5466 1736 5538; baseline 0.002 -22"><span class='ocrx_word' id='word_1_704' title='bbox 181 5468 326 5519; x_wconf 68' lang='grc' dir='ltr'>οιὸνον</span> <span class='ocrx_word' id='word_1_705' title='bbox 351 5470 412 5520; x_wconf 74' lang='grc' dir='ltr'><strong>οὐ</strong></span> <span class='ocrx_word' id='word_1_706' title='bbox 453 5468 625 5520; x_wconf 87' lang='grc' dir='ltr'>δεῖται</span> <span class='ocrx_word' id='word_1_707' title='bbox 659 5467 883 5536; x_wconf 79' lang='grc' dir='ltr'>ταύτης,</span> <span class='ocrx_word' id='word_1_708' title='bbox 918 5467 1051 5519; x_wconf 74' lang='grc' dir='ltr'>ἀλλὰ</span> <span class='ocrx_word' id='word_1_709' title='bbox 1098 5469 1194 5520; x_wconf 71' lang='grc' dir='ltr'>καὶ</span> <span class='ocrx_word' id='word_1_710' title='bbox 1230 5466 1470 5520; x_wconf 78' lang='grc' dir='ltr'>σύνοιδεν</span> <span class='ocrx_word' id='word_1_711' title='bbox 1492 5467 1736 5538; x_wconf 76' lang='grc' dir='ltr'>ἀκριϐῶς</span> 
     </span>
    </p>
   </div>
   <div class='ocr_carea' id='block_1_102' title="bbox 187 5558 1735 5631">
    <p class='ocr_par' dir='ltr' id='par_1_102' title="bbox 187 5558 1735 5631">
     <span class='ocr_line' id='line_1_102' title="bbox 187 5558 1735 5631; baseline 0.003 -23"><span class='ocrx_word' id='word_1_712' title='bbox 187 5575 202 5600; x_wconf 71' lang='grc' dir='ltr'><strong>τ</strong></span> <span class='ocrx_word' id='word_1_713' title='bbox 221 5560 492 5627; x_wconf 69' lang='grc' dir='ltr'>λακρίνων,</span> <span class='ocrx_word' id='word_1_714' title='bbox 516 5559 597 5611; x_wconf 88' lang='grc' dir='ltr'>ὃτι</span> <span class='ocrx_word' id='word_1_715' title='bbox 629 5561 742 5620; x_wconf 88' lang='grc' dir='ltr'>τοῖς</span> <span class='ocrx_word' id='word_1_716' title='bbox 771 5558 942 5631; x_wconf 81' lang='grc' dir='ltr'>ταύτῃ</span> <span class='ocrx_word' id='word_1_717' title='bbox 971 5558 1273 5629; x_wconf 80' lang='grc' dir='ltr'>χρωμένοις</span> <span class='ocrx_word' id='word_1_718' title='bbox 1318 5559 1572 5629; x_wconf 87' lang='grc' dir='ltr'>μέγιστον</span> <span class='ocrx_word' id='word_1_719' title='bbox 1634 5561 1735 5628; x_wconf 81' lang='grc' dir='ltr'><strong>ἐμ-</strong></span> 
     </span>
    </p>
   </div>
   <div class='ocr_carea' id='block_1_103' title="bbox 220 5648 1735 5718">
    <p class='ocr_par' dir='ltr' id='par_1_103' title="bbox 220 5648 1735 5718">
     <span class='ocr_line' id='line_1_103' title="bbox 220 5648 1735 5718; baseline 0.002 -20"><span class='ocrx_word' id='word_1_720' title='bbox 220 5649 346 5700; x_wconf 62' lang='grc' dir='ltr'>νίδιον</span> <span class='ocrx_word' id='word_1_721' title='bbox 397 5648 539 5718; x_wconf 72' lang='grc' dir='ltr'>αὕτη</span> <span class='ocrx_word' id='word_1_722' title='bbox 573 5648 930 5716; x_wconf 85' lang='grc' dir='ltr'>καθέστηκεν,</span> <span class='ocrx_word' id='word_1_723' title='bbox 974 5649 1052 5710; x_wconf 89' lang='grc' dir='ltr'><strong>είς</strong></span> <span class='ocrx_word' id='word_1_724' title='bbox 1099 5648 1158 5702; x_wconf 80' lang='grc' dir='ltr'>τὸ</span> <span class='ocrx_word' id='word_1_725' title='bbox 1188 5649 1580 5716; x_wconf 84' lang='grc' dir='ltr'>πνευματικῶς</span> <span class='ocrx_word' id='word_1_726' title='bbox 1606 5650 1735 5701; x_wconf 84' lang='grc' dir='ltr'>ἀνα-</span> 
     </span>
    </p>
   </div>
   <div class='ocr_carea' id='block_1_104' title="bbox 184 5739 1732 5808">
    <p class='ocr_par' dir='ltr' id='par_1_104' title="bbox 184 5739 1732 5808">
     <span class='ocr_line' id='line_1_104' title="bbox 184 5739 1732 5808; baseline 0.005 -21"><span class='ocrx_word' id='word_1_727' title='bbox 184 5739 446 5802; x_wconf 72' lang='grc' dir='ltr'>κρίνεσθαι</span> <span class='ocrx_word' id='word_1_728' title='bbox 479 5743 576 5794; x_wconf 62' lang='grc' dir='ltr'><strong>καλ⁸</strong></span> <span class='ocrx_word' id='word_1_729' title='bbox 604 5741 857 5806; x_wconf 74' lang='grc' dir='ltr'>δέξασθαι</span> <span class='ocrx_word' id='word_1_730' title='bbox 885 5742 951 5792; x_wconf 69' lang='grc' dir='ltr'><strong>τὰ</strong></span> <span class='ocrx_word' id='word_1_731' title='bbox 999 5740 1091 5794; x_wconf 74' lang='grc' dir='ltr'>τοῦ</span> <span class='ocrx_word' id='word_1_732' title='bbox 1124 5740 1460 5808; x_wconf 70' lang='grc' dir='ltr'>Πνεῦματος.</span> <span class='ocrx_word' id='word_1_733' title='bbox 1489 5742 1578 5794; x_wconf 75' lang='grc' dir='ltr'><strong>Διὸ</strong></span> <span class='ocrx_word' id='word_1_734' title='bbox 1639 5745 1732 5794; x_wconf 72' lang='grc' dir='ltr'>καὶ</span> 
     </span>
    </p>
   </div>
   <div class='ocr_carea' id='block_1_105' title="bbox 185 5829 1728 5903">
    <p class='ocr_par' dir='ltr' id='par_1_105' title="bbox 185 5829 1728 5903">
     <span class='ocr_line' id='line_1_105' title="bbox 185 5829 1728 5903; baseline -0.001 -19"><span class='ocrx_word' id='word_1_735' title='bbox 185 5835 490 5901; x_wconf 53' lang='lat' dir='ltr'><strong>Eprio-45w</strong></span> <span class='ocrx_word' id='word_1_736' title='bbox 521 5829 665 5888; x_wconf 63' lang='grc' dir='ltr'>οὗτοι</span> <span class='ocrx_word' id='word_1_737' title='bbox 716 5831 806 5886; x_wconf 71' lang='grc' dir='ltr'><strong>τοῦ</strong></span> <span class='ocrx_word' id='word_1_738' title='bbox 843 5831 1122 5903; x_wconf 56' lang='grc' dir='ltr'>Κυρηκοῦ</span> <span class='ocrx_word' id='word_1_739' title='bbox 1160 5832 1274 5894; x_wconf 68' lang='grc' dir='ltr'>ννιῖ,</span> <span class='ocrx_word' id='word_1_740' title='bbox 1306 5833 1420 5901; x_wconf 65' lang='grc' dir='ltr'>ἦτοι</span> <span class='ocrx_word' id='word_1_741' title='bbox 1452 5831 1556 5886; x_wconf 74' lang='grc' dir='ltr'><strong>τῶν</strong></span> <span class='ocrx_word' id='word_1_742' title='bbox 1581 5834 1728 5884; x_wconf 79' lang='grc' dir='ltr'>ἐντο-</span> 
     </span>
    </p>
   </div>
   <div class='ocr_carea' id='block_1_106' title="bbox 1840 4634 3421 4706">
    <p class='ocr_par' dir='ltr' id='par_1_106' title="bbox 1840 4634 3421 4706">
     <span class='ocr_line' id='line_1_106' title="bbox 1840 4634 3421 4706; baseline -0.002 -16"><span class='ocrx_word' id='word_1_743' title='bbox 1840 4637 2153 4699; x_wconf 83' lang='lat' dir='ltr'><strong>stultitiam,</strong></span> <span class='ocrx_word' id='word_1_744' title='bbox 2217 4653 2341 4690; x_wconf 88' lang='lat' dir='ltr'><strong>cum</strong></span> <span class='ocrx_word' id='word_1_745' title='bbox 2395 4637 2638 4706; x_wconf 88' lang='lat' dir='ltr'><strong>seipsum</strong></span> <span class='ocrx_word' id='word_1_746' title='bbox 2688 4651 2949 4690; x_wconf 82' lang='lat' dir='ltr'><strong>accusare</strong></span> <span class='ocrx_word' id='word_1_747' title='bbox 3009 4634 3258 4699; x_wconf 88' lang='lat' dir='ltr'><strong>deberet,</strong></span> <span class='ocrx_word' id='word_1_748' title='bbox 3328 4634 3421 4703; x_wconf 91' lang='lat' dir='ltr'><strong>qui</strong></span> 
     </span>
    </p>
   </div>
   <div class='ocr_carea' id='block_1_107' title="bbox 1841 4725 3424 4796">
    <p class='ocr_par' dir='ltr' id='par_1_107' title="bbox 1841 4725 3424 4796">
     <span class='ocr_line' id='line_1_107' title="bbox 1841 4725 3424 4796; baseline -0.003 -14"><span class='ocrx_word' id='word_1_749' title='bbox 1841 4729 2146 4782; x_wconf 90' lang='lat' dir='ltr'><strong>humilibus</strong></span> <span class='ocrx_word' id='word_1_750' title='bbox 2190 4743 2254 4782; x_wconf 90' lang='lat' dir='ltr'><strong>ac</strong></span> <span class='ocrx_word' id='word_1_751' title='bbox 2283 4727 2544 4782; x_wconf 85' lang='lat' dir='ltr'><strong>humanis</strong></span> <span class='ocrx_word' id='word_1_752' title='bbox 2582 4727 2864 4782; x_wconf 80' lang='lat' dir='ltr'><strong>mensuris</strong></span> <span class='ocrx_word' id='word_1_753' title='bbox 2897 4725 3342 4796; x_wconf 81' lang='lat' dir='ltr'><strong>supernaturalia</strong></span> <span class='ocrx_word' id='word_1_754' title='bbox 3367 4733 3424 4780; x_wconf 89' lang='lat' dir='ltr'><strong>et</strong></span> 
     </span>
    </p>
   </div>
   <div class='ocr_carea' id='block_1_108' title="bbox 1839 4817 3422 4874">
    <p class='ocr_par' dir='ltr' id='par_1_108' title="bbox 1839 4817 3422 4874">
     <span class='ocr_line' id='line_1_108' title="bbox 1839 4817 3422 4874; baseline 0 -2"><span class='ocrx_word' id='word_1_755' title='bbox 1839 4819 2288 4873; x_wconf 71' lang='lat' dir='ltr'><strong>ratiocinationes</strong></span> <span class='ocrx_word' id='word_1_756' title='bbox 2335 4818 2657 4874; x_wconf 81' lang='lat' dir='ltr'><strong>excedentia</strong></span> <span class='ocrx_word' id='word_1_757' title='bbox 2726 4832 3051 4872; x_wconf 88' lang='lat' dir='ltr'><strong>mensurare</strong></span> <span class='ocrx_word' id='word_1_758' title='bbox 3105 4817 3422 4872; x_wconf 78' lang='lat' dir='ltr'><strong>tentaverit.</strong></span> 
     </span>
    </p>
   </div>
   <div class='ocr_carea' id='block_1_109' title="bbox 1841 4908 3421 4980">
    <p class='ocr_par' dir='ltr' id='par_1_109' title="bbox 1841 4908 3421 4980">
     <span class='ocr_line' id='line_1_109' title="bbox 1841 4908 3421 4980; baseline -0.001 -16"><span class='ocrx_word' id='word_1_759' title='bbox 1841 4910 2154 4978; x_wconf 85' lang='lat' dir='ltr'><strong>Spiritualis</strong></span> <span class='ocrx_word' id='word_1_760' title='bbox 2209 4927 2342 4965; x_wconf 76' lang='lat' dir='ltr'><strong>vero</strong></span> <span class='ocrx_word' id='word_1_761' title='bbox 2365 4927 2474 4965; x_wconf 89' lang='lat' dir='ltr'><strong>non</strong></span> <span class='ocrx_word' id='word_1_762' title='bbox 2504 4927 2647 4980; x_wconf 93' lang='lat' dir='ltr'><strong>opus</strong></span> <span class='ocrx_word' id='word_1_763' title='bbox 2689 4910 2856 4963; x_wconf 84' lang='lat' dir='ltr'><strong>habet</strong></span> <span class='ocrx_word' id='word_1_764' title='bbox 2883 4908 3304 4980; x_wconf 83' lang='lat' dir='ltr'><strong>dijudicatione,</strong></span> <span class='ocrx_word' id='word_1_765' title='bbox 3326 4908 3421 4963; x_wconf 86' lang='lat' dir='ltr'><strong>sed</strong></span> 
     </span>
    </p>
   </div>
   <div class='ocr_carea' id='block_1_110' title="bbox 1839 5001 3425 5072">
    <p class='ocr_par' dir='ltr' id='par_1_110' title="bbox 1839 5001 3425 5072">
     <span class='ocr_line' id='line_1_110' title="bbox 1839 5001 3425 5072; baseline -0.001 -18"><span class='ocrx_word' id='word_1_766' title='bbox 1839 5018 1962 5054; x_wconf 87' lang='lat' dir='ltr'><strong>eum</strong></span> <span class='ocrx_word' id='word_1_767' title='bbox 2001 5003 2184 5056; x_wconf 88' lang='lat' dir='ltr'><strong>omnia</strong></span> <span class='ocrx_word' id='word_1_768' title='bbox 2213 5003 2582 5072; x_wconf 87' lang='lat' dir='ltr'><strong>spiritualiter</strong></span> <span class='ocrx_word' id='word_1_769' title='bbox 2611 5011 2666 5055; x_wconf 78' lang='lat' dir='ltr'><strong>et</strong></span> <span class='ocrx_word' id='word_1_770' title='bbox 2700 5002 2886 5056; x_wconf 66' lang='lat' dir='ltr'><strong>dit-ina</strong></span> <span class='ocrx_word' id='word_1_771' title='bbox 2923 5001 3193 5070; x_wconf 88' lang='lat' dir='ltr'><strong>sapientia</strong></span> <span class='ocrx_word' id='word_1_772' title='bbox 3229 5001 3425 5070; x_wconf 87' lang='lat' dir='ltr'><strong>probet</strong></span> 
     </span>
    </p>
   </div>
   <div class='ocr_carea' id='block_1_111' title="bbox 1841 5093 3423 5164">
    <p class='ocr_par' dir='ltr' id='par_1_111' title="bbox 1841 5093 3423 5164">
     <span class='ocr_line' id='line_1_111' title="bbox 1841 5093 3423 5164; baseline 0 -17"><span class='ocrx_word' id='word_1_773' title='bbox 1841 5109 1903 5147; x_wconf 87' lang='lat' dir='ltr'><strong>ac</strong></span> <span class='ocrx_word' id='word_1_774' title='bbox 1932 5094 2166 5163; x_wconf 70' lang='lat' dir='ltr'><strong>iudicet,</strong></span> <span class='ocrx_word' id='word_1_775' title='bbox 2204 5094 2433 5164; x_wconf 89' lang='lat' dir='ltr'><strong>spiritus</strong></span> <span class='ocrx_word' id='word_1_776' title='bbox 2485 5095 2800 5164; x_wconf 80' lang='lat' dir='ltr'><strong>cognitione</strong></span> <span class='ocrx_word' id='word_1_777' title='bbox 2852 5095 3158 5164; x_wconf 87' lang='lat' dir='ltr'><strong>perticitur.</strong></span> <span class='ocrx_word' id='word_1_778' title='bbox 3216 5093 3346 5147; x_wconf 89' lang='lat' dir='ltr'><strong>Ideo</strong></span> <span class='ocrx_word' id='word_1_779' title='bbox 3391 5107 3423 5146; x_wconf 73' lang='grc' dir='ltr'><strong>α</strong></span> 
     </span>
    </p>
   </div>
   <div class='ocr_carea' id='block_1_112' title="bbox 1839 5187 3420 5257">
    <p class='ocr_par' dir='ltr' id='par_1_112' title="bbox 1839 5187 3420 5257">
     <span class='ocr_line' id='line_1_112' title="bbox 1839 5187 3420 5257; baseline -0.001 -18"><span class='ocrx_word' id='word_1_780' title='bbox 1839 5187 1994 5241; x_wconf 88' lang='lat' dir='ltr'><strong>nullo</strong></span> <span class='ocrx_word' id='word_1_781' title='bbox 2025 5187 2364 5257; x_wconf 73' lang='lat' dir='ltr'><strong>diiudicatur</strong></span> <span class='ocrx_word' id='word_1_782' title='bbox 2402 5202 2472 5240; x_wconf 88' lang='lat' dir='ltr'><strong>:a</strong></span> <span class='ocrx_word' id='word_1_783' title='bbox 2508 5187 2765 5242; x_wconf 82' lang='lat' dir='ltr'><strong>ﬁdelibus</strong></span> <span class='ocrx_word' id='word_1_784' title='bbox 2817 5187 3062 5257; x_wconf 86' lang='lat' dir='ltr'><strong>quidem,</strong></span> <span class='ocrx_word' id='word_1_785' title='bbox 3121 5187 3250 5254; x_wconf 91' lang='lat' dir='ltr'><strong>quia</strong></span> <span class='ocrx_word' id='word_1_786' title='bbox 3313 5200 3420 5238; x_wconf 90' lang='lat' dir='ltr'><strong>non</strong></span> 
     </span>
    </p>
   </div>
   <div class='ocr_carea' id='block_1_113' title="bbox 1839 5276 3420 5348">
    <p class='ocr_par' dir='ltr' id='par_1_113' title="bbox 1839 5276 3420 5348">
     <span class='ocr_line' id='line_1_113' title="bbox 1839 5276 3420 5348; baseline -0.001 -16"><span class='ocrx_word' id='word_1_787' title='bbox 1839 5279 2083 5333; x_wconf 88' lang='lat' dir='ltr'><strong>dissonat</strong></span> <span class='ocrx_word' id='word_1_788' title='bbox 2112 5295 2213 5333; x_wconf 92' lang='lat' dir='ltr'><strong>nec</strong></span> <span class='ocrx_word' id='word_1_789' title='bbox 2234 5279 2492 5334; x_wconf 87' lang='lat' dir='ltr'><strong>dissentit</strong></span> <span class='ocrx_word' id='word_1_790' title='bbox 2542 5280 2611 5333; x_wconf 88' lang='lat' dir='ltr'><strong>ab</strong></span> <span class='ocrx_word' id='word_1_791' title='bbox 2635 5280 2800 5348; x_wconf 87' lang='lat' dir='ltr'><strong>ipsis;</strong></span> <span class='ocrx_word' id='word_1_792' title='bbox 2834 5279 2904 5332; x_wconf 73' lang='lat' dir='ltr'><strong>ab</strong></span> <span class='ocrx_word' id='word_1_793' title='bbox 2930 5276 3233 5332; x_wconf 85' lang='lat' dir='ltr'><strong>incredulis</strong></span> <span class='ocrx_word' id='word_1_794' title='bbox 3265 5290 3420 5330; x_wconf 87' lang='lat' dir='ltr'><strong>vero.</strong></span> 
     </span>
    </p>
   </div>
   <div class='ocr_carea' id='block_1_114' title="bbox 1837 5365 3423 5441">
    <p class='ocr_par' dir='ltr' id='par_1_114' title="bbox 1837 5365 3423 5441">
     <span class='ocr_line' id='line_1_114' title="bbox 1837 5365 3423 5441; baseline -0.004 -18"><span class='ocrx_word' id='word_1_795' title='bbox 1837 5373 1967 5440; x_wconf 87' lang='lat' dir='ltr'><strong>quia</strong></span> <span class='ocrx_word' id='word_1_796' title='bbox 1996 5371 2154 5441; x_wconf 80' lang='lat' dir='ltr'><strong>longe</strong></span> <span class='ocrx_word' id='word_1_797' title='bbox 2180 5370 2436 5439; x_wconf 87' lang='lat' dir='ltr'><strong>superior</strong></span> <span class='ocrx_word' id='word_1_798' title='bbox 2487 5379 2571 5424; x_wconf 89' lang='lat' dir='ltr'><strong>est</strong></span> <span class='ocrx_word' id='word_1_799' title='bbox 2613 5370 2833 5424; x_wconf 90' lang='lat' dir='ltr'><strong>illorum</strong></span> <span class='ocrx_word' id='word_1_800' title='bbox 2896 5365 3315 5437; x_wconf 89' lang='lat' dir='ltr'><strong>dijudicatione,</strong></span> <span class='ocrx_word' id='word_1_801' title='bbox 3366 5376 3423 5417; x_wconf 88' lang='lat' dir='ltr'><strong>et</strong></span> 
     </span>
    </p>
   </div>
   <div class='ocr_carea' id='block_1_115' title="bbox 1837 5456 3422 5530">
    <p class='ocr_par' dir='ltr' id='par_1_115' title="bbox 1837 5456 3422 5530">
     <span class='ocr_line' id='line_1_115' title="bbox 1837 5456 3422 5530; baseline -0.003 -17"><span class='ocrx_word' id='word_1_802' title='bbox 1837 5464 1968 5530; x_wconf 88' lang='lat' dir='ltr'><strong>quia</strong></span> <span class='ocrx_word' id='word_1_803' title='bbox 1996 5479 2105 5517; x_wconf 89' lang='lat' dir='ltr'><strong>non</strong></span> <span class='ocrx_word' id='word_1_804' title='bbox 2147 5461 2327 5516; x_wconf 91' lang='lat' dir='ltr'><strong>solum</strong></span> <span class='ocrx_word' id='word_1_805' title='bbox 2364 5463 2469 5515; x_wconf 86' lang='lat' dir='ltr'><strong>hae</strong></span> <span class='ocrx_word' id='word_1_806' title='bbox 2502 5477 2611 5515; x_wconf 88' lang='lat' dir='ltr'><strong>non</strong></span> <span class='ocrx_word' id='word_1_807' title='bbox 2640 5469 2785 5529; x_wconf 80' lang='lat' dir='ltr'><strong>eget,</strong></span> <span class='ocrx_word' id='word_1_808' title='bbox 2814 5458 2908 5512; x_wconf 86' lang='lat' dir='ltr'><strong>sed</strong></span> <span class='ocrx_word' id='word_1_809' title='bbox 2932 5468 2985 5510; x_wconf 87' lang='lat' dir='ltr'><strong>et</strong></span> <span class='ocrx_word' id='word_1_810' title='bbox 3041 5456 3196 5512; x_wconf 80' lang='lat' dir='ltr'><strong>novit</strong></span> <span class='ocrx_word' id='word_1_811' title='bbox 3231 5461 3422 5509; x_wconf 80' lang='lat' dir='ltr'><strong>exacte</strong></span> 
     </span>
    </p>
   </div>
   <div class='ocr_carea' id='block_1_116' title="bbox 1838 5547 3420 5625">
    <p class='ocr_par' dir='ltr' id='par_1_116' title="bbox 1838 5547 3420 5625">
     <span class='ocr_line' id='line_1_116' title="bbox 1838 5547 3420 5625; baseline -0.006 -18"><span class='ocrx_word' id='word_1_812' title='bbox 1838 5554 2152 5625; x_wconf 81' lang='lat' dir='ltr'><strong>dijudicans</strong></span> <span class='ocrx_word' id='word_1_813' title='bbox 2184 5553 2334 5622; x_wconf 92' lang='lat' dir='ltr'><strong>quod</strong></span> <span class='ocrx_word' id='word_1_814' title='bbox 2366 5554 2472 5607; x_wconf 82' lang='lat' dir='ltr'><strong>hac.</strong></span> <span class='ocrx_word' id='word_1_815' title='bbox 2494 5551 2778 5606; x_wconf 90' lang='lat' dir='ltr'><strong>utentibus</strong></span> <span class='ocrx_word' id='word_1_816' title='bbox 2800 5551 3098 5603; x_wconf 81' lang='lat' dir='ltr'><strong>maximum</strong></span> <span class='ocrx_word' id='word_1_817' title='bbox 3151 5547 3224 5600; x_wconf 91' lang='lat' dir='ltr'><strong>ita</strong></span> <span class='ocrx_word' id='word_1_818' title='bbox 3275 5559 3420 5614; x_wconf 74' lang='lat' dir='ltr'><strong>prae-</strong></span> 
     </span>
    </p>
   </div>
   <div class='ocr_carea' id='block_1_117' title="bbox 1837 5636 3419 5713">
    <p class='ocr_par' dir='ltr' id='par_1_117' title="bbox 1837 5636 3419 5713">
     <span class='ocr_line' id='line_1_117' title="bbox 1837 5636 3419 5713; baseline -0.008 -14"><span class='ocrx_word' id='word_1_819' title='bbox 1837 5646 2042 5701; x_wconf 86' lang='lat' dir='ltr'><strong>stiterit</strong></span> <span class='ocrx_word' id='word_1_820' title='bbox 2076 5646 2532 5713; x_wconf 87' lang='lat' dir='ltr'><strong>impedimentum</strong></span> <span class='ocrx_word' id='word_1_821' title='bbox 2587 5643 2654 5697; x_wconf 90' lang='lat' dir='ltr'><strong>ad</strong></span> <span class='ocrx_word' id='word_1_822' title='bbox 2682 5641 3046 5712; x_wconf 89' lang='lat' dir='ltr'><strong>spiritualiter</strong></span> <span class='ocrx_word' id='word_1_823' title='bbox 3110 5636 3419 5706; x_wconf 74' lang='lat' dir='ltr'><strong>diiudican-</strong></span> 
     </span>
    </p>
   </div>
   <div class='ocr_carea' id='block_1_118' title="bbox 1838 5727 3417 5804">
    <p class='ocr_par' dir='ltr' id='par_1_118' title="bbox 1838 5727 3417 5804">
     <span class='ocr_line' id='line_1_118' title="bbox 1838 5727 3417 5804; baseline -0.008 -14"><span class='ocrx_word' id='word_1_824' title='bbox 1838 5739 1990 5796; x_wconf 88' lang='lat' dir='ltr'><strong>dum,</strong></span> <span class='ocrx_word' id='word_1_825' title='bbox 2027 5745 2083 5790; x_wconf 88' lang='lat' dir='ltr'><strong>et</strong></span> <span class='ocrx_word' id='word_1_826' title='bbox 2119 5736 2494 5804; x_wconf 86' lang='lat' dir='ltr'><strong>recipiendum</strong></span> <span class='ocrx_word' id='word_1_827' title='bbox 2521 5750 2582 5786; x_wconf 88' lang='lat' dir='ltr'><strong>ea</strong></span> <span class='ocrx_word' id='word_1_828' title='bbox 2614 5750 2736 5802; x_wconf 73' lang='lat' dir='ltr'><strong>qua:</strong></span> <span class='ocrx_word' id='word_1_829' title='bbox 2767 5729 3171 5800; x_wconf 89' lang='lat' dir='ltr'><strong>suntSpiritus.</strong></span> <span class='ocrx_word' id='word_1_830' title='bbox 3203 5727 3417 5782; x_wconf 81' lang='lat' dir='ltr'><strong>Idcirco</strong></span> 
     </span>
    </p>
   </div>
   <div class='ocr_carea' id='block_1_119' title="bbox 1838 5822 3413 5901">
    <p class='ocr_par' dir='ltr' id='par_1_119' title="bbox 1838 5822 3413 5901">
     <span class='ocr_line' id='line_1_119' title="bbox 1838 5822 3413 5901; baseline -0.004 -22"><span class='ocrx_word' id='word_1_831' title='bbox 1838 5844 2056 5901; x_wconf 83' lang='lat' dir='ltr'><strong>quoque</strong></span> <span class='ocrx_word' id='word_1_832' title='bbox 2111 5829 2167 5883; x_wconf 90' lang='lat' dir='ltr'><strong>hi</strong></span> <span class='ocrx_word' id='word_1_833' title='bbox 2223 5829 2506 5884; x_wconf 85' lang='lat' dir='ltr'><strong>Deminico</strong></span> <span class='ocrx_word' id='word_1_834' title='bbox 2565 5843 2725 5882; x_wconf 80' lang='lat' dir='ltr'><strong>sensu</strong></span> <span class='ocrx_word' id='word_1_835' title='bbox 2788 5833 2996 5890; x_wconf 79' lang='lat' dir='ltr'><strong>carent,</strong></span> <span class='ocrx_word' id='word_1_836' title='bbox 3044 5822 3159 5878; x_wconf 80' lang='lat' dir='ltr'><strong>sive</strong></span> <span class='ocrx_word' id='word_1_837' title='bbox 3213 5835 3413 5892; x_wconf 66' lang='lat' dir='ltr'><strong>praece-</strong></span> 
     </span>
    </p>
   </div>
  </div>
