4194 6468
751 365 854 428 εοτ

1814 325 2219 430 tECUMENIl
2242 366 2537 427 micae
2564 364 2908 426 EPISCOPI

3908 370 4022 433 €63

752 496 793 555 β
820 482 882 543 is,
912 488 967 535 et
996 496 1060 535 ea
1095 496 1218 550 qua:
1246 477 1373 535 inde
1399 478 1673 549 sequitur,
1694 479 1833 550 legis
1862 480 2178 539 traditione,
2215 494 2335 548 qua:

2443 474 2554 529 λῶν
2589 475 2683 528 καλ⁸
2735 474 2835 543 τῆς
2891 471 3101 529 ἐκεῖθεν
3160 472 3515 544 νομοθεσίας,
3568 474 3666 546 τῆς
3711 481 4027 552 φρενοῦσης

752 590 849 627 cos
870 573 1186 642 castigaret,
1225 580 1281 625 et
1314 570 1380 624 ad
1419 570 1792 640 spiritualium
1834 570 2199 640 quaestionum
2238 585 2335 640 ap-

754 662 1186 731 prehensionem
1218 659 1507 715 excitaret.
1542 660 1664 730 lpsa
1694 661 1841 714 enim
1888 660 2173 714 Dominica
2198 676 2338 730 pra:-

753 763 910 824 cepta
950 755 1279 810 conﬁrmant
1337 769 1440 808 nos
1477 761 1534 808 et
1580 753 1647 809 ad
1707 767 1834 806 eum
1878 767 1979 808 nos
2039 753 2333 817 reducunt,

744 858 1019 916 aptusque
1082 845 1333 901 etﬁciunt
1382 846 1449 901 ad
1500 844 1745 899 divinam
1804 843 2114 901 doctrinam
2162 854 2218 899 et
2254 845 2327 898 in-

764 938 1135 1007 elligentiam,
1172 953 1295 1008 qua:
1343 937 1524 1007 dignis
1567 935 1695 990 inde
1754 937 2158 1007 suppeditatur.
2198 937 2335 990 Pro-

745 1043 863 1095 uter
875 1045 936 1084 ea
955 1046 1079 1085 cum
1103 1046 1205 1084 nos
1224 1030 1372 1098 ipsos
1391 1028 1460 1083 ad
1484 1029 1599 1084 haec
1620 1028 2115 1099 composuerimus,
2138 1031 2336 1083 merito

741 1120 957 1175 Christi
989 1132 1227 1176 mentem
1280 1121 1568 1177 habemus.
1627 1120 1762 1176 Nam
1802 1136 1924 1191 quae
1974 1120 2176 1176 Christi
2206 1131 2338 1176 sunt

745 1212 1053 1267 sentientes
1079 1228 1143 1267 ac
1171 1213 1560 1283 intelligentes,
1590 1213 1702 1283 jam
1729 1228 1843 1267 non
1875 1212 2115 1267 humana
2140 1225 2197 1268 et
2217 1230 2337 1268 car-

749 1302 861 1356 nali
915 1304 1252 1375 cogitationc
1305 1304 1637 1359 ﬁuctuantes
1687 1305 2002 1369 obruimur,
2070 1306 2334 1359 adversus

752 1391 1011 1461 utrinque
1073 1394 1293 1447 ﬂatibus
1322 1401 1704 1463 tempestatem
1737 1395 2012 1450 ferentes:
2044 1395 2139 1448 sed
2171 1395 2333 1449 solidi

751 1497 817 1538 ac
834 1484 974 1538 ﬁrmi
1007 1486 1060 1539 in
1092 1486 1303 1541 cmlesti
1332 1486 1627 1555 divinaque
1656 1486 2056 1546 menteeﬁecti.
2086 1488 2335 1543 veritatis

754 1577 1255 1645 apprehensionem
1286 1579 1653 1647 assequimur.
1717 1598 1736 1629 ι
1757 1579 1871 1634 Nec
1921 1589 2103 1650 potest
2133 1596 2334 1649 cogno-

755 1680 931 1719 scere.
972 1686 989 1716 ›
1018 1666 1257 1735 Ignorat.
1289 1668 1490 1737 inquit,
1510 1669 1659 1739 quod
1696 1669 1810 1740 ipse
1837 1671 2074 1725 stolidus
2098 1671 2189 1725 sit.
2216 1669 2330 1723 Non

753 1758 901 1810 enim
932 1768 1113 1827 potest
1156 1760 1463 1831 intelligere
1490 1762 1635 1831 quod
1664 1764 1717 1815 in
1752 1762 1955 1816 talibus
1985 1763 2100 1817 sola
2129 1762 2234 1816 ﬁde
2259 1762 2332 1817 sit

2438 570 2633 630 αὐτοὺς
2675 569 2768 621 καὶ
2816 566 3194 637 διεγειρούσης
3221 567 3303 629 εἰς
3346 566 3445 637 τὴν
3482 566 3592 621 τῶν
3632 575 4027 641 πνευματικῶν

2438 657 2773 729 ζητημάτων
2819 659 3146 727 κατάληψιν.
3195 652 3365 711 Δῦται
3395 658 3504 727 γὰρ
3526 659 3583 710 αἱ
3617 659 3899 731 Κυριακαὶ
3941 664 4023 713 ἐν.

2440 752 2590 805 τολαὶ
2622 792 2637 816 ,
2690 750 3126 820 συμὸιὸἀζουσαι
3176 750 3323 818 ἡμᾶς
3398 751 3491 801 καὶ
3546 751 4026 807 καταλλάσσουσαι

2439 844 2574 911 πρὸς
2604 841 2786 905 αὐτὸν,
2819 839 3333 909 παρασκευάζουσιν
3385 839 3726 908 ἐπιτηδείους
3776 844 3855 906 εἰς
3918 844 4023 913 τὴν

2438 932 2647 985 ἐκεῖθεν
2676 933 2788 993 τοῖς
2817 929 2989 995 ἀξίοις
3012 930 3429 1001 χορηγουμὲνην
3483 915 3751 1000 ἔλλαμῖζιίν
3800 951 3860 986 τε
3924 936 4023 987 καὶ

2440 1023 2785 1093 κατανόησιν.
2815 1023 2902 1075 At};
2925 1022 2975 1075 οί
3013 1023 3242 1086 ταύταις
3283 1022 3512 1084 ἑαυτοὺς
3560 1024 4020 1090 καταρτίσαντες,

2438 1114 2661 1176 εἰκότως
2692 1113 2817 1167 νοῦν
2847 1111 3086 1182 Χριστοῦ
3112 1112 3331 1182 ἔχομεν,
3387 1112 3466 1163 Τά
3494 1112 3601 1183 γὰρ
3634 1112 3730 1165 τοῦ
3775 1115 4021 1184 Χριστοῦ

2438 1208 2765 1276 φρονοῦντες
2813 1207 2909 1261 καὶ
2956 1205 3222 1271 νοοῦντες,
3286 1206 3387 1258 οὐκ
3450 1205 3531 1257 ἔτι
3571 1206 3901 1277 ἀνθρωπίνῳ
3925 1210 4023 1261 καὶ

2439 1298 2690 1369 σαρκικῷ
2749 1297 2995 1367 λογισμῷ
3051 1298 3371 1360 σαλεύοντες
3412 1296 3832 1366 κυμαινόμεθα,
3896 1302 4021 1360 ταῖς

2436 1390 2778 1460 ἑκατέρωθεν
2810 1390 3149 1451 ἀντιπνοίαις
3202 1388 3614 1458 χειμαζόμενοι,
3658 1389 3793 1443 ἀλλά
3829 1392 4023 1457 πάγαι

2436 1481 2532 1534 καὶ
2577 1481 2974 1551 ἀμετάπειστοι
3036 1480 3325 1548 γεγονότες
3381 1481 3440 1532 ὲν
3486 1480 3727 1550 οὐρανίῳ
3754 1481 3849 1532 καὶ
3881 1481 4018 1548 θείῳ

2435 1573 2536 1635 νοῒ,
2576 1575 2675 1645 τῆς
2714 1573 2979 1640 ἀληθείας
3012 1571 3379 1643 καρποὺμεθα
3397 1572 3497 1641 τὴν
3518 1572 3875 1641 κατάληψινλ
3911 1574 4024 1625 Καὶ

2435 1667 2495 1718 οὐ
2516 1666 2738 1719 δύναται
2768 1666 2996 1734 γνῶναι.
3038 1684 3056 1715 ›
3104 1666 3337 1733 Ἀγνοεῖ,
3364 1667 3550 1734 φησὶν,
3584 1665 3664 1717 ὅτι
3690 1665 3853 1727 αὐτός
3871 1666 4025 1717 ἐστιν

2435 1758 2461 1809 ό
2521 1756 2774 1825 ἀνόητος.
2839 1757 2915 1810 Οὐ
2964 1756 3190 1809 δύναται
3243 1756 3352 1825 γάρ
3399 1755 3603 1822 γνῶναι
3660 1755 3740 1808 ὅτι
3793 1756 3885 1806 ἐπὶ
3912 1756 4024 1806 τῶν

749 1863 907 1915 opus,
941 1848 1329 1905 deﬁcientibus
1354 1852 1565 1907 scilicet
1588 1853 1846 1907 humanis
1878 1854 2326 1924 cogitationibus.

2443 1849 2713 1911 τοιούτων,
2766 1850 3001 1911 πίστεως
3063 1849 3228 1918 μόνης
3274 1848 3455 1918 χρεία,
3504 1847 3580 1908 ὡς
3647 1847 4025 1900 ἀσθενούντων

750 1937 885 1993 Nam
911 1940 1015 1995 hoc
1045 1951 1149 2007 est,
1177 1942 1540 2012 spiritualiter
1561 1945 1957 2017 dijudicantur,
2022 1946 2169 2015 quod
2233 1963 2330 2015 per

750 2027 914 2083 ﬁdem
943 2047 1004 2085 ac
1029 2030 1296 2101 Spiritum
1331 2035 1830 2089 demonstrationes
1861 2036 2070 2090 habent
2106 2052 2171 2091 ea
2211 2053 2331 2105 qua:

748 2121 932 2175 divina
963 2133 1115 2181 sunt.
1154 2144 1172 2176 ‹
1218 2126 1485 2183 Universa
1511 2126 1736 2196 quidem
1784 2126 2074 2197 dijutlicat.
2105 2148 2121 2177 ι
2155 2127 2331 2196 Spiri-

750 2212 933 2277 tualis,
965 2214 1167 2285 inquit,
1201 2215 1439 2271 ﬁdeliter
1473 2217 1721 2273 intuetur
1748 2220 1931 2272 omnia
1963 2235 2025 2272 ac
2075 2219 2333 2291 intelligit

750 2306 1111 2371 universa,et
1144 2323 1266 2377 qua:
1282 2310 1507 2379 propria
1535 2321 1663 2365 sunt
1711 2322 1768 2366 et
1805 2328 1928 2381 qua:
1972 2312 2275 2367 inﬁdelium
2314 2329 2329 2369 :

748 2407 872 2460 quat
899 2402 1086 2448 autem
1114 2395 1289 2466 ipsius
1334 2407 1482 2460 sunt,
1508 2398 1778 2454 increduli
1808 2409 2092 2468 nequeunt
2123 2399 2333 2453 intelli-

749 2495 901 2549 gere.
951 2481 1087 2537 Nam
1126 2483 1234 2541 hoc
1288 2493 1395 2551 est,
1443 2487 1593 2557 quod
1649 2488 1727 2543 ait
1764 2505 1778 2542 :
1810 2507 1829 2539 ι
1883 2488 2005 2559 Ipse
2065 2498 2248 2544 autem
2300 2503 2331 2544 α

749 2573 971 2629 nemine
988 2574 1351 2646 diiudicatur.
1394 2598 1411 2630 ι
1474 2579 1767 2646 Quomodo
1800 2581 1969 2651 igitur
2010 2581 2188 2637 ﬁdelis
2228 2597 2328 2637 no-

748 2660 827 2713 vit
858 2664 1045 2717 omnia
1066 2664 1376 2731 ?Quoniam
1398 2670 1692 2737 praesentia
1720 2670 1946 2739 quidem
1966 2671 2143 2735 novit,
2168 2670 2331 2742 437

747 2752 896 2819 quod
928 2754 1190 2811 videlicet
1219 2758 1427 2812 caduca
1469 2760 1579 2814 sint
1606 2770 1662 2815 et
1710 2760 1947 2831 fragilia,
1979 2761 2167 2816 futura
2199 2777 2333 2818 vero

749 2845 926 2911 novit,
958 2862 1158 2919 nempe
1195 2850 1341 2919 quod
1375 2851 1600 2907 stabilia
1631 2853 1744 2907 sint
1771 2863 1828 2908 et
1853 2861 2079 2908 aeterna.
2146 2855 2333 2908 Incre-

751 2937 921 2992 dulus
976 2948 1162 2994 autem
1216 2958 1399 3012 neque
1449 2944 1739 3013 praesentia
1798 2945 1953 2999 novit
1995 2945 2336 3016 (magnifacit

748 3030 897 3083 enint
945 3032 1060 3101 ipsa
1088 3050 1214 3088 eum
1263 3036 1401 3090 nihil
1436 3037 1568 3107 sint)
1626 3053 1807 3108 neque
1831 3039 2037 3103 futura,
2078 3054 2207 3096 nam
2263 3056 2327 3095 ea

752 3133 822 3173 ne
843 3136 963 3175 esse
983 3125 1206 3191 quidem
1226 3126 1422 3183 credit.
1448 3147 1466 3178 ι
1487 3128 1623 3193 Quis
1639 3131 1787 3183 enim
1806 3134 2067 3202 cognovit
2087 3142 2327 3187 mentem

748 3212 985 3270 Domini.
1015 3234 1034 3266 ι
1075 3216 1257 3283 Quare
1284 3218 1523 3275 inﬁdelis
1558 3222 1693 3275 nihil
1719 3224 1906 3276 novit?
1942 3224 2075 3278 Nam
2106 3226 2212 3279 hoc
2239 3232 2326 3279 est

2437 1942 2547 1995 τῶν
2569 1942 2870 2012 λογισμῶν.
2906 1941 3077 1994 Τοῦτο
3111 1942 3221 2011 γάρ
3251 1941 3387 2003 ἔστι,
3454 1938 3838 2009 πνευματικῶς
3883 1940 4021 1991 ἀνα-

2439 2036 2707 2103 κρίνεται,
2731 2034 3011 2087 τουτέστιν
3046 2034 3127 2086 ὅτι
3159 2032 3245 2085 διὰ
3266 2031 3502 2095 πίστεως
3543 2032 3638 2085 καὶ
3698 2032 4024 2101 Πνεύματος

2436 2129 2534 2187 τὰς
2607 2124 2912 2188 ἀποδείξεις
2962 2122 3076 2193 ἔχει
3149 2124 3219 2174 τὰ
3267 2120 3408 2175 θεῖα.
3467 2140 3485 2171 ι
3553 2121 3861 2189 Ἀνακρίνει
3924 2121 4023 2189 μὲν

2436 2218 2636 2269 πάντα.
2685 2234 2704 2266 ι
2763 2215 2821 2267 '0
2860 2212 3254 2284 πνευματικὸς,
3279 2212 3435 2281 φησι.
3475 2212 3680 2275 πιστῶς
3704 2213 3806 2283 ὁρᾷ
3840 2212 4025 2265 πάντα

2438 2307 2533 2358 καὶ
2568 2307 2680 2358 νοεῖ
2706 2305 2905 2369 πάντα,
2936 2306 3030 2357 καὶ
3056 2305 3126 2357 τὰ
3158 2304 3264 2357 ἴδια
3299 2304 3392 2357 καὶ
3421 2304 3491 2358 τὰ
3518 2304 3625 2357 τῶν
3650 2306 3916 2357 ἀπίστων.
3941 2304 4024 2356 Ti

2436 2399 2493 2452 δέ
2521 2416 2583 2465 γε
2614 2396 2801 2463 αὐτοῦ,
2833 2400 2882 2451 οι
2910 2397 3130 2451 ἄπιστοι
3152 2395 3349 2449 είδέναι
3374 2395 3436 2448 οὐ
3480 2394 3761 2448 δύνανται.
3794 2413 3811 2445 ι
3848 2394 4025 2446 Τοῦτο

2438 2492 2546 2560 γάρ
2570 2493 2739 2554 ἐστιν,
2775 2489 2937 2553 αὐτὸς
2968 2489 3024 2542 δὲ
3064 2489 3156 2545 ὑπ’
3183 2489 3399 2550 οὐδενὸς
3422 2488 3795 2560 ἀνακρίνεται.
3838 2504 3856 2538 ι
3896 2486 4025 2547 Πῶς

2440 2580 2539 2638 οῦν
2570 2584 2597 2635 ὁ
2631 2582 2821 2645 πιστὸς
2852 2582 3033 2635 πάντα
3056 2576 3237 2644 οἶδενς
3274 2579 3464 2649 ἐπειδὴ
3491 2575 3602 2632 οἶδε
3662 2576 3764 2647 μὲν
3809 2579 3878 2627 τὰ
3936 2576 4026 2627 ὲν-

2439 2675 2633 2738 ταῦθα,
2665 2675 2746 2726 ὅτι
2785 2672 2963 2743 σαθρά
2993 2672 3088 2724 καὶ
3114 2670 3378 2741 ἐπίκηρα,
3415 2666 3527 2721 οῐδε
3554 2668 3610 2720 δὲ
3641 2668 3707 2720 τὰ
3757 2669 3895 2728 ἐκεῖ,
3938 2666 4024 2717 ὅτι

2442 2766 2643 2837 μόνιμα
2662 2766 2755 2818 καὶ
2794 2764 3011 2818 αἰώνιαο
3042 2765 3071 2816 ὁ
3102 2763 3160 2816 δέ
3185 2779 3248 2830 γε
3280 2765 3530 2827 ἄπιστος,
3556 2760 3678 2813 οὐδὲ
3693 2760 3762 2811 τὰ
3784 2759 4026 2811 ἐνταῦθα

2440 2847 2600 2907 οἶδεν.
2658 2852 2945 2925 (Ἦγεῖται
2993 2852 3103 2922 γὰρ
3157 2851 3299 2904 αὐτά
3357 2851 3593 2921 μεγάλα,
3630 2848 3784 2902 οὐδὲν
3843 2848 4024 2914 δντα,)

2441 2947 2559 3000 οὐδὲ
2586 2946 2656 2999 τὰ
2700 2948 2835 3007 ἐκεῖ,
2884 2946 3109 2999 ἀπιστεί
3143 2943 3247 3014 γὰρ
3294 2943 3503 3006 αὐτοῖς.
3538 2961 3556 2994 ι
3601 2941 3698 3005 Τίς
3737 2940 3848 3009 γὰρ
3881 2940 4026 3006 ἔγνω

2442 3035 2566 3088 νοῦν
2597 3034 2827 3105 Κυρίου.
2862 3053 2879 3085 ι
2928 3035 3078 3086 Διατι
3107 3033 3161 3085 δὲ
3184 3034 3212 3085 ὀ
3248 3034 3478 3095 ἄπιστος
3504 3032 3656 3085 οὐδὲν
3684 3028 3826 3095 οἵδες
3863 3030 4026 3082 τοῦτό

2438 3128 2553 3180 ἐστι
2596 3128 2678 3188 τό.
2728 3126 2846 3190 Τίς,
2899 3128 3020 3180 ἀντὶ
3079 3125 3191 3189 τοῦ,
3219 3125 3413 3187 Οὐδεὶς
3446 3124 3555 3177 τῶν
3578 3124 3825 3179 ἀπίστων
3856 3118 4022 3176 οἶδεν.

2439 3220 2587 3284 Ὅτι,
2626 3220 2814 3290 φησὶν,
2849 3220 2948 3273 οὐκ
2986 3220 3127 3286 ἔγνω
3159 3218 3283 3272 νοῦν
3320 3219 3550 3287 Κυρίου.

750 3308 900 3375 quod
938 3307 1043 3372 ait;
1078 3308 1236 3374 Quis,
1262 3309 1314 3364 id
1337 3320 1444 3375 est,
1470 3313 1655 3368 nullus
1678 3313 1937 3381 inﬁdelis,
1964 3317 2159 3372 novit?
2191 3316 2354 3383 Quia,
2389 3312 2590 3382 inquit,
2627 3328 2737 3365 non
2765 3312 3021 3382 cognovit
3054 3320 3291 3364 mentem
3325 3310 3563 3363 Domini.

825 3397 955 3453 Ideo
989 3415 1170 3469 neque
1204 3402 1525 3457 conciliabit
1555 3420 1683 3459 eum
1715 3405 1841 3471 sibi,
1876 3408 1982 3462 hoc
2006 3417 2110 3469 est,
2141 3409 2327 3478 placa-

2502 3405 2595 3457 Διὸ
2626 3403 2744 3456 οὐδὲ
2775 3402 3101 3471 συμσισάσει
3156 3400 3319 3453 αὐτὸν
3370 3399 3569 3469 ἑαυτῷ,
3611 3398 3857 3453 τουτέστι
3895 3418 4028 3452 κατ·

753 3488 838 3544 bit
864 3497 960 3544 aut
988 3491 1044 3546 in
1070 3492 1371 3548 amicitiam
1406 3496 1638 3551 reducet
1672 3515 1685 3551 :
1720 3497 1947 3554 inimico
2000 3508 2186 3555 autem
2241 3515 2337 3554 ne-

750 3598 1030 3652 quaquam
1063 3584 1333 3639 revelabit
1364 3586 1527 3642 Deus.
1562 3590 1630 3643 Et
1675 3606 1849 3660 quare
1895 3590 2086 3647 ﬁdeles
2126 3602 2183 3648 et
2228 3594 2339 3662 spi-

751 3673 982 3729 rituales
1026 3680 1406 3746 cognoscunt?
1473 3679 1767 3746 Quoniam,
1824 3683 2023 3752 inquit,
2099 3692 2339 3739 mentem

753 3762 960 3817 Christi
1020 3765 1312 3832 habemus,
1357 3768 1463 3822 hoc
1520 3778 1626 3832 est,
1678 3771 1933 3839 spiritum
1986 3771 2244 3827 Christi?
2284 3780 2342 3825 et

754 3869 880 3923 quae
908 3856 1185 3922 novimus,
1222 3875 1252 3912 a
1310 3859 1518 3928 Spiritu
1553 3871 1748 3916 sancto
1774 3862 1956 3917 edocti
1988 3878 2213 3919 sumus.
2257 3862 2341 3918 illi

755 3946 1143 4015 igiturmerito
1196 3951 1470 4020 ignorant,
1504 3969 1630 4008 cum
1663 3955 1833 4008 Deum
1880 3955 2115 4010 habeant
2181 3972 2341 4011 aver-

761 4053 883 4092 sum
919 4042 1064 4095 :nos
1091 4058 1245 4107 vero,
1288 4044 1488 4113 inquit.
1528 4047 1935 4116 cognoscimus,
1969 4062 2095 4101 cum
2130 4048 2212 4103 usi
2249 4062 2344 4102 su-

755 4142 881 4183 mus
910 4128 1136 4186 doctore
1165 4131 1464 4199 Spiritu.-—
1492 4135 1589 4188 ESt
1618 4145 1798 4189 autem
1825 4136 2165 4207 hyperbaton
2196 4144 2343 4207 quod

759 4219 861 4272 ait:
902 4239 918 4270 ι
942 4220 1076 4285 Quis
1102 4224 1251 4277 enim
1292 4227 1800 4292 cognovitmentcm
1828 4227 2068 4281 Domini.
2094 4248 2111 4280 ι
2138 4229 2345 4285 Conse-

758 4310 944 4365 cutive
986 4313 1132 4366 enim
1168 4314 1433 4369 debetilli
1471 4316 1756 4386 particula:
1792 4320 2074 4389 conjungi,
2109 4322 2220 4375 Nec
2244 4337 2343 4391 po-

763 4410 869 4454 test
896 4417 1250 4471 cognoscere,
1270 4406 1398 4475 quia
1414 4406 1777 4475 spiritualitcr
1803 4408 2130 4479 diiudicant.
2161 4410 2349 4466 Potest

762 4500 946 4546 tamen
976 4504 1033 4548 et
1064 4497 1186 4551 sine
1217 4497 1525 4566 hyperbato
1547 4499 1842 4562 declarari,
1871 4511 2036 4569 prout
2062 4503 2235 4571 posita
2264 4512 2348 4557 est

760 4584 1096 4641 elocutionis
1126 4589 1420 4656 particula.
1460 4609 1478 4640 ι
1534 4590 1645 4645 Nos
1688 4602 1874 4647 autent
1934 4604 2176 4648 mentem
2241 4595 2347 4649 Do-

763 4677 897 4731 mini
918 4678 1205 4734 habemus.
1245 4700 1263 4731 ι
1292 4682 1394 4747 Qui
1422 4682 1726 4737 imitatione
1740 4686 1940 4739 mentis
1965 4686 2111 4739 illius
2140 4702 2249 4755 quo
2277 4688 2343 4741 ad

2439 3494 2677 3560 ἀλλάξει.
2725 3494 2838 3546 Οὐκ
2875 3494 2940 3545 ἂν
2997 3492 3053 3545 δὲ
3104 3490 3183 3562 τῷ
3221 3490 3402 3562 ἐχθρῷ
3446 3489 3836 3558 ἀποκαλύψειὸ
3867 3492 4023 3553 Θεός.

2441 3587 2594 3640 Διατί
2627 3587 2684 3640 δὲ
2714 3586 2763 3639 οἱ
2791 3584 2972 3638 πιστοὶ
2993 3583 3090 3636 καὶ
3122 3584 3171 3635 οἱ
3229 3583 3597 3652 πνευματικοὶ
3650 3581 3865 3647 ῐσασιν;
3916 3585 4025 3647 ὅτι,

2442 3678 2597 3749 φησὶ,
2629 3676 2754 3731 νοῦν
2784 3674 3020 3745 Χριστοῦ
3082 3674 3299 3744 ἔχομεν,
3332 3674 3581 3726 τουτέστι
3633 3672 3852 3741 πνεῦμα
3893 3675 4032 3739 Χρι-

2447 3768 2598 3835 στοῦ,
2629 3772 2725 3822 καὶ
2750 3769 2894 3837 ἅπερ
2952 3766 3137 3836 ῐσμεν,
3167 3765 3271 3817 ὑπὸ
3315 3764 3411 3817 τοῦ
3450 3764 3771 3831 Πνεύματος
3826 3765 4032 3818 δεδιδά-

2445 3862 2646 3931 γμεθα.
2681 3861 2920 3922 Εἰκότως
2952 3854 3047 3912 οῦν
3081 3859 3130 3910 οἱ
3162 3857 3260 3927 μὲν
3291 3857 3599 3922 ἀγνοοῦσιν,
3635 3857 4032 3927 ἀπεστραμμὲ-

2445 3969 2533 4005 νον
2565 3952 2777 4023 ἔχοντες
2806 3952 2896 4003 τὸν
2928 3950 3081 4013 Θεὸν,
3114 3951 3276 4017 ἡμεῖς
3336 3949 3413 4012 δὲ,
3460 3951 3658 4015 φησίν,
3721 3948 3881 4018 ἴσμεν
3933 3952 4031 4002 τοῦ

2446 4045 2765 4116 Πνεῦματος
2830 4042 3238 4112 εὐπορήσαντες
3299 4040 3643 4093 διδασκάλου.
3706 4072 3776 4081 -
3822 4041 4031 4113 [Mlti

2448 4139 2587 4190 Καθ’
2611 4134 2918 4205 ὑπερϐατὸν
2944 4133 2997 4184 δὲ
3026 4133 3106 4195 τὸ,
3145 4150 3163 4182 ι
3191 4132 3286 4194 Τίς
3307 4132 3417 4200 γάρ
3443 4131 3583 4197 ἔγνω
3611 4130 3734 4183 νοῦν
3761 4134 4027 4201 κυρίους»

2459 4230 2574 4298 Ἐφ’
2606 4229 2734 4296 ἑξῆς
2756 4227 2862 4295 γὰρ
2892 4225 3096 4293 ὀφείλει
3125 4221 3535 4285 συντάττεσθαι,
3566 4221 3683 4287 τοῦ,
3712 4220 3787 4276 Οὐ
3806 4222 4032 4276 δύναται

2446 4317 2654 4388 γνῶναι
2684 4320 2765 4371 ὅτι
2794 4314 3187 4385 πνευματικῶς
3251 4313 3623 4381 ἀνακρίνεται.
3680 4316 3919 4367 Δυνατον
3974 4317 4031 4367 δὲ

2447 4411 2544 4465 καὶ
2608 4410 2776 4480 χωρὶς
2827 4405 3141 4479 ὑπερὸατοῦ
3182 4406 3258 4469 ὡς
3314 4404 3429 4473 ἔχει
3468 4406 3723 4475 φράσεως
3747 4407 3808 4459 τὸ
3828 4408 4034 4476 χωρίον

2449 4502 2721 4554 ὲκλαόεῖν.
2778 4519 2795 4550 ι
2849 4500 3040 4567 Ἡμεῖς
3094 4499 3151 4551 δὲ
3214 4497 3340 4551 νοῦν
3387 4498 3627 4567 Χριστοῦ
3666 4499 3887 4567 ἔχομεν.
3921 4520 4036 4551 ι·-

2452 4592 2699 4665 [ΓΡΗΓ.,
2736 4588 3275 4660 ΟΙΚΟΥΜΕΝΙΟΥ.]
3352 4592 3415 4643 0i
3500 4592 3730 4660 μιμήσει
3792 4591 3887 4643 τοῦ
3936 4593 4032 4645 νοῦ

2452 4684 2660 4737 ἐκείνου
2699 4682 2792 4735 τοῦ
2823 4683 3192 4752 ἀνθρωπίνου,
3223 4675 3284 4736 οῦ
3316 4681 3544 4734 ἀνέλαϐε
3580 4682 3813 4750 Χριστὸς
3846 4685 3874 4734 ὁ
3894 4683 4035 4746 θεὶς

766 4769 1164 4825 humanitatem
1191 4788 1355 4842 quant
1425 4775 1656 4844 suscipit
1681 4776 1934 4831 Christus
1977 4780 2121 4833 Deus
2156 4754 2338 4835 noster

2450 4774 2626 4845 ἡμῶν,
2658 4774 2749 4827 τὸν
2772 4773 2982 4827 ἑαυτῶν
3014 4771 3141 4826 νοῦν
3173 4771 3606 4841 ἐκκαθάραντες,
3643 4790 3660 4821 ι
3697 4765 3857 4823 Οὗτοι
3903 4772 4035 4825 νοῦν

767 4875 922 4913 suant
992 4872 1232 4917 mentem
1304 4865 1689 4933 purilicarunt,
1746 4868 1801 4920 hi
1856 4878 2092 4923 mentem
2140 4869 2345 4924 Christi

767 4951 1249 5007 hahent.—Aliud.
1282 4957 1391 5011 Aut
1426 4966 1664 5012 mentem
1690 4958 1897 5013 Christi
1922 4968 2079 5013 vocat
2104 4961 2343 5015 Patrem.

772 5042 1070 5109 llabemus,
1099 5045 1298 5114 inquit,
1352 5048 1407 5101 in
1434 5048 1595 5104 vobis
1645 5049 1778 5119 ipsis
1821 5049 2029 5105 Christi
2087 5052 2304 5105 Patrem
2331 5092 2349 5117 ,

763 5134 919 5203 juxta
949 5136 1082 5189 illud
1118 5154 1132 5190 :
1170 5157 1187 5188 ι
1218 5137 1543 5196 lnhabitaho
1584 5142 1641 5196 in
1671 5141 1753 5196 eis
1780 5142 2295 5198 etinambulabo".
2320 5163 2338 5196 ι

770 5225 1007 5281 Mentem
1041 5228 1188 5283 enim
1229 5232 1505 5300 appellare
1535 5232 1773 5297 Patrem,
1835 5234 2038 5289 sanctis
2091 5234 2351 5305 frequens

772 5330 895 5381 est,
928 5326 988 5371 ut
1015 5334 1141 5375 cum
1178 5321 1346 5376 habet
1395 5322 1701 5393 Gregorius
1733 5342 1747 5378 :
1784 5324 1984 5390 Mente,
2044 5326 2244 5389 Verbo,
2298 5337 2355 5381 et

771 5408 989 5478 Spiritu
1026 5427 1133 5466 una
1182 5416 1529 5470 connaturali
1584 5416 1894 5471 divinitate.
1953 5418 2022 5471 Et
2079 5433 2351 5473 rursum:

775 5503 816 5556 1⁵
840 5505 904 5555 in
933 5517 1026 5558 um
1058 5504 1281 5572 quidem
1322 5506 1934 5578 consideratangelicas
1970 5509 2245 5578 potentias
2291 5525 2356 5566 ac

775 5609 809 5648 c
834 5597 1033 5650 etc-stes
1066 5603 1122 5650 et
1146 5606 1448 5667 conceptus
1478 5597 1676 5654 Mentis
1703 5614 1842 5671 Opus
1859 5599 1963 5654 fuit
1990 5598 2175 5656 Verbo
2204 5617 2355 5655 com-

780 5694 987 5758 pletum
1044 5698 1102 5744 ct
1147 5690 1357 5759 Spiritu
1419 5693 1740 5762 perfectum.
1807 5713 1823 5743 ι
1864 5693 2097 5749 Mentem
2146 5694 2348 5748 Christi

851 5805 897 5837 "
932 5804 1122 5861 "Cor.
1162 5822 1233 5872 vt,
1280 5809 1363 5863 lii.

2450 4862 2687 4933 Χριστοῦ
2752 4862 2989 4932 ἔχουσιν.
3063 4879 3082 4913 t
3137 4861 3338 4913 Ἄλλο.
3390 4858 3459 4909 Ἢ
3512 4856 3638 4909 νοῦν
3664 4857 3907 4927 Χριστοῦ
3940 4859 4036 4910 τὸν

2449 4955 2669 5024 Πατέρα
2706 4954 2881 5007 καλεῖ.
2941 4972 2960 5004 ι
2997 4952 3256 5021 Ἐχομεν,
3314 4949 3500 5019 φησιν,
3562 4950 3620 5001 ὲν
3674 4950 3892 5012 ἑαυτοῖς
3940 4950 4038 5001 τὸν

2447 5048 2540 5101 τοῦ
2573 5045 2811 5117 Χριστοῦ
2846 5044 3086 5114 Πατέρα,
3122 5043 3198 5105 ὡς
3252 5043 3332 5104 τὸ,
3380 5041 3682 5111 Ἐνοικήσω
3731 5041 3791 5092 ὲν
3847 5043 4038 5103 αὐτοῖς

2450 5142 2545 5193 καὶ
2573 5138 3038 5208 ὲμπεριπατήσω.
3072 5152 3089 5184 ι
3119 5131 3264 5186 Νοῦν
3291 5131 3401 5200 γὰρ
3424 5133 3518 5183 τὸν
3576 5130 3799 5201 Πατέρα
3850 5132 4038 5198 λέγειν

2451 5231 2572 5295 ἔθος
2600 5233 2710 5292 τοῖς
2757 5229 2957 5297 ἁγίοις,
3001 5226 3076 5288 ὡς
3113 5224 3411 5295 Γρηγὸριος
3435 5241 3447 5253 ·
3484 5224 3591 5276 Καὶ
3616 5223 3711 5293 Νῷ
3744 5225 3839 5275 καὶ
3874 5226 4037 5294 ,λόγῳ

2451 5324 2547 5377 καὶ
2582 5321 2863 5392 Πνεῦμα-τι
2890 5323 2956 5390 τῇ
2984 5319 3084 5389 μιᾷ
3120 5316 3440 5387 συμπεφυῖᾳ
3474 5315 3711 5386 θεότητι.
3764 5316 3877 5368 Καὶ
3930 5319 4042 5369 πά-

2452 5416 2557 5468 λιν·
2590 5414 2814 5484 Πρῶτον
2845 5412 2943 5483 μὲν
2968 5412 3140 5463 ὲννοεῖ
3192 5410 3291 5472 τὰς
3323 5407 3623 5476 ἀγγελικάς
3650 5407 3914 5477 δυνάμεις
3943 5412 4042 5462 καὶ

2453 5508 2759 5578 οὐρανίους,
2794 5509 2887 5559 καὶ
2918 5500 3447 5572 τὸἚννόημαέργον
3470 5495 3559 5570 ἦν,
3591 5500 3751 5569 Λόγῳ
3782 5503 4043 5571 συμπλη-

2460 5600 2741 5672 ρούμενον,
2777 5597 2872 5650 καὶ
2903 5596 3180 5666 Πνεύματι
3204 5592 3601 5663 τελειούμενον.
3634 5612 3651 5644 ι
3710 5592 3856 5645 Νοῦν
3908 5596 4042 5662 Χρι-

2461 5694 2588 5747 στοῦ
2624 5692 2839 5762 ἔχομεν.
2877 5709 2893 5741 t
2921 5688 3203 5747 Τουτέστι,
3252 5686 3319 5739 τὰ
3350 5686 3406 5738 ἐν
3440 5683 3517 5756 τῷ
3546 5684 3623 5755 νῷ
3650 5686 3743 5739 τοῦ
3773 5686 4037 5755 Χριστοῦ.
