4194 6468
168 360 267 424 660

1095 352 1479 413 COMMENT.
1516 351 1595 410 IN
1634 349 1870 409 EPIST.
1910 349 1933 407 ῐ
1974 349 2073 408 AD
2102 310 2466 409 contum.

3272 316 3275 319 ’
3312 353 3423 417 670

172 474 272 526 Κίι
306 467 473 521 ταῦτα
496 467 674 536 ἴσμεν,
706 466 848 535 ἅπερ
881 464 1042 527 auch;
1082 464 1329 534 βούλεται
1379 464 1487 523 καὶ,
1534 462 1743 515 ἀπεκά-

1863 459 2136 513 .ιιιι)οιιιυε.
2177 478 2194 509 ι
2246 459 2357 513 lloc
2385 470 2471 515 est
2492 503 2506 524 ,
2532 476 2653 530 qua:
2684 460 2737 515 in
2777 470 3015 517 mentem
3043 461 3247 517 Christi
3268 477 3425 519 sunt:

171 561 360 628 λυψεν.
395 589 456 599 -
490 556 726 629 (mam,
754 554 1065 625 6EOAQP.]
1095 555 1287 617 Καλῶς
1319 554 1375 606 δὲ
1399 553 1503 605 ἀπὸ
1531 554 1627 621 τῆς
1657 551 1751 605 τοῦ

172 650 303 702 Θεοῦ
334 647 676 714 ἀξιοπιστίας
691 647 1032 699 ἐπιστώσατο
1054 644 1145 697 τὸν
1168 645 1459 715 μετέχοντα
1477 644 1752 712 χαρίσμα-

170 758 255 804 τος
270 737 669 807 πνευματικοῦ,
684 739 819 808 μήτε
835 736 1039 789 δεῖσθαι
1062 737 1157 805 τῆς
1177 735 1362 803 ἐτέρου
1378 733 1747 799 διδασκαλίας,

172 832 262 883 καὶ
282 830 469 883 ἱκανὸν
485 824 625 881 εἶναι
640 828 909 881 διδάσκειν
930 826 1169 896 ἑτέρους.
1186 828 1259 878 0-3
1274 828 1381 893 γάρ
1403 826 1537 888 ἐστι,
1559 823 1748 892 φησὶν,

170 924 198 973 ὁ
235 922 477 974 συνιέναι
500 922 793 990 δυνάμενος
822 921 887 973 τὰ
923 918 1267 989 βουλεύματα
1301 917 1395 970 τοῦ
1417 917 1574 981 Θεοῦ,
1607 914 1751 969 ὥστε

170 1012 292 1063 τινὰ
331 1009 482 1079 αὖτῷ
519 1011 611 1061 καὶ
642 1011 1027 1079 προσενεγκεῖν
1056 1008 1365 1078 διόρθωσιν.
1399 1008 1590 1077 Ἡμεῖς
1621 1006 1752 1078 μέν-

170 1122 249 1155 τοι
272 1103 532 1171 παρᾶτοῦ
565 1103 800 1175 Χριστοῦ
837 1102 923 1155 διὰ
956 1102 1052 1169 τῆς
1090 1102 1174 1154 ἐπ’
1198 1101 1359 1153 αὑτὸν
1386 1100 1620 1163 πίστεως
1648 1101 1750 1169 τὴν

175 1194 395 1245 σύνεσιν
428 1192 733 1262 δεξάμενοι,
779 1193 870 1244 καὶ
905 1191 1175 1242 διδάσκειν
1212 1189 1431 1259 ἑτέρους
1456 1186 1749 1257 ὑπισχνού-

176 1284 340 1352 μεθα.

244 1374 354 1429 Καὶ
408 1373 541 1443 ἐγὼ,
598 1372 891 1439 ἀδελφοὶ,
948 1373 1061 1425 οὑκ
1122 1369 1439 1437 ἠδυνήθην
1478 1366 1750 1433 λαλῆσαι

172 1463 319 1531 ὑμῖν
383 1463 464 1527 ὡς
523 1461 965 1529 πνευματικοῖς,
1025 1460 1163 1513 ἀλλ’
1198 1461 1276 1525 ὡς
1297 1457 1631 1526 σαρκικοῖς,
1672 1457 1752 1522 ὠς

174 1553 419 1616 ⁴νηπίοις
465 1552 534 1603 ἐν
568 1549 819 1617 Χριστῷ.
858 1548 1026 1602 Γάλα
1068 1547 1223 1616 ὑμᾶς
1252 1549 1503 1601 ἐπότισα
1532 1548 1626 1599 καὶ
1679 1546 1750 1598 οὐ

170 1641 405 1710 βρῶμα.
436 1641 598 1693 Οὕτω
630 1641 738 1708 γὰρ
770 1640 1088 1693 ἐδύνασθε.
1162 1641 1315 1693 Ἀλλ’
1361 1640 1500 1692 οὔτε
1521 1640 1606 1691 ἔτι
1634 1639 1751 1691 νῦν

174 1733 466 1785 δύνασθε.
507 1734 632 1785 Ἔτι
664 1734 770 1798 γὰρ
794 1731 1073 1796 σαρκικοί
1098 1731 1259 1783 ἐστε.
1317 1731 1509 1783 ’⁷οπου
1544 1728 1649 1799 γὰρ
1682 1728 1751 1779 ἐν

175 1825 323 1892 ὑμῖν
386 1822 585 1887 ζῆλος,
630 1823 729 1873 καὶ
797 1822 945 1889 ἔρις,
1017 1822 1113 1873 καὶ
1176 1821 1580 1888 διχοστασίαι,
1617 1818 1751 1885 οὐκὶ

176 1917 457 1985 σαρκικοί
482 1916 641 1971 ἐστε,
675 1914 769 1966 καὶ
812 1914 961 1967 κατὰ
992 1913 1310 1979 ἄνθρωπον
1332 1911 1702 1981 περιπατεῖτε
1733 1927 1751 1973 ;

255 2026 273 2059 ι
303 2008 420 2059 Οὐκ
452 2005 720 2074 ἠδυνήθην
759 2004 990 2073 λαλῆσαι
1021 2005 1149 2072 ὑμῖν
1178 2003 1249 2067 ὡς
1280 2003 1695 2072 πνευματικοῖς.
1729 2021 1748 2052 s

177 2096 523 2151 Καταὸαλὼν
558 2097 737 2149 αὐτῶν
764 2097 855 2149 τὸν
901 2098 994 2149 ἐπὶ
1029 2099 1094 2164 τῆ
1121 2094 1438 2167 ἀνθρωπίνῃ
1472 2093 1633 2165 σοφία
1663 2091 1758 2145 τῦ-

178 2205 299 2255 (pou,
333 2187 432 2237 νῦν
458 2187 602 2237 θέλει
628 2186 955 2239 καταϐαλεῖν
994 2184 1089 2237 καὶ
1107 2186 1200 2237 τὸν
1230 2185 1286 2235 ὲν
1310 2186 1423 2246 τοῖς
1456 2200 1755 2252 πνευματι-

180 2281 319 2339 κοῖς,
379 2278 593 2338 δεικνὺς
643 2277 725 2329 ὅτι
782 2275 906 2330 οὔτε
960 2276 1193 2329 ἀκοῦσαί
1235 2293 1289 2327 τι
1332 2274 1537 2327 τέλειον
1584 2275 1754 2329 ῐσασι.

184 2372 383 2432 Καλῶς
400 2372 455 2423 δὲ
477 2370 559 2430 τὸ,
593 2392 610 2421 ι
642 2372 754 2423 Οὐκ
776 2371 1069 2441 ἠδυνήθην,
1112 2390 1129 2421 s
1169 2371 1290 2423 ἀντὶ
1338 2368 1432 2421 τοῦ
1461 2370 1560 2420 οὐκ
1588 2367 1757 2436 ἠϐου-

181 2465 376 2534 λήθην,
404 2465 488 2515 ἵνα
527 2464 600 2531 μὴ
627 2464 751 2531 δόξῃ
779 2464 866 2514 διὰ
897 2462 1089 2530 φθόνον
1112 2461 1415 2532 εἰρηκέναι.
1457 2479 1474 2511 ι
1519 2460 1659 2512 Ἀλλ’
1684 2460 1760 2523 ὡς

186 2555 492 2622 σαρκικοῖς.
534 2571 552 2603 s
589 2553 695 2604 Καὶ
728 2552 845 2616 πῶς
874 2548 1015 2621 ἦσαν
1048 2553 1327 2623 σαρκικοὶ,
1361 2553 1408 2603 οἱ
1435 2554 1527 2606 καὶ
1558 2559 1762 2624 σημεῖα

183 2644 492 2706 ποιοῦντεςς
530 2644 637 2695 Καί
672 2661 875 2714 φαμεν,
908 2645 988 2697 ὅτι
1012 2640 1151 2714 ἦσαν
1180 2645 1274 2699 καὶ
1299 2646 1552 2714 τοιοῦτοι,
1587 2651 1682 2703 καὶ
1700 2651 1760 2703 οὗ

182 2735 439 2787 τοιοῦτοι.
500 2734 657 2785 Ἐστι
727 2735 954 2803 γὰρκαὶ
1004 2739 1206 2804 σημεῖα
1267 2741 1464 2800 ποιεῖν,
1492 2740 1589 2791 καὶ
1620 2738 1761 2795 εἶναι

186 2825 469 2892 σαρκικὸν,
512 2824 585 2884 ὡς
615 2824 954 2889 οίλὲγοντες,
991 2842 1009 2875 ι
1054 2824 1248 2895 Κύριε,
1277 2828 1337 2878 οὐ
1397 2828 1474 2897 τῷ
1522 2829 1599 2897 σῷ
1648 2830 1764 2883 ὀνό-

188 2934 317 2981 ματι
361 2915 421 2966 τὸ
451 2916 541 2966 καὶ
576 2916 635 2965 τὸ
663 2915 1051 2985 πεποιήκαμεν
1074 2958 1089 2981 ,
1115 2918 1209 2969 καὶ
1238 2919 1573 2978 ἀκούσαντες
1600 2938 1613 2951 °
1652 2922 1765 2975 Οὐκ

184 3003 296 3060 οἶδα
324 3008 491 3075 ὑμᾶς.
538 3027 555 3057 ι
579 3036 645 3044 -
680 3026 697 3056 ι
740 3008 825 3069 Ὠς
857 3008 1072 3076 νηπίοις
1112 3011 1167 3061 ἐν
1194 3010 1435 3080 Χριστῷ.
1481 3030 1499 3061 s
1532 3012 1767 3080 Νηπίοις

186 3104 306 3152 iam;
368 3096 503 3168 ἧκεν
566 3102 646 3161 εἰς
696 3102 821 3161 τοὺς
880 3102 1076 3169 νόμους
1126 3101 1220 3154 τοῦ
1270 3103 1531 3172 Χριστοῦ.
1573 3122 1590 3155 ι
1621 3105 1765 3159 Γάλα

188 3193 329 3260 ὑμᾶς
361 3194 607 3244 ἐπότισα.
650 3210 667 3240 ι
706 3191 872 3253 Γάλα,
918 3193 1073 3260 φησὶ,
1107 3194 1205 3263 τὴν
1268 3194 1348 3247 ἔτι
1404 3196 1571 3263 ἀτελῆ
1610 3197 1761 3249 διδα-

191 3284 441 3345 σκαλίαν,
475 3282 668 3352 βρῶμα
702 3282 757 3334 δὲ
788 3282 886 3349 τὴν
913 3284 1145 3337 τελείαν.
1176 3304 1192 3335 ι
1240 3284 1407 3337 Οὔπω
1442 3287 1549 3357 γὰρ
1577 3288 1764 3341 ἐδύνα-

192 3375 301 3426 σθε.
379 3393 399 3425 s
469 3374 709 3443 Ἐπειδὴ,
759 3375 915 3442 φησὶ,
953 3376 1027 3443 μὴ
1090 3375 1397 3431 ἐϐούλεσθε.
1445 3377 1616 3429 Τοῦτο
1660 3378 1766 3448 γὰρ

190 3466 399 3533 προῖὼν
455 3464 750 3530 δείκνυσιν,
789 3466 870 3518 ὅτι
939 3465 1090 3536 παρὰ
1137 3467 1237 3537 τὴν
1286 3468 1465 3520 αὐτῶν
1501 3468 1680 3521 αἰτίαν
1709 3470 1769 3521 τὸ

195 3553 575 3624 μὴδύνασθαι,
611 3555 751 3623 ὅπερ
808 3555 902 3607 καὶ
937 3556 1271 3627 συγγνώμης
1321 3559 1567 3628 χηρεύει,
1604 3560 1769 3628 ἤγουν

192 3648 504 3714 ἀποστερεῖ.
541 3663 559 3696 ι
607 3646 781 3698 Ὅπου
817 3649 924 3716 γὰρ
948 3650 1006 3699 ὲν
1061 3647 1192 3717 ὑμῖν
1253 3649 1411 3718 ζῆλος
1456 3650 1547 3703 καὶ
1574 3650 1709 3717 ἔρις.
1744 3669 1763 3702 ›

201 3738 360 3807 Ὁρᾷς
405 3738 502 3806 τὴν
530 3737 705 3789 αὐτῶν
730 3734 869 3789 εἶναι
911 3738 1254 3809 μοχθηρίαν;
1301 3741 1411 3793 Καὶ
1443 3741 1557 3804 πῶς
1580 3744 1767 3811 ἐσμεν,

194 3832 347 3898 φησι,
388 3830 676 3897 σαρκικοῖς
728 3830 875 3897 λέγει
924 3833 1023 3901 τὴν
1078 3832 1237 3885 τοῦτο
1274 3834 1533 3888 ποιοῦσαν
1569 3835 1771 3899 αἰτίαν,

199 3927 287 3975 καὶ
324 3923 621 3992 δυνάμενος
673 3924 965 3991 ἐγκαλέσαι
998 3927 1089 3978 καὶ
1144 3926 1298 3990 ἄλλα,
1350 3930 1486 3997 πρὸς
1540 3928 1601 3981 τὸ
1640 3946 1772 3981 κατ-

196 4018 413 4083 επεῖγον
460 4015 677 4066 ἵσταται
733 4016 862 4085 περὶ
908 4016 1017 4068 τῶν
1069 4016 1423 4087 διχοστασιῶν
1455 4059 1469 4081 ,
1524 4020 1617 4071 καὶ
1675 4017 1768 4071 τοῦ

199 4108 342 4158 ἔνθεν
374 4108 561 4173 ζήλου,
594 4108 687 4158 καὶ
721 4109 816 4177 τῆς
848 4107 1039 4178 ἔριδος.
1105 4127 1122 4158 ι
1157 4111 1265 4161 Καὶ
1315 4112 1452 4163 κατὰ
1485 4111 1770 4181 ἄνθρωπον

198 4200 570 4267 περιπατεῖτε.
616 4216 633 4249 ι
669 4199 742 4250 Οὐ
775 4200 915 4251 κατα
958 4199 1091 4251 Θεὸν
1143 4200 1298 4267 ζῆτε,
1360 4202 1543 4270 φησὶν,
1636 4200 1773 4253 ἀλλὰ

201 4289 334 4343 κατὰ
382 4289 669 4358 ἄνθρωπον
716 4288 1065 4341 πολιτεύεσθε
1095 4330 1108 4353 ,
1134 4289 1300 4356 ἤγουν
1327 4290 1626 4359 σαρκικῶς.

1853 562 1907 604 et
1938 553 2011 606 ita
2044 552 2428 622 cognoscimus
2451 568 2574 623 qua:
2634 553 2752 623 ipse
2782 555 2898 610 vult
2949 565 3005 610 et
3047 555 3334 610 revelavit.
3362 586 3430 595 —

1852 642 2089 697 Pulchre
2117 652 2302 697 autem
2357 658 2386 696 a
2408 644 2503 699 Dei
2534 644 2866 699 auctoritate
2899 646 3429 701 corroboraviteum

1851 733 1943 805 qui
1972 734 2249 803 particeps
2301 742 2449 788 esset
2500 736 2806 805 spiritualis
2846 735 2975 789 doni
3014 755 3028 791 :
3084 747 3143 792 ut
3192 737 3272 792 illi
3319 754 3428 791 non

1850 833 1996 881 esset
2017 840 2160 895 opus
2188 825 2419 879 alterius
2435 824 2703 889 doctrina,
2725 827 2819 881 sed
2851 834 3012 897 aptus
3038 842 3255 897 quoque
3285 836 3431 882 esset

1849 926 1905 971 et
1928 915 2064 970 alios
2083 916 2380 969 instruere.
2399 914 2520 969 Non
2539 916 2687 969 enim
2705 925 2904 986 potest,
2923 917 3121 987 inquit,
3145 918 3435 973 Deicousi—

1852 1008 1923 1062 lia
1951 1008 2280 1077 intelligere.
2303 1014 2363 1062 ut
2391 1008 2614 1077 aliquod
2644 1008 2748 1077 ipsi
2791 1010 2986 1065 afferat
3011 1010 3299 1064 auxilium.
3324 1010 3434 1063 Nos

1852 1116 1981 1157 sane
2006 1100 2099 1170 qui
2130 1100 2547 1170 intelligentiam
2569 1115 2599 1154 a
2631 1099 2872 1165 Christo,
2900 1117 3000 1170 per
3025 1101 3189 1157 fidem
3227 1117 3348 1171 qua:
3379 1100 3434 1153 in

1852 1193 2035 1264 ipsum
2089 1199 2173 1245 est
2209 1192 2544 1261 accepimus,
2596 1192 2734 1248 alios
2778 1208 2999 1264 quoque
3038 1192 3237 1249 docere
3273 1192 3436 1263 polli-

1853 1304 2071 1344 cemur.

1919 1380 2199 1452 438111.
2229 1379 2344 1433 1-3.
2394 1375 2464 1429 Et
2495 1392 2609 1446 ego,
2645 1376 2859 1444 fratres,
2890 1394 2993 1430 non
3015 1378 3163 1447 potui
3187 1378 3331 1447 loqui
3350 1394 3439 1431 vo-

1852 1472 1929 1525 bis
1976 1481 2032 1524 ut
2067 1469 2455 1541 spiritualibus,
2495 1468 2587 1521 sed
2613 1466 2932 1537 loquendum
2971 1469 3071 1538 fuit
3101 1479 3160 1522 ut
3198 1469 3441 1522 carnali-

1853 1565 1966 1624 bus,
1992 1572 2048 1615 ut
2078 1561 2370 1630 infantibus
2396 1561 2449 1612 in
2481 1558 2709 1613 Christo.
2740 1558 2916 1612 Laetis
2946 1568 3069 1629 potu
3098 1576 3187 1613 uos
3205 1559 3318 1613 alui
3336 1576 3438 1613 non

1852 1653 1963 1708 cibo
1990 1669 2009 1707 :
2036 1653 2267 1705 nondum
2310 1651 2449 1703 enim
2482 1652 2756 1717 poteratis,
2797 1651 2901 1703 imo
2950 1666 3018 1703 ne
3061 1666 3199 1703 nunc
3229 1650 3438 1720 quidem

1856 1745 2023 1798 adhuc
2036 1744 2268 1812 potestis.
2290 1740 2424 1795 Nam
2444 1741 2611 1792 adhuc
2622 1740 2863 1793 carnales
2877 1741 3017 1793 estis.
3037 1738 3303 1809 Siquidem
3321 1756 3439 1791 cum

1856 1837 1991 1888 inter
2021 1852 2104 1887 vos
2135 1836 2239 1887 sint
2269 1831 2537 1885 a'mnlutio
2575 1840 2623 1883 et
2651 1833 2911 1884 contentio
2940 1848 3002 1883 ac
3038 1832 3311 1899 factiones,
3337 1847 3439 1881 an-

1858 1941 1958 1977 non
1981 1923 2223 1978 carnales
2244 1924 2387 1981 estis,
2410 1931 2457 1973 et
2497 1922 2782 1974 secundum
2814 1923 3075 1975 hominem
3113 1921 3395 1974 ambulatis
3416 1921 3441 1973 .’

1936 2034 1954 2067 ι
2013 2013 2126 2069 Non
2177 2012 2325 2083 potui
2388 2012 2536 2081 loqui
2597 2012 2751 2066 vobis
2817 2018 2877 2066 ut
2955 2011 3357 2081 spiritualibus.
3413 2027 3434 2061 ι

1856 2108 1959 2164 Ubi
2012 2106 2257 2177 ipsorum
2311 2105 2509 2159 fastum
2568 2102 2664 2173 qui
2734 2104 2802 2158 de
2884 2103 3123 2157 humana
3180 2112 3301 2158 erat
3350 2118 3440 2156 sa-

1857 2198 2065 2268 pientia
2115 2195 2503 2265 depressisset,
2531 2194 2648 2247 vult
2703 2209 2851 2248 nunc
2886 2210 3011 2249 eum
3063 2210 3283 2264 quoque
3346 2192 3442 2247 de-

1857 2288 2103 2359 primere
2136 2287 2229 2357 qui
2284 2294 2339 2340 et
2399 2287 2453 2340 in
2496 2285 2880 2354 spiritualibus
2936 2295 3084 2350 erat,
3141 2285 3443 2339 ostendens

1857 2382 2003 2450 quod
2038 2395 2217 2449 neque
2248 2379 2440 2433 audire
2498 2387 2727 2447 possent
2772 2378 3054 2447 quidpiam
3111 2377 3439 2447 perfectum.

1860 2471 2006 2524 Bene
2038 2479 2222 2523 autem
2252 2468 2404 2531 dicit,
2446 2486 2464 2517 ι
2501 2466 2619 2521 Νοη
2647 2468 2824 2537 potui,
2872 2486 2889 2517 ι
2923 2483 3025 2537 pro
3059 2482 3125 2521 eo
3153 2466 3299 2535 quod
3334 2475 3440 2529 est,

1861 2562 1981 2616 Non
2012 2563 2184 2626 volui,
2220 2576 2285 2615 ne
2316 2561 2420 2615 hoc
2456 2560 2659 2614 invidia
2719 2560 2923 2614 dixisse
2970 2559 3243 2614 videatur.
3286 2578 3303 2609 ι
3334 2557 3443 2612 Sed

1860 2652 2190 2721 loquendum
2228 2652 2331 2705 fuit
2375 2651 2443 2705 de
2482 2652 2818 2705 carnalibus.
2860 2670 2878 2701 ι
2925 2651 2992 2704 Ει
3019 2649 3297 2719 quomodo
3321 2664 3445 2703 car-

1862 2744 2015 2799 nales
2042 2743 2321 2810 erantqui
2366 2742 2533 2794 etiam
2588 2740 2746 2809 signa
2780 2738 3063 2793 edebant?
3091 2737 3159 2792 Et
3210 2736 3449 2791 dicimus

1863 2835 2009 2906 quod
2039 2843 2092 2889 et
2113 2836 2247 2888 tales
2262 2832 2667 2902 quodammodo
2693 2838 2854 2885 erant
2882 2838 2938 2885 et
2964 2844 3073 2883 non
3111 2828 3268 2882 tales.
3302 2826 3447 2882 Con-

1868 2926 2031 2992 tingit
2065 2926 2213 2978 enim
2272 2932 2322 2977 el
2352 2924 2503 2991 signa
2522 2923 2716 2976 cedere
2740 2930 2794 2974 et
2824 2935 2949 2974 esse
2981 2917 3290 2979 carnalem;
3318 2932 3450 2986 qua-

1866 3019 1947 3073 les
1985 3027 2141 3071 erant
2181 3016 2256 3068 illi
2293 3014 2386 3083 qui
2416 3014 2675 3068 dicebant
2707 3031 2720 3065 :
2780 3031 2798 3063 ι
2836 3011 3298 3077 Domine,nonne
3348 3023 3448 3077 per

1870 3125 2070 3163 nomen
2122 3116 2274 3159 tuum
2300 3107 2403 3159 hoc
2437 3115 2492 3160 et
2527 3104 2660 3159 illud
2692 3104 2926 3159 fecimus
2955 3120 2972 3169 ;
3016 3112 3073 3158 et
3111 3101 3442 3155 audierunt:

1868 3200 1985 3255 Non
2019 3198 2143 3252 novi
2195 3198 2385 3252 vos“.
2418 3215 2541 3247 ι-ι
2571 3195 2642 3251 Ut
2691 3194 2993 3248 infantibus
3035 3192 3090 3246 in
3139 3190 3380 3246 Christo.

1868 3290 2181 3347 lnfantibus
2210 3289 2356 3359 quod
2382 3290 2448 3341 ad
2496 3286 2699 3343 Christi
2748 3288 2897 3356 leges
2920 3285 3179 3354 pertinet.
3212 3301 3230 3333 ι
3266 3280 3450 3336 Laetis

1869 3391 1998 3452 potu
2026 3396 2125 3435 vos
2173 3380 2304 3434 alui.
2366 3398 2383 3429 ι
2440 3378 2549 3432 Lac
2616 3378 2771 3439 dicit,
2830 3374 3207 3447 imperfectam
3270 3372 3449 3427 adhuc

1869 3474 2201 3535 doctrinam,
2230 3472 2416 3525 cibum
2445 3485 2579 3524 vero
2605 3469 2928 3540 perfectam.
2972 3486 2990 3519 ι
3016 3466 3275 3522 Nondum
3298 3465 3449 3520 enim

1871 3564 2157 3636 poteratis.
2216 3582 2235 3614 ι
2293 3560 2587 3628 Quoniam,
2624 3561 2824 3631 inquit,
2852 3558 3136 3625 uoluistis;
3166 3572 3292 3611 nam
3345 3555 3451 3611 hoc

1873 3656 1929 3709 in
1959 3653 2322 3723 sequentibus
2350 3652 2762 3719 ostenditquod
2808 3652 3055 3721 ipsorum
3113 3664 3278 3703 causa
3334 3657 3453 3702 erat

1873 3746 2020 3815 quod
2051 3761 2161 3799 non
2213 3752 2457 3812 possent,
2488 3742 2635 3811 quod
2669 3742 2832 3797 etiam
2859 3742 3008 3811 ipsos
3040 3756 3069 3795 a
3134 3739 3296 3795 venia
3362 3753 3452 3793 se-

1873 3845 2030 3905 parat
2076 3834 2189 3887 sive
2212 3849 2276 3887 ea
2320 3834 2515 3902 privat.
2561 3854 2579 3885 ι
2613 3833 2897 3903 Siquidem
2922 3832 3205 3887 cuminter
3232 3830 3454 3885 vossint

1873 3927 2152 3983 aemulatio
2211 3938 2268 3979 et
2308 3925 2671 3995 contemptio.
2718 3944 2737 3976 ι
2791 3924 2957 3979 Vides
3012 3922 3156 3994 quod
3207 3922 3452 3991 ipsorum

1875 4020 2118 4090 pravitas
2174 4017 2389 4072 fuerit?
2430 4018 2497 4070 Et
2557 4016 2833 4082 quomodo
2896 4030 3109 4078 sumus,
3154 4013 3451 4083 inquiunt,

1877 4112 2160 4165 carnales"
2195 4124 2413 4162 causam
2445 4108 2580 4162 dicit
2616 4123 2737 4177 quae
2798 4107 2907 4162 hoc
2951 4106 3168 4170 cﬂiciat,
3217 4120 3452 4172 cumque

1878 4204 2041 4258 etiam
2072 4203 2138 4257 de
2171 4201 2292 4256 aliis
2310 4201 2460 4254 vitiis
2485 4215 2743 4254 accusare
2791 4208 2997 4269 posset,
3061 4198 3229 4252 instat
3275 4195 3341 4250 ad
3397 4194 3450 4248 id

1881 4295 2027 4364 quod
2065 4303 2245 4364 urget,
2299 4307 2497 4361 nempe
2520 4291 2587 4345 de
2622 4290 2959 4344 factionibus
2991 4297 3045 4342 et
3102 4287 3451 4342 aemulatione.

203 4385 317 4433 Cum:
360 4380 489 4434 inde
541 4379 844 4441 oriebatur,
902 4380 1177 4449 simulque
1223 4382 1602 4437 contentione.
1652 4402 1669 4433 ‹
1726 4383 1793 4438 Ει
1851 4387 2153 4441 secundum
2216 4384 2495 4439 hominem
2545 4380 2858 4437 ambulatis.
2911 4399 2927 4431 ι
2970 4380 3089 4434 Non
3147 4376 3451 4434 secundum

201 4473 364 4526 Deum
407 4472 613 4535 vivitis,
651 4473 745 4528 sed
770 4473 1075 4528 secundum
1109 4474 1387 4530 hominem
1410 4477 1831 4545 conversamini,
1886 4481 1989 4535 hoc
2025 4490 2109 4534 est
2142 4478 2455 4532 carnaliter.

268 4571 445 4619 Ὅταν
483 4569 590 4633 γὰρ
621 4566 770 4634 λέγῃ
802 4566 889 4631 τίς
915 4582 929 4596 ’
970 4566 1121 4635 Ἐγὼ
1180 4566 1299 4635 μέν
1336 4571 1454 4637 ειμι
1516 4570 1757 4624 Παύλου

1953 4573 2038 4632 lil,
2070 4572 2188 4624 4-8.
2225 4570 2435 4623 Etenim
2480 4585 2598 4620 cum
2654 4568 2793 4619 dicat
2833 4564 3025 4634 aliquis
3054 4578 3072 4617 :
3104 4562 3216 4632 Ego
3246 4562 3455 4629 quidem

204 4660 396 4726 ἕτερος
460 4658 531 4709 δὲ
568 4698 582 4720 ,
664 4660 809 4725 Ἐγὼ
899 4658 1216 4725 Ἀπολλῶ,
1292 4661 1428 4728 οὐχὶ
1497 4662 1771 4729 σαρκικοί

206 4750 371 4809 iere;
442 4748 533 4811 τίς
586 4742 699 4799 οὖν
753 4748 883 4799 ἔστι
916 4746 1174 4812 Παῦλος,
1211 4749 1304 4811 τίς
1347 4747 1416 4799 δὲ
1454 4749 1772 4816 Ἀπολλὼς,

208 4840 394 4906 ἀλλ’ἢ
432 4838 698 4891 διάκονοι
726 4840 801 4891 δι’
835 4833 922 4891 ὦν
949 4839 1367 4903 ἐπιστεύσατε,
1403 4840 1501 4894 καὶ
1541 4841 1776 4904 ἑκάστῳ

211 4933 279 4995 ὡς
298 4936 327 4984 ό
352 4933 569 4999 Κύριος
600 4931 822 4983 ἔδωκεν
844 4949 862 4996 ;
922 4931 1069 5001 Ἐγὼ
1096 4932 1422 4999 ἐφύτευσα,
1467 4934 1775 5001 Ἀπολλὼς

208 5022 487 5075 ἐπότισεν
524 5062 538 5084 ,
599 5022 739 5074 ἀλλ’
792 5024 825 5075 ὀ
880 5022 1024 5087 Θεὸς
1067 5022 1354 5089 ηὔξανεν.
1412 5025 1591 5077 Ὥστε
1640 5025 1777 5077 οὔτε

214 5114 240 5158 τι
267 5111 541 5178 φυτεύων
579 5110 711 5163 ἔστι
742 5128 818 5174 τι,
854 5112 993 5165 οὐτε
1032 5115 1065 5165 ό
1101 5112 1372 5176 ποτίζων,
1429 5114 1566 5167 ἀλλ’
1602 5116 1635 5167 ό
1671 5117 1775 5167 αὑ-

214 5202 402 5264 .‘fu'rwr
442 5205 607 5268 Θεός.
679 5202 742 5255 '0
773 5206 1044 5272 φυτεύων
1067 5204 1135 5257 δὲ
1179 5204 1276 5257 καὶ
1321 5207 1353 5257 ό
1382 5203 1658 5267 ποτίζων,
1704 5205 1773 5258 ἓν

214 5299 377 5349 ιὶσιγ.
443 5299 745 5360 ’Έκαστος
799 5295 867 5348 δὲ
913 5296 1019 5349 τὸν
1054 5296 1209 5350 (dior
1254 5296 1477 5365 μισθὸν
1516 5295 1771 5365 λήψεται

216 5389 353 5442 κατὰ
382 5389 493 5443 τὸν
525 5389 681 5442 ἴδιον
711 5392 920 5442 κόπον.

278 5479 443 5532 Πάλιν
475 5480 772 5533 αἰνίττεται
806 5481 931 5543 τοὺς
962 5482 1309 5551 προεστῶτας
1360 5481 1538 5535 αὐτῶν
1574 5483 1769 5549 σοφοὺς

223 5567 306 5621 καὶ
336 5568 647 5631 πλουσίους,
689 5571 780 5622 καὶ
814 5571 1076 5639 αἱρέσεως
1109 5572 1266 5633 ὄντας
1290 5573 1562 5643 ἀφορμήν.
1597 5591 1615 5623 ι
1676 5574 1769 5633 Τίς

316 5744 359 5776 ⁷⁵
377 5743 567 5798 Matth.
603 5762 693 5808 vn,
730 5746 820 5808 22,
854 5744 937 5799 £3.

1873 4681 1987 4717 sum
2022 4662 2177 4715 Pauli
2204 4660 2377 4727 ;alius
2405 4676 2522 4713 vero
2558 4674 2575 4712 :
2609 4658 2723 4727 Ego
2744 4656 2933 4726 Apollo
2965 4672 2983 4710 :
3015 4670 3183 4709 nonne
3212 4652 3455 4706 carnales

1878 4755 2000 4807 estis
2030 4753 2051 4804 ?
2086 4750 2213 4816 Quis
2258 4751 2420 4820 igitur
2451 4758 2525 4802 est
2561 4747 2813 4801 Paulus?
2851 4743 2978 4809 Quis
3029 4760 3151 4798 vero
3216 4742 3451 4813 Apollas,

1877 4850 1977 4902 nisi
2010 4846 2236 4899 ministri
2264 4861 2356 4914 per
2382 4859 2510 4912 quos
2545 4841 2861 4903 credidistis,
2880 4849 2929 4892 et
2956 4840 3139 4907 cuique
3197 4836 3453 4891 Dominus

1878 4940 2020 4994 dedit
2049 4939 2072 4993 ἲ
2098 4938 2211 5008 Ego
2246 4936 2508 5006 plantari,
2539 4931 2755 5002 Apollas
2787 4931 2997 5000 rigavit,
3027 4927 3189 4998 ωε
3206 4927 3297 4979 sed
3318 4925 3455 4979 Dens

1882 5033 2265 5085 incrementum
2288 5024 2448 5077 dedit.
2482 5021 2674 5091 Itaque
2696 5034 2862 5089 neque
2888 5019 2976 5081 qui
3007 5016 3214 5085 plantat
3249 5021 3324 5066 est
3354 5012 3457 5065 ali-

1884 5120 2031 5190 quid,
2068 5132 2233 5186 neque
2281 5116 2372 5183 qui
2414 5113 2579 5182 rigat,
2620 5110 2711 5163 sed
2776 5108 2865 5177 qui
2905 5107 3285 5159 incrementum
3337 5100 3452 5162 dat,

1884 5227 2069 5280 nempe
2087 5209 2242 5263 Deus.
2280 5204 2538 5260 Ca’terum
2572 5203 2662 5273 qui
2696 5199 2902 5271 plantat
2936 5205 2984 5249 et
3016 5196 3105 5265 qui
3124 5195 3261 5263 rigat
3289 5208 3453 5245 unum

1878 5310 2020 5355 sunt.
2055 5298 2418 5366 Unusquisque
2445 5303 2621 5347 tamen
2651 5290 2925 5361 prapriam
2977 5286 3267 5339 mercedem
3310 5282 3451 5335 acci-

1881 5395 1983 5463 piet
2006 5393 2164 5462 juxta
2183 5404 2338 5441 suum
2371 5386 2620 5440 laborem.

1952 5459 2186 5535 Rursum
2214 5479 2431 5532 illorum
2494 5482 2639 5528 taxat
2677 5471 2954 5541 sapientes
3005 5482 3068 5521 ac
3116 5464 3314 5518 divites
3353 5459 3448 5529 qui

1882 5575 1959 5624 .is
2006 5580 2276 5641 prxerant
2336 5578 2389 5622 et
2440 5565 2693 5620 factionis
2738 5577 2924 5617 ansam
2960 5558 3202 5614 dabant.
3242 5574 3259 5605 ι
3314 5552 3447 5619 Quis
