4194 6468
757 405 862 467 675

758 513 990 585 quisitio
1050 528 1065 563 :

760 575 1022 674 tanquam
1054 613 1251 655 aurum
1281 604 1336 651 et
1363 600 1676 662 argentum,
1707 587 1852 657 ignis
1877 582 2071 638 reddet
2100 575 2344 648 splendi-

764 700 947 753 diores
989 713 1003 749 :
1039 691 1328 763 pravitatis
1363 695 1550 741 autem
1610 688 1953 752 Operatorcs,
1986 688 2138 727 more
2164 670 2342 740 ligno-

766 806 913 853 rum,
949 786 1058 841 fcni
1089 799 1153 838 ac
1187 780 1406 851 stipulae
1436 782 1740 832 consumet.
1769 773 1811 826 A
1836 770 2064 825 doctore
2093 780 2224 819 vero
2250 762 2345 832 qui

765 897 827 934 ea
852 877 1039 932 docuit
1062 890 1185 945 qua:
1210 873 1410 927 decent
1440 884 1552 923 non
1580 867 1875 936 exigentur
1900 876 2094 933 pmnm,
2125 859 2235 910 imo
2263 869 2349 907 sa-

767 971 878 1022 lute
909 967 1111 1036 dignus
1146 962 1462 1021 habebitur,
1495 967 1551 1013 et
1587 958 1694 1011 hoc
1717 965 1800 1011 est
1835 954 1980 1023 quod
2014 952 2091 1003 ait
2124 967 2137 1001 :
2180 966 2197 999 ι
2230 947 2348 1016 Ipse

767 1073 900 1112 vero
929 1055 1265 1117 servabitur,
1304 1072 1322 1103 ι
1360 1065 1560 1120 nempe
1592 1048 1685 1117 qui
1714 1046 1895 1107 docet,
1934 1060 1951 1093 ι
1982 1043 2131 1110 Opus
2164 1050 2351 1093 autem

766 1157 1052 1210 exurctur,
1100 1163 1118 1197 ι
1175 1144 1280 1197 hoc
1334 1149 1439 1204 est,
1498 1140 1533 1192 ii
1579 1136 1671 1206 qui
1722 1135 2353 1202 seipsoscxstruxerunt

768 1254 997 1310 pravum
1035 1251 1196 1305 opus.
1248 1235 1315 1288 Et
1364 1234 1436 1286 ita
1476 1230 1771 1297 diligenter
1814 1227 2060 1293 legentes
2106 1221 2355 1275 invenie-

770 1346 893 1385 mus
917 1328 1331 1397 Scripturarum
1357 1318 1687 1375 sententiam
1718 1336 1731 1369 :
1777 1334 1795 1365 ι
1836 1316 1893 1369 Si
1917 1316 2075 1383 cujus
2103 1325 2241 1379 opus
2264 1323 2356 1360 cx-

774 1432 953 1476 nstum
976 1420 1167 1483 fuerit,
1199 1417 1462 1470 damnum
1483 1411 1761 1481 patietur:
1800 1409 1913 1476 ipse
1943 1418 2072 1457 vero
2107 1400 2357 1457 servabio

776 1524 865 1568 tur
897 1516 979 1569 sic
1019 1521 1199 1565 tamen
1247 1517 1307 1561 ut
1351 1522 1451 1576 per
1493 1507 1714 1573 ignem;
1748 1521 1765 1552 ›
1817 1501 1920 1552 hoc
1960 1506 2065 1562 est,
2102 1502 2356 1549 exustum

780 1606 944 1658 fuerit
970 1617 1123 1671 vopus
1158 1600 1278 1669 ejus
1311 1613 1408 1667 per
1440 1599 1639 1666 ignem.
1693 1592 1816 1661 ipse
1852 1606 1986 1645 vero
2024 1586 2357 1650 servabitur,

779 1711 974 1765 nempe
1006 1696 1201 1750 doctor
1234 1692 1325 1746 ille
1352 1703 1367 1742 :
1396 1705 1578 1759 neque
1604 1687 1751 1740 enim
1778 1698 1943 1738 causa
1971 1682 2076 1734 fuit
2102 1677 2362 1732 mutatio-

779 1789 866 1842 nis
894 1786 964 1840 ad
1007 1785 1061 1839 id
1107 1783 1254 1852 quod
1292 1782 1451 1851 pejus
1486 1788 1590 1832 est.
1625 1778 1759 1831 Nam
1791 1772 2209 1828 convenientem
2242 1767 2362 1837 ipse

779 1877 1089 1931 doctrinam
1122 1872 1328 1926 attulit.
1362 1871 1563 1924 Verum
1602 1867 1645 1922 si
1686 1867 1814 1937 quis
1853 1863 1994 1917 nolit
2033 1859 2363 1932 particulam

783 1970 953 2031 illam,
994 1984 1011 2016 ι
1051 1965 1144 2020 Sic
1184 1973 1366 2018 tamen
1407 1973 1469 2016 ut
1512 1977 1608 2030 per
1650 1961 1856 2029 ignem,
1897 1976 1915 2009 ι
1969 1955 2122 2024 Operi
2154 1962 2364 2021 aptare,

782 2060 878 2115 sed
903 2057 1116 2113 doctori
1146 2072 1162 2109 :
1190 2064 1322 2109 tunc
1355 2053 1434 2107 sic
1466 2052 1777 2118 intelligilo,
1803 2046 1950 2116 quod
1982 2061 2082 2114 pro
2117 2044 2225 2097 illis
2259 2054 2368 2095 non

781 2150 1076 2220 exigentur
1132 2146 1201 2200 ab
1251 2160 1319 2199 eo
1379 2158 1596 2212 penne;
1656 2139 1968 2197 servabitur
2018 2146 2225 2199 autem,
2272 2148 2371 2202 per

785 2242 967 2310 ignem
1013 2248 1069 2293 et
1110 2240 1226 2308 ipse
1274 2236 1559 2305 probatus,
1593 2245 1779 2287 utrum
1824 2232 1992 2285 vitam
2034 2229 2233 2283 habeat
2273 2226 2373 2279 do-

785 2335 978 2387 ctrina:
1021 2338 1449 2400 eongruentum.
1490 2344 1506 2375 ι
1546 2329 1778 2390 Aurum,
1840 2340 1857 2371 i
1900 2320 2062 2374 fidem
2111 2318 2167 2370 in
2214 2314 2376 2369 Chri-

788 2433 953 2477 stum.
988 2441 1005 2472 ι
1038 2422 1363 2490 Argentum.
1389 2436 1407 2468 ι
1442 2417 1576 2471 Nam
1608 2422 1741 2469 sunt
1766 2422 1823 2469 et
1853 2412 2164 2473 inferiores,
2192 2406 2376 2459 multm

789 2513 1063 2584 siquidem
1105 2521 1235 2567 sunt
1278 2510 1424 2579 apud
1464 2508 1684 2563 Patrem
1726 2504 2043 2558 mansiones
2076 2501 2142 2553 "'.
2192 2518 2208 2549 ι
2252 2498 2378 2550 Dies

790 2608 939 2661 enim
957 2603 1277 2660 declarabit.
1312 2621 1330 2653 ι
1356 2602 1511 2654 Diem
1549 2595 1921 2667 dicitjudicii.
1942 2612 1961 2645 ι
1989 2594 2048 2648 ιιι
2070 2592 2192 2663 igne
2223 2610 2241 2643 ι
2277 2606 2378 2643 au-

797 2709 905 2753 tem
929 2696 1067 2752 dicit
1104 2694 1339 2749 revelari
1368 2707 1533 2761 opera
1561 2706 1574 2743 :
1610 2690 1716 2743 hoc
1741 2697 1846 2751 est,
1872 2685 2228 2740 manifestum
2260 2681 2380 2734 fieri

797 2789 956 2858 cujus
985 2788 1097 2840 sint
1128 2794 1358 2844 naturae,
1385 2790 1571 2835 utrum
1605 2794 1824 2843 aurum,
1852 2787 2038 2831 utrum
2068 2781 2379 2843 argentum,

800 2882 1010 2944 talium,
1040 2880 1236 2947 inquit,
1262 2876 1406 2947 ignis
1437 2872 1761 2944 probativus
1787 2870 1910 2922 erit.
1941 2888 1957 2918 ι
1980 2867 2035 2921 Si
2060 2866 2220 2935 cujus
2245 2877 2384 2933 opus

795 2981 1052 3027 exustum
1086 2970 1275 3027 fuerit.
1309 2987 1326 3018 ι
1364 2966 1421 3021 Si
1459 2966 1636 3035 cujus,
1679 2960 1880 3030 inquit,
1913 2974 2054 3028 opus
2089 2958 2197 3010 vim
2244 2954 2386 3025 ignis

797 3078 909 3117 non
943 3061 1155 3123 tulerit,
1185 3059 1280 3113 sed
1310 3058 1600 3128 probatum
1629 3069 1691 3106 ac
1721 3054 2033 3107 comtctum
2069 3049 2233 3103 fuerit
2264 3061 2386 3101 esse

1825 372 2223 438 (ECUMENII
2268 370 2370 429 Τί(
2384 366 2568 427 [CC-*E
2609 357 2953 423 EPISCOPI

1129 517 1186 563 et
1236 520 1333 560 eos
1411 499 1635 571 quidem
1694 492 1790 565 qui
1847 491 2019 563 probe
2062 489 2380 548 vixeruntH

2485 479 2594 539 εέας
2617 474 2711 528 τοῦ
2734 473 2987 541 Σωτῆρος
3015 466 3253 537 ἡμέραν,
3280 460 3509 532 βάσανος
3540 454 3693 508 ἔσται
3713 451 3806 506 καί
3831 450 4029 515 ἐξετα-

2745 567 2754 571 ·
2858 567 2897 571 --
2949 566 2958 571 -
3065 563 3076 571 ι
3199 558 3213 571 ι
3321 551 3345 571 τ
3381 553 3406 571 η
3445 552 3474 571 ρ
3551 551 3711 571 ut---
3769 545 4029 571 “45;--.

3918 338 4033 400 676

2447 591 2530 634 σις
2560 567 2818 638 ἁκριὸής.
2858 566 2970 619 Καὶ
3001 563 3124 622 τοὺς
3156 558 3255 628 μὲν
3290 551 3348 609 εὖ
3380 551 3734 624 βεϐιωκότας,
3769 545 4037 611 καθάπερ

2447 663 2647 734 χρυσον
2682 660 2778 712 καὶ
2797 657 3036 729 ἄργυρον
3064 652 3124 704 τδ
3155 648 3266 719 πῦρ
3298 641 3713 715 λαμπροτέρους
3735 637 4034 706 ἀποφανεῖ·

2448 756 2574 816 τοὺς
2605 752 2661 805 δὲ
2708 752 2806 820 τῆς
2846 746 3046 808 κακίας
3083 742 3342 813 ἐργάτας,
3376 738 3534 805 δίκην
3570 734 3742 799 ξύλων
3771 729 3866 782 καὶ
3903 729 4039 795 χόρ-

2449 866 2543 901 τκυ
2574 847 2666 900 καὶ
2695 843 2948 911 καλάμης
2997 834 3394 891 καταναλώσει.
3422 830 3479 882 Ὀ
3520 829 3577 881 δέ
3612 820 4039 893 ’γε-διδασκαλος

2452 946 2519 995 τὰ
2548 940 2896 1011 προσήκοντα
2921 930 3158 995 διδάξας,
3199 927 3299 979 οὐκ
3340 920 3809 991 εἰσπραχθήσεται
3852 915 4040 975 δίκας,

2454 1034 2593 1089 ἀλλὰ
2639 1027 2916 1097 σωτηρίας
2969 1022 3358 1092 ἀξιωθήσεται.
3418 1016 3592 1069 Τοῦτο
3643 1012 3784 1080 γὰρ,
3845 1008 4043 1077 φησιν,

2462 1147 2480 1178 ι
2530 1124 2701 1185 Αὐτὸς
2753 1120 2811 1172 δὲ
2875 1116 3214 1186 σωθήσεται,
3268 1132 3285 1163 ι
3336 1110 3615 1163 τουτέστιν
3667 1108 3693 1157 ὁ
3746 1102 4043 1154 διδάσκων.

2462 1236 2479 1267 ε
2518 1217 2591 1268 Τὸ
2625 1214 2683 1268 δὲ
2711 1214 2870 1283 ἔργον
2904 1209 3340 1273 κατακαήσεται,
3369 1222 3386 1253 ι
3428 1200 3552 1254 ἀντὶ
3584 1197 3678 1251 τοῦ
3711 1199 3758 1248 οἱ
3805 1194 4047 1260 ποντορὶν

2468 1307 2698 1368 ἑαυτοὺς
2807 1300 3321 1358 κατασκευάσαντες
3428 1295 3610 1363 ἔργον.
3705 1287 3893 1348 Οὕτως
3989 1282 4049 1333 δὲ

2461 1399 2810 1468 ἀναγνόντες,
2848 1394 3092 1465 ἀκριϐῶς
3125 1391 3434 1459 εὑρήσομεν
3482 1386 3578 1453 τὴν
3617 1382 3726 1434 τῶν
3768 1378 4042 1448 γραμμα-

2460 1512 2568 1548 των
2617 1491 2889 1545 διάνοιαν·
2933 1505 2952 1538 ι
2994 1487 3060 1538 Εἴ
3106 1499 3251 1544 τινος
3305 1481 3363 1533 τὸ
3407 1479 3567 1550 ἔργον
3608 1474 4049 1537 κατακαήσεται,

2464 1582 2877 1655 ζημιωθήσεται
2898 1596 2910 1608 ·
2947 1576 3119 1637 οὕτως
3151 1575 3228 1636 δὲ,
3251 1572 3325 1634 ὡς
3357 1570 3443 1622 διὰ
3472 1567 3643 1636 πυρδς
3659 1564 3994 1631 σωθήσεται,
4030 1580 4048 1609 ι

2464 1681 2588 1734 ἀντὶ
2660 1678 2776 1740 τοῦ,
2835 1669 3317 1737 κατακαυθέ,-εῖαι
3374 1661 3540 1716 αὑτοῦ
3602 1663 3661 1713 τὸ
3734 1658 3894 1727 ἔργον
3949 1655 4057 1706 ὑπὸ

2466 1771 2557 1825 τοῦ
2615 1768 2802 1839 πυρός.
2859 1763 3032 1825 Αὐτὸς
3060 1760 3116 1813 δὲ
3146 1758 3476 1827 σωθήσεται,
3516 1750 3796 1804 τουτέστιν
3846 1748 3875 1799 δ
3908 1746 4058 1798 διδά-

2472 1864 2689 1926 σκαλος.
2733 1860 2809 1913 Οὐ
2853 1856 2960 1927 γὰρ
3024 1854 3197 1915 αἴτιος
3258 1849 3359 1919 τῆς
3402 1845 3607 1900 τούτων
3659 1844 3751 1896 ἐπὶ
3781 1841 3843 1893 τὸ
3867 1842 4058 1910 χεῖρον

2471 1960 2702 2027 τροπῆς.
2752 1952 2925 2014 Αὐτὸς
2970 1949 3080 2019 γὰρ
3131 1946 3228 2018 τὴν
3276 1944 3663 2015 προσήκουσαν
3703 1935 4062 1990 διδασκαλίαν

2472 2050 2872 2121 προσήνεγκεν.
2935 2044 2998 2095 Et
3049 2040 3106 2094 δέ
3142 2056 3227 2101 τις
3279 2039 3341 2091 οὐ
3378 2036 3628 2106 βούλεται
3660 2033 3743 2094 τὸ,
3781 2051 3798 2082 ι
3851 2033 3941 2092 Ὠς
3971 2031 4061 2080 δικ

2473 2136 2668 2209 πυρὸς,
2708 2153 2727 2185 ›
2755 2133 2833 2204 τῷ
2870 2132 3017 2202 ἔργῳ
3038 2129 3443 2199 προσαρμόσαι,
3462 2126 3598 2179 ἀλλὰ
3626 2123 3703 2193 τῷ
3728 2120 4062 2187 διδασκάλῳ,

2474 2230 2646 2290 οὓτως
2672 2226 2942 2296 νοησάτω,
2975 2225 3058 2278 δτι
3108 2224 3248 2292 ὑπὲρ
3284 2221 3384 2292 μὲν
3432 2220 3659 2273 ἐκείνων
3688 2217 3786 2269 οὐκ
3825 2218 4067 2281 εἰσπρα-

2476 2320 2741 2391 χθήσεται
2764 2317 2939 2381 δίκας,
2977 2314 3284 2383 σωθήσεται
3322 2312 3380 2365 δὲ
3414 2310 3505 2364 διὰ
3544 2309 3718 2379 πυρὸς
3767 2311 3862 2360 καὶ
3894 2307 4067 2366 αὐτος

2476 2411 2932 2482 δοκιμαζόμενος,
2966 2409 3123 2477 εἴπερ
3152 2408 3263 2477 ἄρα
3285 2404 3399 2475 ἔχει
3430 2403 3522 2456 τδν
3556 2402 3673 2473 βίον
3706 2404 3772 2469 τῇ
3808 2400 4071 2452 διδασκα-

2478 2506 2569 2577 λίᾳ
2618 2502 2976 2571 κατάλληλον.
3012 2519 3030 2550 ι
3074 2499 3310 2568 Χρυσόν.
3364 2515 3383 2549 ι
3435 2494 3547 2565 Τὴν
3579 2495 3659 2558 εἰς
3692 2493 3928 2563 Χριστὸν
3980 2492 4073 2543 πί-

2483 2614 2618 2651 στιν·
2658 2614 2677 2648 ι
2739 2596 3035 2664 Ἀργυρον.
3082 2610 3098 2642 ι
3144 2591 3269 2642 Εἰσὶ
3320 2588 3431 2659 γὰρ
3482 2588 3576 2641 καὶ
3626 2586 4070 2652 καταδεέστεροι.

2483 2691 2685 2746 Πολλαὶ
2716 2688 2828 2757 γὰρ
2864 2686 3025 2755 μοναὶ
3057 2684 3209 2752 παρὰ
3240 2681 3318 2751 τῷ
3348 2679 3546 2749 Πατρί.
3588 2699 3605 2729 ι
3648 2680 3710 2730 Ἡ
3742 2679 3851 2745 γαρ
3881 2678 4074 2746 ’ἔιμέρα

2482 2782 2737 2852 δηλώσει.
2784 2799 2803 2832 ι
2857 2779 3100 2848 Ἠμέραν
3135 2775 3270 2845 φησὶ
3315 2773 3413 2843 τὴν
3463 2772 3561 2839 τῆς
3598 2772 3851 2839 κρίσεως.
3901 2789 3920 2820 ι
3984 2770 4075 2820 Ἐν

2484 2878 2619 2947 πυρί
2668 2875 2723 2928 δὲ
2776 2873 2923 2939 λέγει
2972 2872 3040 2923 τὰ
3096 2870 3236 2938 ἔργα
3278 2864 3785 2925 ἀποκαλύπτεσθαι,
3819 2861 4077 2913 τουτέστι

2488 2968 2699 3041 φανερὰ
2722 2966 2993 3036 γίνεσθαι,
3025 2964 3188 3015 ὁποῖα
3241 2963 3339 3030 τὴν
3387 2961 3551 3028 φύσιν
3581 2957 3750 3019 ἐστὶν,
3784 2952 3893 3025 ἆρα
3942 2973 4078 3024 χρυ-

2491 3064 2603 3126 σὸς,
2648 3056 2757 3130 ἆρα
2805 3058 3076 3128 ἄργυρος
3110 3054 3215 3106 τῶν
3248 3053 3304 3104 δὲ
3334 3051 3593 3104 τοιούτων
3623 3051 3682 3101 τὸ
3714 3049 3844 3120 πῦρ,
3881 3048 4074 3118 φησιν,

797 3153 1026 3214 malum,
1050 3150 1335 3213 damnum,
1354 3148 1451 3209 ait,
1473 3146 1734 3215 patietur.
1771 3142 1958 3209 Itaque
1990 3141 2126 3192 nihil
2164 3137 2380 3207 prodest

2493 3154 2827 3220 ἐλεγκτικόν.
2879 3170 2895 3196 ‹
2928 3148 2991 3201 ΕΞ
3018 3164 3158 3209 τινος
3192 3144 3251 3197 τὸ
3284 3144 3441 3213 ἔργον
3483 3143 3912 3210 κατακαήσεται.
3960 3159 3977 3190 ι
4017 3141 4080 3191 ΕΞ

798 3245 936 3297 ﬁdes
966 3251 1138 3304 recta,
1166 3241 1373 3310 absque
1401 3240 1561 3293 bons
1610 3234 1866 3303 operibus
1922 3235 2116 3283 «Anne
2149 3230 2221 3283 ita
2251 3242 2361 3297 quo

797 3351 908 3405 que
959 3333 1269 3403 intelligere
1312 3328 1649 3401 possumus?
1679 3327 1758 3380 lili
1792 3342 1862 3394 qu
1890 3324 2012 3377 dem
2060 3340 2154 3395 qui
2194 3320 2388 3375 Silvam

800 3441 899 3481 seu
933 3424 1221 3479 materiam
1259 3422 1425 3477 facile
1466 3419 1799 3475 exurendan.
1842 3415 2204 3477 aedificarunt,
2237 3411 2393 3481 peni-

802 3528 894 3572 tus
925 3517 1228 3587 ejiciuntur
1262 3532 1274 3567 :
1315 3513 1581 3567 damnum
1624 3512 1772 3565 enim
1819 3510 2106 3578 patiuntur
2145 3505 2391 3559 omnium

804 3623 1035 3661 suorum
1086 3606 1358 3661 laborum.
1404 3623 1423 3655 ι
1462 3603 1583 3673 Ipse
1622 3617 1757 3656 vero
1799 3598 2136 3653 servabitur.
2176 3614 2193 3646 ι
2233 3595 2385 3662 Quis-

804 3699 985 3753 nam?
1007 3698 1112 3763 Qui
1147 3695 1612 3766 superaediﬁcavit
1633 3708 1829 3749 aurum
1860 3702 1918 3746 et
1942 3699 2230 3761 argentum
2257 3689 2394 3758 lapi-

805 3791 1013 3861 desque
1042 3794 1338 3861 pretiosos.
1387 3790 1526 3844 Cum
1556 3787 1704 3841 enim
1743 3786 1813 3840 de
1860 3786 1980 3853 ipso
2010 3784 2215 3837 dixerit
2248 3780 2393 3850 quod

806 3883 1118 3938 mercedem
1166 3882 1421 3952 accipiet,
1466 3894 1619 3934 nunc
1664 3877 1803 3931 dicit
1847 3891 2011 3945 quam
2059 3875 2393 3937 mercedem,

807 3988 1006 4041 nempe
1055 3972 1312 4025 salutem.
1363 3969 1687 4024 Servabitur
1733 3978 1959 4030 autem,
2018 3967 2133 4036 ipse
2175 3980 2395 4036 quoque

808 4064 1060 4118 dolorem
1096 4078 1310 4133 passus,
1342 4063 1486 4116 sicut
1516 4061 1819 4115 verisimile
1846 4071 1932 4113 est
1968 4060 2035 4113 de
2069 4075 2136 4112 eo
2168 4060 2261 4127 qui
2300 4074 2398 4126 per

811 4155 991 4223 ignem
1065 4154 1355 4208 transierit
1402 4151 1618 4220 sibique
1672 4150 1857 4204 unitas
1912 4151 2157 4204 modicas
2206 4148 2398 4202 sordes

811 4246 1152 4316 expurgarit.
1187 4245 1370 4299 Solius
1406 4258 1643 4312 namque
1674 4244 1771 4298 Dei
1792 4254 1877 4298 est
1899 4242 2143 4313 perfecte
2172 4249 2397 4311 peccato

811 4354 1026 4393 carere.
1078 4336 1240 4408 “3
1310 4335 1575 4391 lloniines
1626 4351 1758 4390 vero
1800 4336 1904 4389 etsi
1949 4350 2113 4403 quam
2163 4334 2399 4393 maxime

809 4428 945 4500 justi
1000 4427 1229 4491 fuerint,
1278 4442 1386 4479 non
1444 4426 1685 4495 perfecte
1746 4426 1871 4495 puri
1919 4433 2067 4478 sunt.
2118 4423 2400 4493 Siquidem

2493 3263 2657 3309 τινος,
2687 3244 2840 3313 φησὶ,
2868 3243 2928 3293 τὸ
2952 3242 3110 3310 ἔργον
3132 3238 3231 3290 οὐκ
3267 3239 3405 3289 οἴσει
3430 3236 3528 3301 τὴν
3562 3235 3654 3286 τοῦ
3698 3235 3869 3303 πυρὸς
3903 3250 4080 3300 ττροσ-

2496 3337 2679 3406 ϐολὴν,
2732 3335 2848 3387 ἀλλ’
2876 3331 3269 3400 ἐλεγχθήσεται
3296 3328 3356 3379 ὃν
3393 3327 3631 3396 πονηρὸν
3674 3326 3767 3378 καὶ
3799 3326 4081 3393 κατεκαή-

2497 3448 2669 3493 σεται,
2702 3426 3139 3498 ζημιωθήσεται,
3170 3421 3354 3490 φησίν.
3395 3421 3537 3490 Ἀρα
3571 3418 3665 3471 οῦν
3690 3418 3843 3470 οὐδὲν
3876 3418 4083 3484 ὠφεὶεί

2498 3526 2683 3585 πίστις
2737 3518 2896 3591 ὀρθὴ,
2942 3517 3112 3587 χωρὶς
3174 3514 3374 3584 έργων.
3411 3543 3477 3552 -
3521 3510 4081 3583 [ΟΙΚΟὶ“ΜΕΝΙΟΥ.]

2496 3613 2644 3685 *Αρα
2675 3613 2749 3683 μὴ
2779 3614 2874 3665 καὶ
2920 3610 3097 3671 οῦτως
3128 3606 3407 3675 δυνάμεθα
3434 3604 3657 3673 νοῆσαι;
3693 3603 3758 3655 Ol.
3800 3604 3899 3671 μὲν
3928 3606 4082 3655 οἰκο-

2496 3708 2831 3776 δομήσαντες
2860 3703 2961 3770 τὴν
3011 3699 3466 3767 εὐκατὰπρηστον
3503 3696 3658 3764 ὓλην,
3699 3695 3880 3748 τέλεον
3917 3696 4083 3747 ἐκϐέ-

2500 3798 2750 3867 ϐληνται.
2794 3792 3160 3861 Ἐςημίωνται
3191 3788 3300 3858 γὰρ
3331 3787 3509 3841 πάντα
3540 3786 3722 3839 αὐτῶν
3749 3786 3812 3837 τι
3843 3786 4086 3837 σπουδα-

2502 3903 2704 3957 σματα.
2746 3903 2764 3937 ι
2803 3880 2976 3945 Αὐτὸς
3007 3881 3064 3933 δὲ
3099 3878 3429 3948 σωθήσεται.
3456 3895 3475 3928 ι
3507 3876 3639 3941 Τίς;
3689 3877 3746 3927 '0
3797 3878 4085 3928 étozxoig-

2504 3982 2682 4049 μήσας
2714 3977 2808 4027 τὸν
2835 3972 3037 4043 χρυσὸν
3063 3969 3267 4025 καὶτὸν
3302 3968 3677 4037 ἄργυρον,καὶ
3704 3968 3827 4029 τοὺς
3863 3970 4083 4036 τιμίους

2502 4070 2707 4131 λίθους.
2742 4064 2930 4119 Εἰπὼν
2958 4064 3067 4132 γὰρ
3102 4061 3233 4130 περὶ
3280 4058 3444 4111 αὐτοῦ
3485 4060 3567 4109 δτι
3602 4057 3794 4125 μισθὸν
3826 4057 4083 4127 λήψεται,

2500 4162 2598 4215 νῦν
2658 4160 2810 4225 λέγει
2862 4157 3015 4207 ποῖον
3074 4151 3288 4223 μισθὸν,
3328 4149 3577 4201 τουτέστι
3636 4149 3735 4217 τὴν
3783 4152 4083 4219 σωτηρίαν.

2503 4252 2818 4321 Σωθὴσεται
2852 4247 2910 4301 δέ
2945 4262 3009 4313 γε
3040 4242 3331 4304 ἐπωδύνως
3368 4239 3463 4292 καὶ
3486 4240 3668 4302 αὐτὸς,
3702 4240 3778 4299 ὡς
3815 4238 3961 4299 εἰκὸς
3997 4240 4087 4288 τὸν

2502 4345 2593 4399 δια
2662 4342 2836 4411 πυρδς
2909 4336 3219 4408 παριόντα,
3288 4336 3385 4386 καὶ
3446 4331 3914 4401 ἐκκαθαιρόμενον
3995 4332 4088 4382 τὶν

2505 4439 2696 4492 ἐνόντα
2770 4431 2921 4501 αὺτῷ
2980 4430 3188 4499 βραχὺν
3247 4426 3438 4497 ῥύπον.
3513 4424 3649 4476 Θεοῦ
3714 4426 3825 4492 γὰρ
3896 4425 4085 4491 μόνον,

814 4519 1025 4574 dictum
1071 4527 1178 4582 est,
1224 4516 1372 4586 quod
1418 4518 1474 4570 in
1516 4517 1706 4569 multis
1747 4515 1986 4570 labimur
2026 4528 2221 4568 omnes
2245 4514 2309 4578 ⁷⁸,
2341 4526 2380 4567 c‘

2503 4531 2566 4586 τὸ
2615 4528 2815 4588 τελέως
2858 4522 3268 4593 ἀναμάρτητον,
3301 4516 3368 4571 Οἱ
3414 4517 3472 4569 δὲ
3532 4515 3812 4584 ἄνθρωποι
3870 4517 3974 4567 κᾶν
4006 4518 4089 4566 δτι

821 4630 839 4662 ι
875 4610 1073 4665 Nullus
1119 4624 1295 4679 purus
1326 4619 1413 4662 est
1449 4624 1480 4661 a
1511 4617 1761 4677 peccato,
1800 4622 1867 4661 ne
1901 4607 1948 4661 si
1984 4607 2149 4661 unius
2175 4606 2398 4677 quidem

816 4702 925 4757 diei
962 4702 1036 4757 sit
1070 4702 1183 4755 vita
1215 4703 1335 4772 ejus
1357 4702 1424 4755 ⁷⁷.
1459 4718 1476 4750 ι
1517 4700 1657 4754 Nam
1699 4698 1980 4752 Malacbiaa
2011 4697 2220 4753 dictum
2248 4706 2332 4751 est
2355 4697 2400 4728 ⁷⁸

817 4796 965 4867 quod
1002 4805 1259 4863 tanquam
1296 4795 1476 4864 ignem
1517 4792 1573 4846 in
1610 4790 1854 4857 fornace,
1887 4801 1945 4846 et
1984 4799 2239 4861 tanquam
2272 4790 2401 4845 ber-

819 4895 945 4948 bam
980 4893 1252 4947 fullonum
1288 4890 1557 4961 quosdam
1584 4890 1772 4944 abluet
1802 4889 1949 4944 Deus
1978 4898 2035 4943 et
2066 4888 2398 4959 purificabit.

824 5007 841 5037 ι
878 4986 1001 5055 Ipse
1030 5000 1163 5038 vero
1194 4983 1533 5039 servabitur.
1566 5001 1583 5033 ι
1621 4980 1779 5049 Quod
1820 4981 1899 5036 ait
1936 4998 1954 5031 ι
1995 4980 2340 5044 Servabitur,
2378 4997 2397 5029 ι

821 5074 1165 5132 tantumdem
1191 5083 1274 5129 est
1304 5091 1368 5130 ac
1393 5075 1438 5129 si
1480 5075 1631 5129 dicat
1675 5091 1688 5126 :
1736 5073 1856 5127 Non
1891 5072 2114 5126 tolletur
2140 5088 2171 5124 e
2200 5070 2404 5134 medio,

821 5184 1002 5238 neque
1026 5176 1338 5223 revertetur
1366 5168 1421 5220 in
1448 5168 1708 5230 nihilum,
1733 5163 2197 5235 quemadmodum
2230 5179 2407 5233 prava:

820 5261 942 5330 ejus
976 5261 1245 5315 actiones.
1289 5260 1425 5315 Nam
1476 5259 1591 5315 bzec
1610 5274 1788 5329 usque
1820 5258 1887 5311 ad
1922 5257 1974 5311 id
2010 5266 2227 5325 tempus
2257 5256 2407 5310 exsi-

822 5353 1082 5408 stentiam
1133 5354 1339 5409 habere
1386 5354 1720 5409 videbantur
1762 5364 1816 5407 et
1865 5354 2105 5418 ﬁebant;
2146 5353 2401 5407 veniente

822 5455 1005 5499 autem
1039 5461 1108 5499 eo
1136 5445 1225 5499 die
1264 5456 1321 5501 et
1362 5448 1505 5517 igne,
1547 5448 1676 5516 ipsa!
1707 5446 1930 5515 quidem
1959 5461 2111 5499 vanae
2145 5454 2201 5500 et
2236 5461 2402 5499 cassa:

824 5535 1159 5601 eﬂieiuntur,
1201 5554 1380 5608 neque
1408 5540 1648 5609 amplius
1684 5538 1805 5592 fieri
1846 5546 2077 5607 possunt
2110 5553 2122 5588 :
2163 5546 2402 5591 attamen

825 5626 993 5683 homo
1022 5629 1116 5697 qui
1153 5628 1275 5683 illas
1304 5640 1567 5699 operatus
1586 5637 1692 5695 est,
1728 5643 1840 5683 non
1864 5629 2026 5682 simul
2056 5644 2179 5681 cum
2212 5630 2289 5681 eis
2326 5629 2407 5679 in-

906 5806 951 5838 τ’
979 5804 1139 5863 Joan.
1170 5822 1279 5875 inv,
1307 5808 1360 5862 2.
1440 5809 1485 5840 ⁷⁸
1523 5805 1640 5864 Jac.
1670 5823 1751 5874 ιιι,
1781 5808 1837 5863 2.

1916 5810 1955 5840 ⁷⁷
1988 5807 2093 5864 Job
2126 5823 2234 5873 xiv,
2263 5807 2313 5872 -ι,
2343 5806 2394 5873 5,
2427 5818 2542 5860 sec.
2578 5801 2742 5858 LXX.

2510 4621 2747 4694 μάλιστα
2814 4611 2916 4669 ὦσι
2992 4614 3212 4676 δίκαιοι,
3295 4612 3355 4662 οὐ
3414 4610 3597 4662 τέλεόν
3662 4608 3770 4660 εἰσι
3830 4608 4088 4676 καθαροί.

2508 4714 2738 4783 Εἴρηται
2769 4710 2877 4779 γὰρ
2903 4708 2983 4759 δτι
3018 4703 3189 4757 πολλὰ
3234 4700 3502 4768 πταίομεν
3540 4700 3761 4760 πάντες,
3826 4697 3925 4747 καὶ
3994 4700 4089 4749 οὑ-

2507 4805 2617 4867 δεὶς
2649 4800 2892 4871 καθαρὸς
2938 4797 3047 4851 ἀπὸ
3091 4793 3394 4864 ἁμαρτίας,
3427 4791 3535 4844 οὐδ’
3570 4789 3636 4842 ἂν
3672 4788 3771 4857 μία
3821 4787 4013 4857 ἡμέρα
4062 4791 4093 4841 ὁ

2511 4899 2623 4968 βίος
2654 4893 2845 4949 αὐτοῦ.
2878 4893 3107 4964 Εἴρηται
3133 4888 3242 4958 γὰρ
3279 4886 3376 4939 καὶ
3433 4884 3510 4955 τῷ
3548 4883 3829 4953 Μαλαχίᾳ,
3884 4884 3968 4935 δτι
4014 4884 4094 4946 ὡς

2512 4989 2624 5058 πῦρ
2661 4989 2720 5039 ὲν
2772 4981 3129 5055 χωνευτηρίῳ
3184 4979 3279 5031 καὶ
3328 4977 3467 5030 πόαν
3516 4976 3847 5035 πλυνόντων,
3900 4976 4097 5027 πλυνεῖ

2507 5081 2602 5135 καὶ
2625 5078 2913 5146 καθαρῑσει
2942 5076 2970 5127 ὁ
2994 5074 3124 5135 Θεός
3162 5089 3335 5134 τινας.
3381 5090 3398 5121 ι
3436 5068 3609 5130 Αὐτὸς
3639 5068 3693 5119 δὲ
3728 5067 4049 5135 σωθήσεται.
4068 5086 4089 5116 ι

2506 5171 2782 5247 -[ΦΩΤ.]
2809 5170 2885 5222 Τὸ
2909 5188 2925 5219 ι
2953 5166 3288 5236 Σωθήσεται,
3318 5184 3335 5215 i
3357 5162 3639 5216 τουτέστιν
3656 5162 3755 5214 οὐκ
3785 5159 4093 5227 ἀφανισθή-

2511 5279 2685 5324 σεται,
2718 5258 2839 5311 οὐδὲ
2886 5258 2966 5318 εἰς
2997 5256 3056 5308 τὸ
3105 5255 3179 5324 μὴ
3225 5254 3284 5306 ὃν
3325 5254 3591 5322 χωρήσει,
3622 5250 3813 5320 ὥσπερ
3852 5252 3908 5303 αἱ
3946 5250 4093 5321 ττρά-

2511 5357 2623 5421 ξεις
2657 5350 2819 5404 αὐτοῦ
2854 5351 2909 5402 αἱ
2936 5348 3191 5417 πονηραί,
3227 5341 3397 5399 Αῦται
3448 5346 3574 5413 γὰρ,
3632 5345 3797 5413 μέχρι
3847 5344 3949 5413 μὲν
3998 5342 4096 5394 τοῦ

2512 5447 2706 5517 καιροῦ
2766 5445 2999 5505 ἐκείνου,
3064 5443 3163 5510 τὴν
3218 5437 3452 5509 ὓπαρξιν
3513 5438 3657 5506 ἔχειν
3710 5436 3935 5488 ἐδόκουν
4001 5436 4099 5486 καὶ

2513 5543 2866 5607 ὲττράττοντο.
2917 5534 3209 5603 Ἐλθούσης
3258 5532 3313 5583 δὲ
3357 5532 3454 5599 τῆς
3479 5531 3689 5600 ἡμέρας
3739 5529 3957 5597 ἐκείνης
4002 5527 4099 5579 καὶ

2516 5628 2613 5681 τοῦ
2646 5625 2840 5696 πυρὸς,
2868 5620 3028 5678 αὗται
3061 5624 3158 5692 μὲν
3192 5620 3411 5691 φροῦδοι
3444 5621 3723 5687 γεγόνασι,
3762 5619 3902 5690 μήτε
3932 5614 4095 5675 εἶναι,

2820 5802 2864 5833 ⁷⁸
2906 5798 3137 5854 Malacli.
3173 5813 3253 5863 ιιι,
3288 5797 3344 5861 2,
3379 5797 3434 5849 5.
