4194 6468
163 400 267 464 677

1092 393 1478 457 COMMENT.
1514 394 1597 453 IN
1623 394 1860 456 EPIST.
1904 396 1933 456 Ι
1972 398 2071 456 ΑΙ)
2107 397 2471 461 (ΣΟΒῘΝΤῙῙ.

3319 406 3426 471 678

166 513 304 585 μήτε
334 506 679 580 πράττεσθαι
718 507 1035 579 δυναμεναι.
1093 508 1150 560 Ὀ
1203 508 1300 577 μέν
1331 524 1412 559 τοι
1448 525 1742 577 καταπρα-

1852 509 2151 576 terimitur,
2189 510 2284 567 sed
2310 518 2499 566 manet
2534 524 2600 565 ac
2618 520 2893 578 servatur,
2929 512 3299 583 pmnasluens
3327 534 3427 588 per

162 606 395 674 ξάμενος
432 600 932 673 ausa;dv09w1t0;,
958 601 1020 654 οὐ
1058 602 1466 668 συναναιρεῖται
1508 601 1738 663 ταύταις

162 697 256 752 καὶ
300 693 649 764 ἀφανίζεται,
692 692 831 747 ἀλλά
892 694 1043 762 μένει
1075 691 1172 745 καὶ
1220 690 1475 755 σώζεται,
1509 691 1608 761 τὴν
1660 692 1748 745 διὰ

159 786 332 858 πυρὸς
359 785 520 855 δίκην
548 781 755 846 τιννὺς.
780 781 879 835 Διὰ
921 781 1080 835 τοῦτο
1124 780 1233 850 γὰρ
1274 779 1467 845 εἰπὼν,
1497 798 1514 832 ι
1557 781 1746 851 Σωθή-

160 894 337 940 σεται,
368 893 387 927 s
426 875 707 945 ἐπήγαγεν
737 872 1058 944 ἑρμηνεύων
1084 871 1202 934 πῶς
1225 871 1554 941 σωθήσεται,
1592 891 1609 924 ι
1638 871 1746 925 Οὓ-

157 986 265 1029 τω;
307 968 384 1031 ὡς
414 967 503 1019 διὰ
536 966 728 1037 πυρὸς,
764 984 783 1017 s
820 964 1118 1028 τουτέστιν,
1151 965 1229 1025 είς
1262 963 1418 1016 τοῦτο
1468 964 1620 1034 μένει
1655 963 1748 1015 καὶ

161 1060 420 1127 σώζεται,
472 1060 555 1123 είς
600 1059 662 1112 τὸ
711 1058 801 1113 διὰ
834 1057 1008 1129 πυρὸς
1058 1056 1149 1110 τὸν
1199 1057 1370 1109 αίῶνα
1402 1055 1744 1120 κολάζεσθαι.

171 1150 257 1201 Ἐν
288 1152 356 1219 τῇ
390 1148 660 1220 ἑρμηνείᾳ
689 1148 782 1201 τοῦ
828 1146 1072 1211 Ἡσαΐου,
1099 1146 1127 1197 ὁ
1154 1148 1210 1199 ὲν
1240 1146 1414 1214 ἁγίοις
1445 1145 1745 1211 Βασίλειος,

157 1240 417 1311 δεύτερον
445 1238 809 1311 ἐπιμνησθεὶς
834 1238 929 1291 τοῦ
960 1236 1153 1309 ῥητοῦ,
1195 1237 1289 1290 ἐπὶ
1321 1239 1589 1306 καθάρσει
1618 1238 1748 1289 αὐτὸ

158 1333 403 1400 ἐδέξατο.
439 1350 459 1384 s
512 1333 600 1395 Ὦς
629 1331 718 1384 διὰ
768 1330 956 1401 πυρός.
999 1348 1018 1381 ι
1059 1330 1199 1383 Ὃλα
1232 1330 1617 1401 μεταφορικῶς
1665 1326 1747 1382 εί-

157 1438 283 1484 πεν,
324 1420 444 1473 ἀλλ’
479 1421 582 1489 δρα
605 1437 619 1452 ο
653 1420 767 1489 Οὐχ
790 1418 983 1491 ὥσπερ
1009 1419 1070 1472 τὸ
1103 1418 1323 1488 φορτίον
1356 1419 1559 1472 καυθὲν
1586 1420 1663 1482 είς
1688 1420 1749 1472 τὸ

160 1512 331 1583 μηδὲν
368 1513 613 1582 χωρήσει
643 1512 740 1565 καὶ
769 1511 953 1575 αὐτὸς,
993 1511 1130 1565 ἀλλὰ
1157 1512 1211 1564 τί
1224 1529 1239 1578 ;
1281 1531 1299 1563 ι
1342 1511 1515 1575 Αὐτὸς
1555 1513 1612 1565 δὲ
1640 1529 1749 1565 σω-

158 1605 412 1673 θήσεται,
452 1621 469 1653 s
510 1602 795 1670 Σωτηρίαν
850 1601 1050 1666 καλῶν,
1116 1602 1214 1673 τὴν
1277 1602 1365 1654 ἀεὶ
1416 1605 1469 1653 ἑν
1508 1602 1585 1673 τῷ
1618 1604 1750 1674 πυρὶ

157 1694 325 1765 ζωὴν,
387 1694 484 1747 καὶ
535 1695 596 1746 τὸ
640 1694 703 1745 ὲν
753 1692 903 1763 αὐτῷ
935 1692 1321 1757 διασώζεσθαι.
1360 1694 1504 1764 Ὅρα
1536 1696 1647 1764 γὰρ
1696 1693 1749 1746 τί

158 1787 505 1858 προσέθηκεν
533 1802 548 1816 ⁸
575 1786 761 1848 Οὕτως
793 1786 869 1849 δὲ,
908 1786 1097 1855 φησὶν,
1124 1786 1200 1848 ὡς
1238 1785 1325 1839 διὰ
1351 1787 1525 1856 πυρὸς
1543 1827 1555 1847 ,
1590 1802 1749 1838 τουτ-

1849 603 2052 671 ignem.
2096 603 2178 658 0b
2216 606 2321 659 hoc
2353 605 2498 660 enim
2527 620 2653 659 cum
2686 604 2933 671 dixisset,
2970 624 2991 659 ι
3024 605 3369 672 Servabitur,
3404 630 3422 662 ι

1848 693 2133 763 subjungit
2167 694 2457 751 declarans
2477 694 2759 765 quomodo
2780 697 3091 752 servabitur
3118 713 3132 750 :
3168 716 3187 749 ι
3218 697 3310 754 Sic
3346 709 3429 754 ta-

1848 800 1973 838 men
2005 793 2066 837 ut
2100 801 2199 855 per
2226 786 2431 856 ignem,
2470 806 2488 838 ι
2524 788 2630 843 hoc
2654 795 2758 852 est,
2785 787 2852 841 ad
2880 788 2985 843 hoc
3013 797 3199 845 manet
3228 799 3282 846 et
3309 806 3429 846 scr—

1849 889 2008 932 vatur
2037 886 2097 931 ut
2128 894 2228 949 per
2258 879 2438 950 ignem
2469 882 2730 948 puniatur
2757 882 2811 934 in
2840 879 3125 936 saeculum.
3158 882 3213 936 ln
3250 882 3428 938 inter-

1848 968 2161 1037 pretatione
2209 969 2361 1024 Isaiae
2405 970 2567 1023 divus
2605 970 2841 1024 Basilius
2886 970 3025 1024 facta
3069 971 3233 1042 hujus
3271 959 3455 1029 verbi

1849 1058 2153 1125 mentione,
2180 1074 2282 1129 pro
2308 1059 2694 1130 puriﬁcatione
2723 1062 2902 1130 ipsum
2926 1061 3146 1133 accipit.
3186 1082 3203 1113 ι
3233 1063 3302 1118 Ut
3333 1081 3433 1133 per

1850 1148 2054 1217 ignem.
2090 1170 2108 1202 ι
2147 1151 2337 1205 Omnia
2372 1152 2747 1222 metaphorice
2778 1152 2916 1207 dixit
2947 1170 2960 1207 :
2993 1153 3090 1209 sed
3120 1153 3245 1210 vide
3272 1171 3286 1208 :
3312 1155 3432 1210 Non

1849 1241 2006 1310 quasi
2038 1243 2174 1297 lacis
2202 1251 2430 1298 exustus
2449 1245 2514 1299 ad
2538 1245 2774 1300 nihilum
2803 1245 3104 1316 redigetur,
3131 1246 3228 1301 sed
3261 1246 3435 1317 quid?

1858 1352 1874 1383 ι
1915 1333 2035 1402 Ipse
2078 1347 2213 1387 vero
2252 1335 2587 1390 servabitur.
2631 1354 2650 1387 ι
2696 1336 3185 1393 Conservationem
3228 1355 3435 1396 vocans

1849 1424 2015 1476 vitam
2038 1439 2160 1493 qua:
2190 1439 2410 1494 semper
2443 1426 2499 1479 in
2531 1425 2656 1496 igne
2684 1435 2880 1498 agetur
2903 1436 2961 1482 et
2994 1428 3175 1497 ipsum
3203 1444 3433 1483 conser-

1848 1514 1966 1567 vari
1995 1515 2048 1568 in
2076 1516 2190 1570 illo.
2216 1516 2351 1570 Nam
2380 1516 2506 1572 vide
2529 1517 2660 1587 quid
2688 1518 2965 1573 addiderit
2991 1536 3003 1571 :
3037 1519 3129 1574 Sic
3160 1530 3342 1575 tamen
3374 1532 3434 1576 ut

1849 1621 1949 1674 per
1984 1606 2163 1676 ignem
2198 1624 2213 1660 :
2252 1609 2358 1661 hoc
2389 1618 2494 1673 est,
2530 1610 2604 1662 ita
2642 1611 2956 1664 servabitur
2996 1620 3056 1665 ut
3090 1612 3183 1681 qui
3222 1612 3275 1665 in
3310 1613 3434 1682 igne

1851 1704 2124 1761 servatur,
2162 1695 2213 1749 id
2247 1706 2353 1762 est,
2380 1696 2632 1752 exuritur
2655 1712 2758 1752 nec
2781 1698 3147 1753 consumitur.
3172 1698 3257 1752 Ne
3284 1700 3434 1754 enim

1849 1787 2327 1841 conservationem
2365 1788 2618 1853 audiens,
2653 1790 2724 1844 ob
2750 1790 2954 1845 bonum
2982 1793 3223 1847 nominis
3249 1808 3433 1858 omen,

156 1880 323 1943 ἐστιν,
361 1879 539 1940 οὕτως
590 1876 919 1946 σωθήσεται,
970 1877 1049 1939 ὡς
1112 1878 1170 1929 ὲν
1223 1878 1359 1947 πυρὶ
1416 1876 1745 1944 σωζόμενος,

1852 1877 2136 1931 existimes
2154 1881 2484 1947 supplicium
2508 1896 2675 1949 Opera
2696 1882 2963 1937 duntaxat
2984 1884 3280 1952 respicere,
3296 1898 3437 1952 opus

156 1972 401 2024 τουτέστι
462 1969 939 2037 κατακαιόμενος,
993 1968 1090 2021 καὶ
1157 1968 1234 2037 μὴ
1291 1967 1740 2038 ἁναλισκόμενος.

1851 1966 1953 2023 fuit
1986 1969 2087 2023 hac
2113 1970 2393 2026 additione
2425 1989 2438 2025 :
2468 1973 2587 2043 Ipse
2619 1974 2930 2028 servabitur
2956 1991 3053 2045 per
3080 1977 3258 2045 ignem
3286 1991 3434 2031 sem-

159 2065 273 2115 ’Ίνα
307 2064 419 2133 γὰρ
475 2065 550 2133 μὴ
602 2063 880 2133 σωτηρίαν
937 2060 1175 2125 ἁκούων,
1231 2060 1309 2129 τῷ
1363 2060 1594 2129 εὐφήμῳ
1648 2057 1741 2112 τοῦ

1851 2076 1951 2130 per
1975 2062 2198 2117 ardens.
2228 2064 2361 2118 Nam
2400 2066 2505 2120 hoc
2527 2067 2801 2136 signiﬁcat
2830 2068 3003 2122 dictio
3030 2068 3125 2131 ὼς,
3148 2069 3201 2123 id
3225 2078 3328 2131 est,
3354 2077 3434 2123 ut.

156 2157 422 2224 ὀνόματος
465 2156 695 2228 νομίσῃς
722 2155 855 2225 ἄχρι
878 2153 974 2207 τοῦ
1006 2153 1074 2207 τὰ
1104 2152 1243 2223 ἔργα
1266 2152 1616 2220 κατακαῆναι
1658 2151 1757 2222 τὴν
1805 2153 2080 2225 τιμωρίαν
2121 2153 2281 2221 εἶναι,
2308 2157 2506 2226 ἐδεήθη
2570 2159 2775 2228 ταύτης
2814 2158 2915 2227 τῆς
2960 2158 3303 2229 προσθήκης,
3374 2158 3438 2211 τὸ

157 2251 322 2312 Αὐτὸς
351 2249 660 2318 σωθήσεται
690 2248 778 2301 διὰ
808 2249 979 2318 πυρὸς
1003 2247 1290 2316 καιόμενος
1321 2246 1428 2309 ἀεὶ,
1454 2244 1611 2298 τοῦτο
1633 2247 1743 2317 γὰρ
1781 2246 1934 2318 δηλοῖ
1966 2249 2049 2310 τὸ,
2077 2249 2175 2314 ὡς.

227 2346 356 2398 Οὐκ
397 2342 601 2396 οἴδατε
650 2342 739 2394 ὅτι
770 2341 919 2407 ναὸς
957 2340 1106 2395 Θεοῦ
1134 2341 1297 2401 ἐστε,
1330 2338 1428 2392 καὶ
1457 2338 1521 2391 τὸ
1550 2339 1733 2391 Πνεῦ-

1922 2340 2014 2404 Ill,
2050 2341 2236 2396 16-19.
2285 2346 2366 2397 An
2409 2345 2618 2398 nescitis
2650 2344 2790 2415 quod
2816 2343 3071 2414 templum
3102 2344 3200 2399 Dei
3224 2346 3359 2410 sitis,
3386 2354 3437 2399 et

155 2454 234 2506 μα
259 2434 372 2489 τοῦ
402 2434 555 2487 Θεοῦ
582 2434 735 2487 οἰκεῖ
767 2433 836 2485 ὲν
870 2432 1048 2501 fudi“;
1076 2431 1132 2484 ετ
1185 2448 1273 2495 τις
1312 2431 1421 2482 τὸν
1459 2429 1611 2481 ναὸν
1639 2429 1747 2482 τοῦ

1851 2433 2082 2504 Spiritus
2122 2435 2215 2490 Dei
2241 2438 2435 2491 habitet
2471 2439 2525 2491 in
2565 2438 2704 2491 vobis
2728 2438 2754 2491 Ρ
2799 2437 2861 2491 Si
2898 2438 3015 2507 quis
3053 2438 3302 2507 templum
3342 2437 3439 2492 Dei

158 2528 305 2583 Θεοῦ
329 2528 580 2597 φθείρει,
611 2525 817 2594 φθερεῖ
834 2525 1051 2577 τοῦτον
1084 2525 1116 2576 ό
1167 2523 1331 2586 Θεός.
1383 2520 1444 2573 ’0
1468 2519 1578 2590 γὰρ
1602 2521 1748 2586 ναὸς

1851 2526 2126 2591 profanat,
2176 2527 2313 2578 hunc
2368 2528 2549 2595 perdet
2611 2526 2773 2581 Deus.
2837 2526 2977 2580 Nam
3029 2527 3287 2597 templum
3332 2527 3434 2582 Dei

160 2621 263 2675 τοῦ
302 2618 457 2675 Θεοῦ
490 2618 659 2686 ἅγιός
691 2618 883 2680 ἐστιν,
934 2616 1155 2680 οἵτινές
1203 2613 1344 2666 ἐστε
1394 2613 1588 2682 ὑμεῖς.
1623 2616 1748 2679 Μη-

1851 2626 2094 2670 sanctum
2126 2627 2222 2684 est,
2250 2620 2387 2689 quod
2416 2621 2538 2673 estis
2571 2636 2679 2674 vos.
2712 2619 2876 2673 Nemo
2898 2609 3139 2683 seipsum'
3162 2620 3339 2689 fallat.
3379 2617 3439 2673 Si

159 2711 278 2775 δεὶς
303 2709 527 2763 ἑαυτὸν
556 2706 929 2771 ἐξαπατάτω.
959 2704 1142 2777 Ιεῖῖντις
1173 2703 1343 2756 δοκεῖ
1367 2706 1563 2772 σοφὸς
1589 2700 1743 2759 εἶναι

1853 2709 1970 2779 quis
2025 2709 2233 2761 videtur
2270 2711 2409 2761 inter
2458 2726 2545 2763 vos
2587 2710 2800 2779 sapiens
2844 2725 2954 2762 esse
2994 2711 3048 2762 in
3086 2712 3182 2763 hoc
3224 2711 3437 2779 sarculo,

159 2805 225 2857 ἐν
251 2803 420 2871 ὑμῖν,
461 2803 531 2855 ἐν
569 2804 651 2866 τῷ
690 2798 861 2857 αὶῶνι
889 2799 1095 2864 τούτῳ,
1118 2798 1316 2867 μωρὸς
1345 2797 1609 2867 γενέσθω
1642 2798 1740 2851 ἵνα

1851 2800 2040 2855 stultus
2090 2800 2187 2869 ﬁat
2240 2809 2296 2853 ut
2345 2802 2413 2854 sit
2461 2804 2693 2871 sapiens.
2745 2800 3020 2869 Sapientia
3067 2802 3207 2857 enim
3258 2805 3441 2858 mundi

162 2901 405 2968 γένηται
434 2900 651 2967 σορός.
693 2897 764 2952 Ἠ
786 2896 896 2965 γὰρ
914 2895 1103 2961 σοφία
1131 2893 1236 2946 τοῦ
1264 2895 1496 2957 κόσμου
1527 2893 1743 2947 τούτου

158 2996 345 3061 μωρία
382 2992 550 3060 παρὰ
588 2991 667 3054 τῷ
699 2989 819 3053 Θεῷ
849 2989 1040 3040 ἐστιν.

227 3087 325 3148 Εἰς
354 3084 450 3137 τὸν
484 3081 895 3152 πεπορνευκότα
925 3080 1006 3141 είς
1036 3078 1134 3149 τὴν
1164 3076 1439 3147 μητρυιὰν
1471 3075 1745 3128 εἰσϐαλεῖν

164 3177 302 3229 θέλει
364 3175 573 3238 λοιπὸν,
606 3174 701 3226 καὶ
728 3174 830 3241 ὅρα
885 3170 1000 3233 πῶς
1030 3169 1273 3240 ἀρμοδίῳ
1305 3168 1570 3238 κέχρηται
1613 3185 1748 3239 προ.

163 3270 346 3339 οιμίῳ,
382 3265 753 3336 ὲντρεπτικῶς
801 3264 985 3325 αὐτοῖς
1046 3262 1246 3314 λαλῶν.
1287 3279 1305 3312 ι
1344 3262 1453 3314 Καὶ
1483 3260 1545 3314 τὸ
1577 3260 1748 3313 Πνεῦ-

1849 2896 2007 2965 hujus
2032 2894 2263 2949 stultitia
2292 2904 2367 2948 est
2406 2911 2583 2947 coram
2619 2893 2743 2946 Deo.

1921 3070 2085 3142 444
2125 3072 2332 3125 Voleus
2371 3082 2782 3141 consequenter
2820 3071 3091 3127 adversus
3140 3073 3296 3128 illum
3342 3076 3439 3130 dc-

1853 3158 2077 3213 ﬂectere
2111 3176 2445 3225 sermonem,
2494 3161 2587 3230 qui
2625 3177 2749 3215 cum
2791 3176 3028 3216 noverca
3067 3163 3439 3233 scortabatur,

1853 3251 1977 3305 vide
2000 3267 2162 3320 quam
2184 3259 2315 3319 apto
2341 3254 2409 3306 sit
2444 3267 2574 3305 usus
2605 3253 2891 3320 prommio,
2911 3268 3037 3308 cum
3068 3255 3441 3310 sollicitudine

169 3377 241 3429 μα
268 3360 364 3411 τοῦ
399 3358 540 3410 Θεοῦ
572 3358 713 3408 οἰκεῖ
758 3356 817 3407 ὲν
852 3354 1004 3423 ὑμῖν.
1036 3370 1055 3403 ι
1094 3351 1345 3421 Ἐπαίρει
1390 3351 1452 3405 τὸ
1493 3352 1747 3422 ἔγκλημα

1852 3358 2015 3412 quam
2046 3342 2113 3397 de
2140 3344 2273 3413 ipsis
2298 3344 2466 3398 habet
2489 3359 2585 3399 eos
2608 3345 2916 3413 auioquens.
2946 3364 2964 3396 ι
2990 3346 3055 3400 Ει
3089 3348 3318 3417 spiritus
3341 3349 3439 3403 Dei

166 3450 271 3502 ἀπὸ
330 3449 435 3515 τῆς
491 3447 736 3516 δωρεᾶς,
771 3445 1059 3509 τουτέστι,
1115 3443 1215 3509 τῆς
1277 3443 1609 3511 ινοικήσεως
1656 3442 1749 3495 τοῦ

172 3540 514 3610 Πνεῦματος.
552 3531 1206 3607 -[01ΚΟΥΜΕΝΙΟΥ.]
1248 3533 1313 3586 Εἰ
1344 3532 1400 3585 δὲ
1443 3534 1567 3594 ναὸς
1614 3532 1749 3587 Θεοῦ

166 3634 353 3701 ἐσμεν,
394 3629 586 3698 ἐπειδὴ
611 3627 672 3680 τὸ
694 3626 919 3695 Πνεῦμα
942 3623 1038 3678 τοῦ
1062 3623 1199 3679 Θεοῦ
1218 3625 1362 3676 οἰκεῖ
1381 3624 1440 3675 ὲν
1466 3625 1623 3691 ἡμῖν,
1642 3624 1751 3693 ἄρα

167 3726 295 3788 Θεὸς
338 3724 402 3777 τὸ
455 3720 704 3789 Πνεῦμα.
737 3717 949 3786 Φθερεῖ
968 3716 1160 3772 τοῦτον
1182 3718 1209 3769 ὁ
1260 3715 1416 3778 Θεός.
1447 3708 1571 3767 Οἴον
1601 3714 1749 3767 ἀπο-

167 3817 275 3871 λεῖ.
310 3816 489 3869 Τοῦτο
518 3814 599 3874 δὲ,
633 3813 693 3863 οὐ
730 3809 1148 3881 καταρωμένου,
1203 3807 1339 3859 ἀλλὰ
1382 3805 1444 3857 τὸ
1497 3804 1751 3873 ἐσόμενον

170 3910 554 3979 προλέγοντος.
593 3924 611 3956 ι
656 3904 715 3956 Ὀ
744 3902 853 3972 γὰρ
881 3900 1009 3962 ναὸς
1065 3898 1158 3952 τοῦ
1198 3895 1334 3951 Θεοῦ
1366 3896 1520 3964 ἅγιός
1551 3898 1685 3949 ἐστι.
1728 3912 1745 3946 ι

170 3999 478 4069 Τοιγαροῦν
512 3995 701 4064 ἐπειδὴ
749 3994 902 4061 ἅγιός
953 3993 1103 4044 ἐστιν
1152 3992 1182 4042 ὁ
1227 3989 1375 4051 ναὸς,
1409 3986 1565 4054 ἅγιον
1614 3987 1753 4055 ἔχων

170 4094 255 4144 τὸν
298 4087 646 4150 ἐνοικοῦντα,
698 4084 760 4137 οὐ
812 4083 1038 4135 δύναται
1099 4076 1239 4133 εἶναι
1287 4080 1315 4131 ὁ
1367 4080 1562 4146 πόρνος
1627 4078 1752 4140 ναὸς

170 4183 327 4238 Θεοῦ.
363 4181 466 4242 Τίς
495 4179 551 4231 δὲ
579 4179 608 4230 ὁ
631 4174 725 4229 τοῦ
754 4173 888 4227 Θεοῦ
908 4173 1059 4237 ναός;
1098 4172 1287 4239 Ὑμεῖς
1316 4169 1537 4239 δηλαδὴ,
1569 4170 1618 4219 εἰ
1650 4185 1751 4220 καο

172 4276 327 4346 Θαρο“ι
358 4274 611 4343 μείνητε.
654 4286 672 4317 ι
730 4267 935 4337 Μηδεὶς
984 4263 1177 4317 ἑαυτὸν
1210 4262 1556 4329 ἐξαπατάτω.
1592 4279 1611 4312 ι
1644 4260 1752 4312 Νο-

1808 3434 1818 3461 έ
1854 3434 2067 3490 habitat
2099 3436 2151 3489 in
2179 3436 2354 3490 vobis.
2388 3454 2406 3487 ι
2443 3436 2734 3490 Peccatum
2763 3444 2927 3507 auget
2952 3454 3019 3492 ex
3044 3439 3214 3501 dono,
3240 3456 3439 3509 nempe

1853 3524 2256 3579 inhabitatione
2291 3523 2551 3594 Spiritus.
2572 3556 2642 3565 —
2670 3526 2725 3579 Si
2753 3541 2885 3579 vero
2920 3528 3185 3597 templum
3221 3529 3312 3583 Dei
3343 3546 3441 3584 su-

1854 3630 1976 3668 mus
1999 3630 2065 3668 ex
2091 3630 2159 3669 eo
2188 3615 2337 3683 quod
2380 3614 2620 3683 Spiritus
2663 3614 2719 3667 in
2766 3613 2929 3668 nobis
2970 3614 3206 3678 habitat,
3248 3617 3440 3685 utique

1853 3704 2096 3774 Spiritus
2133 3715 2218 3759 est
2264 3706 2428 3759 Deus.
2474 3724 2491 3756 ι
2538 3705 2734 3773 Φθερεῖ
2764 3707 2903 3759 hunc
2941 3706 3107 3773 Deus,
3151 3726 3170 3759 ι
3220 3708 3323 3763 hoc
3358 3718 3441 3763 est

1853 3799 2066 3861 ἀπολεῖ,
2105 3798 2157 3852 id
2191 3807 2296 3861 est,
2335 3799 2520 3867 perdet
2561 3798 2739 3867 (prius
2773 3809 2957 3854 autem
2991 3799 3226 3871 φθείρει,
3260 3803 3441 3871 profu-

1856 3900 1967 3953 nat,
1999 3892 2311 3958 vertimus),
2343 3889 2457 3944 Hoc
2490 3900 2675 3947 autem
2707 3907 2819 3945 non
2837 3894 3179 3947 exsecrantis
3206 3902 3310 3959 est,
3344 3893 3440 3947 sed

1854 3981 2001 4050 quod
2035 3981 2280 4034 futurum
2312 3989 2395 4035 est
2426 3980 2797 4050 prtedicentis.
2832 4000 2851 4032 ι
2885 3981 3019 4036 Nam
3054 3984 3312 4051 templum
3343 3985 3437 4039 Dei

1854 4081 2104 4126 sanctum
2142 4081 2247 4125 est.
2283 4091 2299 4122 ι
2343 4070 2612 4135 Quoniam
2662 4072 2827 4141 igitur
2874 4082 3125 4125 sanctum
3168 4082 3254 4126 est
3297 4084 3401 4127 ten;

1854 4164 2003 4232 plum
2040 4163 2184 4231 quod
2215 4172 2464 4215 sanctum
2500 4161 2661 4215 habet
2696 4162 3152 4226 inhabitatorem,
3189 4178 3298 4218 non
3339 4181 3437 4234 po.

1859 4264 1963 4308 test
1998 4262 2268 4307 scortator
2315 4253 2576 4321 templum
2623 4268 2743 4307 esse
2790 4254 2907 4307 Dei.
2954 4253 3088 4320 Quis
3127 4264 3309 4309 autem
3353 4267 3439 4310 est

175 4345 347 4437 μίζων
373 4363 509 4417 ἄλλο
533 4379 585 4414 τι
624 4355 766 4413 εἶναι
810 4357 965 4429 παρὰ
988 4357 1060 4408 τὰ
1106 4355 1393 4425 εἰρημένα,
1443 4353 1656 4422 φησίν.ι
1691 4353 1748 4405 Ei

1859 4347 2118 4415 templum
2170 4345 2314 4398 Dei?
2368 4360 2493 4410 vos,
2552 4345 2766 4413 inquit,
2824 4345 2868 4399 si
2921 4346 3043 4413 puri
3100 4348 3433 4401 manseritis.

171 4477 249 4521 τις
289 4458 444 4510 δοκεῖ
473 4453 632 4520 σοφὸς
661 4446 821 4503 εἶναι.
864 4467 882 4500 s
919 4446 1123 4514 Σοφοὺς
1158 4444 1393 4497 ἐνταῦθα
1419 4444 1574 4497 καλεῖ
1629 4445 1753 4506 τοὺς

173 4552 265 4622 τὴν
291 4546 647 4619 ἀνθρωπίνην
675 4542 867 4606 σοφίαν
897 4540 1139 4611 ἔχοντας.
1186 4556 1203 4588 ι
1229 4539 1431 4605 Μωρὸς
1455 4535 1746 4604 γενέσθω.»

171 4642 368 4712 Μοιρὸς
406 4639 621 4707 γίνεται
666 4636 725 4686 ὲν
757 4632 837 4702 τῷ
868 4632 1026 4684 αίῶνι
1052 4628 1249 4698 τούτῳ,
1274 4629 1303 4680 ὁ
1343 4627 1443 4697 τὴν
1475 4626 1752 4697 ἀνθρωπί-

1862 4456 1880 4489 ‹
1909 4437 2081 4490 Nemo
2116 4438 2358 4505 seipsuui
2395 4437 2567 4499 fallat,
2598 4454 2616 4485 ›
2646 4436 2969 4490 existimans
2997 4437 3254 4493 videlicet
3285 4438 3433 4492 aliud

1855 4545 1976 4585 esse
2001 4538 2199 4599 praeter
2222 4544 2284 4583 ea
2326 4543 2447 4596 quae
2499 4527 2643 4580 dicta
2690 4537 2839 4582 sunt.
2889 4547 2907 4579 ι
2956 4527 3167 4597 Siquis
3214 4529 3436 4584 videtur

1858 4623 2079 4692 sapiens
2107 4638 2248 4677 esse.
2274 4641 2290 4671 ›
2329 4620 2616 4689 Sapientes
2652 4622 2890 4689 appellat
2918 4622 3152 4677 humana
3178 4622 3437 4690 praeditos

172 4750 267 4802 νην
300 4730 582 4799 ἀτιμάσας
635 4724 863 4793 σοφίαν,
916 4723 1012 4775 καὶ
1063 4720 1219 4784 εἰδὼς
1263 4719 1431 4790 μηδὲν
1478 4718 1539 4782 ἐξ
1580 4719 1748 4789 αὐτῆς

1858 4715 2147 4786 sapientia.
2184 4734 2201 4765 ι
2228 4714 2441 4768 Stultus
2472 4714 2583 4768 ﬁat.
2617 4732 2635 4764 ›
2670 4714 2882 4769 Stultus
2908 4715 2976 4769 sit
3013 4714 3069 4769 in
3101 4714 3206 4771 hoc
3234 4718 3434 4771 seculo

173 4826 515 4896 ὠφελῆσθαι.
566 4820 738 4875 Τοῦτο
769 4818 879 4888 γὰρ
922 4816 1020 4887 τὴν
1070 4814 1276 4868 ἄνωθεν
1307 4812 1458 4883 αὑτῷ
1500 4812 1753 4881 προξενεῖ

178 4919 387 4988 σοφίαν.
446 4915 661 4984 Ὠσπερ
693 4913 803 4982 γὰρ
851 4912 887 4981 ἡ
920 4908 1068 4962 κατὰ
1124 4907 1259 4960 Θεὸν
1312 4906 1472 4959 πενία
1523 4904 1753 4967 πλοῦτός

177 5013 309 5074 ἐστι,
339 5012 439 5063 καὶ
464 5009 501 5077 ἡ
544 5003 731 5068 ἀδοξία
773 5002 923 5069 δόξα,
956 5000 1132 5063 οὕτως
1172 5000 1204 5069 ἡ
1239 4998 1384 5053 κατὰ
1412 4996 1542 5049 Θεὸν
1569 4996 1754 5065 μωρία

179 5103 334 5169 σοφία
385 5099 559 5153 ἐστίν.
596 5097 738 5165 Ὅρα
780 5093 872 5155 δέ,
917 5093 1017 5145 οὑκ
1060 5086 1237 5153 εἶπεν,
1295 5087 1605 5140 ’Δποθέσθω
1640 5088 1753 5155 ,τὴν

180 5195 387 5262 σοφίαν,
415 5189 556 5245 ἀλλὰ
591 5187 769 5257 δηλῶν
798 5186 874 5245 ὡς
906 5183 1179 5254 μεγίστως
1210 5180 1377 5243 αὐτῆς
1402 5179 1752 5248 καταφρονῆ-

181 5299 263 5335 σαι
306 5280 475 5352 χρεία
521 5272 666 5341 εἷπε,
730 5292 749 5327 ι
813 5272 1015 5344 Μωρδς
1052 5270 1294 5340 γενέσθω
1324 5270 1414 5322 καὶ
1442 5269 1680 5339 ἰδιώτης,
1729 5287 1748 5321 s

178 5375 451 5427 παιδεύων
484 5371 587 5441 τὴν
619 5368 749 5440 παρ’
792 5368 923 5437 ἡμῖν
974 5365 1051 5435 μὴ
1082 5363 1431 5432 αἰσχύνεσθαι
1467 5363 1750 5415 ίδιωτείαν.

184 5467 437 5535 Προξενεῖ
469 5464 583 5534 γὰρ
603 5464 737 5532 ἡμῖν
758 5459 965 5519 πίστιν,
986 5459 1047 5509 οὐ
1081 5455 1361 5524 λογισμοῖς
1393 5454 1751 5524 ἀνθρωπίνοις

180 5560 581 5629 ἐπιτρέπουσαν
628 5554 689 5606 τὸ
743 5552 1041 5621 μυστήριον
1072 5547 1167 5601 τοῦ
1203 5549 1343 5602 κατὰ
1373 5546 1606 5615 Χριστὸν
1653 5558 1753 5618 xq-

185 5648 479 5721 ρὺγματος,
509 5644 620 5701 οἷον
652 5644 817 5698 πόθεν
845 5644 1109 5709 λέγουσαν
1138 5639 1316 5707 δῆλον,
1351 5641 1431 5692 ὅτι
1459 5640 1487 5690 ὁ
1519 5639 1755 5708 Χριστὸς

185 5744 303 5806 Υἱός
356 5746 477 5796 ἐστι
522 5739 682 5805 Θεοῦ,
733 5737 767 5807 ἢ
820 5737 901 5789 ὅτι
949 5731 1370 5805 ὲνηνθρώπησεν
1405 5731 1752 5798 ὲρευνοῦσαν.

194 5837 254 5889 Ἡ
283 5835 387 5909 γὰρ
427 5832 595 5903 σοφία
651 5829 746 5884 τοῦ
786 5827 993 5899 κόσμου
1038 5825 1222 5878 τούτου
1278 5822 1458 5894 μωρία
1498 5822 1651 5893 παρὰ
1681 5822 1756 5891 τῷ

1859 4809 1951 4878 qui
1989 4808 2289 4862 humanum
2330 4816 2657 4875 aspernatur
2694 4806 3024 4875 sapientiam
3066 4806 3327 4877 novitque
3367 4822 3432 4861 ex

1859 4916 1921 4956 ea
1956 4901 2098 4954 nihil
2131 4915 2275 4954 vera:
2310 4899 2564 4954 utilitatis
2596 4898 2882 4954 accedere.
2918 4899 3034 4953 Hoc
3059 4900 3207 4953 enim
3239 4914 3434 4968 super-

1860 5016 1985 5056 nam
2014 5000 2116 5070 ipsi
2141 4999 2397 5055 conciliat
2422 4996 2768 5065 sapientiam.
2786 4993 3259 5061 Quemadmodum
3286 4994 3428 5048 enim

1859 5101 2155 5163 paupertas
2197 5088 2499 5145 secundum
2534 5087 2707 5140 Deum
2746 5084 2955 5138 divitiae
2996 5093 3144 5147 sunt,
3181 5094 3237 5137 et
3276 5085 3433 5153 igno-

1855 5184 2025 5238 minia
2054 5183 2226 5253 gloria
2256 5198 2269 5233 :
2305 5181 2378 5234 ita
2408 5179 2641 5233 stultitia
2673 5178 2974 5232 secundum
3007 5177 3176 5230 Deum
3212 5175 3432 5239 sanies]—

1854 5276 1927 5328 tia
1967 5283 2072 5329 est.
2118 5272 2253 5328 Vide
2301 5278 2483 5325 autem
2532 5268 2680 5338 quod
2734 5284 2843 5324 non
2890 5265 3092 5319 dixerit
3136 5282 3148 5317 :
3194 5266 3437 5335 Abjiciat

1854 5366 2202 5435 sapientiam,
2239 5364 2332 5419 scd
2365 5362 2681 5431 signiﬁcans
2717 5368 2972 5429 oportere
3008 5357 3155 5411 illam
3199 5358 3433 5411 maxime

1855 5457 2159 5526 despicere,
2184 5454 2325 5509 dixit
2350 5471 2363 5506 :
2399 5473 2417 5505 ι
2446 5452 2658 5508 Stultus
2685 5451 2775 5506 ﬁat
2801 5463 2847 5505 el
2881 5451 3072 5512 idiota,
3101 5470 3117 5499 ι
3152 5451 3435 5504 instruens

1860 5565 1930 5605 ne
1960 5566 2060 5605 nos
2088 5549 2294 5619 pudeat
2330 5547 2477 5617 apud
2502 5563 2604 5601 nos
2634 5547 2782 5616 ipsos
2819 5544 3162 5613 ignorantiae.
3205 5542 3339 5605 Nam
3376 5540 3437 5594 ﬁ-

1859 5643 1984 5698 dem
2030 5641 2193 5696 nobis
2229 5640 2511 5703 conciliat,
2553 5653 2674 5707 quae
2718 5636 3043 5705 mysterium
3091 5632 3436 5702 praedicatio-

1861 5736 1949 5790 nis
1991 5735 2060 5789 de
2096 5734 2314 5790 Christo
2364 5732 2620 5786 humanis
2657 5744 2765 5783 non
2804 5726 3081 5797 permittit
3103 5724 3432 5780 rationibus.

1862 5826 2029 5885 Verbi
2061 5842 2248 5897 causa,
2272 5824 2419 5881 unde
2449 5822 2553 5880 sibi
2588 5820 3091 5876 manifestumesse
3124 5815 3269 5873 dicit
3285 5812 3433 5886 quod
