4194 6468
171 392 271 458 C81

176 594 496 661 Ἀπολλὼς,
529 594 650 648 εἴτε
682 591 908 662 Κηφᾶς,
959 593 1081 648 site
1133 595 1394 662 κόσμος.
1445 592 1566 646 εἴτε
1611 592 1746 661 ζωὴ,

162 688 282 738 εἴτε
329 685 620 752 θάνατος’,
695 685 815 738 εἶτε
856 681 1159 738 ἐνεστῶτα
1187 723 1201 746 ,
1257 684 1378 737 εἴτε
1413 685 1746 752 μέλλοντα,

162 779 363 831 πάντα
401 777 572 847 ὑμῶν
610 777 801 844 ἐστιν,
840 778 1011 847 ὑμεῖς
1066 775 1134 828 δὲ
1176 777 1449 846 Χριστοῦ,
1494 777 1748 845 Χριστίς

158 866 225 920 δὲ
259 867 428 922 Θεοῦ.

228 961 402 1014 Πάλιν
452 960 646 1013 ἑαυτὸν
691 959 785 1013 καὶ
819 959 1026 1031 Πέτρον
1080 961 1173 1015 καὶ
1229 957 1476 1013 Ἀπολλῶ
1509 957 1746 1018 τέθεικε.

156 1053 280 1114 τοὺς
314 1052 672 1114 διδασκάλους
712 1052 893 1105 αὐτῶν
951 1052 1344 1121 αἰνιττόμενος,
1401 1049 1615 1111 δεικνὺς
1663 1050 1746 1105 ὅτι

155 1145 248 1197 καὶ
280 1145 603 1214 χαρίσματα
643 1145 710 1198 δι’
750 1146 949 1210 αὐτοὺς
977 1146 1320 1215 εἰλήφεισαν,
1359 1146 1456 1198 καὶ
1488 1143 1744 1196 διδάσκα-

155 1238 233 1289 λοι
261 1237 658 1308 προϐέϐληντο.
695 1238 868 1292 Τοῦτο
901 1239 958 1291 δὲ
993 1238 1200 1310 σφόδρα
1233 1239 1322 1291 τὸν
1356 1238 1465 1291 τῶν
1488 1236 1744 1290 διδασκά-

157 1330 260 1383 λων
289 1329 461 1398 τῦφον
491 1331 764 1400 καθαιρεῖ.
794 1331 1026 1384 Ἔπειτα
1059 1333 1282 1384 κάκεῖνο
1307 1328 1740 1399 παρασημαίνει,

155 1420 214 1473 ΕΞ
248 1421 386 1489 ἐγὼ,
422 1423 575 1491 φησὶ,
607 1423 701 1474 καὶ
727 1425 924 1492 Κηφᾶς
949 1424 1040 1474 καὶ
1079 1420 1354 1484 Ἀπολλὼς
1375 1419 1528 1491 ὑμῶν
1553 1421 1742 1490 ἐσμεν,

153 1515 320 1584 σχολῇ
353 1516 404 1582 γ’
426 1515 492 1568 ἂν
523 1517 572 1567 οἱ
603 1515 914 1569 διδάσκαλοι
947 1515 1101 1584 ὑμῶν
1134 1513 1364 1582 ὤφειλον
1413 1513 1558 1584 μέγα
1603 1529 1740 1580 φρο-

151 1611 286 1660 νεῖν.
329 1627 348 1659 ι
384 1609 507 1660 Εἴτε
542 1610 768 1678 κόσμος.
823 1626 840 1658 ι
896 1609 1006 1660 Καὶ
1050 1607 1234 1669 αὐτὸς,
1266 1607 1452 1674 φησὶν,
1482 1605 1511 1656 ὁ
1541 1605 1744 1674 κόσμος

153 1701 244 1753 καὶ
273 1703 308 1771 ή
344 1702 480 1770 ζωὴ,
520 1701 587 1754 δι’
623 1702 766 1769 ὑμᾶς
811 1701 929 1752 ἐστι
967 1700 1060 1752 καὶ
1097 1700 1307 1766 γέγονε,
1337 1699 1432 1751 καὶ
1460 1699 1487 1750 ὁ
1514 1697 1740 1761 θάνατος

149 1793 314 1855 αὐτὸς
358 1794 495 1864 πρὸς
535 1793 914 1864 σωφρονισμὸν
971 1793 1194 1860 γέγονεν
1223 1792 1512 1862 ὑμέτερον.
1558 1810 1575 1842 ι
1613 1789 1734 1843 Εἴτε

152 1887 450 1941 ἐνεστῶτα.
493 1907 512 1938 ι
565 1886 816 1939 Δείκνυσι
869 1885 1049 1939 πάντα
1105 1885 1172 1936 δι’
1213 1885 1410 1946 αὐτοὺς
1464 1882 1734 1951 γενόμενα

148 1981 242 2032 καὶ
275 1981 346 2032 τὰ
384 1979 656 2032 ἐνεστῶτα
699 1979 793 2032 καὶ
821 1977 890 2030 τὰ
917 1977 1198 2046 μέλλοντα.
1235 1996 1252 2026 ι
1290 1976 1473 2028 Πάντα
1494 1973 1668 2044 ὑμῶν.
1710 1992 1728 2024 ›

158 2073 243 2134 'u;
281 2071 602 2140 εὐεργεσίαι
627 2071 719 2122 καὶ
750 2069 970 2138 εωρεαί.
1009 2087 1027 2119 ι
1082 2068 1270 2137 Ὑμεῖς
1303 2065 1361 2118 δὲ
1402 2063 1660 2134 Χριστοῦ.
1710 2083 1728 2115 ›

157 2164 243 2225 Ὠς
279 2165 544 2231 κτήματα
589 2164 683 2215 καὶ
729 2162 1030 2229 ποιήματα.
1075 2178 1090 2208 ι
1131 2157 1365 2228 Χριστὸς
1412 2157 1468 2209 δὲ
1513 2155 1670 2208 θεοῦ.
1709 2173 1727 2206 ι

161 2255 244 2316 Ὠς
276 2255 530 2322 γέννημα
555 2254 649 2304 καὶ
673 2253 820 2314 Υἱός.
859 2251 1054 2313 Καλῶς
1080 2251 1136 2302 δὲ
1175 2249 1333 2302 τοῦτο
1367 2248 1729 2319 προσέθηκεν.

159 2343 384 2412 Ἐπειδὴ
431 2342 540 2411 γὰρ
573 2338 712 2394 εἶπε·
768 2361 786 2391 ι
832 2342 1020 2395 Πάντα
1071 2339 1246 2410 ὑμῶν,
1284 2340 1438 2408 ὑμεῖς
1499 2337 1554 2391 δὲ
1595 2339 1732 2408 Χρι-

147 2436 328 2498 στοῦ,›
368 2436 452 2487 ἵνα
477 2434 552 2505 μὴ
582 2434 810 2496 στὰντος
834 2433 997 2486 αὺτοῦ
1029 2432 1600 2501 ἐνταῦθα,ἀγέννητον
1635 2433 1731 2485 καὶ

147 2529 389 2581 ἁνλίτιον
414 2528 678 2597 νομίσωσι
717 2528 808 2580 τὸν
861 2527 1009 2590 Υἱδν,
1044 2526 1321 2593 ἐπήγαγε·
1361 2543 1378 2574 ι
1409 2523 1643 2592 Χριστὸς
1674 2524 1729 2575 δὲ

145 2619 297 2671 θεοῦ.
346 2639 367 2669 ι
402 2621 513 2688 Οὐχ
561 2619 636 2680 ὡς
695 2620 855 2687 ἡμεῖς
888 2617 1148 2688 Χριστοῦ,
1205 2615 1378 2680 οὕτως
1417 2618 1445 2669 ὁ
1497 2614 1730 2686 Χριστὸς

145 2712 296 2774 Θεοῦ,
334 2713 542 2778 ἄπαγε.
599 2710 737 2763 Ἀλλ’
789 2711 950 2781 ἡμεῖς
1009 2710 1103 2779 μὲν
1139 2709 1398 2780 Χριστοῦ,
1450 2710 1527 2772 ὼς
1569 2709 1730 2778 ἔργον

145 2805 291 2866 ὄντες
325 2803 494 2857 αὐτοῦ
527 2805 620 2855 καὶ
661 2803 895 2872 ποίημα.
951 2799 1011 2854 '0
1041 2802 1098 2855 δὲ
1130 2802 1365 2872 Χριστὸς
1419 2799 1513 2852 τοῦ
1569 2799 1726 2864 Θεοῦ,

144 2897 214 2959 ὡς
257 2895 591 2967 προαιώνιον
641 2895 889 2964 γέννημα
941 2894 1035 2947 καὶ
1093 2893 1242 2959 Υἱὸς,
1278 2893 1371 2946 καὶ
1415 2892 1491 2954 ὡς
1552 2891 1728 2944 αἰτίαν

145 2989 276 3055 ἔχων
307 2988 405 3038 τὸν
433 2985 674 3055 Πατέρα.

212 3080 418 3142 Giith
450 3079 608 3145 ἡμᾶς
634 3076 955 3142 λογιζέσθω
1012 3079 1346 3146 ἅνθρωπος,
1383 3077 1464 3144 ὡς
1500 3076 1725 3143 ὑπηρέ-

1098 394 1482 454 COMMENI‘.
1516 393 1596 453 IN
1643 393 1876 454 EPIST.
1912 394 1936 452 l
1975 396 2074 454 AD
2095 395 2457 460 CORINTH.

238 503 442 558 Πάντα
498 500 606 572 γὰρ
656 501 824 572 ὑμῶν
882 505 1075 565 ἐστιν,
1132 500 1253 554 εἴτε
1317 501 1576 566 Παῦλος,
1629 501 1748 553 εἴτε
1781 505 1822 560 Α

3256 365 3438 478 ’θεν

1923 499 2012 565 ΙΙΙ,
2037 501 2127 566 29.,
2164 502 2259 559 25.
2292 503 2483 562 Omnia
2519 512 2658 562 enim
2695 521 2864 564 vestra
2898 525 3038 580 sunt,
3070 516 3178 569 sive
3210 517 3435 583 Paulus.

1848 596 1956 648 sive
1998 595 2236 666 Apollas,
2276 601 2382 652 sive
2415 600 2616 672 Cepltas
2722 607 2829 658 sive
2875 609 3123 675 mundus,
3159 612 3268 667 sive
3307 615 3436 680 vita,

1846 689 1954 740 sive
2000 705 2162 754 mors,
2201 693 2308 745 sive
2361 698 2666 762 prementia,
2709 699 2818 750 sive
2853 698 3059 767 futura.
3106 701 3320 770 Omnia,
3352 708 3442 760 iu-

1848 792 2031 845 quam,
2073 787 2243 832 vestra
2275 789 2419 847 sunt,
2453 797 2541 835 vos
2577 796 2754 837 autem
2787 784 3002 850 Christi,
3043 787 3282 846 Christus
3316 810 3438 848 vero

1848 867 1968 923 Dei.

1914 958 2156 1016 Rursum
2205 964 2447 1034 seipsum
2493 976 2548 1022 et
2596 969 2821 1024 Petrum
2871 988 2934 1028 ac
2977 974 3177 1043 Apollo
3227 979 3436 1044 posuit.

1844 1052 2102 1109 doctores
2131 1071 2325 1111 eorum
2368 1058 2663 1130 designans
2699 1079 2709 1114 :
2750 1065 3048 1120 ostendens
3081 1069 3229 1136 quod
3269 1071 3436 1124 etiam

1845 1147 1988 1199 dona
2029 1157 2256 1217 propter
2299 1151 2450 1219 ipsos
2489 1153 2834 1222 accepissent
2875 1163 2932 1210 ct
2971 1157 3228 1214 doctores
3263 1163 3436 1216 creati

1842 1246 2050 1293 essent.
2102 1239 2217 1293 Hoc
2249 1251 2434 1296 autem
2481 1243 2682 1299 fastum
2719 1261 2910 1300 eorum
2951 1248 3308 1306 vehementer
3337 1255 3438 1307 de-

1840 1329 2045 1399 primit.
2081 1331 2286 1386 Deinde
2321 1333 2455 1386 illud
2481 1352 2702 1405 quoque
2734 1338 3012 1408 signiﬁcat
3044 1359 3056 1394 :
3093 1340 3150 1394 Si
3194 1358 3315 1412 ego,
3355 1345 3438 1397 in-

1843 1423 1986 1492 quit,
2034 1432 2090 1477 et
2137 1423 2353 1493 Cephas
2401 1435 2456 1481 et
2508 1428 2732 1497 Apollos
2782 1435 2952 1488 vestri
3003 1449 3215 1496 sumus,
3263 1439 3437 1490 multo

1845 1515 2030 1568 minus
2053 1530 2184 1569 sane
2209 1516 2479 1572 deberent
2503 1519 2761 1576 doctores
2783 1523 2950 1576 vestri
2980 1524 3177 1578 cristas
3198 1528 3433 1596 erigere.

1848 1624 1865 1656 ι
1903 1605 2030 1659 Sive
2063 1607 2322 1662 mundus.
2355 1629 2372 1660 ι
2416 1611 2535 1678 Ipse
2563 1628 2787 1681 quoque
2817 1613 3060 1667 mundus
3081 1625 3136 1668 et
3165 1617 3274 1668 vita
3309 1633 3437 1685 pro-

1841 1701 1964 1763 pter
2005 1709 2103 1749 vos
2147 1706 2297 1762 sunt,
2343 1713 2407 1752 ac
2445 1701 2665 1754 condita
2709 1712 2839 1756 sunt
2872 1721 2885 1757 :
2923 1705 3000 1758 ita
3038 1721 3186 1759 mors
3221 1707 3335 1775 ipsa
3367 1708 3434 1761 ad

1842 1794 2081 1840 vestram
2110 1788 2252 1843 facta
2275 1801 2359 1846 est
2384 1793 2826 1862 castigationem.
2865 1815 2883 1846 ι
2915 1795 3041 1852 Sive
3073 1800 3386 1867 prmsentia.
3408 1820 3426 1852 s

1840 1877 2096 1932 Ostendit
2124 1892 2320 1936 cuncta
2353 1893 2578 1956 propter
2604 1886 2753 1956 ipsos
2785 1887 2924 1942 laeta
2956 1900 3163 1956 esse,et
3195 1908 3435 1961 prtesen-

1840 1967 1913 2020 tia
1941 1978 1996 2022 et
2021 1967 2225 2023 futura.
2262 1991 2279 2022 ι
2309 1972 2503 2029 Omnia
2529 1987 2710 2030 vestra
2747 1988 2931 2042 sunt,»
2973 1989 3232 2051 tanquam
3261 1983 3432 2038 bene-

1841 2058 1962 2113 ﬁcia
1991 2069 2045 2114 et
2071 2061 2234 2116 dona.
2273 2083 2291 2114 ι
2320 2063 2428 2119 Vos
2455 2077 2638 2122 autem
2669 2069 2930 2137 Christi,»
2983 2081 3240 2143 tanquam
3277 2091 3432 2130 erea-

1839 2157 1977 2204 [ιιι-αι
2024 2162 2078 2206 et
2127 2169 2315 2223 opera.
2369 2175 2387 2206 ι
2431 2159 2683 2214 Christus
2729 2176 2862 2215 vero
2923 2163 3042 2228 Dei,
3081 2184 3100 2216 ›
3168 2173 3427 2236 tanquam

1835 2255 2058 2308 germen
2091 2257 2154 2296 ac
2188 2243 2376 2300 Filius.
2405 2246 2640 2301 Pulchre
2672 2261 2856 2304 autem
2888 2252 2992 2306 hoc
3024 2254 3261 2318 addidit;
3293 2272 3428 2325 quo-

1836 2330 1986 2384 niam
2017 2333 2164 2385 cnim
2203 2334 2458 2388 dixerat:
2504 2356 2521 2386 ι
2558 2336 2753 2392 Omnia
2790 2350 2974 2396 vestra
3015 2353 3164 2408 sunt,
3197 2362 3294 2400 vos
3323 2363 3425 2401 au-

1833 2430 1943 2476 tem
1969 2423 2212 2491 Christi;
2250 2446 2266 2478 »
2306 2443 2376 2482 ne
2410 2429 2457 2482 si
2489 2430 2562 2483 ibi
2599 2433 2795 2500 pedem
2834 2435 3065 2499 ﬁxisset,
3101 2437 3303 2492 Filium
3336 2442 3424 2494 in-

1831 2517 2077 2584 genitum
2102 2535 2166 2573 ac
2198 2520 2316 2575 sine
2351 2522 2626 2592 principio
2654 2526 3060 2593 existimarent,
3085 2531 3376 2601 subjunxit
3403 2554 3418 2590 :

1838 2628 1855 2660 ι
1883 2609 2138 2666 Christus
2171 2629 2299 2668 vero
2333 2614 2453 2669 Dei.
2485 2635 2503 2667 ι
2544 2617 2666 2672 Non
2699 2628 2883 2674 autem
2915 2620 3172 2678 Christus
3207 2624 3281 2679 ita
3319 2628 3415 2680 Dei

1830 2712 1914 2756 est
1950 2710 2009 2756 ut
2047 2720 2151 2760 nos
2188 2705 2416 2761 Christi.
2449 2707 2642 2763 Absit!
2683 2712 2778 2766 sed
2821 2728 2920 2766 nos
2954 2715 3175 2783 quidem
3214 2715 3419 2770 Christi

1828 2811 2050 2861 sumus,
2097 2808 2357 2868 tanquam
2401 2817 2540 2870 opus
2578 2811 2632 2856 et
2676 2804 2884 2860 Iactura
2922 2808 3120 2876 ipsius.
3167 2810 3422 2864 Christus

1828 2906 1957 2943 vero
1990 2889 2081 2943 Dei
2109 2901 2213 2955 est,
2233 2904 2489 2963 tanquam
2516 2912 2738 2965 germen
2771 2911 2898 2956 ante
2921 2904 3119 2958 saecula
3143 2915 3199 2958 et
3223 2905 3418 2972 Filius,

1828 2990 1884 3035 et
1918 2992 2178 3052 tanquam
2217 2987 2432 3043 Patrem
2468 2990 2680 3045 habens
2711 2995 3062 3064 principium.

1903 3075 1991 3138 IV,
2014 3077 2127 3130 1-4.
2169 3078 2254 3132 Sic
2282 3097 2373 3134 nos
2402 3084 2658 3138 existimet
2683 3088 2836 3140 homo
2864 3099 3121 3158 tanquam
3151 3093 3418 3148 ministros

146 3189 247 3237 τας
314 3171 602 3238 Χι-ιστοῦ,
636 3172 732 3222 καὶ
775 3172 1131 3238 οἰκονόμους
1175 3170 1528 3237 μυστηρίων
1557 3169 1726 3222 Θεοῦ.

1836 3165 2050 3232 Christi,
2084 3177 2130 3220 et
2155 3171 2542 3238 dispensatores
2581 3179 2952 3244 mysteriorum
2990 3179 3103 3233 Dei.
3137 3180 3288 3245 Quod
3322 3201 3413 3236 su-

151 3267 216 3316 Ὃ
252 3264 320 3315 δὲ
368 3265 588 3316 λοιπὸν
645 3263 895 3329 (insitus
948 3264 1020 3315 ἐν
1085 3263 1206 3328 τοῖς
1251 3263 1586 3330 οἰκονόμοις
1629 3262 1730 3314 ἵνα

147 3357 359 3420 πιστός
388 3372 480 3422 τις
507 3355 744 3424 εὑρεθῇ.
781 3357 944 3423 Ἐμοὶ
979 3354 1047 3408 δὲ
1078 3358 1164 3420 εις
1187 3354 1514 3423 ἐλάχιστόν
1535 3354 1724 3417 ἐστιν,

146 3448 216 3499 ἵν’
253 3450 358 3516 ἀρ’
397 3447 564 3517 ὑμῶν
601 3448 917 3517 ἀνακριθῶ,
961 3449 996 3515 ἢ
1028 3448 1143 3502 ὑπὸ
1191 3448 1573 3515 ἀνθρωπίνης
1594 3444 1730 3514 mut-

141 3557 266 3604 ρας.
326 3539 656 3593 Ἀλλόὑδὲ
705 3541 969 3609 ἐμαυτὸν
1025 3541 1340 3606 ἀνακρίνω.
1378 3537 1571 3600 Οὐδὲν
1617 3537 1728 3606 γὰρ

144 3628 374 3695 ἐμαυτῷ
411 3629 690 3682 σύνοιδα.
735 3632 901 3684 'A.1.l’
939 3631 1049 3683 οὐκ
1087 3628 1156 3681 ἐν
1200 3630 1385 3691 τούτῳ
1426 3627 1727 3682 δεδικαίω-

140 3738 259 3788 μαι.
307 3725 371 3774 '0
406 3721 476 3772 δὲ
513 3721 853 3789 ἀνακρίνων
893 3737 971 3789 με
1003 3720 1217 3786 Κύριός
1249 3719 1438 3772 ἐστιν.

223 3813 401 3881 Ἣμᾶς
434 3812 629 3877 λέγων,
661 3813 786 3873 τοὺς
826 3813 954 3882 παρ’
1008 3811 1193 3874 αὐτοῖς
1239 3811 1591 3873 διδασκάλους
1638 3812 1723 3864 αἱ-

147 3906 403 3958 νίττεται.
435 3924 454 3956 ι
481 3905 568 3967 Ὠς
596 3905 875 3974 ὑπηρέτας
911 3903 1170 3974 Χριστοῦ.
1207 3921 1226 3955 ι
1264 3902 1484 3974 Ἐπειδὴ
1520 3904 1723 3973 σφόδρα

147 3996 541 4065 κατεῦεὸλήκει
610 3997 740 4058 τοὺς
796 3995 1152 4054 διδασκάλους
1180 4033 1194 4057 ,
1240 3994 1335 4047 νῦν
1379 3995 1564 4064 ἡρέμα
1600 3995 1726 4051 bdo?

147 4087 361 4148 αὐτοὺς,
401 4085 687 4154 ὑπηρέτας
719 4083 959 4154 Χριστοῦ
1016 4084 1198 4137 καλῶν
1254 4083 1348 4136 καὶ
1382 4085 1722 4154 οἰκονόμους.

148 4177 308 4247 Πλὴν,
343 4176 538 4247 φησὶν,
581 4177 630 4229 εί
669 4178 764 4228 καὶ
789 4175 962 4237 οὕτως
997 4175 1168 4238 ἐστὶν,
1201 4174 1371 4236 οὒδεὶς
1413 4174 1502 4226 τὸν
1529 4175 1722 4227 δεσπό-

146 4285 238 4333 την
271 4269 458 4336 ἀφεὶς,
497 4270 605 4322 ἀπο
650 4268 758 4320 τῶν
809 4266 1098 4337 ὑπηρετῶν
1130 4266 1476 4336 ὀνομάζεται.
1533 4284 1550 4316 ι
1615 4265 1722 4318 Καὶ

147 4360 484 4426 οἰκονόμους.
517 4377 535 4408 ι
576 4358 908 4425 Οἰκονόμους
957 4359 1276 4426 μυστηρίων
1307 4357 1483 4420 καλεῖ,
1509 4357 1720 4420 δεικνὺς

145 4452 218 4502 ὅτι
266 4453 328 4502 οὐ
390 4451 557 4502 παντὶ
606 4449 796 4511 ἁπλῶς
852 4450 936 4501 δεῖ
974 4451 1242 4518 παρέχειν
1291 4449 1357 4502 τά
1422 4451 1718 4519 μυστήριαο

1832 3269 2003 3326 perest
2045 3268 2245 3326 autem,
2285 3261 2422 3314 illud
2451 3267 2736 3334 requiritur
2773 3269 2827 3321 in
2865 3269 3329 3338 dispensatoribus,
3360 3285 3417 3327 ut

1830 3349 1970 3417 ﬁdus
2019 3351 2216 3421 aliquis
2265 3356 2591 3412 inveniatur.
2649 3359 2768 3412 ‘lihi
2815 3377 2935 3414 vero
2985 3365 3415 3433 indignissimum

1831 3443 2058 3506 videtur,
2098 3453 2154 3496 ut
2205 3464 2236 3498 a
2280 3447 2421 3500 vobis
2465 3450 2746 3518 dijudicer,
2797 3463 2891 3505 aut
2935 3454 2999 3507 ab
3032 3456 3263 3509 humano
3308 3459 3412 3522 die,

1830 3532 1937 3584 imo
1972 3549 2064 3585 nec
2103 3537 2361 3604 nieipsum
2400 3538 2658 3606 dijudico.
2698 3540 2914 3594 Nullius
2946 3546 3086 3596 enim
3126 3547 3255 3599 mihi
3289 3564 3413 3600 con-

1827 3625 1968 3677 scius
2006 3642 2146 3690 smn,
2177 3628 2266 3679 sed
2299 3645 2400 3680 non
2428 3631 2489 3682 ob
2529 3633 2584 3683 ir!
2607 3632 2933 3701 justi/icatus
2973 3652 3109 3691 sum.
3149 3637 3412 3693 therum

1829 3719 1918 3784 qui
1951 3717 2210 3785 dijudicat
2244 3735 2326 3770 me
2358 3719 2614 3774 Dominus
2651 3734 2746 3776 est.

1899 3807 2145 3862 Dicendo
2182 3827 2199 3858 ι
2237 3810 2371 3869 Nos.
2405 3831 2422 3861 ι
2460 3812 2712 3881 designat
2743 3815 3016 3881 doctores,
3045 3820 3138 3888 qui
3173 3821 3316 3889 apud
3351 3823 3414 3876 il-

1827 3898 1910 3952 los
1937 3907 2117 3952 erant.
2142 3899 2452 3969 (Tanquam
2483 3903 2765 3960 ministros
2787 3905 3050 3963 Christi.»
3080 3909 3241 3982 447
3259 3912 3410 3980 Quo-

1830 3990 1974 4045 niam
2004 3993 2359 4048 vehementer
2390 3994 2648 4049 doctores
2681 4012 2872 4050 eorum
2914 4000 3227 4070 dejecerat,
3263 4021 3411 4060 nunc

1828 4083 2031 4136 sensim
2062 4083 2212 4152 ipsos
2235 4085 2453 4150 exultat,
2487 4085 2692 4140 Christi
2725 4089 3009 4146 ministros
3042 4095 3322 4162 appellans
3353 4106 3409 4152 et

1826 4174 2251 4243 dispensatores.
2279 4177 2533 4232 Attamen
2565 4179 2696 4233 licet
2725 4181 2800 4234 ita
2835 4183 2926 4245 sit,
2970 4184 3166 4253 inquit,
3221 4187 3406 4242 nullus

1827 4266 2018 4320 relicto
2035 4265 2268 4320 Domino
2283 4283 2311 4321 a
2331 4269 2600 4324 ministris
2617 4287 2816 4326 nomen
2835 4274 3056 4342 accipit.
3078 4295 3095 4326 ι
3108 4277 3406 4347 Etdispen-

1825 4367 2102 4418 satoresu
2141 4360 2534 4429 mysteriorum
2568 4363 3181 4432 vocatdispensatores,
3216 4378 3406 4424 osten-

1825 4451 1960 4503 dens
1976 4451 2119 4518 quod
2135 4467 2245 4505 non
2271 4451 2448 4505 cuivis
2461 4453 2787 4523 simpliciter
2811 4466 3028 4524 oportet
3049 4461 3266 4515 tradere
3290 4477 3407 4533 my-

147 4537 272 4590 ἀλλὰ
297 4541 414 4602 τοῖς
452 4538 646 4604 ἀξίοις.
689 4539 837 4591 «Ἵνα
873 4538 1061 4600 πιστός
1091 4555 1174 4601 τις
1197 4539 1456 4609 εὑρεθῇ.»
1495 4539 1713 4600 Πιστὸς,

1832 4541 2013 4605 steria,
2044 4543 2138 4597 sed
2163 4543 2362 4614 dignis.
2396 4546 2492 4602 «Ut
2525 4546 2701 4601 ﬁdelis
2725 4549 2998 4618 quispiam
3028 4551 3394 4632 inveniatura

149 4631 324 4698 φησὶν,
379 4629 614 4696 ὠφειλεν
657 4624 791 4682 ;ῐναι
829 4630 1184 4698 ὁοίκονὸμος,
1241 4631 1336 4682 καὶ
1392 4631 1468 4702 μὴ
1516 4629 1585 4684 τὰ
1625 4630 1720 4683 τοῦ

148 4723 414 4775 Δεσπότον
456 4723 564 4775 ἴδια
591 4722 774 4789 λέγειν
797 4719 960 4785 εἶναι,
986 4722 1099 4774 ἀλλ’
1121 4723 1195 4784 ὼς
1226 4724 1509 4791 οἰκονόμος
1535 4724 1720 4777 διακο-

149 4815 268 4864 νεῖν.
298 4816 410 4866 Καὶ
442 4813 616 4884 ταύτῃ
647 4815 705 4866 δὲ
731 4814 822 4866 τὸν
846 4813 1014 4882 τῦφον
1057 4814 1236 4866 αὐτῶν
1263 4814 1616 4870 καταϐάλλει.

211 4905 413 4977 [ΦΩΤ.]
445 4906 618 4958 Τοῦτο
648 4905 759 4975 γάρ
791 4906 929 4967 ἐστι,
957 4907 1110 4974 φησι,
1145 4906 1206 4958 τὸ
1246 4906 1578 4978 ζητούμενον
1627 4909 1723 4960 καὶ

148 4997 348 5061 iesi'mv
391 4998 560 5049 παντὶ
590 4998 776 5066 τρόπῳ
811 4999 1176 5066 φυλάττεσθαι
1219 5001 1373 5069 παρὰ
1408 5001 1515 5052 τῶν
1569 5002 1718 5054 οἱκο-

147 5090 334 5158 νόμων,
353 5092 414 5142 τὸ
435 5091 663 5151 πιστοὺς
689 5086 847 5152 εἶναι,
886 5092 981 5142 καὶ
1012 5091 1292 5159 ὑπηρέτας
1319 5093 1569 5160 ἡγεῖσθαι
1593 5094 1721 5144 ἐαυ-

148 5183 280 5243 τοῦς,
304 5182 401 5234 καὶ
436 5180 514 5250 μὴ
550 5179 932 5234 ἰδιοποιείσθαι
974 5183 1068 5234 καὶ
1089 5181 1504 5252 σφετερίζεσθαι
1536 5184 1602 5235 τὰ
1626 5182 1718 5236 τοῦ

147 5273 428 5325 Δεσπότου.
453 5274 616 5325 -Ἰι
634 5272 843 5337 οὕτως·
884 5272 1198 5339 Λογιζὲσθω
1237 5275 1382 5340 ἡμᾶς
1434 5274 1720 5343 ἄνθρωπος

146 5363 204 5414 τά
228 5380 283 5414 τε
314 5362 454 5415 ἄλλα
486 5361 632 5432 ἆπερ
665 5357 840 5423 εἷπον,
864 5363 1020 5429 φησὶ,
1048 5362 1141 5414 καὶ
1171 5363 1199 5415 ὃ
1237 5363 1427 5416 λοιπὸν
1461 5365 1638 5415 κεῖται
1663 5367 1720 5416 ἐν

148 5456 247 5516 τοῖς
273 5454 606 5522 οἰκονόμοις,
646 5455 868 5507 κάκεῖνο
908 5455 1055 5522 ἡμᾶς
1087 5454 1408 5522 λογιζέσθω,
1457 5452 1569 5529 ἵν
1613 5455 1720 5506 ἀπὸ

149 5547 314 5599 κοινοῦ
347 5548 429 5610 τὸ,
466 5547 832 5613 «Λογιζέσθω.
865 5566 884 5599 ι
919 5548 984 5600 Τί
1015 5547 1070 5600 δέ
1093 5551 1210 5603 ἐστι
1243 5549 1402 5602 τοῦτο
1430 5549 1491 5602 τὸ
1522 5551 1580 5603 ἐν
1608 5553 1718 5614 τοῖς

148 5639 435 5709 οτκουὸμοις
472 5638 847 5708 ζητούμενονς
886 5640 1001 5695 ’Ὶνα
1041 5642 1250 5707 πιστὸς,
1282 5642 1464 5714 φησὶν,
1495 5641 1713 5713 εὑρεθῇ.

153 5726 268 5780 Εἶτα
322 5733 460 5800 πρὶς
497 5734 623 5792 τοὺς
652 5733 1033 5802 ἀναισχυντεῖν
1071 5734 1364 5803 μέλλοντας
1403 5737 1496 5788 καὶ
1535 5734 1716 5802 λέγειν

151 5820 574 5896 ἰπιχεεροῦντας,
592 5824 656 5876 Τί
680 5819 806 5891 ob»;
839 5826 904 5879 σὺ
930 5825 1173 5889 τοιοῦτος
1195 5823 1247 5880 εἷ
1272 5845 1286 5895 ;
1323 5828 1712 5899 προαπαντῶν,

452 5918 709 5979 Parnm.
763 5918 878 5979 Gn.
918 5921 1202 5984 CXVIII.

1825 4633 2046 4697 Fidelis,
2075 4633 2275 4704 inquit,
2304 4637 2535 4690 deberet
2560 4653 2678 4692 esse
2695 4639 3066 4708 dispensator,
3099 4659 3200 4698 nec
3217 4646 3403 4702 dicere

1823 4740 1920 4777 sua
1967 4740 2088 4779 esse
2135 4742 2256 4795 qua:
2284 4728 2499 4781 Domini
2531 4737 2681 4792 sunt,
2712 4731 2808 4785 sed
2861 4741 3120 4802 tanquam
3155 4740 3404 4792 minister

1822 4815 2162 4885 dispensare.
2190 4819 2259 4872 Et
2284 4819 2390 4872 hoc
2417 4821 2580 4876 modo
2610 4823 2872 4892 deprimit
2901 4841 3146 4895 ipsorum
3179 4829 3398 4886 fastum.

1892 4909 2008 4963 Hoc
2035 4911 2186 4964 enim
2209 4921 2314 4978 est,
2354 4912 2558 4982 inquit,
2591 4916 2737 4984 quod
2773 4919 3063 4985 quaeritur,
3090 4928 3146 4974 et
3174 4923 3402 4977 omnino

1822 5001 2027 5055 servari
2053 5007 2284 5056 deberet
2312 5018 2341 5056 a
2373 5003 2870 5070 dispensatoribus,
2894 5015 2955 5061 ut
2980 5008 3169 5064 ﬁdeles
3193 5021 3398 5078 essent,

1821 5108 1884 5147 ac
1916 5094 2129 5162 seipsos
2177 5095 2413 5149 famulos
2454 5095 2728 5160 dicerent,
2767 5107 2823 5152 et
2854 5115 2964 5155 non
3005 5101 3110 5156 sibi
3151 5104 3402 5160 vindica-

1821 5193 1943 5238 rent
1982 5194 2078 5239 aut
2117 5182 2542 5256 appropriarent
2571 5203 2694 5257 quae
2729 5191 2944 5245 Domini
2982 5202 3129 5246 sunt.
3176 5223 3247 5235 —
3295 5196 3397 5250 Aut

1819 5275 1915 5326 hoc
1948 5275 2118 5327 modo.
2167 5275 2479 5340 Existimet,
2513 5277 2715 5346 inquit,
2755 5294 2858 5333 nos
2891 5280 3058 5334 homo
3094 5289 3152 5335 et
3197 5293 3396 5339 caetera

1821 5366 2023 5422 habere
2047 5384 2167 5437 qua:
2187 5368 2299 5421 dixi
2327 5378 2410 5422 :et
2432 5371 2578 5438 quod
2609 5370 2956 5438 potissimum
2987 5373 3398 5442 dispensatores

1818 5459 2108 5527 contingit,
2152 5459 2316 5512 etiam
2353 5474 2454 5512 nos
2500 5460 2704 5514 habere
2740 5462 3037 5526 existimet,
3079 5473 3139 5516 ut
3185 5480 3214 5518 a
3243 5480 3394 5518 com—

1821 5551 1974 5605 muni
2015 5565 2180 5605 sensu
2207 5560 2507 5620 repetatur.
2537 5570 2555 5602 ι
2594 5553 2904 5608 Existimet.
2939 5574 2957 5606 ι
2992 5556 3133 5622 Quid
3169 5566 3255 5611 est
3291 5573 3384 5610 an-

1821 5648 1929 5694 tem
1974 5641 2078 5696 boc
2103 5641 2250 5711 quod
2301 5642 2445 5695 inter
2499 5642 2909 5712 dispensatores
2949 5647 3286 5715 requiritur?
3327 5646 3394 5702 Ut

1823 5731 2018 5798 ﬁdelis,
2066 5731 2270 5802 inquit,
2314 5731 2646 5787 inveniatur.
2695 5735 2904 5789 Deinde
2944 5734 3032 5788 his
3077 5735 3171 5803 qui
3214 5735 3392 5806 impu-

1821 5825 2016 5882 dentes
2045 5824 2219 5881 l'uturi
2248 5834 2405 5882 erant
2435 5842 2674 5899 eumque
2691 5826 3020 5899 aggressuri,
3056 5842 3119 5884 ac
3149 5828 3350 5885 dicturi
3371 5849 3389 5886 ι

2919 5919 2997 5978 22
