4194 6468
165 404 266 468 689

1120 399 1507 459 CONIMENT.
1546 399 1625 457 IN
1667 398 1904 458 EPIST.
1950 399 1973 455 Ι
2016 401 2122 458 AD
2153 401 2510 461 COilIV'I‘lI.

3335 409 3442 468 690

167 532 343 576 νοντος
378 514 600 582 ῥήματα
628 510 797 578 λέγει.
841 511 928 572 Ὠς
964 509 1073 579 γὰρ
1102 509 1236 580 ὁρῶ,
1263 509 1421 577 φησὶ,
1451 509 1546 562 καὶ
1577 509 1637 575 ἐξ
1675 501 1745 561 ὧν

1854 523 1915 561 ac
1949 507 2348 577 pudefacientis
2383 511 2547 565 verba
2584 511 2847 581 loquitur.
2875 513 3009 567 Nam
3041 523 3099 568 ut
3135 513 3319 575 video.
3351 517 3440 570 in-

165 613 318 678 ὑμεῖς
345 608 574 669 ποιεῖτε,
617 607 779 675 ἡμεῖς
817 607 865 657 οί
909 604 1218 665 ἀπόστολοι,
1257 602 1473 670 ἔσχατοι
1533 603 1748 654 πάντων

165 704 312 772 παρὰ
341 701 482 753 Θεοῦ
544 699 970 767 ἀπεδείχθημεν,
1013 698 1088 761 ὡς
1135 695 1414 749 κατὰὃικοί
1457 713 1600 758 τινες
1653 695 1748 749 καὶ

165 795 525 853 ἐπιθανάτιοι,
553 793 849 856 τουτέστιν,
875 792 953 854 εἰς
999 791 1058 842 τὸ
1091 789 1415 860 φονεύεσῖαι
1444 789 1605 840 πᾶσιν
1654 789 1748 840 εὐ-

165 888 364 956 χερεῖς.
408 884 603 951 Ἡμεῖς
655 882 752 950 μὲν
783 878 874 934 οὖν
910 883 986 944 εις
1017 883 1076 932 τὸ
1129 880 1360 948 πάσχειν
1403 877 1586 940 κακῶς
1619 895 1750 948 προ-

164 977 418 1048 κείμεθα,
475 978 633 1044 ὑμεῖς
672 975 726 1026 δὲ
760 974 859 1044 ἤδη
907 971 1318 1025 ἐδασιλεύσατε.
1365 970 1457 1036 Ἐξ
1505 963 1580 1021 ὧν
1617 970 1746 1036 γαρ,

163 1070 344 1138 φησιν,
383 1070 548 1138 ὑμεῖς
583 1065 972 1119 ἐϐασιλεύσατε
1013 1064 1157 1117 οὕτω
1185 1064 1414 1132 ταχέως,
1449 1063 1522 1124 ὼς
1546 1060 1751 1130 νομίζω

165 1163 359 1232 (τοῦτο
378 1161 534 1230 λέγει
567 1162 646 1220 τὺ,
665 1159 870 1227 Δοκῶ),
914 1159 1078 1227 ἡμεῖς
1109 1155 1451 1224 γινώσκομεν
1481 1154 1564 1205 ὅτι
1589 1153 1748 1220 ἕσχα·

162 1272 241 1308 τοι
280 1257 338 1308 τὺ
382 1253 574 1316 κακῶς
635 1253 864 1321 πάσχειν
909 1246 1379 1317 κατακεκρίμεθα.
1428 1244 1658 1298 Δυνατὸν
1692 1244 1749 1296 δὲ

163 1348 253 1399 καλ⁵
279 1348 424 1399 κατα
457 1346 767 1414 ἀπόφανσιν
806 1343 899 1396 καὶ
927 1341 988 1406 ἐξ
1020 1342 1235 1402 εὐθείας
1263 1338 1446 1390 λαϐεῖν
1476 1337 1535 1390 τὸ
1562 1337 1744 1407 ῥητόν.

164 1438 311 1491 Δοκῶ
341 1440 476 1510 γὰρ,
517 1441 704 1505 φησὶν,
732 1439 814 1490 ὅτι
852 1437 999 1506 ἡμᾶς
1027 1435 1154 1497 τοὺς
1185 1431 1539 1492 ἀποστόλους.
1588 1429 1748 1497 ἐσχά-

163 1547 284 1592 τους
313 1532 568 1600 κήρυκας
606 1531 700 1583 καὶ
730 1527 1085 1589 διδασκάλους
1141 1525 1294 1593 ὑμῶν
1347 1523 1745 1591 προεστήσατο,

167 1623 281 1691 μεθ’
307 1622 403 1686 οῦς
437 1624 538 1674 οὐκ
563 1623 630 1676 ἄν
659 1640 740 1684 τις
773 1621 966 1682 ἄλλους
992 1618 1292 1688 ἀλλαχόθεν
1327 1617 1488 1668 ποθὲν
1535 1616 1746 1684 ἀναφα-

164 1715 350 1773 νέντας
379 1712 586 1778 ὀφείλει
619 1710 1036 1781 προσδέχεσθαι.
1064 1709 1138 1761 Οὐ
1174 1708 1279 1776 γὰρ
1315 1707 1378 1760 ἂν
1406 1708 1633 1768 εἴποιεν,
1667 1707 1747 1758 ὅτι

162 1801 248 1851 καὶ
277 1801 438 1852 αὐτοὶ
488 1801 596 1854 ἀπὸ
631 1799 868 1868 Χριστοῦ
923 1797 1340 1868 ἀπεστάλησαν.
1395 1799 1585 1864 Ἡμεῖς
1638 1797 1745 1865 γάρ

1853 602 1996 671 quit,
2027 617 2092 655 ex
2130 601 2215 656 his
2248 605 2412 657 etiam
2449 623 2571 674 qua;
2604 623 2700 660 vos
2730 607 2912 676 agitis,
2948 624 3049 662 nos
3075 609 3306 676 apostoli
3341 625 3439 662 no—

1854 694 2065 746 vissimi
2095 695 2342 749 omnium
2375 710 2405 748 a
2445 697 2557 750 Deo
2602 698 2869 766 designati
2919 714 3130 759 sumus,
3179 709 3437 769 tanquam

1852 785 2042 838 nescio
2065 787 2181 854 qui,
2207 787 2557 841 condemnati
2600 805 2660 842 ac
2686 790 2846 842 morti
2878 791 3158 844 destinati.
3192 791 3306 844 Hoc
3334 801 3437 852 est.

1857 885 1918 930 ut
1950 877 2108 931 facile
2143 877 2213 930 ab
2239 880 2499 934 omnibus
2530 880 2872 935 occidamur.
2923 882 3206 951 Siquidem
3245 898 3346 937 nos
3384 893 3444 936 ιιι

1855 971 2015 1024 malis
2061 971 2366 1026 allieiamur
2415 976 2766 1042 exponimur,
2826 991 2924 1029 vos
2979 986 3161 1030 autem
3207 994 3436 1046 regnum

1846 1061 1956 1130 jam
1992 1061 2175 1130 adepti
2207 1063 2361 1117 estis.
2398 1064 2474 1117 Ex
2505 1079 2572 1118 eo
2605 1067 2749 1119 enim
2776 1067 2924 1136 quod
2971 1083 3067 1121 vos
3097 1068 3234 1120 adeo
3273 1070 3424 1123 brevi

1855 1169 2083 1223 regnum
2110 1155 2484 1225 adepti-estis,
2518 1174 2640 1222 nos,
2669 1168 2723 1212 ut
2757 1160 2995 1214 arbitror
3029 1162 3175 1228 (nam
3214 1161 3317 1214 hoc
3351 1176 3436 1214 εει

1852 1246 1998 1314 quod
2062 1247 2329 1316 praemisit
2381 1269 2398 1300 ι
2451 1249 2647 1304 Videre
2705 1250 2900 1304 videor
2951 1251 2998 1321 ι)
3052 1253 3437 1320 cognoscimus

1851 1337 1999 1403 quod
2053 1337 2335 1392 novissimi
2380 1340 2813 1393 condemnamur
2851 1351 2912 1395 ut
2948 1340 3088 1393 mala
3136 1342 3434 1409 patiamur.

1851 1429 2037 1482 Potest
2069 1443 2289 1497 quoque
2313 1428 2636 1483 aﬂirmative
2667 1440 2929 1499 rectaque
2957 1432 3231 1484 sententia
3264 1434 3435 1501 accipi

1850 1523 1996 1590 quod
2028 1522 2235 1575 dictum
2261 1532 2365 1577 est.
2401 1523 2601 1577 Videre
2626 1523 2841 1588 vidmr,
2879 1525 3075 1592 inquit,
3113 1525 3259 1594 quod
3298 1525 3440 1579 Deus

1851 1630 1952 1667 nos
1981 1614 2276 1682 apostolos,
2312 1622 2624 1684 postremos
2658 1615 3049 1684 praedicatores
3079 1632 3143 1671 ac
3183 1616 3454 1684 doctores

1851 1718 2064 1762 vestros
2095 1709 2406 1774 constituit,
2447 1720 2573 1778 post
2616 1724 2755 1778 quos
2796 1725 2958 1764 nemo
3005 1725 3248 1779 unquam
3293 1711 3433 1764 alios

1850 1798 2073 1854 aliunde
2101 1809 2432 1868 apparentes
2471 1799 2704 1854 deberet
2745 1802 3049 1870 suscipere.
3077 1800 3434 1870 Nequaquam

162 1893 325 1957 ἐσμεν
413 1891 463 1942 οἱ
533 1891 871 1943 ἐπιθανάτιοι
953 1887 1372 1948 ἀποσταλέντες.
1439 1886 1512 1938 Τὸ
1554 1886 1633 1944 δὲ,
1691 1887 1745 1936 οὶ

1851 1895 1994 1948 enim
2037 1895 2221 1948 dicere
2257 1903 2483 1964 possent
2505 1895 2654 1965 quod
2690 1895 2791 1965 ipsi
2817 1911 3038 1965 quoque
3069 1912 3099 1950 a
3136 1897 3249 1950 Deo
3281 1897 3434 1949 missi

160 1979 549 2043 ἐπιθαιοὰτιοι,
596 1979 756 2050 διχῶς
820 1979 884 2032 ἂν
913 1978 1156 2048 νοηθείη,
1194 1978 1226 2048 ἦ
1283 1979 1365 2030 ὅτι
1396 1977 1488 2029 καὶ
1529 1975 1578 2027 οἱ
1623 1975 1744 2027 κατ’

163 2073 319 2125 αὖτὶν
354 2075 448 2124 τὸν
483 2073 710 2126 θάνατον
738 2071 1076 2140 κυρωθέντες
1108 2067 1248 2123 εἶναι
1298 2069 1559 2138 μαθηταῖ,
1621 2084 1745 2119 συν-

162 2168 371 2218 τάττων
397 2167 491 2219 καὶ
546 2165 738 2218 ἑαυτὸν
786 2168 896 2226 τοῖς
925 2165 1103 2226 ἄλλοις
1167 2163 1455 2232 μαθηταῖς,
1504 2159 1596 2212 καὶ
1639 2157 1747 2210 ἀπὸ

161 2259 263 2310 τῶ)
317 2258 585 2311 πλειόνων
606 2259 746 2310 οὕτω
778 2258 983 2318 πάντας
1015 2254 1300 2323 ὀνομάζων
1326 2270 1335 2280 ·
1385 2253 1416 2323 ἦ
1446 2268 1740 2322 μεταξρορι-

165 2349 269 2410 κῶς
299 2350 388 2406 τὺ,
445 2348 836 2410 ἐπιθιινὰτιοι,
883 2341 996 2398 οἷον
1020 2346 1068 2396 οἱ
1102 2344 1331 2414 βέὖαιοι,
1384 2345 1434 2394 οἱ
1478 2340 1745 2409 ἀληθινοὶ,

169 2441 279 2506 μεθ’
314 2438 411 2501 οῦς
436 2439 536 2491 οὐκ
565 2439 702 2490 εἰσιν
730 2439 900 2500 ἄλλοι,
931 2439 1040 2490 ἀπὸ
1072 2437 1180 2490 τῶν
1207 2431 1744 2488 ἐπιθανατίωνδια-

166 2529 364 2595 θητῶν
391 2568 404 2581 .
438 2525 607 2582 Aio-4'.
644 2530 750 2598 γάρ
781 2532 887 2580 εἰσι
941 2528 1147 2596 βέϐαιοι
1191 2527 1283 2577 καὶ
1333 2523 1742 2592 ἀμετακίνητοι.

165 2626 227 2673 Αἵ
255 2641 308 2674 τε
347 2625 460 2691 γέ·ρ
498 2623 603 2693 πρὸ
636 2621 836 2682 αὐτῶν,
869 2621 1168 2681 κινοῦνται,
1199 2621 1293 2671 καὶ
1319 2621 1372 2671 αἱ
1402 2618 1518 2687 μετ’
1575 2616 1745 2676 αὐτὰς

167 2715 240 2777 δι,
273 2715 516 2766 πλασταὶ
547 2714 640 2765 καὶ
679 2711 960 2782 ἀκίϐδηλοι
990 2712 1081 2764 καὶ
1110 2710 1406 2776 απόῦλητοι
1441 2708 1590 2776 νόμῳ
1618 2722 1746 2773 τυγ-

170 2811 408 2874 χάνουσι.
438 2807 547 2858 Καὶ
570 2807 630 2857 τὸ
653 2805 813 2858 Δοκῶ
833 2805 912 2868 δὲ,
939 2806 997 2855 οὐ
1044 2801 1368 2871 δισταγμοῦ,
1415 2800 1528 2852 ἀλλ’
1582 2798 1743 2868 ἤθους

168 2899 309 2948 ἐστὶν
345 2897 708 2966 ἐμφαντικόν.
734 2893 866 2948 Εἶτα
903 2897 996 2948 καὶ
1037 2895 1199 2947 πόθεν
1238 2894 1415 2962 δῆλον,
1454 2891 1745 2960 φησὶν,ὅτι

168 2991 382 3058 ἔσχατοι
416 2991 512 3041 καὶ¹
542 2990 858 3051 τελευταῖοι,
901 2989 995 3040 καὶ
1055 2987 1173 3056 μεθ’
1201 2985 1292 3048 οῦς
1321 2986 1419 3037 οὐκ
1453 2983 1604 3036 ἔστιν
1653 2984 1746 3037 ἄλ-

167 3083 282 3146 λους
301 3083 440 3136 ἄλλα
470 3083 844 3151 κηρύσσοντας
872 3081 1289 3150 ἀποδειχθῆναι;
1323 3077 1591 3147 «Θὲατρον
1621 3077 1742 3145 ἐγε-

169 3175 408 3243 νήθημεν
438 3174 516 3242 τῷ
536 3175 744 3241 κόσμῳ,
771 3193 787 3224 ι
833 3174 1016 3242 φησίν.
1063 3175 1120 3223 '0
1152 3172 1355 3239 κόσμος
1371 3169 1552 3233 αὐτὸς,
1588 3169 1745 3238 φησι,

168 3269 315 3336 καὶή
351 3267 649 3334 οἰκουμένη
676 3265 836 3317 τοῦτο
867 3267 1152 3333 μαρτυρεῖ,
1207 3263 1298 3314 καὶ
1353 3263 1412 3312 οῦ
1446 3261 1605 3328 μόνον
1655 3261 1746 3312 ἄν-

168 3356 390 3425 θρωποι,
430 3356 564 3408 ἀλλὰ
591 3358 682 3408 καὶ
717 3357 772 3408 αἱ
809 3356 919 3409 ᾰιω
953 3355 1059 3408 τῶν
1088 3355 1334 3421 ἀγγέλων
1373 3353 1576 3416 τάξεις.
1621 3352 1743 3412 Πῶς

168 3444 254 3498 οὖν
280 3448 438 3516 ὑμεῖς
468 3465 481 3511 ;
515 3449 588 3508 ὡς
618 3449 850 3517 ἀρχηγοὶ
886 3447 1079 3515 καινῆς
1106 3445 1454 3506 διδασκαλίας
1496 3447 1587 3496 καὶ
1614 3443 1745 3496 καθ-

169 3539 365 3604 ηγηταὶ
398 3539 692 3606 φυσιοῦσθε
723 3542 814 3591 καὶ
847 3537 1171 3608 ὲπαίρετθες
1203 3539 1262 3588 Εἰ
1287 3537 1384 3604 μὲν
1417 3536 1578 3606 γὰρᾶ
1613 3538 1743 3606 παρ’

170 3632 318 3696 ἡμῶν
354 3631 737 3701 παρειλήφατε
765 3673 778 3690 ,
826 3632 1127 3692 διδάσκετε,
1167 3629 1404 3700 μαθηταί
1445 3633 1588 3691 ἐστε,
1652 3630 1744 3680 καὶ

174 3721 341 3786 μάτην
373 3718 741 3788 ἐφυσιώθητε.
765 3721 825 3771 Ei
850 3719 903 3771 δέ
927 3718 1098 3788 ἑτέρῳ
1129 3719 1258 3785 παρ’
1282 3718 1314 3771 ἂ
1345 3719 1742 3787 παρειλήφατε,

170 3807 466 3870 γινώσκετε
487 3809 569 3860 ὅτι
604 3811 765 3876 ἡμεῖς
792 3811 959 3878 ἐσμεν
991 3807 1083 3870 οὒς
1130 3808 1391 3876 ἐσχάτους
1425 3808 1520 3860 καὶ
1557 3807 1742 3859 τελευ-

170 3898 346 3960 ταίους
389 3900 485 3950 καὶ
520 3898 948 3964 ἐπιθανατίους
1014 3899 1042 3949 ὁ
1072 3899 1204 3961 Θεὸς
1251 3899 1525 3965 ἀπέδειξε.
1575 3898 1744 3950 Πόθεν

171 3986 253 4040 οὖν
282 3991 442 4058 ὑμεῖς
506 3991 900 4060 παρειληφότες
962 3992 1244 4045 διδάσκετε
1278 4009 1290 4056 ;
1330 3993 1389 4044 Εἰ
1436 3992 1544 4062 γὰρ
1581 3995 1744 4063 ἡμεῖς

173 4085 330 4147 ἐσμεν
362 4082 460 4143 οῦς
489 4083 515 4134 ὁ
535 4083 666 4144 Θεὸς
696 4084 1042 4146 τελευταίους
1076 4087 1168 4138 καὶ
1203 4084 1588 4148 ἐπιθανατίους
1611 4088 1746 4139 ἀπο-

175 4174 385 4236 στόλους
417 4175 691 4239 ἀπὲδειξε,
717 4176 876 4244 δῆλον
903 4177 983 4229 ὅτι
1033 4177 1087 4228 εἴ
1116 4195 1167 4230 τι
1199 4179 1434 4247 χρηστὸν
1489 4180 1744 4249 παρειλή-

174 4282 298 4329 ςατε
333 4266 570 4333 μάθημα
601 4268 692 4318 καὶ
717 4266 1068 4335 κατόρθωμα,
1103 4270 1164 4321 ὲκ
1190 4269 1298 4321 τῶν
1327 4268 1611 4338 ἡμετέρων
1648 4271 1747 4323 πύ-

175 4375 270 4408 νων
298 4356 512 4425 καὶτῆς
545 4358 914 4420 διδασκαλίας.
947 4361 1074 4427 ὑμῖν
1087 4361 1473 4428 προσγέγονεν.
1501 4361 1627 4414 Εἴθε
1651 4359 1744 4414 οὖν

176 4447 227 4496 ἐν
253 4449 464 4508 τούτοις
497 4447 888 4513 ἐπλουτήσατε,
918 4449 1029 4501 εἴθε
1065 4450 1476 4516 ἐϐασιλεύσατε,
1525 4454 1612 4506 ἵνα.
1651 4456 1744 4507 καὶ

1848 1997 2000 2043 sunt.
2027 1989 2136 2042 Nos
2162 1990 2308 2042 enim
2344 1988 2496 2044 missi
2529 2004 2722 2044 sumus
2749 2006 2778 2044 a
2805 1990 2919 2044 Deo
2953 1990 3235 2045 destinati.
3279 1990 3434 2056 Quod

1849 2087 2034 2131 autem
2061 2078 2138 2130 ait
2161 2080 2208 2130 οἱ
2243 2079 2577 2133 ἐπιθανὰτιοι
2600 2079 2896 2148 dupliciter
2941 2081 3171 2151 intelligi
3207 2091 3388 2150 potest
3422 2101 3432 2134 :

1848 2179 1944 2224 aut
1989 2172 2118 2240 quia
2161 2171 2323 2244 452
2357 2173 2544 2227 eteteri
2589 2173 2846 2241 discipuli
2893 2173 2986 2243 qui
3034 2189 3135 2228 suo
3179 2185 3430 2243 tetnpore

1844 2261 2086 2320 fuerant.
2119 2263 2282 2316 morti
2309 2263 2513 2318 addicti
2544 2272 2724 2330 erant,
2754 2266 2996 2334 seipsmn
3029 2283 3248 2336 quoque
3276 2277 3436 2321 caete-

1850 2356 1985 2410 teris
2033 2368 2362 2410 annumerat
2405 2358 2715 2427 discipulis,
2764 2368 2824 2411 et
2871 2373 3063 2412 omnes
3103 2375 3131 2412 a
3181 2360 3435 2428 pluribus

1847 2451 2187 2504 denominat.
2215 2453 2321 2504 Aut
2349 2461 2406 2504 ut
2428 2451 2802 2520 metaphorice
2823 2454 3163 2504 sumaturé:
3192 2452 3434 2504 θανατιοι

1848 2541 1992 2594 idem
2033 2541 2352 2607 significans
2393 2541 2540 2608 quod
2589 2540 2749 2599 certi,
2800 2541 2937 2604 veri,
2979 2551 3103 2610 post
3143 2557 3281 2610 quos
3326 2557 3430 2594 non

1847 2644 1974 2687 sunt
2011 2633 2103 2686 alii
2131 2650 2144 2686 :
2172 2633 2638 2702 quemadmodum
2673 2634 2838 2686 etiam
2874 2634 3132 2686 dicuntur
3160 2633 3418 2685 ἐπιθανα-

1848 2741 1955 2776 τιαι
1973 2724 2248 2791 διαθῆκαι,
2267 2723 2318 2775 id
2337 2733 2441 2784 est,
2463 2721 2617 2774 ﬁrma
2656 2731 3041 2791 postremaque
3070 2731 3392 2776 testamenta
3418 2741 3429 2773 :

1846 2829 2042 2882 nempe
2085 2829 2152 2866 eo
2197 2812 2343 2881 quod
2386 2812 2495 2864 sint
2528 2811 2925 2872 immntabilia;
2974 2826 3096 2863 nam
3141 2824 3262 2878 quae
3308 2817 3433 2860 ante.

1847 2899 1937 2951 illa
1972 2906 2120 2963 sunt,
2153 2907 2459 2959 mutantur,
2492 2916 2610 2966 qua
2639 2915 2770 2952 vero
2819 2909 2942 2967 post
2974 2899 3083 2961 illa,
3123 2899 3242 2951 [icta
3268 2913 3329 2950 ae
3362 2899 3406 2949 ir

1850 2990 1951 3042 rita
1989 3000 2138 3054 sunt,
2171 2999 2226 3042 et
2268 2991 2386 3059 lege
2417 2991 2766 3058 rejieinntnr.
2814 2990 3028 3043 Rursus
3057 2990 3204 3058 quod
3260 2988 3386 3040 uicit
3422 3008 3427 3012 ·

1857 3101 1872 3132 ι
1909 3082 2109 3135 Videre
2145 3083 2358 3143 videor,
2394 3102 2410 3132 ι
2448 3099 2554 3134 non
2589 3083 2956 3136 harsitationis
2983 3091 3090 3146 est,
3132 3081 3227 3136 sed
3264 3081 3435 3133 moris

1805 3227 1815 3245 .
1851 3171 2294 3239 signiﬁcativum.
2333 3170 2409 3224 Ad
2444 3171 2581 3231 haec.
2629 3171 2795 3232 unde,
2840 3171 3041 3240 inquit,
3073 3170 3429 3224 manifestum

1851 3272 1934 3316 est
1971 3263 2116 3332 quod
2156 3263 2422 3332 postremi
2449 3279 2510 3317 ac
2537 3263 2821 3317 novissimi
2857 3263 3126 3332 designati
3161 3263 3354 3323 simus,
3380 3271 3436 3312 et

1853 3364 1973 3424 post
2002 3373 2141 3424 quos
2184 3373 2292 3409 non
2333 3357 2405 3410 sit
2448 3357 2585 3410 alios
2614 3357 2641 3410 ι’
2667 3358 2731 3410 tri
2767 3357 3205 3425 praedicatores?
3247 3374 3262 3403 ι
3297 3353 3432 3419 Quia

1853 3450 2228 3517 spectaculum
2282 3448 2408 3501 laeti
2459 3465 2648 3502 smnus
2700 3449 2926 3514 mundo,
2966 3469 2982 3498 ι
3033 3450 3145 3508 ait;
3197 3447 3436 3500 mundus

1856 3541 1972 3610 ipse
2006 3541 2268 3609 orbisque
2313 3553 2585 3594 terrarum
2626 3543 2728 3594 hoc
2771 3550 3024 3601 testatur,
3061 3556 3160 3593 nec
3191 3540 3290 3592 soli
3332 3539 3433 3591 ho-

1855 3632 2048 3693 mines,
2078 3633 2251 3686 sedet
2277 3634 2501 3702 superni
2531 3634 2848 3702 angelorum
2880 3633 3120 3687 ordines.
3150 3630 3436 3697 Quomodo

1853 3741 1951 3779 vos
1980 3735 2239 3794 tanquam
2275 3734 2532 3779 auctores
2579 3741 2642 3779 ae
2681 3725 2924 3792 magistri
2973 3739 3128 3776 novae
3171 3723 3436 3774 doctrinm

1855 3817 2120 3871 inﬂamini
2154 3834 2217 3871 ac
2248 3819 2561 3887 erigimini?
2598 3818 2813 3871 Etenim
2847 3817 2890 3870 si
2926 3831 2988 3868 ea
3016 3817 3226 3869 docetis
3249 3831 3370 3883 qua:
3403 3833 3428 3867 a

1855 3909 2016 3962 nobis
2067 3909 2376 3977 accepistis,
2435 3909 2691 3977 discipuli
2738 3908 2872 3960 estis
2924 3906 3236 3974 frustraque
3286 3906 3435 3957 inlla-

1857 3999 2004 4052 mini.
2046 4000 2099 4052 Si
2144 4015 2274 4052 vero
2319 4001 2422 4053 alia
2475 4001 2544 4053 ab
2593 4001 2678 4053 his
2709 4016 2833 4069 quae
2880 3999 3194 4068 accepistis,
3242 3998 3436 4052 scitote

1855 4091 2000 4160 quod
2035 4106 2133 4143 nos
2169 4091 2206 4143 ii
2253 4106 2445 4143 sumus
2475 4106 2612 4159 quos
2642 4091 2789 4145 Deus
2815 4097 3125 4159 postremos
3151 4105 3216 4143 ao
3248 4089 3437 4142 ﬁnales

1856 4193 2145 4250 certosque
2180 4183 2458 4250 apostolos
2507 4182 2835 4252 designavit,
2875 4184 2989 4236 sive
3032 4181 3430 4242 ἐπιθανατίους.

1857 4274 2009 4328 Unde
2045 4274 2211 4342 igitur
2241 4275 2535 4342 accepistis
2567 4289 2628 4327 ea
2658 4290 2780 4342 quae
2821 4275 3072 4327 docetis?
3098 4275 3231 4326 Nam
3264 4273 3306 4325 si
3338 4288 3438 4325 nos

1854 4381 2045 4419 suums
2077 4381 2215 4432 quos
2241 4366 2386 4418 Deus
2416 4367 2748 4418 novissimos
2772 4382 2832 4419 ae
2859 4377 3165 4434 postremos
3187 4366 3436 4434 designa—

1853 4457 1953 4516 vit,
1981 4457 2330 4510 manit‘estum
2355 4468 2437 4510 est
2461 4458 2606 4526 quod
2636 4459 2679 4510 si
2706 4473 2868 4526 quam
2888 4458 3076 4510 utilem
3105 4457 3432 4521 dot-trinam,

175 4538 320 4604 ἡμεῖς
340 4539 473 4605 ὑμῖν
491 4541 536 4590 οἱ
553 4539 618 4592 τὰ
636 4541 925 4610 σπέρματα
942 4542 1035 4610 τῆς
1055 4541 1383 4610 θεογνωσίας
1401 4546 1495 4596 καὶ
1511 4545 1745 4616 τῶνὰρε-

1855 4548 2133 4602 facinusve
2161 4549 2441 4618 egregium
2473 4551 2822 4617 acceperitis,
2856 4565 2884 4602 a
2912 4547 3113 4602 nostris
3148 4547 3434 4601 laboribus

172 4629 274 4680 τῶν
303 4631 642 4683 καταδαλόντ
683 4650 729 4694 ς,
748 4632 1292 4703 συμϐασιλεῦσωμεν.
1325 4635 1485 4690 Ἀλλὰ
1507 4636 1744 4702 δέδοικα,

179 4720 246 4787 μὴ
284 4722 379 4791 οὐχ
413 4721 588 4783 οὕτως
613 4723 715 4794 Em
745 4725 810 4777 τὰ
841 4726 1104 4795 ὑμέτερα.
1145 4745 1163 4776 ι
1188 4727 1324 4789 Τοὺς
1359 4729 1740 4792 ἀποστόλους.»

180 4811 450 4879 Ἐμφασιν
485 4812 597 4881 ἔχει
622 4815 841 4884 πολλὴν,
868 4817 948 4880 τὸ,
971 4837 988 4867 ι
1011 4817 1188 4887 Ἢμᾶς
1207 4819 1328 4883 τοὺς
1357 4821 1739 4884 ἀποστόλους»

176 4904 411 4956 τουτέστι
425 4904 550 4966 τοὺς
565 4905 802 4958 τοσαῦτα
816 4908 954 4977 ὑπὲρ
968 4910 1007 4960 Χ
1021 4909 1202 4976 ριστοῦ
1219 4912 1575 4974 πεπονθότας.
1594 4933 1612 4962 ι
1629 4915 1747 4965 ’Ὁτι

178 4993 396 5064 θέατρον
415 4997 650 5067 ἐγενήθη
662 5016 781 5067 μεν.
797 5019 814 5049 ι
839 5000 960 5063 Πῶς
979 5001 1057 5064 δὲ,
1083 5002 1238 5070 φησὶ,
1257 5001 1463 5072 νομίζω
1482 5005 1561 5055 ὅτι
1587 5003 1748 5073 ἔσχα-

176 5087 249 5137 τοί
298 5091 502 5156 ἐσμεν;
560 5088 681 5140 Ὀτι
733 5089 960 5158 θέατρον
1006 5091 1084 5161 τῷ
1137 5093 1327 5162 κόσμῳ
1381 5095 1742 5164 ἐγενήθημεν,

177 5179 466 5237 τουτέστιν.
505 5180 608 5231 οὐκ
641 5182 698 5231 ἐν
737 5183 833 5250 μιᾷ
865 5183 1038 5252 γωνίᾳ
1073 5186 1372 5252 πάσχοντες
1409 5187 1617 5250 κακῶς,
1651 5188 1746 5240 ἁλ-

179 5271 238 5323 λὰ
275 5272 556 5340 πανταχοῦ
585 5273 688 5341 γῆς
712 5287 726 5301 ’
760 5275 852 5325 καὶ
883 5275 1040 5342 ὑμεῖς
1065 5276 1166 5345 ἥδη
1204 5276 1488 5345 βασιλείαν
1535 5282 1744 5348 ὀνειρο-

182 5364 378 5416 πολεῖτε
408 5381 423 5428 ;
451 5363 544 5428 Ἐξ
572 5358 647 5417 ὧν
674 5364 728 5417 δὲ
758 5365 1013 5432 περὶτῶν
1037 5367 1348 5419 ἀποστόλων
1372 5368 1546 5422 ταῦτα
1575 5371 1742 5438 λέγει,

180 5453 407 5507 δείκνυσι
432 5455 532 5524 τὴν
556 5456 780 5508 ἐκείνων
803 5455 980 5524 οἴησιν
999 5457 1234 5526 ματαίαν
1263 5460 1354 5511 καὶ
1372 5460 1564 5530 ψευδῆ.
1592 5481 1609 5511 ι
1637 5463 1745 5514 Καὶ

182 5547 439 5614 ἀγγέλου-ς.
476 5569 496 5599 ι
533 5549 790 5610 Τοιαῦτα,
827 5551 1011 5617 φησὶν,
1052 5551 1208 5620 ἡμῶν
1253 5554 1319 5605 τὰ
1365 5555 1739 5624 παλαίσματα,

179 5637 245 5700 ὡς
268 5642 357 5693 καὶ
385 5642 689 5711 ἀγγελικῆς
715 5637 853 5694 εἶναι
883 5641 1114 5711 θεωρίας
1142 5643 1286 5708 ἄξια,

183 5731 302 5787 dicit
327 5737 389 5790 de
431 5739 714 5807 apostolis,
746 5739 987 5791 ostendit
1013 5738 1232 5792 illorum
1271 5741 1735 5798 existimationem
1778 5761 1972 5798 vanam
2004 5763 2143 5807 esse.
2173 5765 2234 5800 ar
2263 5748 2532 5802 lailaeem.
2571 5770 2582 5786 ε

1855 4657 1917 4694 ae
1955 4641 2260 4709 disciplinis
2282 4641 2438 4694 vobis
2460 4642 2739 4709 provenit.
2763 4642 2984 4695 Utinam
3020 4657 3152 4711 ergo
3181 4657 3280 4710 per
3320 4641 3432 4693 luce

1855 4730 2009 4783 dilati
2058 4729 2200 4792 sitis,
2243 4731 2449 4783 utinam
2502 4747 2728 4800 regnum
2772 4730 2979 4800 adepti,
3032 4739 3176 4784 utet
3208 4746 3306 4783 nos
3340 4731 3434 4799 qui

1857 4823 2012 4876 vobis
2047 4822 2247 4875 divinae
2278 4823 2487 4876 semina
2523 4823 2854 4890 cognitionis
2896 4839 2960 4877 ac
3000 4823 3268 4875 virtutum
3296 4822 3434 4890 jeci-

1858 4931 1999 4980 mus,
2046 4932 2152 4968 una
2205 4916 2487 4969 vobiscum
2529 4931 2840 4983 regnemus.
2888 4916 3089 4970 Verum
3136 4917 3324 4977 timeo,
3368 4930 3436 4968 ne

1858 5019 2037 5063 vestra
2082 5025 2189 5062 non
2246 5009 2317 5060 ita
2366 5024 2421 5059 se
2471 5008 2727 5060 habeant.
2761 5028 2777 5055 ι
2816 5007 3126 5076 Apostolus.
3163 5026 3179 5056 ι
3215 5007 3432 5060 Multam

1856 5100 2021 5154 habet
2038 5100 2340 5169 emphasim
2373 5099 2517 5166 quod
2537 5099 2611 5152 ait
2634 5117 2676 5150 ει
2704 5101 2812 5153 Nos
2837 5100 3132 5168 apostolos,
3160 5117 3177 5150 ι
3207 5099 3310 5152 hoc
3327 5107 3431 5162 est,

1855 5194 1949 5263 qui
1981 5200 2131 5246 tanta
2167 5207 2266 5260 pro
2293 5190 2512 5244 Christo
2542 5192 2684 5260 passi
2718 5207 2928 5245 sumus.
2959 5211 2976 5240 ι
3007 5190 3277 5255 Quoniam
3304 5206 3430 5258 spe-

1858 5287 2130 5339 ctaculum
2171 5283 2297 5338 facti
2333 5299 2544 5337 sumus.
2580 5305 2596 5332 υ
2647 5284 2821 5347 Unde,
2854 5283 3052 5352 inquit,
3085 5283 3333 5336 adducor
3375 5291 3434 5335 ιιι

1857 5377 2162 5430 existimem
2217 5376 2364 5445 quod
2407 5377 2670 5446 postremi
2725 5376 2852 5432 laeti
2901 5377 3120 5432 simus?
3159 5376 3430 5443 Quoniam

1854 5471 2230 5540 spectaculum
2285 5472 2476 5524 mundi
2525 5455 2718 5525 sumus
2753 5489 2766 5525 :
2800 5473 2905 5526 hoc
2935 5480 3040 5536 est,
3076 5487 3185 5526 non
3219 5471 3273 5524 in
3321 5486 3432 5523 uno

1853 5564 2054 5632 angulo
2088 5565 2226 5617 mala
2262 5565 2582 5624 tolerantes.
2628 5564 2720 5617 sed
2760 5564 2967 5633 ubique
3018 5575 3291 5618 terrarum
3327 5582 3337 5616 :
3374 5570 3430 5615 et

1856 5667 1950 5704 vos
1983 5652 2092 5718 jam
2127 5668 2355 5721 regnum
2399 5653 2725 5707 somniatis?
2764 5654 3030 5720 Quoniam
3079 5662 3260 5705 autem
3314 5653 3430 5706 hazc

2635 5749 2696 5801 Ει
2736 5749 2963 5818 angelis.
3008 5768 3024 5797 ι
3093 5747 3267 5808 Talia,
3341 5746 3427 5798 ir:-

185 5822 307 5888 qnit,
333 5838 458 5882 sunt
488 5838 670 5884 nostra
695 5827 1010 5889 certamina,
1037 5839 1088 5880 ιιι
1117 5831 1359 5898 angelico
1384 5834 1547 5888 etiam
1579 5836 1736 5894 clima
1781 5838 1882 5892 sint
1917 5851 2138 5896 τικμσρτιι
