4194 6468
751 404 857 466 695

1803 406 2206 470 (ECUMENII
2244 409 2538 470 TRICC/E
2580 409 2924 470 EPISCUPI

3902 411 4011 473 696

744 527 968 594 υἱοί-ες
1001 524 1366 582 redderentur
1392 537 1652 596 tanquam
1683 526 1802 598 ipse
1837 528 1905 584 ad
1935 543 2034 584 eos
2054 535 2320 584 venturus

2426 546 2586 601 σομαι
2630 528 2708 582 δέ.
2741 547 2758 580 ι
2797 557 2869 570 -
2904 546 2923 580 ι
2966 526 3380 598 Ἐιρυσιώθησάν
3406 543 3571 590 τινες.
3601 546 3617 578 ι
3654 522 3835 581 Ἷισαν
3864 532 4010 581 κατὰ

737 632 848 673 ιιοη
889 627 1055 683 esset,
1089 621 1316 690 corrigit
1369 621 1495 685 hoc,
1539 621 1730 677 dicens
1775 641 1788 677 :
1828 641 1845 673 ι
1887 621 1991 676 Sed
2023 622 2262 678 veniam.
2295 643 2313 674 ι

743 729 764 762 ι
814 710 995 764 lnﬂati
1041 720 1169 765 sunt
1203 711 1452 781 quidam.
1497 732 1515 765 ι
1553 715 1724 768 Erant
1767 715 2040 778 nonnulli,
2074 723 2134 767 ut
2172 715 2319 769 veri-

739 799 921 854 simile
949 802 1147 869 estqui
1175 801 1391 871 seipsos
1412 811 1803 872 provexerant,
1845 813 2171 874 arroganter
2200 818 2318 858 sese

738 896 1014 958 gerentes,
1051 898 1148 942 aut
1178 891 1250 944 ob
1297 892 1608 954 scientiam,
1651 900 1747 944 aut
1796 892 1867 945 ob
1897 893 2084 956 vitam,
2116 902 2210 946 aut
2244 891 2316 946 ob

741 980 890 1033 aliud
938 982 1162 1050 quidvis
1213 999 1402 1036 rerum
1461 984 1869 1054 spiritualium.
1924 985 2131 1038 Deinde
2185 985 2318 1040 hinc

743 1070 924 1124 inanis
948 1073 1120 1141 gloria
1147 1088 1211 1127 ac
1243 1073 1452 1128 inﬂatio
1485 1075 1844 1128 subintrarat.
1876 1073 1978 1126 Per
2009 1073 2314 1129 absentiam

741 1161 1018 1229 siquidem
1046 1164 1290 1234 magistri
1318 1181 1442 1219 cum
1468 1166 1650 1218 nullus
1678 1173 1824 1218 esset
1853 1165 1947 1234 qui
1971 1175 2227 1236 argueret
2253 1182 2318 1221 ac

741 1253 1064 1322 corrigeret,
1099 1254 1455 1310 inﬂabantur.
1500 1272 1516 1305 ι
1549 1253 1656 1308 Sed
1691 1255 1930 1308 veniam.
1965 1273 1981 1305 ι
2019 1255 2174 1320 Quod
2199 1255 2310 1308 ait:

749 1364 766 1394 ι
807 1346 1033 1400 Veniam
1067 1348 1226 1403 brevi
1271 1348 1337 1402 ad
1369 1363 1486 1414 vos,
1519 1367 1536 1399 ι
1575 1349 1835 1402 terrentis
1859 1359 1944 1402 est
1969 1358 2023 1403 et
2057 1362 2312 1416 pavorem

742 1435 1086 1503 incutientis,
1137 1435 1303 1509 456
1351 1438 1517 1508 idque
1547 1439 1862 1509 apparantis
1888 1448 1947 1491 ut
1995 1438 2095 1506 ipsi
2121 1437 2314 1508 vigila-

742 1538 868 1582 rent
891 1538 946 1583 et
977 1530 1030 1582 in
1061 1529 1239 1584 oﬂicio
1274 1532 1710 1584 continerentur.
1751 1546 1769 1579 ι
1807 1527 1874 1582 Ει
1902 1543 2248 1598 cognoscam.
2289 1547 2307 1578 ι

743 1619 1012 1674 Fortassis
1037 1619 1203 1674 etiam
1236 1636 1356 1674 sese
1381 1620 1666 1690 jactabant
1695 1628 1956 1688 tanquam
1989 1618 2216 1688 perfecti
2253 1633 2316 1672 ac

740 1713 1055 1780 spirituales
1085 1731 1098 1764 :
1127 1713 1222 1767 sed
1258 1713 1509 1776 veniens,
1542 1713 1742 1781 inquit,
1768 1722 1957 1780 potero
1983 1725 2316 1780 cognoscere

741 1818 868 1854 num
916 1802 985 1857 de
1029 1804 1330 1873 vobisipsis
1375 1803 1709 1873 gloricmini.
1755 1802 1902 1856 Nihil
1933 1801 2079 1854 enim
2131 1799 2315 1854 meriti

2425 623 2485 676 τὸ
2517 623 2664 685 εἰκὸς
2716 621 2942 683 ἑαυτοὺς
2979 619 3390 684 ὲπιδεδωκότες,
3456 620 3488 690 ἢ
3556 619 3650 671 ἐπὶ
3708 619 3934 685 γνώσει,
3969 622 4005 687 ἢ

2425 715 2516 767 ἐπὶ
2553 713 2674 784 βίῳ,
2711 714 2744 784 ἢ
2773 714 2862 766 ὲπί
2892 729 2998 764 τινι
3018 712 3127 765 τῶν
3157 713 3548 780 πνευματικῶν
3608 712 4012 779 ἀλαζονευόμε-

2423 823 2526 859 νοι.
2569 804 2699 859 Εῐτα
2723 805 2874 858 ἔνθεν
2911 805 3189 871 κενοδοξία
3216 806 3309 858 καὶ
3337 803 3602 873 φυσίωσις
3651 807 4011 874 παρυπέστη.

2423 900 2502 970 Τῇ
2532 895 2624 954 οὖν
2651 898 2888 969 ἀπουσίᾳ
2913 896 3008 950 τοῦ
3039 897 3384 963 διδασκάλου,
3415 897 3651 967 μηδενὸς·
3709 897 3863 959 ὄντος
3910 895 4010 948 τοῦ

2424 991 2742 1060 ἐλέγχοντος
2772 990 2865 1042 καὶ
2915 989 3328 1059 διορθουμένου,
3369 984 3512 1057 ἦσαν
3564 989 4006 1055 πεφυσιωμένοι.

2431 1102 2449 1134 ι
2495 1081 2819 1152 Ἐλεύσομαι
2877 1082 2954 1134 δέ.
2991 1104 3008 1132 ι
3057 1083 3151 1146 Τὸ,
3198 1099 3216 1132 ι
3247 1081 3568 1150 Ἐλεύσομαι
3621 1082 3831 1150 ταχέως
3871 1081 4012 1150 1:90;

2423 1175 2591 1243 ὑμᾶς,
2620 1192 2639 1225 ι
2685 1173 2976 1237 πτοοῦντός
3046 1175 3162 1226 ἐστι
3215 1174 3311 1227 καὶ
3357 1172 3718 1242 φοϐουμένου,
3779 1171 4010 1234 τούτους

2421 1264 2616 1332 νήφειν
2675 1265 2770 1318 καὶ
2815 1262 3180 1316 κατεστάλθαι
3252 1261 3789 1332 παρασκευάζοντος.
3826 1279 3845 1310 ι
3900 1261 4014 1311 Καὶ

2421 1351 2724 1422 γνώσομαι.
2757 1371 2776 1403 ι
2815 1350 2973 1413 Ἴσως
2997 1351 3089 1403 καὶ
3122 1350 3436 1418 ἐκόμπαζον
3475 1351 3550 1414 ὡς
3601 1349 3796 1402 τέλειοί
3859 1363 4015 1410 τινες

2422 1446 2515 1498 καὶ
2535 1442 2889 1514 πνευματικοί
2912 1459 2924 1473 ·
2950 1443 3106 1506 ἀλλὰ,
3135 1444 3321 1514 φησιν,
3342 1442 3660 1512 ἐρχόμενος,
3681 1442 3788 1510 ἔχω
3802 1439 4014 1506 γνῶναι

2423 1538 2470 1589 εί
2503 1536 2630 1605 περὶ
2652 1535 2865 1589 ἑαυτῶν
2898 1535 3236 1606 κομπάζετε.
3263 1533 3432 1586 Τοῦτο
3471 1535 3578 1603 γὰρ
3607 1532 3818 1593 οὐδενὸς
3831 1531 4012 1594 ἄξιον,

2422 1621 2483 1672 τὸ
2509 1620 2816 1688 κομπάζειν
2843 1620 3006 1687 μόνον
3055 1620 3178 1688 δίχα
3213 1619 3412 1689 ἔργων,
3469 1618 3582 1670 ἀλλ’
3623 1618 3671 1669 εἰ
3713 1617 3840 1680 ἄξια
3900 1615 4016 1666 τῶν

2422 1709 2598 1775 λόγων
2626 1710 2693 1761 τὰ
2721 1709 2880 1778 ἔργα.
2916 1709 2990 1760 Οὐ
3018 1709 3127 1778 γάρ
3153 1708 3329 1775 λόγων
3359 1708 3542 1778 χρεία,
3575 1706 3712 1759 ἀλλὰ
3731 1707 3825 1758 τοῦ
3847 1706 4016 1775 ἔργον

2422 1799 2596 1850 ποιεῖν
2629 1798 3018 1865 πνευματικόν,
3057 1799 3132 1850 Οὐ
3161 1799 3269 1868 γὰρ
3306 1799 3453 1867 λόγοι
3484 1800 3652 1868 χωρ’-ς
3683 1797 3860 1866 ἔργων
3895 1799 4018 1848 εἰσ-

739 1893 922 1958 habet,
968 1896 1174 1964 absque
1213 1895 1474 1964 operibus
1521 1894 1766 1965 gloriari,
1803 1893 1898 1948 sed
1927 1892 1972 1946 si
2010 1892 2173 1962 digna
2205 1906 2320 1944 ser-

2426 1890 2699 1956 ενέγκοιεν
2756 1892 2834 1952 είς
2887 1890 2984 1960 τὴν
3046 1890 3322 1959 βασιλείαν
3372 1891 3482 1943 τῶν
3549 1889 3819 1958 οὐρανῶν,
3872 1891 4017 1956 ὅπερ

740 1988 993 2042 monibus
1023 1988 1133 2042 sint
1160 2004 1349 2058 opera.
1398 1987 1680 2056 Siquidem
1711 2001 1819 2040 non
1851 1993 1981 2041 sunt
2013 1983 2313 2040 necessarii

738 2094 1041 2140 sermones,
1080 2081 1172 2135 sed
1224 2090 1282 2134 ut
1325 2097 1489 2149 opera
1533 2080 1838 2148 spiritualia
1878 2079 2003 2145 quis
2031 2086 2313 2145 operetur.

2425 1981 2570 2044 λέγει
2597 1981 2675 2040 είς
2709 1980 2807 2047 τὴν
2846 1978 3126 2048 βασιλείαν
3175 1980 3268 2034 τοῦ
3313 1981 3471 2046 Θεοῦ,
3505 1980 3618 2034 ἀλλ’
3655 1982 3711 2032 ὲν
3753 1979 4012 2048 δυνάμει,

2424 2070 2704 2124 τουτέστιν
2736 2071 2794 2122 ὲν
2822 2073 2888 2141 τῇ
2919 2071 3180 2138 ἐπιδείξει
3208 2073 3316 2126 τῶν
3342 2073 3540 2143 ἔργων.

737 2174 1032 2227 Sermones
1075 2191 1310 2244 namque
1370 2174 1487 2228 sine
1554 2175 1815 2243 operibus
1849 2173 1903 2226 in
1950 2186 2173 2241 regnum
2241 2168 2509 2222 caelorum
2585 2180 2933 2234 nequaquam
2982 2165 3356 2222 introducent.
3426 2167 3494 2220 Et
3546 2167 3648 2222 hoc
3691 2176 3775 2221 est
3857 2169 4012 2236 quod

734 2263 813 2318 ait
845 2283 858 2318 :
898 2285 916 2317 ι
949 2267 1068 2322 Νοη
1091 2267 1236 2322 enim
1281 2284 1378 2339 per
1410 2283 1719 2322 sermonem
1748 2276 1832 2319 est
1862 2280 2087 2335 regnum
2119 2263 2237 2325 Dei,
2272 2260 2366 2314 sed
2409 2273 2508 2328 per
2536 2257 2824 2322 virtutem,
2872 2277 2890 2310 ι
2928 2259 2982 2313 id
3017 2267 3120 2322 est,
3155 2275 3254 2330 per
3293 2275 3523 2330 cperum
3576 2261 4016 2314 demonstratio-

733 2377 881 2417 nem.

1360 2480 1586 2536 CAPUT
1629 2481 1687 2534 ll.

732 2571 996 2625 Adversus
1040 2579 1226 2642 stupra
1271 2581 1318 2624 et
1351 2575 1696 2624 scortutiones
1734 2589 1794 2622 iu:
1834 2587 1916 2622 eos
1949 2570 2037 2638 qui
2085 2585 2201 2620 cum
2235 2570 2311 2621 liis

1353 2645 1698 2712 prrrltcipmtt.

801 2736 890 2800 ιν,
918 2735 1007 2788 21.
1033 2764 1103 2774 —-
1125 2735 1189 2796 Υ,
1225 2735 1274 2794 1.
1311 2735 1365 2787 9..
1401 2735 1536 2798 Quid
1564 2733 1718 2787 vultis
1741 2733 1764 2785 ?
1787 2750 1914 2786 num
1940 2741 1994 2784 ut
2018 2749 2135 2785 cum
2161 2733 2310 2802 virga

733 2831 940 2881 ueniam
969 2828 1039 2881 ad
1072 2845 1158 2881 vos
1195 2843 1264 2880 an
1298 2843 1414 2878 cum
1448 2827 1708 2878 cliaritate
1737 2835 1783 2876 et
1813 2825 2003 2893 spiritu
2035 2823 2312 2876 lenitatis?

734 2919 960 2972 Omnino
999 2918 1216 2970 auditur
1253 2921 1387 2970 inter
1426 2934 1512 2969 vos
1554 2926 1818 2982 stuprum,
1853 2913 2011 2983 quale
2048 2929 2140 2965 nec
2177 2914 2314 2964 inter

733 3019 910 3078 gentes
941 3012 1250 3062 nominatur
1282 3025 1298 3061 :
1333 3018 1388 3061 ut
1424 3011 1582 3061 etiam
1621 3007 1788 3077 patris
1826 3021 2040 3058 uxorem
2071 3007 2186 3074 quis
2221 3005 2315 3058 lia-

735 3112 874 3155 ueat.
910 3101 980 3154 Ει
1027 3118 1114 3154 vos
1153 3102 1329 3171 inﬂati
1377 3102 1496 3153 estis
1543 3117 1604 3153 ac
1654 3117 1756 3152 non
1790 3099 1957 3168 magis
1990 3098 2217 3162 luxistis,
2263 3107 2318 3150 ut

738 3194 1012 3248 tolleretur
1051 3195 1114 3246 de
1157 3195 1325 3247 medio
1363 3202 1593 3248 vestrum
1623 3194 1712 3262 qui
1753 3192 1958 3261 facinus
1991 3191 2084 3243 hoc
2125 3205 2312 3259 perpe-

740 3291 920 3342 trarii.

809 3382 944 3435 Nam
975 3381 1028 3435 in
1060 3391 1264 3452 vestra,
1291 3381 1490 3450 inquit,
1518 3382 1681 3434 situm
1718 3388 1801 3435 est
1823 3385 2092 3449 potestate
2119 3384 2180 3431 ut
2203 3375 2319 3431 haec

744 3471 960 3525 faciatis
993 3489 1004 3524 :
1045 3480 1140 3524 aut
1179 3481 1238 3524 ut
1265 3487 1461 3538 segnes
1486 3469 1668 3525 effecti
1697 3486 1782 3524 me
1809 3468 1875 3522 ad
1902 3469 2038 3522 iram
2065 3476 2121 3521 et
2152 3466 2320 3520 ultio-

742 3582 865 3620 ncm
904 3565 1237 3634 provocetis,
1282 3565 1745 3634 quemadmodum
1787 3565 2010 3617 Petrum
2058 3560 2318 3623 Ananias,

741 3666 796 3710 ct
826 3658 1099 3726 meipsum
1129 3655 1333 3710 Elimas
1359 3673 1371 3708 :
1396 3665 1490 3709 aut
1512 3664 1570 3709 ut
1591 3655 1835 3709 studiose
1859 3661 2083 3723 agentes
2109 3661 2164 3705 et
2186 3651 2323 3721 vigi-

743 3746 921 3800 lantes
973 3748 1038 3800 ad
1092 3745 1417 3801 cliaritatcm
1473 3761 1536 3801 ac
1585 3745 1870 3800 lenitatem
1914 3759 2001 3798 me
2045 3743 2321 3798 excitetis.

752 3859 768 3888 ι
805 3836 943 3892 Cum
979 3839 1178 3907 spiritu
1217 3838 1482 3892 lenitatis.
1527 3856 1544 3888 ι
1580 3837 1767 3891 Potest
1805 3834 1952 3890 enim
1994 3842 2050 3888 et
2093 3833 2324 3903 spiritus

743 3945 866 3983 esse
891 3931 1231 3983 austeritatis
1261 3945 1324 3983 ac
1355 3929 1604 3985 ultionis.
1637 3948 1654 3980 ι
1690 3928 1928 3982 Auditur
1955 3928 2101 3981 inter
2131 3942 2246 3980 vos.
2300 3945 2318 3976 ι

741 4020 1101 4074 Communem
1125 4021 1257 4075 facit
1275 4021 1535 4075 omnibus
1563 4021 1974 4074 accusationem
2003 4037 2015 4071 :
2040 4034 2109 4072 ne
2129 4030 2324 4086 segnes

747 4113 1048 4168 reddantur
1079 4123 1339 4183 tanquam
1367 4112 1531 4166 alieni
1576 4129 1605 4166 a
1631 4111 1857 4167 delicto.
1899 4131 1917 4163 ι
1958 4113 2107 4168 lnter
2137 4125 2254 4164 vos.
2301 4127 2319 4160 ι

746 4205 839 4271 qui
874 4204 1064 4260 fideles
1093 4207 1250 4271 estis,
1277 4214 1538 4275 tantaque
1567 4205 1859 4274 accepistis
1889 4204 2178 4259 beneﬁcia.
2215 4203 2326 4255 hec

747 4295 915 4350 dicit:
955 4297 1265 4366 Peragitur,
1296 4296 1394 4351 sed
1427 4311 1493 4349 ex
1518 4294 1820 4350 abundanti
1857 4295 2132 4356 cautione,
2163 4311 2180 4342 ι
2216 4291 2328 4344 Au-

747 4388 916 4442 ditur.
953 4407 970 4439 ι
1010 4417 1077 4430 -
1117 4407 1134 4439 ι
1168 4389 1278 4442 Nec
1306 4388 1451 4442 inter
1487 4395 1699 4456 gentes.
1741 4404 1760 4438 ι
1796 4386 1840 4440 Α
1868 4385 2182 4455 gentilibus,
2219 4383 2326 4436 hoc

748 4489 852 4540 est.
893 4480 1219 4542 incredulis,
1252 4479 1550 4548 exprobrat
1591 4477 1867 4532 fidelibus.
1896 4476 2051 4542 Quod
2090 4476 2136 4529 si
2182 4474 2324 4544 apud

2998 2477 3248 2531 ΚΕΦΑᾹ.
3291 2477 3366 2530 B'.

2424 2573 2583 2629 Κατὰ
2639 2570 2881 2639 πορνῶν
2935 2572 3033 2624 καὶ
3079 2573 3383 2639 πορνείας,
3443 2573 3538 2624 καὶ
3606 2571 3722 2623 τῶν
3777 2573 4021 2637 τούτοις

2995 2658 3468 2694 κοινωνουντων.

2497 2735 2562 2789 Τί
2596 2736 2800 2790 θέλετε
2835 2753 2852 2795 ,'
2886 2736 2954 2788 ἐν
2983 2735 3184 2802 ράεδῳ
3225 2735 3378 2787 ἔλθω
3433 2734 3584 2801 πρὸς
3633 2733 3784 2802 ὑμᾶς
3843 2735 3880 2801 ἧ
3950 2736 4025 2788 ἐν

2413 2829 2616 2896 ἀγάπῃ
2680 2827 2980 2895 πνεύματί
3020 2844 3082 2879 τε
3140 2827 3516 2892 πραότητος;
3585 2825 3782 2889 ’Ὸλως
3835 2827 4024 2878 ἀκού-

2417 2935 2543 2974 εται
2576 2920 2799 2988 ἑνῠμῖν
2828 2920 3098 2987 πορνεία,
3129 2919 3227 2971 καὶ
3277 2919 3522 2984 τοιαύτη
3586 2919 3832 2984 πορνεία
3882 2918 4022 2983 ἥτις

2419 3009 2564 3066 οὐδὲ
2617 3012 2686 3064 ἐν
2739 3012 2865 3076 τοῖς
2901 3013 3147 3065 ἔθνεσιν
3180 3007 3541 3076 ὀνομάζεται.
3572 3008 3728 3062 ὥστε
3761 3010 4026 3076 γυναῖκά

2421 3121 2555 3158 τινα
2576 3104 2681 3158 τοῦ
2713 3103 2942 3171 πατρὸς
2981 3102 3168 3170 ἔχειν.
3208 3100 3317 3154 Καὶ
3351 3102 3514 3169 ὑμεῖς
3571 3102 4022 3171 πεφυσιωμένοι

2344 3222 2390 3286 C
2424 3196 2586 3260 ἐστὲ,
2619 3197 2715 3250 καί
2745 3195 2878 3263 οὐχ)
2905 3194 3148 3264 μᾶλλον
3173 3193 3570 3258 ἐπενθήσατε,
3630 3197 3730 3249 ἵνα
3793 3191 4027 3262 ἐξαρθῇ

2420 3289 2488 3342 ἐκ
2512 3287 2707 3357 μέσου
2730 3288 2898 3355 ὑμῶν
2923 3290 2954 3340 ὀ
2983 3286 3048 3338 τὸ
3076 3286 3253 3354 ἔργον
3280 3285 3454 3338 τοῦτο
3487 3285 3770 3349 ποιήσας.

2504 3379 2693 3449 Ὑμεῖς
2720 3381 2850 3447 γὰρ.
2915 3377 3072 3448 φησι,
3101 3376 3308 3430 τούτων
3358 3375 3536 3445 κύριοί
3593 3377 3804 3444 ἐστε,ἧ
3852 3376 4026 3446 ῥαθυ-

2426 3471 2660 3542 μοῦντες
2691 3474 2769 3533 εἰς
2803 3471 2975 3540 ὀργήν
3013 3485 3080 3538 με
3109 3470 3204 3522 καὶ
3253 3468 3524 3538 τιμωρίαν
3555 3470 3788 3535 ἐγεῖραι.
3824 3468 3898 3528 ὡς
3929 3467 4024 3518 τὶν

2424 3564 2624 3632 πέτρον
2681 3565 2710 3616 δ
2744 3562 3018 3626 Ἀνανίας,
3074 3562 3168 3614 καὶ
3228 3561 3327 3630 ἐμὲ
3382 3559 3544 3613 αὐτὸν
3591 3560 3619 3609 ὁ
3664 3559 3931 3626 Ἐλύμας,
3989 3559 4023 3624 ἦ

2427 3654 2830 3718 σπουδάζοντες
2854 3653 2947 3706 καὶ
2978 3653 3262 3721 νήφοντες,
3296 3653 3376 3714 εἰς
3409 3652 3656 3720 ἀγάπην.
3689 3669 3707 3701 ι
3742 3650 3836 3702 Ἐν
3851 3648 4025 3700 πνεύ-

2430 3765 2558 3816 ματι
2583 3747 2914 3816 πραότητος.
2959 3763 2976 3794 ι
3018 3744 3138 3795 Ἐνι
3165 3744 3276 3814 γὰρ
3306 3744 3400 3795 καὶ
3442 3741 3660 3810 πνεῦμα
3716 3739 4026 3808 αὐστηρίας

2433 3842 2528 3894 καὶ
2552 3840 2848 3909 τιμωρίας.
2894 3858 2910 3888 ι
2958 3837 3248 3891 Ἀκούεται
3281 3837 3341 3888 ὲν
3367 3835 3496 3904 ὑμῖν
3523 3875 3534 3886 .
3571 3853 3589 3884 ι
3646 3833 3842 3886 Κοινὸν
3874 3832 4025 3884 πάν-

2425 3951 2537 3987 των
2567 3934 2710 3985 ποιεῖ
2737 3932 2795 3984 τὸ
2832 3930 3090 4000 ἔγκλημα
3125 3929 3213 3981 ἵνα
3242 3929 3314 3997 μὴ
3345 3927 3741 3998 ῥᾳθυμήσωσιν
3760 3925 3836 3986 ὼς
3862 3923 4026 3975 ἀλλο·

2427 4045 2568 4099 τριοι
2599 4025 2692 4078 τοῦ
2726 4023 3222 4094 πλημμελήματος.
3256 4038 3272 4070 ι
3308 4020 3398 4070 Ἕν
3426 4019 3574 4087 ὑμῖν,
3613 4036 3629 4066 ι
3670 4016 3824 4085 φησί.
3850 4015 4025 4065 Τουτ-

2431 4119 2546 4172 έστι
2593 4120 2704 4179 τοῖς
2749 4118 2985 4178 πιστοῖς,
3027 4115 3136 4176 τοῖς
3169 4111 3442 4164 τοσούτων
3497 4106 3830 4178 εὐεργεσιῶν
3885 4107 4026 4158 ἁπο-

2429 4211 2679 4265 λαύσασι.
2729 4208 2841 4262 Καὶ
2883 4207 2985 4259 οὐκ
3025 4201 3164 4268 εἷπε,
3194 4203 3520 4272 Πράττεται,
3567 4201 3762 4252 ἀλλ’ἐκ
3798 4215 4024 4267 περιου-

2433 4304 2575 4364 σίας,
2612 4321 2630 4352 ι
2668 4299 2973 4362 ’Ᾱκούεται,
3008 4317 3025 4350 ι
3068 4296 3222 4366 φησί.
3261 4316 3277 4346 ι
3317 4295 3450 4347 Οὐδὲ
3475 4294 3532 4345 ἐν
3567 4294 3678 4353 τοῖς
3715 4290 3950 4342 ἔθνεσιν.
4000 4309 4018 4338 ι

2432 4383 2565 4448 Ἀπὸ
2594 4393 2704 4444 τῶν
2733 4391 2986 4451 ἐθνικῶν,
3019 4389 3292 4450 τουτέστι,
3332 4387 3443 4438 τῶν
3472 4385 3716 4437 ἀπίστων
3768 4382 4024 4444 ὀνειδίζει

2431 4490 2543 4550 τοῖς
2569 4487 2801 4546 πιστοῖς.
2833 4483 2895 4535 Εἰ
2923 4483 2981 4535 δὲ
3008 4481 3140 4552 παρ’
3170 4481 3355 4541 αὐτοῖς
3411 4480 3510 4530 οὐκ
3560 4476 3910 4544 ὀνομάζεται,
3971 4475 4026 4527 τί

752 4572 874 4625 illos
900 4585 1004 4626 nec
1035 4571 1374 4634 nominatur,
1420 4569 1549 4638 quid
1589 4569 1736 4624 dicet
1766 4569 1949 4638 quivis
1982 4566 2204 4638 quando
2242 4566 2320 4620 hic

2441 4578 2587 4631 είποι
2603 4593 2688 4638 τις
2718 4573 2847 4628 ἔνθα
2871 4575 2964 4627 καὶ
2988 4573 3291 4643 πράσσεται
3318 4586 3334 4634 ;
3373 4587 3392 4620 ι
3441 4569 3600 4620 Ὥστε
3633 4569 3871 4634 γυναῖκα
3900 4585 4028 4621 τινα

750 4662 914 4714 etiam
941 4661 1334 4731 perpetratur?
1372 4680 1390 4711 ι
1421 4661 1489 4715 Ut
1538 4660 1704 4713 etiam
1750 4658 1922 4727 patris
1949 4673 2175 4712 uxorem
2205 4656 2331 4727 quis

751 4755 1002 4810 habeat.»
1037 4754 1307 4808 Fortassis
1335 4750 1782 4806 novercam.—Si
1815 4766 1938 4820 quae
1974 4753 2117 4806 inter
2141 4761 2332 4820 gentes

752 4854 902 4913 sunt,
941 4861 1004 4902 ea
1024 4846 1107 4900 vel
1139 4845 1317 4900 audiri
1361 4845 1503 4899 inter
1533 4860 1627 4899 vos
1662 4859 1916 4914 magnum
1941 4843 2100 4898 aﬂ‘ert
2129 4859 2330 4912 oppro-

757 4939 934 4992 Iirium
968 4955 980 4990 :
1012 4937 1171 5010 457
1201 4939 1378 5007 turpia
1407 4953 1530 5007 quae
1569 4937 1714 4990 inter
1748 4944 1940 5005 gentes
1965 4944 2328 5004 peraguntur,

759 5035 873 5083 MBO.
897 5029 1064 5083 etiam
1087 5030 1232 5082 inter
1257 5045 1354 5084 vos
1382 5027 1501 5081 fieri
1534 5041 1782 5097 magnam
1814 5025 2009 5082 reddet
2033 5027 2333 5081 accusatio-

759 5135 904 5174 nem.
931 5119 1088 5185 Quod
1115 5119 1160 5174 si
1185 5119 1289 5173 hoc
1310 5119 1386 5172 ita
1411 5127 1516 5183 est,
1541 5117 1667 5171 fieri.
1684 5119 1825 5172 inter
1852 5132 1945 5173 vos
1966 5133 2087 5188 quae
2108 5132 2211 5171 nec
2243 5117 2328 5169 in—

757 5222 841 5263 ter
879 5209 1001 5262 illos
1032 5216 1442 5278 perpetrantur,
1475 5223 1636 5276 quam
1667 5222 1778 5261 non
1821 5207 2105 5276 superabit
2146 5205 2333 5275 pravi-

761 5301 966 5354 tatem?
991 5300 1146 5365 Quod
1191 5315 1322 5354 vero
1361 5299 1440 5352 ait
1475 5317 1487 5352 :
1527 5297 1804 5352 «Omnino
1842 5298 2120 5362 auditur,»
2155 5296 2327 5351 veluti

759 5406 826 5442 vx
857 5389 1000 5443 fama
1028 5390 1472 5458 obstupescentis
1498 5398 1583 5442 est
1605 5398 1660 5442 et
1687 5388 2160 5442 excandescentis.
2193 5388 2237 5442 0
2261 5388 2333 5441 fa-

759 5485 914 5535 cinus
945 5481 1259 5551 indignum!
1309 5501 1325 5530 ι
1364 5479 1618 5542 Omnino.
1647 5479 1845 5550 inquit,
1881 5480 2129 5535 auditur.
2160 5499 2178 5530 ι
2207 5477 2332 5532 Haec

762 5577 815 5627 in
847 5576 1160 5644 aliquorum
1194 5573 1377 5642 lingua
1424 5574 1651 5627 omnino
1681 5573 1749 5627 de
1797 5572 1955 5626 vobis
1986 5583 2329 5641 grassantur.

767 5686 778 5708 ι
815 5662 882 5719 Ει
906 5679 1002 5717 vos
1029 5663 1198 5716 intlati
1227 5664 1379 5716 estis.
1414 5683 1430 5714 ι
1463 5665 1616 5716 Illius
1640 5678 1877 5734 namque
1901 5663 2160 5718 delictum
2184 5679 2324 5718 eom-

761 5769 984 5806 inunem
1029 5753 1222 5809 debuit
1269 5754 1466 5809 afferre
1518 5755 1674 5810 vobis
1722 5756 2012 5824 pudorem,
2051 5773 2195 5811 nunc
2235 5776 2331 5811 au—

763 5861 870 5901 tem
902 5843 1074 5900 inﬂati
1095 5847 1246 5912 estis,
1277 5862 1342 5901 co
1365 5847 1512 5918 quod
1544 5847 1758 5902 tidctur
1784 5848 1884 5902 sibi
1918 5850 2148 5918 quisque
2184 5863 2327 5906 recte

2437 4667 2532 4720 τοῦ
2559 4665 2765 4737 πατρὸς
2791 4665 2953 4733 ἔχειν.
2984 4681 3001 4714 ι
3043 4665 3200 4724 Ἴσως
3228 4661 3595 4730 μητρυιάν.-
3634 4655 3839 4728 [ΦΩΤ.]
3883 4657 3945 4708 Εἰ
3967 4656 4027 4708 δὲ

2434 4758 2470 4812 ὃ.
2501 4758 2796 4827 πράττεται
2823 4757 2882 4808 ὲν
2915 4758 3030 4816 τοῖς
3052 4754 3254 4814 ἔθνεσι,
3279 4750 3453 4804 ταῦτα
3475 4752 3530 4801 ἐν
3560 4750 3586 4800 ὖ
3598 4752 3687 4817 μίν
3712 4750 3805 4800 καὶ
3859 4751 4025 4815 μόνον

2436 4848 2746 4917 ἀκουόμενα
2775 4845 2916 4917 μέγα
2950 4845 3151 4906 ὄνειδος
3175 4845 3354 4912 φέρει,
3399 4843 3458 4893 τὸ
3491 4843 3585 4892 καὶ
3625 4840 3826 4909 ὁμοίως
3864 4842 3919 4891 ἓν
3961 4859 4020 4892 τε

2435 4941 2545 5002 τοῖς
2569 4937 2748 4990 ἔθνεσι
2776 4938 2872 4990 καὶ
2919 4937 2977 4989 ὲν
3004 4936 3133 5006 ὑμῖν
3180 4939 3290 4997 τοῖς
3332 4935 3551 4994 πιστοῖς
3597 4931 3822 4984 τοιαῦτα
3855 4932 4021 5000 air/1;

2438 5030 2797 5100 πράττεσθαι,
2839 5029 3016 5098 πόσην
3072 5027 3171 5096 τὴν
3215 5026 3552 5094 κατηγορίαν
3611 5023 3764 5086 aiis:
3798 5041 3812 5087 ;
3850 5023 3912 5075 Εἰ
3968 5023 4025 5075 δὲ

2437 5121 2616 5182 τοῦτο,
2645 5121 2706 5174 τὸ
2755 5119 3098 5189 πράττεσθαι
3132 5121 3187 5170 ἐν
3239 5119 3369 5186 ὑμῖν
3398 5116 3432 5170 ἂ
3457 5115 3578 5185 μηδ’
3629 5117 3686 5168 ἐν
3765 5117 4022 5176 ἐκείνοις,

2435 5210 2555 5263 τίνα
2612 5209 2809 5263 κακίαν
2846 5209 2944 5278 οὐχ
2979 5206 3424 5277 ύπερακοντίζει;
3462 5234 3532 5244 -
3559 5205 3632 5256 Τὸ
3652 5203 3727 5266 δὲ,
3791 5222 3806 5253 ι
3841 5203 4023 5265 "Oho;

2438 5298 2716 5363 ἀκούεται,
2759 5317 2776 5349 ι
2821 5298 2896 5359 ὡς
2939 5295 3394 5364 ἐκπεπληγμένου
3449 5293 3542 5346 ἐπὶ
3601 5296 3666 5362 τῇ
3717 5294 3876 5364 φήμῃ
3929 5297 4024 5345 καὶ

2435 5391 2814 5461 ἀσχάλλοντος.
2831 5389 2935 5441 Φεῦ
2963 5390 3059 5456 τῆς
3083 5387 3341 5449 ἀτοπίαςῖ
3377 5386 3604 5448 ι”0>.ως,
3624 5388 3809 5454 φησιν,
3835 5387 4027 5439 ἀκούε-

2435 5499 2564 5545 ται;
2601 5502 2618 5534 ι
2647 5483 2824 5544 Ὅλως
2869 5482 2961 5534 ἐπὶ
2989 5480 3242 5549 γλώσσης
3279 5479 3424 5540 τινος
3474 5477 3643 5530 ταῦτα
3669 5478 3853 5543 λέγειν
3889 5482 4021 5549 περὶ

2440 5574 2594 5644 ὑμῶν
2617 5573 3032 5642 ἐγκατέσκηψεν
3057 5592 3070 5638 ;
3113 5591 3129 5621 ι
3171 5571 3586 5639 Πεφυσιωμένοι
3610 5571 3755 5622 ἐστέ.
3774 5589 3793 5622 ι
3815 5570 3881 5623 Ἦ
3908 5574 4019 5641 γὰρ

2440 5667 2648 5719 ἐκείνου
2670 5665 3039 5735 πλημμέλεια,
3070 5665 3256 5732 κοινὴν
3283 5662 3514 5730 ὤφειλεν
3571 5662 3698 5731 ὑμῖν
3756 5665 4020 5734 αἰσχύνην

2439 5758 2719 5826 γεννῆσαι,
2753 5757 2847 5810 νῦν
2871 5756 2925 5808 δὲ
2995 5755 3287 5825 φυσιοῦσθε
3323 5755 3405 5820 ἐφ’
3433 5747 3512 5816 οἷς
3548 5754 3782 5816 ἕκαστος
3820 5773 4016 5824 κατορ-

2439 5847 2740 5903 οοῦνδοκεῖ,
2769 5849 2891 5900 Ἐὰν
2917 5848 2968 5900 5';
2988 5843 3080 5918 ἦτε
3108 5846 3472 5913 οἷκειῡυςιένοι
3495 5844 3587 5894 καὶ
3614 5846 3824 5898 ἐκεὶνῖυ
3847 5847 4018 5914 πλῃμ.
