4194 6468
154 394 260 456 697

1078 403 1468 466 COMMENT.
1501 405 1587 467 IN
1625 405 1868 470 EPIST.
1900 408 2050 470 IAD
2087 412 2447 477 CORINTH.

3307 431 3412 493 698

154 506 378 576 μέλημα
405 506 480 569 ὡς
514 506 782 576 ὑμετέρου
803 507 1024 579 μέρους,
1062 509 1339 564 ὲπενθείτε
1391 513 1478 578 ἂν,
1541 513 1723 588 ἐπειδὴ

1833 522 2074 593 operari.
2100 522 2257 590 Quod
2290 529 2334 580 si
2367 529 2652 598 proprium
2676 530 2952 590 duceretis
2979 536 3127 592 illius
3147 538 3409 598 delictum

150 601 231 660 τίς
255 599 318 650 τὸ
344 600 527 652 κοινὸν
549 600 647 668 τῆς
677 600 1003 670 Ἐκκλησίας
1041 603 1074 672 ἡ
1113 603 1286 673 βλάϐη
1321 605 1730 678 προεχώρησεν.

156 707 174 738 ι
215 691 335 742 Ἰνα
369 691 596 762 ἐξαρθῇ.
633 711 651 743 ι
688 694 841 746 Διατί
866 694 1251 764 ὲπενθήσαμεν
1280 695 1385 761 ἇν;
1421 698 1496 760 ὡς
1540 699 1599 765 ἐξ
1633 701 1730 752 ἀν-

146 779 432 842 τιθέσεως.
523 784 713 846 Ausi;
768 785 880 853 Οὐχ
976 785 1064 838 ἴνα
1127 787 1419 856 ὲκόάλητε,
1477 789 1593 841 ἀλλ’
1642 791 1728 843 ἵνα

145 870 349 939 ἐξαρθῇ
377 871 455 932 ὡς
478 873 570 924 ἐπὶ
601 872 790 943 λοιμοῦ
815 892 958 938 τινος
983 892 997 906 ο
1026 875 1100 937 ὡς
1123 878 1170 928 εί
1196 875 1373 930 εἶπεν·
1413 879 1604 948 Εὐχῶν
1637 882 1733 932 καὶ

147 961 378 1025 πένθους
419 964 579 1032 χρεία
625 965 711 1018 ἶνα
760 966 962 1037 ἐξαρθῇ
1016 969 1043 1019 ὁ
1082 968 1270 1038 λοιμὸς
1317 965 1492 1034 οὗτος.
1522 990 1541 1023 ι
1585 971 1642 1023 Ὀ
1673 971 1734 1024 τὸ

145 1056 309 1122 ἔργον
340 1057 500 1110 τοῦτο
550 1061 805 1130 ποιήσας.
847 1079 866 1110 ι
911 1059 986 1113 Οὐ
1016 1059 1168 1128 λέγει
1232 1063 1293 1116 τὸ
1351 1064 1541 1133 ὄνομα,
1594 1065 1730 1134 ὅπερ

141 1145 424 1216 εἰώθαμεν
443 1151 536 1202 ἐπὶ
568 1152 676 1204 τῶν
705 1153 914 1221 σφόδρα
954 1152 1172 1206 ἀτόπων
1227 1157 1424 1215 ποιεῖν.
1481 1152 1593 1208 οἷον
1635 1157 1729 1210 καὶ

139 1239 239 1310 τὴν
271 1242 651 1310 προσηγορίαν
667 1243 743 1304 ὡς
778 1243 1058 1312 μολυσμὸν
1094 1245 1552 1315 παραιτούμενος.

141 1333 430 1387 suevimus
463 1334 516 1388 in
551 1335 619 1390 iis
648 1351 771 1406 qua!
801 1336 1097 1392 admodum
1128 1338 1369 1394 absurda
1401 1349 1529 1394 sunt
1575 1357 1588 1394 :

140 1426 421 1480 devitans.

218 1563 501 1632 Ἔγὼμέν
528 1564 636 1631 γὰρ
676 1565 749 1631 ὡς
785 1565 955 1619 ἀπὼν
989 1565 1069 1631 τῷ
1113 1566 1361 1634 σώματι.
1419 1567 1625 1634 παρὼν
1659 1567 1728 1620 δὲ

137 1655 214 1721 τῷ
252 1657 570 1724 πνεύματι,
623 1655 739 1724 ἤδη
777 1657 1020 1724 κέκρικα
1063 1658 1142 1723 ὡς
1192 1659 1418 1726 παρὼν,
1475 1658 1580 1710 τὸν
1629 1658 1730 1712 οὔ·

138 1764 249 1815 τως
273 1749 457 1802 τοῦτο
489 1749 1032 1817 κατεργασάμενον,
1086 1751 1157 1802 ἐν
1194 1748 1273 1814 τῷ
1317 1750 1562 1818 ὀνόματι
1617 1750 1722 1802 τοῦ

139 1840 360 1904 Κυρίου
381 1838 772 1908 ήμῶνἾησοῦ
793 1837 842 1891 Χ
840 1838 1077 1906 ριστοῦ,
1105 1840 1537 1907 συναχθέντων
1556 1839 1723 1907 ὑμῶν·

139 1930 230 1981 καὶ
259 1931 372 1983 τοῦ
397 1931 545 1999 ἐμοῦ
591 1931 952 1999 πνεύματος,
1015 1931 1139 1983 σὺν
1192 1928 1268 1998 τῇ
1319 1929 1568 1998 δυνάμει
1617 1929 1722 1981 τοῦ

1836 623 2089 686 tanquam
2142 617 2314 688 partis
2355 623 2522 675 vestri
2570 624 2842 693 corporis,
2889 627 3152 694 lugeretis
3198 631 3410 702 utique,

1832 707 2094 774 quoniam
2132 708 2187 760 iu
2226 721 2519 761 commune
2550 708 2807 766 Ecclesia:
2844 712 3104 769 damnum
3136 718 3415 772 redunda-

1832 794 1933 847 vit.
1981 812 2000 845 ι
2050 794 2121 849 Ut
2151 796 2464 850 tolleretur.
2505 816 2523 847 ι
2561 797 2740 862 Quare
2776 817 2878 855 uos
2912 803 3098 872 lugere
3127 809 3416 874 oportuit?

1833 893 2096 954 tanquam
2141 900 2206 938 cx
2247 902 2306 940 re
2354 888 2630 957 opposita.
2665 889 2836 955 Quam
2876 894 2948 946 ob
2988 896 3146 948 rem?
3185 897 3303 950 Non
3354 907 3414 953 ut

1834 978 2133 1047 ejiceretis,
2167 977 2262 1032 sed
2303 987 2364 1032 ut
2397 981 2837 1037 tolleretisveluti
2871 989 2924 1038 in
2955 996 3109 1054 peste
3141 988 3410 1055 quadam;

1836 1083 1900 1122 ac
1925 1070 1969 1122 si
2002 1070 2252 1134 dixisset,
2291 1070 2634 1127 Necessaria:
2656 1083 2787 1128 sunt
2818 1090 3009 1142 preces
3036 1093 3099 1130 ac
3142 1078 3326 1133 luctus
3355 1092 3414 1134 ut

1839 1159 2059 1212 tollatur
2105 1162 2424 1231 hujusmodi
2469 1165 2657 1233 pestis.
2693 1184 2710 1216 ι
2751 1167 2855 1231 Qui
2897 1166 3111 1224 facinus
3144 1171 3249 1224 hoc
3287 1187 3414 1239 per-

1836 1251 2097 1318 petravit.
2132 1269 2150 1302 ›
2187 1252 2305 1306 Non
2334 1259 2596 1324 exprimit
2625 1275 2826 1314 nomen
2858 1279 2872 1314 :
2899 1265 3044 1332 quod
3073 1267 3250 1321 facere
3276 1283 3412 1322 con-

1656 1349 1916 1412 tanquam
1982 1344 2410 1412 appellationem
2461 1365 2678 1420 quoque
2731 1351 2903 1408 veluti
2956 1371 3071 1410 rem
3157 1358 3414 1413 infectam

1901 1569 1965 1630 V,
2007 1568 2062 1634 5,
2101 1568 2156 1623 6.
2202 1569 2472 1640 Siquidem
2507 1590 2600 1644 ego
2643 1584 2903 1647 tanquam
2947 1581 3131 1636 absens
3164 1601 3411 1655 corpore,

1831 1675 2065 1728 prwsens
2105 1670 2284 1714 autem
2320 1665 2535 1730 spiritu,
2569 1667 2689 1734 jam
2715 1670 2957 1736 judicavi
2991 1683 3247 1744 tanquam
3273 1694 3414 1748 prm-

1827 1768 1968 1817 sens,
2006 1761 2063 1805 ut
2097 1755 2139 1807 is
2181 1757 2270 1825 qui
2309 1757 2404 1809 hoc
2436 1757 2512 1810 ita
2560 1763 2815 1827 patravit,
2854 1765 2909 1816 in
2961 1768 3170 1820 nomine
3205 1767 3416 1824 Domini

1831 1847 2000 1898 nostri
2029 1844 2151 1899 Jesu
2183 1846 2401 1913 Christi,
2435 1853 2768 1921 congregatis
2809 1855 2946 1908 vobis
2976 1865 3026 1908 et
3057 1874 3168 1910 meo
3199 1861 3413 1928 spiritu,

1831 1953 1950 1989 cum
1979 1939 2172 1990 virtute
2202 1939 2416 1993 Domini
2445 1943 2612 1996 nostri
2636 1943 2761 1998 Iesu
2792 1944 3008 2012 Christi,
3042 1950 3290 2004 tradatur
3313 1950 3414 2006 Sa-

138 2024 363 2090 Κυρίου
402 2021 574 2090 ἡμῶν
620 2023 825 2090 Ἰησοῦ
872 2023 1155 2090 Χριστοῦ,
1197 2023 1570 2090 παραδοῦναι
1625 2022 1723 2074 τὸν

1837 2034 1977 2080 tanta
2005 2028 2075 2081 ad
2096 2029 2370 2084 interitum
2397 2035 2596 2097 carnis,
2623 2041 2682 2086 ut
2709 2038 2927 2105 spiritus
2947 2038 3127 2094 salvus
3156 2043 3223 2096 sit
3253 2044 3306 2097 in
3331 2045 3415 2098 die

138 2117 415 2168 τοιοῦτον
442 2115 520 2180 τῷ
545 2115 781 2182 Σατανᾷ
805 2117 892 2180 εἰς
929 2116 1181 2183 ὄλεθρον
1202 2113 1307 2182 τῆς
1333 2114 1581 2181 σαρκὸς,
1626 2114 1727 2166 ἵνα

139 2203 200 2254 τὸ
235 2205 477 2272 πνεῦμα
507 2205 671 2272 σωθῇ
703 2207 771 2258 ἐν
796 2205 870 2272 τῇ
893 2206 1081 2273 ἡμέρᾳ
1112 2205 1219 2258 τοῦ
1250 2204 1472 2272 Κυρίου
1497 2203 1722 2272 Ἰησοῦ.

141 2299 218 2350 Οὐ
246 2297 446 2350 καλὸν
474 2298 539 2351 τὸ
573 2298 853 2367 καύχημα
879 2295 1064 2367 ὑμῶν.

204 2432 796 2501 Ἐπείγεταιὲκδιῶξαι
837 2433 1024 2496 αὐτὸν,
1072 2434 1170 2486 καὶ
1197 2434 1319 2486 οὐδὲ
1350 2435 1447 2504 τὴν
1483 2453 1726 2505 σωματιο

137 2527 232 2593 κῆν
274 2526 446 2579 αὑτοῦ
484 2526 793 2596 παρουσίαν
839 2527 1135 2596 ἀναμεῖναι
1181 2528 1382 2590 αὐτοὺς
1441 2528 1718 2598 βούλεται.

142 2636 158 2666 ι
195 2618 398 2687 Πιρὼν
439 2617 496 2670 δὲ
523 2617 601 2686 τῷ
622 2616 915 2687 πνεύματι.
952 2637 969 2667 ι
1011 2618 1300 2672 Δείκνυοιν
1336 2622 1532 2673 ἑαυτὸν
1561 2627 1726 2677 πνεῦ-

142 2727 264 2776 ματι
298 2709 569 2776 παρόντα,
606 2706 856 2769 δεδοικὼς
886 2707 959 2776 μή
1007 2723 1060 2759 τι
1093 2707 1279 2778 ἕτερον
1329 2708 1726 2774 βουλεύσωνται

139 2801 262 2864 περὶ
281 2798 344 2850 τὸ
380 2796 635 2850 ἐκϐαλεῖν
663 2797 851 2857 αὑτὸν,
870 2797 964 2848 καί
997 2813 1182 2866 φησιν,
1215 2816 1232 2847 ι
1265 2797 1403 2866 ’Πδη
1424 2799 1675 2869 κέκρικα.
1701 2822 1718 2854 ο

139 2890 341 2958 Μηδεὶς
371 2889 556 2941 τοίνυν
605 2888 1014 2943 ἀναϐαλλέσθω.
1056 2887 1119 2941 Ἠ
1157 2890 1262 2958 ἐμὴ
1302 2890 1482 2959 κρίσις
1518 2894 1550 2961 ἢ
1601 2895 1721 2948 κατ’

138 2981 319 3043 αὑτοῦ,
347 2982 451 3051 ἤδη
479 2982 744 3050 πέπηγεν.
777 2982 910 3034 «Τὸν
937 2980 1108 3044 οὕτως
1135 2981 1292 3033 τοῦτο
1311 2985 1726 3055 κατεργασάμε-

141 3091 275 3126 νον.»
291 3073 494 3126 "Anon
511 3074 680 3136 οὕτως
705 3075 1039 3142 ἀνέγνωσανο
1076 3074 1179 3126 Τὸν
1200 3071 1374 3136 οὓτως
1409 3073 1567 3130 τοῦτο
1587 3095 1723 3132 κατ·

139 3165 520 3233 εργασὰμενον
552 3167 608 3215 ἐν
632 3164 710 3234 τῷ
730 3165 956 3235 ὀνόματι
983 3165 1076 3218 τοῦ
1120 3163 1326 3232 Κυρίου
1349 3167 1380 3234 ἠ
1391 3167 1507 3233 μῶν
1543 3168 1719 3238 Ἰησοῦ

141 3253 695 3320 Χριστοῦ,τουτέστι,
731 3257 821 3308 τὸν
857 3259 935 3319 εἰς
987 3257 1048 3309 τὸ
1109 3255 1280 3328 ὄνομα
1336 3257 1428 3309 τοῦ
1479 3259 1718 3330 Χριστοῦ

1835 2116 2048 2172 Domini
2077 2120 2225 2177 Iesu.
2261 2121 2384 2177 Non
2416 2133 2491 2177 est
2524 2127 2657 2180 bona
2690 2127 2939 2198 gloriatio
2967 2141 3161 2187 vestra.

1901 2441 2168 2516 Properat
2189 2463 2315 2503 eum
2349 2453 2647 2521 expellere,
2674 2464 2729 2510 et
2755 2472 2932 2526 neque
2958 2462 3300 2530 corporalem
3324 2466 3408 2518 sui

1829 2538 2181 2604 praesentiam
2208 2543 2328 2595 vult
2357 2544 2506 2611 ipsos
2530 2558 2873 2615 exspectare.
2915 2569 2931 2601 ι
2960 2551 3204 2608 Praesens
3225 2566 3409 2610 autem

1829 2626 2050 2695 spiritu.
2099 2647 2117 2679 ι
2169 2629 2424 2686 Ostendit
2469 2650 2527 2689 se
2565 2637 2765 2705 spiritu
2814 2650 3164 2707 praesentem,
3195 2646 3406 2699 veritus

1829 2731 1899 2770 ne
1933 2718 2067 2786 quid
2113 2721 2262 2774 aliud
2310 2722 2379 2775 de
2426 2723 2544 2793 ipso
2591 2726 2868 2795 ejiciendo
2918 2734 3321 2799 consultarent,
3354 2744 3411 2790 et

1825 2811 1901 2864 ait
1929 2828 1942 2864 :
1973 2831 1992 2862 ‹
2023 2813 2425 2885 .lamjudicavi.
2460 2839 2477 2870 ι
2506 2819 2701 2876 Nullus
2725 2824 2910 2893 itaque
2934 2825 3155 2881 diﬂ'erat
3186 2844 3199 2882 :
3225 2843 3407 2883 meum

1825 2903 2092 2959 adversus
2137 2906 2290 2962 illum
2332 2910 2604 2979 judicium
2651 2914 2762 2983 jam
2795 2916 3098 2971 stabilitum
3145 2928 3250 2974 est.
3283 2939 3302 2972 ι
3343 2921 3410 2976 L‘t

1827 2993 1873 3046 is
1899 2995 1992 3062 qui
2025 2996 2129 3050 hoc
2160 2997 2232 3051 ita
2266 3001 2562 3068 patravit.»
2605 3003 2710 3059 Alii
2747 3005 2819 3060 ita
2847 3007 3143 3078 legerunt:
3179 3010 3247 3066 Ut
3277 3027 3404 3066 cum

1825 3085 1918 3152 qui
1952 3085 2056 3140 hoc
2099 3088 2172 3142 ita
2203 3093 2441 3158 patravit
2477 3094 2531 3147 in
2584 3111 2784 3150 nomen
2812 3099 3028 3154 Domini
3078 3105 3250 3156 nostri
3279 3103 3406 3158 Jesu

1823 3175 2030 3230 Christi
2075 3194 2088 3231 :
2125 3178 2230 3233 hoc
2277 3190 2380 3244 est,
2429 3183 2523 3250 qui
2565 3184 2618 3238 in
2675 3201 2876 3241 nomen
2926 3188 3130 3243 Christi
3175 3192 3410 3261 iniurius

1825 3265 1930 3320 fuit
1968 3285 1982 3321 :
2019 3277 2075 3322 et
2106 3279 2393 3340 postquam
2425 3273 2633 3329 Christi
2668 3292 2971 3348 cognomen
3008 3282 3240 3350 accepit,
3283 3283 3406 3337 talia

141 3347 640 3417 ἑνυῦρίσαντα,καὶ
678 3349 816 3418 μετὰ
865 3350 923 3402 τὸ
983 3352 1279 3423 ἀξιωθῆναι
1336 3355 1434 3420 τῆς
1479 3353 1718 3423 Χριστοῦ

1825 3375 1992 3414 ausus
2033 3373 2138 3424 est,
2183 3363 2414 3418 tradatis
2455 3365 2689 3422 Satanm.
2731 3347 2754 3419 «ί
2783 3347 3342 3440 Congregatisvobis.
3386 3393 3402 3425 ι

143 3441 476 3509 ἐπωνυμίας,
501 3441 726 3494 τοιαῦτα
764 3442 1135 3512 τολμήσαντα,
1175 3447 1449 3516 παράδοτε
1489 3446 1568 3518 τῷ
1615 3448 1719 3499 Σαο

141 3535 286 3604 τανᾷ.
322 3551 340 3583 ι
365 3533 751 3601 Συναχθέντων
781 3535 954 3602 ὑμῶν.
987 3553 1005 3584 ι
1038 3536 1154 3590 Ἵνα
1182 3537 1257 3607 μὴ
1274 3537 1401 3607 δόξῃ
1423 3537 1718 3601 αὐθαδείας

141 3622 271 3680 εἶναι
287 3629 372 3693 τὸ,
403 3647 421 3679 ι
440 3628 579 3697 Ἤδη
605 3629 860 3698 κέκρικα,
875 3647 892 3678 ι
915 3629 1010 3681 καὶ
1027 3630 1226 3692 αὐτοὺς
1244 3630 1512 3699 λαμϐάνει
1532 3649 1721 3684 κοινω-

141 3724 274 3782 νοϋς,
301 3722 361 3773 ὲν
391 3721 472 3789 τῷ
488 3721 692 3788 λέγειν·
720 3721 1132 3792 ιΣυναχθέντων
1169 3723 1322 3792 ὑμῶν
1357 3725 1450 3775 καὶ
1476 3723 1717 3792 τοῦὲμοῦ

142 3811 470 3880 πνεύματος,
507 3831 526 3864 ι
596 3813 696 3880 τῆς
745 3814 884 3883 ἐμῆς
928 3816 1165 3883 ἀοράτου
1233 3814 1551 3884 ἐπιδημίας.
1587 3811 1721 3868 Εἶτα

141 3904 348 3970 ἐπάγει·
383 3922 403 3955 ι
441 3904 534 3956 Ἐν
567 3905 646 3974 τῷ
677 3905 902 3974 ὀνόματι
927 3905 1017 3958 τοῦ
1051 3907 1256 3971 Κυρίου
1293 3906 1523 3976 Ἰησοῦ.)
1550 3907 1720 3959 Τουτ-

143 3995 270 4059 ἐστι,
311 3997 458 4048 κατά
485 3997 619 4049 Θεὸν
657 3997 964 4067 συνάχθητε
983 3997 1078 4052 καὶ
1109 3999 1358 4069 κρίνατε,
1396 3999 1470 4069 μὴ
1509 3999 1717 4070 ἀνθρωο

142 4088 262 4157 πίνῃ
295 4089 435 4159 πρὸς
462 4089 627 4141 αὑτὸν
656 4088 863 4159 αἰδοῖά)
895 4093 1029 4161 τιμῇ
1084 4091 1466 4161 κατεχόμενοι.
1502 4091 1720 4145 Δέδοικε

142 4181 259 4250 γὰρ,
301 4182 377 4250 μή
399 4199 454 4233 τι
495 4182 684 4251 ἕτερον
709 4181 958 4251 κρίνωσι.
994 4202 1012 4232 ‹
1043 4185 1151 4236 Καὶ
1179 4183 1273 4236 τοῦ
1309 4183 1443 4254 ἐμοῦ
1471 4184 1718 4255 πνεύμα-

141 4289 242 4330 τος.
284 4293 301 4324 ›
341 4274 516 4328 Πάλιν
545 4274 858 4343 ἐπέστησεν
885 4274 1073 4337 αὐτοῖς
1105 4275 1321 4338 ἑαυτὸν,
1361 4275 1454 4326 καὶ
1516 4274 1575 4326 οὐ
1625 4273 1722 4343 μό-

140 4377 220 4418 νον
245 4366 429 4428 τοῦτο,
463 4366 597 4418 ἀλλὰ
636 4367 732 4419 καὶ
761 4366 856 4419 τὸν
906 4367 1144 4436 Χριστόν
1177 4385 1188 4396 ·
1227 4367 1318 4419 ἵνα
1352 4367 1481 4419 ὅταν
1514 4367 1718 4436 κρίνω-

148 4476 244 4525 σιν,
281 4461 358 4523 ὡς
388 4458 484 4512 τοῦ
512 4455 754 4528 Χριστοῦ
787 4459 880 4511 καὶ
902 4458 1069 4511 αὑτοῦ
1099 4458 1388 4528 παρόντος,
1430 4459 1718 4511 ἀδίκαστον

141 4551 462 4619 ἐξενέγκωσι
515 4535 715 4618 ψῆφον.
787 4567 806 4601 ι
843 4550 938 4612 Εἰς
987 4549 1210 4619 ὄλεθρον
1281 4553 1381 4620 τῆς
1429 4551 1652 4618 σαρκός.
1693 4567 1710 4600 ι

143 4644 298 4710 Ὃρον
330 4644 518 4711 τίθησι
552 4642 626 4711 τῷ
649 4642 884 4712 Σατανᾷ,
941 4641 1102 4711 μόνου
1156 4642 1406 4712 σώματος
1455 4642 1714 4709 ἅψασθαι,

1820 3447 1899 3500 Nc
1930 3449 2207 3517 praefracti
2244 3452 2413 3507 animi
2445 3469 2570 3509 esse
2609 3455 2858 3511 videatur
2881 3459 3029 3527 quod
3056 3461 3165 3529 jam
3197 3461 3411 3530 judica-

1822 3540 1984 3603 verit,
2017 3540 2185 3611 558
2217 3544 2365 3612 ipsos
2392 3561 2616 3615 quoque
2641 3549 2872 3602 assumit
2893 3551 3096 3614 socios,
3130 3552 3259 3606 dum
3293 3555 3405 3608 ait:

1827 3648 1846 3681 ι
1877 3630 2244 3704 Cougregatis
2270 3636 2426 3690 vobis
2471 3646 2527 3690 et
2571 3650 2696 3692 meo
2729 3640 2949 3708 spiritu,
3003 3661 3021 3693 ι
3060 3643 3112 3696 id
3150 3654 3254 3708 est,
3289 3661 3409 3701 mea

1822 3719 2084 3774 invisibili
2108 3725 2420 3791 praesentia.
2457 3727 2668 3782 Deinde
2701 3729 2952 3799 adjunxit
2982 3748 2994 3784 :
3039 3751 3056 3782 ι
3090 3733 3147 3786 1η
3185 3734 3409 3789 nomine

1822 3808 2036 3864 Domini
2069 3809 2225 3866 Jesu.
2279 3831 2298 3863 ι
2342 3814 2458 3868 Hoc
2490 3826 2595 3879 est,
2629 3820 2934 3873 secundum
2966 3821 3137 3876 Deum
3174 3838 3408 3892 congre-

1820 3903 2024 3972 gemini
2051 3905 2414 3975 acjudicetis,
2444 3923 2552 3961 non
2585 3909 2827 3963 humano
2849 3927 2977 3979 erga
3015 3912 3166 3967 illum
3196 3915 3408 3982 pudore

1822 4004 1917 4050 aut
1939 3995 2153 4050 honore
2174 3998 2556 4067 reprimamini
2582 4016 2596 4052 :
2623 4001 2809 4053 timuit
2833 4002 2980 4056 enim
3004 4019 3070 4057 ne
3096 4004 3227 4073 quid
3255 4006 3406 4060 aliud

1819 4088 2154 4159 iudicarent.
2202 4109 2220 4140 ι
2275 4091 2344 4144 Et
2394 4107 2517 4145 meo
2551 4092 2771 4162 spiritu.
2820 4113 2836 4144 I
2879 4095 3117 4150 Rursum
3162 4097 3406 4166 seipsum

1823 4179 1932 4234 illis
1962 4182 2233 4245 exhibuit,
2276 4198 2377 4237 nee
2421 4184 2474 4238 id
2510 4185 2711 4250 solum,
2760 4187 2854 4242 sed
2896 4198 2953 4242 et
2982 4187 3264 4244 Christum
3300 4210 3312 4244 :
3350 4203 3409 4248 ut

1823 4287 1948 4325 cum
1980 4271 2356 4342 iudicaverint
2393 4282 2657 4343 tanquam
2700 4275 2922 4332 Christo
2968 4287 3025 4331 et
3070 4278 3189 4348 ipso
3236 4281 3406 4336 Paulo

1821 4371 2114 4432 praesente,
2155 4364 2436 4418 sincerum
2490 4382 2554 4420 ac
2581 4366 2965 4437 incorruptum
2999 4369 3176 4425 ferant
3206 4373 3406 4428 ευστα-

1820 4454 1990 4524 gium.
2024 4473 2042 4506 (
2077 4453 2157 4509 Ad
2194 4455 2479 4510 interitum
2506 4458 2712 4512 carnis.
2747 4477 2765 4510 ι
2810 4459 3132 4516 Terminum
3171 4464 3406 4534 prasligit

1821 4544 2059 4609 Satanas,
2100 4554 2162 4599 ut
2207 4545 2478 4602 duntaxat
2519 4564 2722 4618 corpus
2771 4559 3055 4622 tangeret,
3093 4572 3203 4610 non
3237 4558 3404 4612 etiam

1821 4635 2082 4689 animam.
2115 4634 2308 4690 Simile
2343 4646 2430 4690 est
2466 4638 2614 4706 quod
2644 4639 2712 4694 de
2748 4640 2853 4694 Job
2890 4643 2967 4695 ait
3001 4645 3146 4698 Deus
3179 4661 3192 4697 :
3233 4665 3252 4698 ι
3294 4647 3401 4702 γε-

145 4734 212 4801 μὴ
237 4737 325 4786 καὶ
352 4733 556 4802 ψυχῆς.
593 4734 822 4799 Ὅμοιον
855 4734 911 4784 ὲν
958 4733 1037 4802 τῷ
1075 4733 1196 4786 Ἰὠῦ
1243 4751 1407 4802 φησιν
1459 4735 1487 4786 ὁ
1541 4735 1707 4797 Θεόςο

1825 4728 2374 4781 rumtamenanimam
2391 4729 2512 4796 eius
2532 4743 2600 4782 ne
2619 4738 2807 4799 tangas
2831 4731 2976 4786 ‘°-’”.
3003 4752 3020 4784 ι
3052 4733 3197 4790 Bene
3221 4744 3404 4791 autem

149 4842 164 4870 ι
193 4825 332 4894 Πλὴν
359 4825 463 4892 τῆς
485 4824 663 4892 ψυχῆς
694 4822 860 4875 αὐτοῦ
897 4825 969 4893 μὴ
1005 4824 1138 4896 ἅψῃ.
1179 4846 1196 4876 ι
1235 4819 1432 4887 Καλῶς
1466 4826 1545 4890 δὲ,
1587 4829 1711 4891 alii;

142 4914 350 4985 ὅλεθρον
387 4918 490 4984 τῆς
519 4915 747 4984 σαρκὸς,
785 4933 803 4966 ι
856 4912 968 4970 οἷον
999 4917 1086 4970 ἴνα
1136 4917 1276 4988 νόσῳ
1337 4919 1500 4972 αὑτὸν
1555 4918 1694 4989 τήξη

155 5007 362 5077 Ἐπειδὴ
399 5008 514 5077 γὰρ
559 5010 624 5060 ὲκ
655 5007 750 5060 τοῦ
804 5007 1057 5079 σώματος
1108 5011 1202 5062 καὶ
1244 5009 1347 5078 τῆς
1402 5011 1612 5080 τρυφῆς
1663 5010 1727 5062 αί

146 5097 442 5167 ἐπιθυμίαι,
470 5097 532 5149 τὸ
559 5097 720 5168 σῶμα
743 5098 1073 5169 κολασθῆναι
1105 5100 1200 5154 καὶ
1225 5101 1574 5170 νεκρωθῆναι
1597 5099 1725 5169 βού-

143 5186 299 5245 λεται.
333 5190 599 5261 Ὀλεθρον
626 5193 727 5260 τῆς
757 5193 962 5265 σαρκὸς
1025 5189 1198 5260 εἶπεν,
1254 5192 1380 5260 ὅρον
1433 5192 1600 5256 τιθεὶς
1643 5192 1722 5262 τῷ

143 5281 382 5353 auena,
400 5284 497 5338 καὶ
518 5284 592 5355 μὴ
625 5284 730 5338 ἐῶν
747 5286 909 5338 αὐτὸν
927 5287 1237 5355 περαιτέρω
1257 5284 1575 5355 προϐἧναι.‹
1607 5287 1723 5337 Ἵνα

146 5373 198 5426 is
224 5376 435 5445 πνεῦμα
491 5377 659 5447 σωθῇ.
701 5396 719 5427 ›
755 5378 944 5448 Τούτῳ
987 5380 1094 5446 γὰρ
1125 5379 1203 5448 τῷ
1260 5379 1469 5449 τρόπῳ,
1523 5380 1618 5430 καὶ
1664 5377 1725 5429 τὸ

152 5464 293 5532 σῶμα
329 5467 658 5538 σωθήσεται.
694 5469 800 5522 Καὶ
824 5469 998 5532 ἄλλως
1031 5472 1108 5532 είς
1135 5471 1216 5534 τό,
1254 5471 1372 5522 ’Ἱνα
1400 5470 1461 5520 τὸ
1506 5469 1724 5538 πνεῦμα

155 5559 319 5628 σωθῇ,
373 5560 649 5622 τουτέστι,
688 5561 750 5613 τὸ
782 5561 1004 5632 Πνεῦμα
1038 5562 1099 5614 τδ
1159 5561 1313 5629 ἅγιον
1353 5561 1502 5632 σωθῇ
1551 5562 1720 5630 αὐτῷ,

154 5649 234 5699 καὶ
263 5653 331 5719 μὴ
355 5650 691 5722 ἀναχωρήσῃ
725 5651 798 5715 ὼς
827 5651 886 5717 ἐξ
920 5652 1171 5716 ἀσεϐοῦς.
1227 5651 1399 5705 Τοῦτο
1453 5652 1508 5706 δὲ
1559 5653 1714 5723 κηδο-

215 5827 324 5858 ιο.κι
351 5830 473 5885 ἔοι).
511 5845 570 5893 η’
611 5833 663 5881 (ς.

1818 4818 1934 4871 ait:
1974 4835 1992 4868 ι
2032 4815 2115 4870 Ad
2160 4817 2448 4872 interitum
2477 4821 2698 4883 carnis,
2743 4840 2759 4872 ι
2799 4822 2906 4876 hoc
2948 4833 3050 4889 est,
3088 4833 3148 4879 ut
3180 4827 3406 4896 aegritu-

1819 4909 1949 4964 dine
1983 4909 2164 4980 ipsum
2195 4920 2522 4965 maceraret.
2559 4912 2830 4978 Quoniam
2863 4917 3011 4971 enim
3037 4934 3066 4972 a
3098 4934 3328 4989 corpore
3350 4930 3406 4976 et

1819 5003 2086 5058 alimento
2143 5005 2452 5076 procedunt
2502 5008 2990 5076 concupiscentia,
3040 5026 3243 5082 corpus
3287 5015 3407 5070 vult

1818 5095 2004 5165 puniri
2034 5111 2097 5150 ac
2116 5094 2458 5151 mortiﬁcari.
2491 5097 2780 5152 lnteritum
2811 5101 2997 5171 itaque
3031 5103 3169 5159 dixit
3197 5107 3402 5172 carnis,

1821 5185 2119 5240 terminum
2152 5187 2439 5256 praeﬁgens
2460 5187 2702 5253 diabolo,
2741 5206 2845 5246 nec
2879 5191 3066 5249 sinens
3097 5210 3226 5250 eum
3258 5197 3406 5253 ultra

1822 5280 2146 5349 procedere.
2186 5299 2203 5332 ι
2242 5280 2311 5335 Ut
2337 5282 2568 5350 spiritus
2598 5284 2787 5338 salvus
2809 5285 2900 5338 sit.
2936 5305 2953 5338 ι
2980 5285 3051 5341 Ut
3075 5288 3278 5353 anima,
3311 5290 3401 5344 in.

1821 5376 1962 5442 quit,
1985 5382 2254 5439 servetur,
2282 5391 2409 5429 nam
2430 5385 2486 5430 et
2505 5393 2706 5447 corpus
2732 5380 2838 5434 hoc
2862 5382 3028 5437 modo
3055 5386 3396 5441 servabitur.

1821 5465 1888 5520 Et
1917 5477 2178 5535 praeterea
2223 5467 2278 5520 in
2314 5467 2438 5533 hoc,
2484 5467 2556 5521 Ut
2614 5470 2844 5539 spiritus
2887 5486 3160 5542 servetur,
3209 5477 3262 5530 id
3293 5487 3400 5544 est,

1826 5570 1883 5614 ut
1927 5561 2167 5630 Spiritus
2214 5571 2436 5617 sanctus
2478 5561 2582 5631 ipsi
2625 5574 2876 5621 servetur
2917 5579 2971 5625 et
3013 5584 3121 5624 non
3152 5569 3402 5624 discedat

1829 5662 2087 5721 tanquam
2120 5653 2189 5709 ab
2225 5653 2412 5723 impio.
2469 5651 2583 5708 Hoc
2632 5665 2815 5712 autem
2849 5659 3187 5727 providentis
3218 5658 3398 5729 potius
