4194 6468
729 425 839 490 693
1788 403 2192 469 (ECUMENII
2220 398 2518 464 TRICCzE
2558 394 2903 460 EPISCOPI
3887 386 4007 450 700

727 545 815 591 est
849 545 1016 602 quam
1063 524 1397 598 supplicium
1446 517 1765 589 indigentis.
1810 536 1828 569 ι
1876 517 1996 572 Non
2043 523 2129 570 est
2171 514 2315 569 bona

2438 528 2583 582 ιένου
2621 523 2909 597 μᾶλλον,ἢ
2960 515 3372 592 τιμωρουμένου
3422 512 3601 571 Ἔστιν.
3651 533 3671 567 ι
3706 514 3783 569 Οὐ
3836 516 4009 570 καλὸν

725 625 980 700 gloriatio
1008 631 1211 678 vestra.
1246 638 1264 669 ι
1303 613 1633 671 Subindicat
1666 612 1812 681 quod
1849 610 2001 664 illum
2031 623 2141 662 non
2180 623 2313 678 per-

2438 622 2475 674 ῖὸ
2513 619 2777 689 καύχημα
2831 615 3005 685 ὑμῶν.
3045 632 3063 665 ι
3108 612 3417 665 Αίνίττεται
3470 610 3553 663 ὅτι
3619 608 3775 662 αὐτοὶ
3834 609 4009 662 αὐτὸν

730 719 1011 774 misissent
1041 711 1364 781 resipiscere
1389 722 1457 762 eo
1488 705 1634 775 quod
1669 703 2042 773 gloriarentur
2070 701 2125 755 in
2166 701 2308 768 ipso.

732 814 774 867 N
802 828 865 863 Vm
897 818 1014 862 erat
1044 807 1133 859 hic
1168 803 1419 859 fortassis
1452 815 1597 853 unus
1627 798 1941 867 sapientum
1967 796 2111 867 apud
2138 797 2310 865 ipsos.

811 903 872 958 ν.
913 901 966 959 6.
992 900 1044 952 8.
1072 901 1149 952 An
1175 896 1381 949 nescitis
1404 893 1542 963 quod
1567 890 1845 959 paululum
1872 889 2120 955 fermenti
2143 896 2311 940 totam

731 994 1155 1059 conspersioncm
1184 984 1504 1056 fermentat?
1553 982 1860 1053 Expurgate
1904 988 2048 1033 vetus
2084 979 2313 1049 fermen-

732 1095 844 1134 tum
888 1092 942 1131 ut
983 1081 1095 1133 sitis
1135 1094 1269 1130 noua
1311 1076 1633 1144 conspersio,
1671 1073 1803 1124 sicut
1846 1072 1966 1123 estis
2004 1070 2199 1139 azymi,
2236 1068 2313 1138 (id

731 1184 828 1233 est,
866 1177 1121 1239 germento
1155 1167 1439 1235 carentes).
1472 1165 1609 1233 Nam
1641 1171 1689 1215 et
1723 1164 1919 1233 pascha
1950 1169 2190 1215 nostrum
2217 1176 2313 1230 pro

733 1262 879 1314 nobis
920 1259 1225 1313 immolatus
1256 1266 1331 1311 est
1368 1257 1625 1309 Christus.
1655 1254 1842 1323 Itaque
1874 1253 2060 1322 festum
2092 1252 2316 1305 celebre-

626 1403 631 1407 .
735 1368 851 1405 mus
877 1368 980 1403 non
1013 1352 1066 1402 in
1104 1350 1356 1417 fermento
1393 1347 1575 1409 veteri,
1606 1361 1772 1414 neque
1814 1346 1867 1395 in
1911 1344 2165 1412 fermento
2196 1360 2314 1394 ma-

736 1440 865 1494 litia:
895 1451 943 1494 et
970 1441 1285 1511 pravitatis;
1311 1440 1402 1491 sed
1432 1439 1487 1491 in
1513 1439 1712 1507 azymis
1748 1435 2065 1488 sinceritatis
2103 1441 2152 1486 et
2181 1433 2318 1486 veri-

736 1536 881 1587 tatis.

807 1619 945 1688 Ipsis
974 1633 1197 1689 quoque
1246 1624 1421 1671 cavet.
1452 1614 1668 1669 Etenim
1694 1614 1921 1679 malum,
1946 1614 2150 1683 inquit,
2170 1612 2319 1684 quod

732 1712 1055 1782 negligitur,
1112 1710 1384 1779 reliquum
1427 1708 1686 1763 Ecclesia:
1743 1724 1948 1777 corpus
2003 1707 2197 1769 inlicit,
2252 1720 2318 1759 eo

736 1804 881 1873 quod
915 1804 1007 1855 alii
1036 1818 1257 1871 quoque
1294 1801 1428 1854 illud
1466 1802 1772 1853 imitentur.
1834 1797 2313 1865 Quemadmodum

2413 709 2514 762 οὐκ
2532 710 2722 761 εἴασαν
2756 703 3108 777 μετανοῆσαι,
3138 700 3489 769 καυχώμενοι
3522 699 3601 761 είς
3623 696 3807 751 αὐτόν.
3828 698 4003 760 Ἴσως

2413 801 2525 869 γὰρ
2546 798 2655 852 τῶν
2685 799 2835 868 παρὰ
2861 794 3013 862 σφίσι
3043 792 3225 861 σοφῶν
3256 787 3335 854 εἷς
3363 787 3431 860 ἦν
3456 782 3633 850 οὗτος.

2489 888 2612 940 Οὐκ
2653 885 2855 968 οἴδατε
2878 882 2966 935 ὅτι
2985 880 3166 949 μικρὰ
3183 879 3330 946 ζύμη
3369 878 3517 930 ὅλον
3544 874 3613 927 τὸ
3638 876 3886 968 φύραμα
3908 873 4007 968 ξυ-

2411 978 2547 1049 μοῒ;
2564 962 2953 1043 Ἕκκαάιίρατε
2968 973 3085 1038 τὴν
3103 970 3369 1024 παλαιὰν
3388 968 3593 1036 ζύμην,
3616 968 3716 1019 ἵνα
3734 962 3838 1033 ἦτε
3860 963 4009 1017 νέοι·

2416 1071 2677 1139 φύραμα,
2713 1068 2902 1131 καθώς
2930 1065 3072 1117 ἐστε
3104 1060 3330 1130 ἄζυμοι.
3372 1058 3495 1126 Kall
3528 1059 3635 1127 γὰρ
3665 1058 3733 1110 τὸ
3782 1057 4009 1121 Πάσχα

2416 1159 2588 1229 ἡμῶν
2612 1158 2765 1226 ὑπὲρ
2792 1154 2963 1225 ἡμῶν
2993 1156 3175 1220 ἐθύθη
3200 1151 3474 1220 Χριστός.
3506 1151 3685 1202 ’Ὥστε
3730 1144 4011 1216 ἑορτάζω-

2414 1268 2548 1321 μεν,
2567 1251 2653 1320 μὴ
2683 1251 2752 1302 ἐν
2768 1249 2914 1315 ζύμῃ
2936 1245 3183 1314 παλαιᾷ,
3199 1245 3355 1314 μηδὲ
3374 1246 3444 1298 ἐν
3465 1242 3611 1311 ζύμῃ
3646 1241 3867 1305 κακίας
3902 1238 4007 1291 καὶ

2417 1345 2731 1408 πονηρίας,
2814 1339 2952 1394 ἀλλ’
3016 1338 3086 1391 ἐν
3137 1336 3383 1405 ἀζύμοις
3447 1332 3835 1401 είλικρινείας
3902 1327 4007 1382 καί

2417 1433 2727 1501 ἀληθείας.

2489 1614 2600 1668 Καὶ
2626 1611 2806 1666 αὐτῶν
2840 1609 3103 1679 φείδεται.
3131 1606 3244 1660 Καὶ
3269 1606 3378 1675 γάρ
3412 1603 3811 1675 ἀμελούμενον,
3841 1601 4009 1670 φησι,

2420 1708 2482 1761 τὸ
2515 1707 2705 1770 κακὸν,
2736 1705 2832 1757 καὶ
2867 1704 2944 1772 τῷ
2972 1701 3144 1769 λοιπῷ
3188 1698 3512 1769 λυμαίνεται
3550 1696 3649 1764 τῆς
3681 1694 4015 1763 Ἐκκλησίας

2424 1799 2657 1867 σώματι,
2690 1797 2778 1850 διὰ
2803 1796 2864 1849 τὸ
2911 1797 3004 1849 καὶ
3049 1793 3267 1863 ἐτέρους
3300 1790 3433 1844 αὐτὸ
3463 1788 3768 1860 μιμεῖσθαι.
3794 1788 4016 1858 Ὠσπερ

737 1895 885 1949 enim
913 1894 1265 1955 fermentum,
1294 1908 1418 1945 cum
1445 1891 1515 1944 sit
1541 1890 1842 1951 modicum.
1876 1900 2046 1944 totam
2076 1889 2317 1943 fermen-

2438 1891 2530 1962 τὰρ
2561 1891 2706 1961 ζύμη
2740 1889 2911 1960 μικρὰ
2940 1888 3077 1941 οὖσα
3105 1886 3167 1939 τὸ
3189 1887 3333 1940 ἆπαν
3364 1884 3548 1953 ζυμοῖ,
3600 1883 3695 1937 καὶ
3729 1882 3809 1944 εἰς
3864 1879 4019 1933 ἅπαν

741 1992 819 2036 tat
857 1981 1308 2047 eonspersionem
1343 1991 1397 2034 et
1444 1980 1497 2033 in
1532 1990 1706 2033 totmn
1750 1980 2084 2034 diﬂunditur
2118 1998 2129 2031 :
2168 1980 2240 2034 ita
2267 1989 2323 2033 et

740 2069 907 2138 hujus
949 2079 1261 2139 peccatum,
1317 2070 1517 2137 inquit,
1568 2072 1773 2124 multos
1812 2071 1877 2123 ad
1925 2087 1983 2124 se
2029 2070 2256 2125 attrahit
2308 2086 2320 2121 :

743 2174 761 2205 ι
805 2157 1114 2225 Exiiurgate
1164 2166 1319 2209 vetus
1354 2156 1707 2210 fermentum.
1752 2178 1769 2208 ι
1812 2157 1924 2210 Iloc
1952 2168 2057 2223 est,
2099 2174 2195 2213 eos
2229 2158 2322 2227 qui

738 2247 1054 2317 huiusmodi
1072 2259 1387 2317 operantur.
1415 2249 1580 2319 559
1601 2250 1771 2303 Vetus
1790 2260 1971 2304 autem
1992 2251 2325 2304 fermentum

745 2340 895 2410 ipsos
921 2342 1179 2409 appellat,
1209 2341 1467 2410 autquod
1499 2351 1727 2409 peccato
1757 2341 2050 2410 putrefacti
2080 2342 2212 2405 sint,
2234 2348 2329 2394 aut

741 2433 889 2502 quod
921 2448 1133 2489 omnes
1161 2434 1216 2486 in
1256 2434 1482 2487 Christo
1511 2448 1650 2486 nova
1680 2434 1789 2487 sint
1827 2442 2106 2495 creatura,
2148 2433 2326 2486 solum

740 2534 924 2578 autem
957 2534 1241 2593 peccatum
1278 2525 1350 2577 sit
1380 2534 1558 2578 vetus.

811 2616 1005 2669 Dicens
1042 2625 1223 2669 autem
1272 2635 1291 2667 ι
1327 2616 1661 2685 Expurgate,
1700 2635 1718 2667 ι
1766 2626 2018 2671 exactam
2057 2616 2333 2686 significat

741 2711 1146 2780 purgationem.
1194 2728 1211 2761 ι
1251 2711 1322 2765 Ut
1352 2711 1473 2764 sitis
1502 2726 1638 2763 nova
1674 2711 2013 2780 conspersio.
2054 2730 2072 2762 ›
2117 2712 2331 2765 Novum

741 2802 887 2856 enim
916 2802 1192 2855 hominem
1221 2803 1371 2855 novit
1402 2802 1689 2873 Scriptura
1723 2804 1817 2871 qui
1859 2803 2066 2873 probus
2095 2813 2202 2868 est,
2236 2820 2334 2859 ve—

744 2901 917 2946 terem
944 2909 1073 2947 vero
1095 2894 1248 2947 illum
1281 2895 1373 2963 qui
1400 2894 1620 2963 impius.
1656 2894 1938 2964 Significat
1970 2904 2154 2950 autem
2186 2896 2335 2965 quod

743 2999 856 3036 non
898 2984 1055 3038 multi
1104 2994 1263 3039 erant
1308 2985 1453 3053 apud
1503 3000 1598 3037 eos
1652 2994 1992 3053 peccatores.
2039 3005 2057 3037 ι
2098 2985 2167 3040 Ut
2215 2985 2339 3039 sitis

746 3091 886 3131 nova
919 3078 1261 3145 conspersio.
1303 3095 1320 3127 ι
1360 3077 1475 3131 Hoc
1506 3086 1613 3141 est,
1648 3088 1802 3131 extra
1846 3087 2005 3131 vetus
2050 3078 2187 3132 illud
2222 3078 2336 3133 fer-

745 3174 1015 3229 mentum,
1039 3167 1105 3220 de
1137 3182 1248 3236 quo
1272 3167 1499 3236 praedixi
1529 3166 1676 3235 quod
1710 3167 1957 3221 debeatis
1989 3169 2165 3238 azymi
2192 3184 2333 3234 esse,

2427 1986 2731 2052 ἀναχεῖται,
2765 1983 2938 2043 οὕτως
2974 1982 3124 2050 καὶὴ
3160 1979 3352 2033 τούτου
3382 1975 3649 2047 ἁμαρτία,
3685 1974 3837 2043 φησὶ,
3878 1974 4022 2041 πρὸς

2428 2074 2629 2141 ἑαυτὴν
2668 2074 2970 2125 ἐπισπᾶται
3016 2070 3267 2133 πολλούς.
3311 2088 3329 2120 ι
3373 2068 3750 2135 Ἑκκαθάρατε
3783 2064 3884 2133 τὴν
3915 2080 4023 2116 πα-

2427 2163 2588 2216 λαιάν
2610 2162 2808 2234 ζύμην.
2853 2182 2870 2215 ι
2896 2163 3176 2225 Τουτέστι,
3206 2161 3333 2223 τοὺς
3364 2159 3433 2211 τὰ
3469 2156 3696 2210 τοιαῦτα
3736 2156 4023 2227 πράσσον-

2428 2273 2551 2318 τας.
2582 2256 2827 2307 Παλαιὰν
2856 2255 2913 2307 δέ
2940 2256 3139 2317 αὐτοὺς
3170 2252 3350 2323 ζύμην
3376 2250 3551 2315 καλεῖ,
3587 2251 3619 2321 ἦ
3647 2249 3733 2302 διὰ
3756 2249 3819 2302 τὸ
3850 2265 4024 2316 σεση-

2430 2347 2591 2399 πέναι
2614 2350 2679 2417 τῇ
2716 2344 3043 2415 ἀμαρτίᾳ,ἢ
3084 2345 3165 2397 ὅτι
3226 2346 3284 2396 ἐν
3338 2342 3559 2412 Χριστῷ
3612 2342 3811 2403 πάντες
3856 2338 4028 2406 καινὴ

2430 2440 2631 2503 κτίσις,
2662 2438 2798 2507 μόνη
2827 2437 2884 2489 δὲ
2910 2437 2943 2505 ἡ
2981 2435 3227 2506 ἁμαρτία
3261 2433 3490 2488 παλαιά.

2506 2623 2580 2679 Τὸ
2605 2624 2683 2690 δὲ,
2711 2642 2728 2675 ι
2756 2623 3153 2692 Ἐκκαθάρατε,
3188 2639 3206 2671 ι
3242 2620 3342 2690 τὴν
3376 2618 3580 2689 ἀκριϐῆ
3622 2618 3775 2687 δηλοῖ
3807 2619 4031 2688 κάθαρ-

2439 2733 2545 2770 σιν.
2585 2735 2602 2767 ι
2634 2716 2754 2769 Ἵνα
2787 2711 2886 2785 ἦτε
2942 2714 3063 2766 νέον
3096 2713 3351 2782 φύραμα.
3382 2729 3401 2762 ι
3440 2711 3582 2772 Ἵνα,
3628 2712 3784 2779 φησι,
3820 2712 4033 2775 πάντες

2434 2806 2535 2879 ἦτε
2564 2808 2657 2861 τοῦ
2691 2808 2813 2861 νέου
2877 2806 3223 2877 φυράματος.
3272 2803 3410 2856 Νέον
3452 2802 3559 2872 γὰρ
3613 2798 3755 2855 οἶδεν
3813 2804 4034 2873 ἀνθρυο

2438 2918 2539 2954 πον
2593 2902 2626 2970 ἠ
2662 2899 2854 2969 Γραφὴ
2910 2898 3001 2951 τὸν
3048 2897 3326 2966 ἐνάρετον,
3368 2894 3595 2947 παλαιὸν
3644 2896 3722 2957 δὲ,
3776 2899 3868 2948 τδν
3901 2896 4033 2947 ἀσε-

2442 2993 2535 3063 ϐῆ.
2572 2992 2734 3064 Δηλοί
2761 2992 2818 3045 δὲ
2852 2993 2934 3044 ὃτι
2976 2990 3037 3043 ού
3070 2989 3255 3041 πολλοὶ
3282 2984 3424 3057 ἦσαν
3455 2990 3586 3057 παρ’
3618 2989 3804 3051 αὐτοῖς
3838 2989 4034 3057 ἁμαρ-

2442 3084 2622 3139 τωλοί.
2659 3085 2829 3149 «Ἵνα,
2862 3082 3048 3152 φησὶν,
3090 3076 3243 3153 ﬁre,»
3280 3080 3580 3142 τουτέστιν,
3612 3079 3765 3141 ἐκτὸς
3799 3078 3903 3147 τῆς
3930 3096 4038 3132 πα-

2442 3174 2601 3236 λαιᾶς
2652 3170 2831 3243 ζύμης
2884 3171 3100 3239 ἐκείνης
3155 3169 3284 3239 περὶ
3328 3164 3397 3242 ἦς
3460 3166 3609 3233 εἶπα,
3658 3167 3843 3230 καθώς
3903 3170 4035 3221 ἐστε

745 3256 799 3309 id
829 3266 933 3320 est,
969 3258 1239 3313 fermento
1265 3268 1538 3312 carentes.
1568 3260 1636 3312 Et
1668 3258 1812 3312 unde
1858 3259 2210 3313 manifestum
2251 3269 2333 3313 est

2444 3264 2665 3333 ἄζυμοι.
2724 3262 2942 3323 Καθὼς,
2997 3262 3157 3330 φησὶ,
3211 3261 3370 3330 χρέος
3421 3261 3549 3329 ὑμῖν
3582 3262 3733 3311 ἐστιν
3798 3259 4038 3329 ἀζύμοις

747 3349 895 3417 quod
927 3350 1197 3403 fermento
1228 3364 1422 3404 carere
1458 3350 1793 3403 debeamus?
1820 3351 1897 3404 Ex
1924 3350 2119 3404 eodem
2167 3351 2341 3404 mani-

744 3436 946 3492 festum
976 3450 1079 3493 est.
1112 3458 1130 3489 ε
1170 3440 1303 3493 Nam
1345 3440 1553 3494 Pascha
1599 3450 1846 3495 nostrum
1885 3458 1984 3510 pro
2029 3442 2191 3495 nobis
2236 3443 2341 3497 im-

746 3530 986 3583 molatus
1020 3538 1105 3585 est
1130 3530 1406 3585 Christus.
1448 3552 1466 3584 ι
1504 3533 1659 3587 Sicut
1697 3549 1829 3603 ergo
1853 3534 1908 3588 hi
1952 3535 2046 3604 qui
2087 3535 2191 3589 sub
2219 3536 2337 3605 lege

744 3620 1025 3682 vivebant,
1060 3618 1344 3675 immolato
1370 3621 1437 3674 ab
1480 3622 1614 3691 ipsis
1646 3623 1978 3692 temporaria
2008 3640 2073 3677 ac
2112 3624 2340 3677 irratio-

744 3712 857 3764 nali
884 3727 1046 3780 agno,
1078 3722 1290 3781 septem
1333 3714 1531 3767 diebus
1559 3724 1717 3768 erant
1750 3715 1947 3785 azymi.
1998 3715 2052 3768 id
2098 3724 2204 3778 est,
2233 3715 2341 3769 fer-

745 3810 932 3855 mento
958 3811 1228 3857 carentes.
1270 3804 1461 3874 Neque
1495 3806 1643 3859 enim
1692 3806 1892 3861 licebat
1946 3806 2339 3861 fermentatum

742 3908 940 3962 panem
969 3903 1064 3947 aut
1091 3894 1240 3948 domi
1274 3895 1477 3949 habere
1524 3905 1619 3950 aut
1650 3896 1838 3951 edere.
1889 3898 1966 3952 lta
2020 3913 2243 3966 quoque
2283 3903 2341 3951 et

743 4000 847 4039 nos
879 3994 1090 4040 aeterno
1119 4002 1183 4040 ac
1231 3988 1486 4041 rationali
1535 4002 1677 4057 agno
1712 3988 1807 4057 qui
1856 3990 2001 4043 tollit
2048 3998 2340 4059 peccatum

743 4076 935 4130 mundi
983 4093 1083 4146 pro
1112 4078 1274 4133 nobis
1303 4079 1583 4133 immolato
1614 4080 1740 4148 (hoc
1768 4082 1915 4134 enim
1963 4089 2048 4135 est
2090 4091 2341 4136 nostrum

743 4166 977 4239 Pascha)
1014 4169 1282 4223 debemus
1328 4186 1548 4239 semper
1580 4171 1853 4225 fermento
1883 4187 2074 4225 carere
2105 4182 2162 4225 et
2212 4186 2338 4226 esse

743 4275 887 4315 nova
914 4264 1258 4331 conspersio,
1290 4272 1350 4316 ut
1379 4262 1515 4316 nihil
1544 4264 1748 4317 veteris
1781 4263 2037 4317 fermenti
2068 4264 2185 4318 sive
2210 4279 2339 4333 pec-

744 4352 851 4404 cati
889 4351 1049 4404 nobis
1085 4351 1218 4420 ipsis
1248 4352 1620 4406 conferamus.
1662 4353 1799 4407 Vide
1832 4363 2017 4408 autem
2062 4354 2341 4422 quomodo

745 4453 1152 4510 consequenter
1192 4458 1256 4497 ac
1288 4442 1631 4497 familiariter
1674 4447 2042 4512 permanserit
2076 4446 2130 4498 in
2163 4456 2338 4499 meta-

2443 3352 2609 3409 εἶναι.
2654 3354 2829 3407 Πόθεν
2861 3353 2919 3406 δὲ
2948 3352 3104 3421 δῆλον
3148 3354 3231 3405 ὅτι
3277 3352 3477 3420 ἄζυμοι
3522 3352 3816 3419 ὀφείλομεν
3850 3344 4035 3415 εἷναις

2440 3445 2677 3498 Λύτόθεν
2699 3444 2952 3513 φανερόν,
2980 3444 3053 3495 Τὸ
3077 3443 3185 3513 γὰρ
3238 3462 3257 3494 ι
3282 3443 3473 3512 Πάσχα
3502 3443 3683 3512 ἡμῶν,
3708 3443 3849 3511 ὑπὲρ
3874 3443 4037 3512 ἡμῶν

2445 3533 2612 3603 ἐτύθη
2643 3533 2895 3603 Χριστός.
2934 3552 2952 3585 ι
2994 3532 3207 3601 ’Ὠσπερ
3241 3527 3335 3585 οὖν
3366 3534 3415 3583 οἱ
3454 3532 3513 3582 ἐν
3538 3530 3617 3598 τῷ
3649 3531 3798 3600 νόμῳ
3847 3529 4035 3598 βιοῦν-

2441 3643 2552 3689 τες,
2608 3625 2872 3695 θυομένου
2923 3624 3109 3688 αὐτοῖς
3153 3622 3247 3677 τοῦ
3302 3624 3640 3693 προσκαίρου
3686 3625 3779 3675 καὶ
3832 3624 4037 3690 ἀλόγου

2444 3716 2646 3785 ἀμνοῦ,
2681 3717 2739 3768 ἐν
2769 3717 2908 3768 ἑπτὰ
2940 3716 3179 3784 ἡμέραις
3209 3715 3407 3782 ἄζυμοι
3438 3710 3577 3783 ἦσαν
3637 3715 3719 3783 (οὺ
3754 3714 3863 3783 γάρ
3904 3715 4039 3781 ἐξῆν

2443 3806 2626 3869 αὐτοῖς
2675 3806 3030 3876 ἐζυμωμένον
3090 3805 3213 3858 οὔτε
3246 3805 3391 3874 ἔχειν
3432 3806 3572 3858 οἴκοι
3618 3804 3743 3857 οὔτε
3788 3808 4037 3875 φαγεῖν)·

2442 3897 2616 3959 οὕτως
2650 3898 2746 3950 καὶ
2786 3899 2966 3967 ὑμεῖς,
3018 3897 3114 3950 τοῦ
3171 3898 3391 3951 αἰωνίου
3437 3900 3531 3950 καὶ
3586 3896 3809 3965 λογικοῦ
3856 3898 4039 3967 ἀμνοῦ

2444 3989 2537 4043 τοῦ
2572 3990 2820 4060 αἴροντος
2858 3989 2956 4058 τὴν
2993 3990 3268 4059 ἁμαρτίαν
3304 3988 3398 4043 τοῦ
3454 3989 3661 4059 κόσμου
3701 3988 3845 4058 ὑπὲρ
3877 3990 4041 4059 ἡμῶν

2444 4080 2697 4143 τυθέντος
2753 4079 2950 4149 (τοῦτο
3003 4081 3112 4150 γάρ
3160 4082 3277 4133 ἐστι
3323 4082 3385 4134 τὸ
3441 4083 3710 4152 ἡμέτερον
3778 4084 4037 4153 Πάσχα)-

2444 4168 2733 4239 όφείλομεν
2756 4170 2960 4237 ἄζυμοι
2984 4171 3072 4223 ἀεὶ
3096 4171 3188 4223 καὶ
3216 4172 3403 4223 καινὸν
3430 4171 3657 4241 φύραμα
3682 4167 3843 4235 εἶναι,
3866 4172 4040 4242 μηδὲν

2442 4264 2543 4332 τῆς
2568 4262 2805 4325 παλαιᾶς
2834 4262 3034 4331 ζύμης,
3062 4263 3182 4327 ἦτοι
3206 4262 3305 4331 τῆς
3334 4262 3631 4333 ἁμαρτίας,
3658 4264 3878 4325 ἑαυτοῖς
3910 4281 4041 4315 συν-

2443 4354 2857 4424 επιφερόμενοι.
2889 4355 3031 4423 Ὀρα
3082 4352 3138 4405 δὲ
3184 4353 3301 4414 πῶς
3334 4353 3690 4425 καταλλήλως
3721 4354 3816 4406 καὶ
3857 4371 4037 4422 προτ-

2447 4447 2597 4515 φυῶς
2633 4446 2890 4513 ἐπέμεινε
2940 4447 3006 4514 τῇ
3051 4447 3251 4514 τροπῇ.
3296 4444 3513 4513 Ἐπειδὴ
3552 4446 3661 4514 γάρ
3696 4444 3789 4499 τοῦ
3826 4462 4041 4514 πεπορο

745 4533 941 4603 phora.
975 4532 1245 4598 Quoniam
1274 4535 1423 4588 enim
1460 4545 1744 4604 peccatum
1780 4537 1902 4606 ejus
1950 4538 2044 4606 qui
2077 4548 2332 4607 stuprum

2441 4538 2696 4599 νευκότος
2736 4537 2838 4606 τὴν
2892 4535 3169 4606 ἁμαρτίαν
3205 4535 3387 4604 ζύμην
3420 4518 3703 4599 ἐκάλεσεν,
3750 4536 4037 4604 ἐμφαίνων

747 4627 1121 4688 commiserat,
1192 4626 1494 4695 appellarat
1573 4627 1906 4681 fermentum
1959 4645 1973 4680 :
2040 4629 2342 4685 ostendens

746 4718 893 4787 quod
921 4734 986 4771 ex
1013 4718 1138 4780 hoc,
1172 4718 1279 4770 nisi
1313 4716 1661 4785 purificetur,
1706 4718 1864 4773 facile
1894 4726 1951 4773 et
1979 4720 2086 4773 alia
2118 4731 2343 4788 paratur

748 4824 924 4863 massa
968 4810 1084 4863 sive
1106 4810 1463 4879 conspersio:
1506 4810 1717 4879 aptavit
1757 4822 2170 4880 consequenter
2196 4820 2252 4866 et
2279 4828 2343 4867 ea

748 4917 871 4971 qua:
910 4911 1245 4969 sequuntur,
1284 4917 1482 4970 nempe
1511 4911 1669 4956 vetus
1705 4901 2033 4957 fermentum
2056 4914 2112 4958 et
2142 4920 2340 4959 novam

750 4993 1211 5061 conspersionem
1239 5008 1300 5047 ac
1327 5008 1547 5064 azymos
1581 4994 1697 5048 sive
1730 5010 1897 5059 panes
1946 4995 2218 5051 fermento
2250 5012 2345 5051 ca-

752 5098 937 5140 rentes
966 5104 978 5139 :
1014 5086 1250 5139 virtutes
1277 5102 1341 5140 ac
1369 5087 1501 5139 vitia
1531 5087 1618 5140 his
1661 5088 1959 5157 designans
1999 5088 2340 5142 nominibus.

756 5196 775 5228 ι
809 5177 942 5231 Nam
973 5185 1029 5231 et
1058 5177 1263 5232 Pascha
1298 5188 1569 5233 nostrum.
1594 5197 1612 5230 ι
1632 5177 1961 5248 Coniunctio
1986 5179 2093 5249 γάρ
2108 5181 2345 5237 causalis

750 5278 837 5325 est
883 5278 938 5322 et
958 5270 1031 5323 ita
1056 5269 1352 5325 causaliter
1377 5270 1619 5338 ponitur.
1667 5271 1833 5325 «Nam
1859 5272 2067 5326 Pascha
2095 5283 2343 5328 nostrum

753 5375 853 5429 pro
886 5360 1048 5414 nobis
1081 5361 1395 5415 immolatus
1432 5371 1518 5417 est
1551 5362 1825 5417 Christus.
1859 5382 1878 5413 ι
1903 5362 2171 5428 Quoniam
2196 5366 2345 5420 enim

750 5450 905 5520 jubet
940 5451 1026 5504 les
1052 5461 1175 5520 post
1197 5452 1551 5522 primogeniti
1576 5453 1855 5507 victimam
1884 5454 1938 5508 in
1966 5456 2233 5510 Paschate
2256 5472 2343 5511 se-

754 5549 903 5610 ptem
939 5540 1138 5595 diebus
1164 5556 1334 5609 panes
1362 5540 1637 5596 fermento
1680 5551 1936 5596 carentes
1975 5541 2165 5605 edere,
2212 5542 2349 5597 dicit

755 5632 903 5701 quod
929 5649 1098 5702 panes
1131 5633 1209 5687 illi
1254 5634 1528 5689 fermento
1570 5642 1824 5690 carentes
1858 5634 2029 5705 ﬁgura
2074 5644 2231 5689 erant
2279 5650 2348 5689 ne

758 5738 864 5778 nos
916 5725 1219 5795 quidquam
1259 5724 1517 5778 vitiorum
1552 5724 1609 5778 in
1647 5724 1810 5779 nobis
1835 5724 1969 5795 ipsis
1996 5725 2345 5787 haberemus,

754 5814 979 5885 dequo,
1026 5817 1124 5883 ait,
1168 5816 1449 5874 «Christus
1474 5816 1838 5879 immolatus,»
1898 5816 1950 5871 in
1978 5817 2201 5887 ﬁguram
2224 5814 2345 5887 agni

2446 4629 2526 4681 ὅτι
2570 4626 2645 4696 μὴ
2696 4625 3169 4696 ἐκκαθαιρομένης
3221 4625 3447 4694 ταύτης,
3494 4624 3631 4693 ταχὺ
3667 4625 3763 4678 καὶ⁵
3811 4625 3872 4677 τὸ
3904 4624 4037 4678 ἄλλο

2448 4714 2923 4785 συναναζυμοῦται
2954 4713 3205 4784 φύραμα,
3241 4713 3548 4776 ἀκολούθως
3589 4713 3801 4783 ἥρμοσε
3835 4715 3932 4767 καὶ
3966 4714 4036 4766 τὰ

2447 4806 2681 4876 ἐφεξῆς,
2746 4804 2925 4876 ζύμην
3001 4803 3259 4867 παλαιάν,
3308 4806 3403 4857 καὶ
3456 4805 3575 4857 νέον
3630 4804 3881 4875 φύραμα,
3935 4805 4039 4860 καὶ

2448 4900 2715 4969 ἀζύμους,
2746 4898 2846 4966 τὰς
2891 4898 3092 4969 ἀρετάς
3147 4898 3241 4950 καὶ
3272 4897 3494 4959 κακίας,
3527 4897 3739 4960 τούτοις
3769 4900 3883 4961 τοῖς
3910 4899 4038 4952 ὀνό-

2451 5008 2615 5061 μασιν
2652 4990 2957 5060 ὐποδηλῶν.
3014 5009 3032 5042 ι
3064 4990 3174 5043 Καὶ
3223 4989 3329 5059 γάρ
3361 4989 3421 5042 τὺ
3458 4990 3670 5059 Πάσχα.
3712 5008 3731 5043 ι
3778 4990 3862 5055 ’0,
3895 4994 4032 5061 τάρ,

2450 5083 2751 5153 σύνδεσμος
2804 5070 3187 5150 αίτιολογικός.
3240 5081 3367 5135 Ἐπὶ
3408 5083 3559 5152 αἰτία
3590 5078 3685 5135 οὖν
3716 5085 3914 5137 κεῖται.
3960 5084 4036 5136 To

2449 5176 2580 5246 γὰρ,
2618 5193 2636 5226 ι
2675 5176 2866 5244 Πάσχα
2922 5174 3080 5244 ἡμῶν
3130 5174 3269 5244 ὑπὲρ
3300 5174 3457 5244 ἡμῶν
3502 5174 3668 5243 ἐτύθη
3715 5175 3974 5245 Χριστός.
4010 5194 4029 5227 ι

2462 5268 2681 5338 Ἐπειδὴ
2712 5268 2819 5339 γάρ
2848 5269 2877 5320 ὀ
2907 5268 3070 5335 νόμος
3098 5266 3408 5336 διαγορεύει
3443 5266 3581 5334 μετά
3614 5266 3712 5336 τὴν
3749 5265 3844 5320 τοῦ
3876 5282 4035 5336 πρω-

2450 5360 2671 5411 τοτόκου
2714 5358 2929 5422 θυσίαν,
2966 5359 3022 5410 ὲν
3055 5357 3134 5426 τῷ
3162 5357 3354 5427 Πάσχα
3392 5357 3533 5409 ἑπτά
3558 5357 3773 5427 ἡμέρας
3819 5356 4033 5425 ἄζυμα,

2451 5451 2683 5515 ἐσθίειν,
2742 5452 2943 5521 φησὶν,
2984 5452 3067 5504 ὅτι
3116 5450 3289 5507 τύπος
3342 5445 3411 5519 ἦν
3465 5452 3651 5503 ἐκεῖνα
3697 5449 3768 5502 τά
3814 5449 4031 5520 ἄζυμα,

2450 5542 2546 5596 τοῦ
2578 5545 2729 5613 ἡμᾶς
2764 5544 2839 5613 μὴ
2887 5542 3034 5613 ἔχειν
3070 5544 3127 5610 ἐν
3179 5544 3392 5605 ἑαυτοῖς
3424 5559 3475 5595 τι
3510 5544 3608 5611 τῆς
3642 5542 3865 5608 κακίας,
3904 5543 4033 5613 περὶ

2452 5630 2518 5705 ἧς
2572 5651 2759 5703 φησιν.
2803 5633 2861 5687 '0
2899 5635 3009 5703 γὰρ
3039 5635 3273 5704 Χριστὸς
3300 5633 3503 5697 τυθεὶς,
3532 5633 3719 5703 φησὶν,
3752 5635 3831 5696 είς
3864 5634 4034 5686 τύπον

2451 5724 2545 5777 τοῦ
2578 5727 2925 5794 πρωτοτόκου
2953 5724 3125 5793 ἀμνοῦ
3174 5726 3412 5777 τέθυται.
3440 5726 3783 5790 Ἐπάναγιιες
3812 5720 3908 5783 οὖν
3942 5728 4032 5776 καὶ

2454 5817 2601 5887 ἡμᾶς
2636 5815 2727 5869 τὸν
2755 5814 2926 5868 τύπον
2959 5814 3065 5868 τῶν
3111 5815 3334 5884 ἀζύμων
3366 5816 3471 5884 πλη
3482 5814 3625 5884 poi-1,
3666 5817 3723 5867 ἐν
3754 5816 3832 5884 τῷ
3862 5818 4031 5867 ἐκκα-
