4194 6468
155 388 252 456 701
1075 386 1469 449 COMMEN'L
1504 386 1585 446 ΙΝ
1623 386 1866 447 EPIS’I‘.
1904 388 1926 446 ί
1967 388 2069 449 AD
2107 388 2468 453 CORINTH.
3316 396 3422 462 702

160 508 362 578 θαίρειν
410 505 635 568 ἑαυτοὺς
670 503 780 558 ἀπὸ
813 504 913 574 τῆς
958 500 1141 572 ζύμης
1182 504 1281 573 τῆς
1313 501 1601 573 πονηρίας,
1651 502 1733 557 ἵνα

1845 502 2198 573 primogeniti
2230 504 2549 560 immolatus
2586 512 2690 559 est.
2721 502 2950 575 Oportet
2976 518 3111 576 ergo
3141 510 3198 561 et
3231 520 3333 560 nos
3362 507 3423 561 tl-

156 601 369 661 τελείως
398 598 717 666 επιτελεσθῇ
747 597 809 649 τὸ
835 596 1022 667 νοητὸν
1043 598 1265 666 Πάσχα.
1309 613 1327 646 ι
1363 595 1536 665 ’Υπὲρ
1572 595 1731 666 ἡμῶν

1840 594 2070 664 ﬁguram
2107 597 2385 667 complere
2427 614 2629 668 panum
2663 596 2938 653 fermento
2967 598 3298 656 carentium.
3327 612 3426 651 ex-

155 691 311 759 ἔτύθη
348 692 603 761 Χριστός.
632 709 650 740 ι
684 690 851 742 Πάλιν
880 688 1213 758 εὐεργεσιῶν
1246 688 1542 758 μέμνηται.
1568 689 1730 741 Ὥστε

1840 687 2124 755 purgando
2156 704 2255 742 nos
2284 690 2432 758 ipsos
2471 705 2502 743 a
2556 690 2829 744 fermento
2858 690 3164 757 pravitatis.
3200 696 3263 741 ut
3298 703 3427 757 per-

157 782 522 850 ιορτάζωμεν.
570 779 880 848 Ἐορτάζειν
906 779 1015 849 γὰρ
1046 779 1153 849 χρὴ
1194 780 1286 830 ἐπὶ
1324 781 1443 841 ταῖς
1471 780 1733 848 μεγάλαις

155 874 396 941 δωρεαῖς.
434 892 451 923 ε
477 872 568 942 Μὴ
601 876 659 924 ἐν
691 872 841 943 ζύμῃ
870 872 1099 939 παλαιᾷ.
1134 890 1150 922 ι
1191 873 1269 941 Τῇ
1297 875 1473 941 τροπῇ
1516 871 1733 939 ἐνέμει-

156 986 259 1030 νεν,
303 968 512 1020 ὡσανεὶ
557 967 765 1029 λέγων·
815 966 906 1035 Μὴ
936 967 994 1017 ὲν
1025 964 1244 1035 πονηρῷ
1271 965 1364 1017 καὶ
1412 964 1569 1033 κακῷ
1609 964 1730 1033 βίῳ,

155 1060 263 1111 ἀλλ’
296 1062 354 1112 ὲν
383 1061 485 1129 βίῳ
516 1061 590 1129 μὴ
616 1058 791 1128 ἔχοντι
813 1057 1098 1125 ἐπιμιξίαν
1128 1059 1227 1127 τῆς
1252 1058 1489 1121 παλαιᾶς
1516 1058 1733 1125 ἐκείνης

158 1151 331 1219 ζύμης
368 1152 469 1219 τῆς
510 1151 740 1215 ὀξώδους
782 1149 875 1202 καὶ
908 1148 1248 1218 σεσητιυίας,
1289 1148 1567 1201 τουτέστιν
1592 1188 1607 1211 ,
1671 1147 1730 1198 ὲν

156 1242 375 1311 καθαρῷ
414 1242 505 1294 καὶ
527 1242 805 1312 άκιὸδήλῳ
830 1241 949 1310 βίῳ.
980 1240 1150 1293 Τοῦτο
1181 1240 1289 1309 γάρ
1322 1241 1491 1303 ἐστιν,
1533 1259 1551 1289 ι
1577 1236 1733 1301 ’Δξύ-

156 1348 272 1398 μοις
310 1331 660 1398 είλικρινείας
686 1332 779 1383 καὶ
809 1330 1090 1398 ἀληθείας.
1122 1347 1141 1380 ι

1836 779 1977 833 recte
2031 780 2345 835 celebretur
2406 781 2462 837 in
2534 783 2695 837 nobis
2764 782 3134 836 intellectuale
3193 776 3420 836 Pascha.

1843 889 1860 922 ι
1901 872 2006 925 Pro
2047 871 2208 924 nobis
2250 871 2559 927 immolatus
2591 884 2675 929 est
2702 874 2979 928 Christus.
3018 891 3035 924 ι
3076 873 3284 925 Rursus
3315 873 3423 926 be-

1838 964 2160 1019 neﬁciorum
2183 968 2457 1021 meminit.
2493 987 2509 1018 ε
2554 968 2739 1037 Itaque
2766 969 2967 1024 festum
2993 968 3354 1021 celebremus.
3400 983 3418 1014 ι

1838 1052 1971 1107 Nam
2001 1059 2071 1110 ob
2095 1074 2287 1129 magna
2318 1060 2463 1115 dona
2494 1061 2774 1114 celebrare
2795 1060 2931 1114 festa
2973 1066 3216 1129 oportet.
3261 1056 3426 1127 460

1843 1162 1862 1196 ι
1901 1147 2017 1201 Non
2052 1150 2107 1203 in
2134 1152 2407 1208 fermento
2442 1155 2640 1209 veteri.
2683 1154 2768 1208 »1η
2794 1152 3113 1220 metaphora
3160 1163 3421 1220 perseve-

1838 1249 1944 1301 rat,
1972 1255 2035 1293 ac
2071 1242 2117 1295 si
2152 1242 2398 1299 diceret:
2449 1246 2566 1299 Non
2621 1247 2677 1299 in
2702 1246 2898 1298 vitiosa
2953 1256 3229 1312 pravaque
3290 1239 3424 1298 vita.

1836 1330 1933 1385 sed
1961 1333 2017 1386 in
2045 1333 2157 1388 vita
2198 1350 2319 1401 qua:
2348 1336 2787 1391 commistionem
2811 1350 2922 1388 non
2973 1332 3171 1387 habeat
3218 1328 3425 1385 veteris

154 1423 296 1476 illius
352 1423 612 1479 fermenti
669 1423 811 1478 acidi
844 1424 1135 1492 gravisque
1168 1420 1377 1484 odoris,
1422 1420 1528 1474 hoc
1550 1427 1635 1474 est
1683 1419 1737 1472 in
1790 1436 1925 1489 pura
1972 1424 2405 1497 incorruplaque
2445 1428 2557 1481 vita
2584 1443 2598 1480 :
2623 1441 2749 1480 nam
2776 1426 2882 1480 hoc
2902 1433 2986 1479 est
3010 1423 3156 1492 quod
3179 1422 3273 1479 ait.
3306 1439 3325 1470 ε
3364 1420 3424 1473 lu

156 1516 355 1586 azymis
422 1518 759 1571 sinceritatis
799 1525 855 1570 et
882 1515 1135 1569 veritatis
1172 1533 1189 1562 ι
1232 1515 1249 1583 (
1283 1514 1337 1568 id
1366 1523 1472 1577 est,
1502 1515 1558 1565 in
1584 1512 1818 1581 panibus
1842 1513 2113 1571 fermento
2140 1520 2455 1574 carentibus
2485 1520 2579 1589 qui
2608 1526 2738 1573 sunt
2757 1518 3046 1573 sinceritas
3076 1529 3141 1568 ac
3173 1512 3423 1575 veritas).

224 1612 501 1679 Ἔγραψα
529 1610 674 1679 ὑμῖν
715 1611 784 1663 ἐν
813 1609 889 1677 τῇ
929 1609 1251 1675 ἐπιστολῇ,
1285 1608 1371 1677 μὴ
1401 1608 1733 1674 συναναμί-

159 1703 413 1766 γνυσθαι
460 1702 729 1768 πόρνοις,
768 1699 865 1753 καί
898 1702 969 1753 οὺ
1023 1697 1261 1763 πάντως
1311 1698 1433 1763 τοῖς
1488 1698 1734 1764 πόρνοις

158 1792 257 1844 τοῦ
305 1793 543 1859 κόσμου
588 1793 826 1853 τούτου,
868 1791 907 1859 ἣ
939 1791 1064 1856 τοῖς
1098 1793 1510 1854 πλεονέκταις,
1544 1789 1580 1857 ἢ
1625 1788 1731 1856 rip-

158 1884 356 1949 ειαξιν,
389 1884 431 1951 ἡ
462 1884 945 1951 εἰδωλολάτραις.
997 1884 1161 1936 Ἐπεὶ
1212 1885 1481 1950 ὀφείλετε
1522 1882 1634 1947 ἄρα
1666 1882 1735 1933 ἐκ

160 1976 257 2028 τοῦ
302 1977 538 2044 κόσμου
578 1976 869 2039 ἐξελθεῖν.
901 1976 1052 2028 Νυνὶ
1098 1974 1165 2027 δὲ
1209 1976 1441 2042 ἔγραψα
1478 1972 1618 2040 ὑμῖν
1647 1971 1732 2041 μὴ

159 2070 745 2137 συναναμίγνυσθαι.

224 2159 427 2232 [ΦΩΤ.]
476 2160 585 2213 Ποῦ
611 2160 888 2231 ἐγραψεν;
929 2158 1018 2211 Ἐν
1057 2153 1137 2221 οἷς
1181 2159 1361 2224 λέγει·
1404 2175 1421 2207 ι
1458 2157 1569 2209 Καὶ
1611 2157 1733 2227 οὐχὶ

164 2256 352 2322 μᾶλλον
375 2257 738 2324 ἐπενθήσατε,
764 2256 1069 2325 ἴναὲξαρθῇ
1099 2256 1163 2307 ὲκ
1196 2254 1362 2322 μέσου
1392 2254 1418 2305 ὑ
1429 2252 1545 2320 μῶν
1574 2254 1601 2304 ό
1622 2269 1733 2304 τοι-

163 2349 329 2411 οῦτος,
367 2367 388 2401 ι
420 2348 540 2418 οὐχὶ
562 2351 589 2401 ὁ
614 2348 783 2412 δεῖνα,
808 2348 839 2417 ἢ
862 2351 890 2400 ό
911 2349 1058 2400 δεῖνα
1105 2346 1221 2399 ἀλλ’
1252 2348 1401 2407 ὅστις
1422 2346 1485 2397 ἂν
1561 2343 1736 2395 τοιοῦ-

161 2459 263 2505 τος.
291 2444 403 2496 Kal.
432 2442 616 2494 πάλιν·
642 2460 660 2493 ι
696 2441 1073 2511 Ἐκκαθάρατε
1105 2440 1204 2508 τὴν
1231 2439 1469 2492 παλαιὰν
1493 2437 1727 2506 ζύμην,›

164 2534 278 2604 οὺχ).
303 2534 469 2603 τήνδε
498 2534 532 2603 ἢ
574 2535 754 2604 τήνδε,
787 2532 903 2585 ἀλλ’
954 2532 1083 2600 ὅλην
1127 2530 1225 2600 τὴν
1253 2530 1491 2583 παλαιὰν
1530 2528 1729 2599 ζύμην.

159 2621 345 2674 Δαδὼν
396 2622 509 2693 γάρ
546 2623 805 2691 ἀφορμὴν
833 2622 942 2675 άπὸ
990 2620 1086 2674 τοῦ
1144 2621 1263 2681 ἑνὸς
1304 2620 1388 2673 ευῦ
1426 2636 1731 2690 πεπορνευ-

161 2714 330 2777 κότος,
364 2713 464 2766 ἐπὶ
490 2716 551 2767 τὸ
579 2717 758 2766 κοινὸν
784 2712 1073 2766 ἁνεὸίόασε
1104 2713 1196 2767 τὸν
1223 2714 1399 2781 λόγον,
1430 2715 1728 2778 τουτέστιν,

162 2804 250 2855 επὶ
278 2805 459 2859 πάντα
480 2805 698 2871 πόρνον.
718 2805 988 2856 Κάκεῖθεν
1022 2804 1183 2855 πάλιν
1206 2806 1512 2873 κοινότερον
1536 2802 1617 2857 ἔτι
1639 2800 1732 2856 τὸν

160 2895 306 2963 λόγον
333 2895 681 2964 ἀποφαίνων,
719 2897 943 2961 ἐπάγων
973 2895 1034 2948 τὺ
1066 2896 1197 2948 αὐτὸ
1233 2896 1604 2965 παράγγελμα
1637 2895 1733 2948 καὶ

162 2984 245 3037 hi
269 2984 376 3039 τῶν
405 2986 478 3037 τὰ
500 2988 661 3055 ὃμοια
686 2986 1171 3054 πλημμελούντων,
1200 2980 1311 3039 οἷον
1342 2985 1731 3039 πλεονεκτούν-

163 3096 282 3141 των,
312 3078 871 3146 εἰδωλολατρούντων,
905 3078 999 3129 καὶ
1022 3078 1073 3129 εῐ
1098 3095 1149 3129 τι
1174 3080 1378 3147 ὅμοιον.
1406 3098 1422 3129 ι
1449 3080 1573 3141 Τοῖς
1600 3078 1732 3148 πόρο

163 3187 265 3233 νοις
287 3170 381 3223 τοῦ
411 3170 621 3238 κόσμου
646 3170 859 3223 τούτου.
884 3188 900 3220 ι
931 3169 1047 3222 ’Ίνα
1073 3171 1146 3238 μὴ
1175 3172 1470 3239 νομίσωσιν
1497 3168 1732 3238 ὀφείλειν

165 3262 382 3323 καὶτοῖς
408 3260 523 3311 τῶν
556 3259 827 3328 Ἑλλήνων
852 3261 1072 3326 πόρνοις
1107 3262 1180 3329 μὴ
1207 3261 1729 3330 συναναμίγνυσθαι,

1912 1610 1956 1663 V
2011 1613 2166 1666 9-H.
2204 1612 2401 1683 Scripsi
2424 1614 2565 1667 vobis
2600 1614 2657 1665 in
2695 1612 2919 1682 epistola
2989 1626 3054 1662 ne
3082 1608 3422 1661 commiscea'

1841 1704 1972 1756 miui
2008 1720 2124 1757 cum
2146 1706 2522 1758 scortatoribus
2547 1712 2597 1757 et
2621 1720 2725 1757 non
2762 1703 2973 1756 omnino
2998 1717 3115 1753 cum
3171 1704 3428 1750 scortato-

1838 1795 1981 1848 ribus
1999 1797 2181 1850 mundi
2203 1798 2381 1866 hujus,
2398 1803 2488 1849 aut
2510 1798 2707 1858 avaris,
2730 1804 2822 1848 aut
2841 1794 3239 1865 rapacibus.aut
3262 1788 3430 1841 idolo-

1840 1889 2011 1944 latris.
2048 1892 2258 1959 Alioqui
2291 1892 2544 1945 deberetis
2571 1906 2700 1943 sane
2729 1890 2792 1941 de
2836 1889 3031 1941 mundo
3078 1887 3239 1940 exire.
3272 1883 3425 1938 Nunc

1840 1987 2017 2031 autem
2046 1980 2231 2049 scripsi
2255 1981 2394 2033 vobis
2431 1996 2495 2033 ne
2520 1978 2985 2033 commisceamini.

1905 2154 2010 2209 Ubi
2047 2155 2309 2226 scripsit?
2338 2156 2569 2223 Quando
2598 2156 2738 2209 dixit
2770 2172 2784 2208 :
2825 2174 2843 2205 ι
2877 2154 2955 2208 Ac
2991 2169 3102 2208 non
3130 2153 3304 2223 magis
3332 2153 3421 2206 lu-

1834 2246 1992 2302 xistis
2025 2257 2085 2301 ut
2113 2250 2401 2303 tolleretur
2433 2250 2501 2303 de
2534 2250 2717 2303 medio
2744 2256 2990 2303 vestrum
3014 2246 3362 2316 huiusmodi;
3394 2263 3416 2296 ι

1832 2353 1943 2393 non
1988 2340 2080 2396 hic
2127 2350 2221 2396 aut
2257 2342 2367 2404 ille,
2424 2342 2516 2396 sed
2553 2342 2890 2411 quicumque
2921 2340 3088 2395 fuerit
3127 2339 3422 2411 ejusmodi.

1833 2431 2221 2503 Rursumque:
2264 2452 2282 2485 ι
2325 2434 2633 2504 Expurgale
2669 2442 2828 2488 vetus
2863 2433 3218 2496 fermentum,
3259 2452 3276 2484 ι
3313 2448 3424 2486 non

1834 2529 1939 2583 hoc
1968 2537 2062 2583 aut
2092 2528 2249 2592 illud,
2271 2529 2365 2583 sed
2397 2538 2572 2582 totum
2611 2539 2771 2583 vetus
2803 2527 3158 2582 fermentum.
3196 2526 3425 2595 Sumpta

1832 2623 1980 2676 enim
2022 2621 2310 2676 occasione
2356 2621 2425 2675 ub
2471 2636 2582 2675 uno
2641 2622 2736 2690 qui
2775 2630 3049 2676 scortatus
3101 2620 3301 2683 fuerat,
3353 2617 3423 2673 ad

1834 2728 2182 2768 communem
2214 2713 2555 2768 transcendit
2579 2727 2912 2776 sermonem,
2943 2712 3050 2766 hoc
3075 2722 3159 2767 est
3191 2712 3259 2764 ad
3302 2726 3424 2764 nm-

1832 2817 1960 2857 nem
1985 2810 2368 2860 scortatorem.
2404 2803 2469 2858 Et
2498 2805 2626 2859 inde
2653 2804 3087 2858 communiorem
3114 2803 3299 2858 adhuc
3329 2820 3424 2858 os—

1835 2897 2067 2949 tendens
2098 2910 2433 2961 sermonem,
2460 2911 2651 2951 rursus
2701 2895 2845 2950 idem
2894 2895 3177 2965 subjungit
3222 2910 3426 2963 praece-

1836 2997 1986 3055 ptum
2012 2987 2081 3041 de
2113 2987 2199 3041 his
2224 3002 2443 3057 quoque
2470 2987 2564 3056 qui
2605 2988 2658 3041 in
2706 2987 2981 3042 similibus
3010 2987 3419 3055 delinquerert,

1840 3088 2028 3148 utpote
2055 3079 2257 3141 avaris,
2293 3079 2615 3140 idololatris,
2638 3092 2735 3132 aut
2756 3079 2901 3133 aliud
2929 3080 3209 3149 quippiam
3240 3078 3421 3132 simile

1838 3170 2313 3241 perpetrautibus.
2344 3189 2362 3221 ι
2396 3170 2804 3225 Scortatoribus
2827 3172 3017 3226 mundi
3060 3173 3241 3239 hujus.
3282 3190 3297 3219 ι
3341 3170 3420 3224 Ne

1835 3264 2215 3319 existimarent
2236 3273 2564 3332 Oporterese
2586 3280 2694 3319 non
2727 3265 3075 3319 commisceri
3106 3273 3423 3318 scortator:-

163 3350 291 3419 ὅπερ
349 3346 422 3419 ἦν
473 3350 735 3403 ἀδύνατον
782 3352 893 3414 τοῖς
949 3351 1106 3404 πόλιν
1136 3350 1364 3413 οίκοῦσι,
1423 3352 1730 3422 διορθοῦται

1836 3356 1940 3411 bus
1957 3356 2183 3419 Graecis,
2219 3358 2364 3427 quod
2390 3357 2727 3426 impossmile
2754 3367 2905 3411 esset
2932 3357 2999 3411 iis
3020 3356 3114 3425 qui
3144 3359 3418 3411 civitatem

163 3442 304 3493 αὑτό.
337 3441 411 3494 Τὸ
433 3440 513 3503 δὲ,
555 3442 856 3508 (πάντωςρ
894 3441 1149 3502 ἐνταῦθα,
1179 3443 1271 3494 ἐπὶ
1292 3440 1725 3510 ὁμολογουμένου

165 3537 347 3587 κεῖται.
390 3554 409 3586 ε
454 3534 609 3587 Ἐπεὶ
646 3534 885 3600 ὀφείλετε
928 3536 1058 3603 ἄρα.
1102 3552 1120 3585 ι
1158 3534 1314 3587 Μετὰ
1352 3534 1445 3585 τοῦ
1475 3533 1725 3597 δυνατοῦ,

164 3627 248 3678 καὶ
277 3628 337 3678 τὸ
366 3625 592 3678 εὔκολον
627 3627 773 3695 ἔχειν
804 3626 1095 3689 σπουδάζει
1132 3627 1233 3694 τὴν
1259 3625 1602 3695 νομοθεσίαν.
1636 3625 1727 3695 Μὴ

166 3718 369 3785 κρίνετε
394 3719 525 3780 τοὺς
554 3720 787 3787 πόρνους
814 3717 907 3769 τοῦ
940 3718 1146 3786 κόσμου
1172 3717 1381 3777 τούτου,
1414 3718 1579 3785 ἤγουν
1601 3716 1723 3777 τοὺς

165 3806 569 3877 εἰδωλολάτρας,
606 3808 729 3859 ἐπεὶ
767 3806 863 3861 καὶ
891 3807 1048 3878 χρέος
1080 3806 1252 3874 εἴχετε
1282 3803 1341 3870 ἐξ
1372 3806 1551 3858 αὐτῶν
1580 3805 1728 3871 ἐξελ-

166 3896 285 3966 θεῖν,
314 3898 453 3953 ἀλλὰ
486 3898 704 3969 κρίνετε
737 3900 831 3952 καὶ
862 3897 1192 3967 ἀνακρίνατε
1223 3900 1410 3950 πιστὸν
1438 3899 1655 3967 πόρνον.

236 4180 374 4234 Ἐάν
407 4196 499 4244 τις
548 4176 814 4244 ἀδελφὸς
851 4175 1282 4245 ὀνομαζόμενος
1321 4173 1363 4247 ᾖ
1406 4178 1649 4245 κάθης’
1686 4178 1724 4247 ἧ

167 4270 540 4334 πλεονέκτης,
574 4268 612 4336 ἢ
646 4266 1103 4334 είδωλολάτρης,
1147 4266 1186 4333 ἢ
1229 4267 1520 4334 λοίδορος,
1556 4268 1594 4334 ἢ
1624 4266 1729 4337 μέ-

1835 3450 2250 3507 inhabitarent:
2284 3451 2511 3519 corrigit
2560 3450 2715 3503 illud.
2770 3447 2925 3514 Quod
2959 3459 3140 3500 autem
3187 3449 3274 3500 hic
3325 3450 3417 3509 ait.

1842 3559 1861 3592 ι
1906 3543 2152 3606 omnino,
2179 3560 2197 3592 ι
2234 3541 2508 3610 signiﬁcat
2536 3540 2761 3609 quodin
2788 3538 3041 3593 confesso
3074 3547 3174 3589 est.
3215 3558 3232 3585 ε
3280 3539 3373 3589 Ailt

1836 3630 1926 3698 qui
1964 3630 2238 3684 deberetis
2259 3644 2410 3683 sane.
2454 3648 2471 3679 ι
2510 3627 2705 3683 Studet
2753 3626 3039 3680 estendere
3070 3627 3254 3679 datum
3288 3643 3421 3692 puc-

1836 3728 2055 3791 ceptum
2102 3728 2218 3774 tum
2260 3720 2521 3789 possibile
2569 3734 2711 3781 esse,
2765 3728 2879 3772 tum
2914 3719 3081 3772 etiam
3126 3717 3308 3770 facile.
3340 3716 3418 3769 iis.

1829 3811 2109 3883 iudicetis,
2134 3811 2335 3881 inquit,
2379 3818 2715 3865 scortatores
2753 3810 2917 3880 hujus
2956 3809 3169 3871 mundi,
3222 3823 3417 3876 nemp

1837 3904 2198 3958 idololatras:
2230 3904 2434 3972 alioqui
2454 3918 2681 3958 necesse
2699 3902 2856 3956 vobis
2877 3912 3017 3957 esset
3044 3904 3112 3956 ab
3144 3902 3249 3954 illi;
3283 3917 3404 3968 quo

1836 4012 1943 4067 que
1973 3999 2169 4051 exire:
2228 3997 2323 4052 sed
2351 3996 2599 4066 iudicate
2653 4012 2717 4050 ac
2755 3996 3051 4067 dijudicate
3103 3998 3415 4049 credentem

1835 4089 1929 4160 qui
1957 4098 2230 4143 scortator
2256 4098 2363 4143 est.

1908 4182 1971 4245 ν,
2011 4182 2195 4235 11-15.
2244 4180 2303 4236 Si
2353 4182 2468 4248 quis
2498 4180 2664 4249 frater
2714 4181 2883 4233 dictus
2934 4180 3087 4248 fuerit
3137 4188 3398 4233 scortator

1836 4281 1929 4327 aut
1951 4288 2145 4326 avarus
2163 4281 2257 4325 aut
2285 4272 2595 4333 idotolatra,
2634 4280 2726 4325 aut
2753 4272 3089 4327 conviciator.
3124 4279 3215 4322 aut
3247 4270 3406 4321 ebrio-

166 4365 358 4425 θυσος,
389 4360 428 4427 ἦ
456 4359 681 4428 ἅρπαξ,
705 4356 786 4422 τῷ
806 4360 1053 4424 τοιούτῳ
1081 4357 1237 4425 μηδὲ
1260 4360 1629 4412 συνεσθίειν.
1667 4360 1727 4412 Τί

1836 4381 1941 4419 sus.
1976 4372 2250 4433 ομιτ-ορατ
2272 4381 2291 4418 :
2318 4381 2436 4417 cum
2454 4364 2710 4433 ejusmodi
2734 4379 2797 4415 ne
2812 4363 2980 4417 cibum
2997 4364 3207 4427 quidem
3230 4362 3417 4428 cupia-

167 4454 267 4521 γάρ
313 4470 412 4521 μοι
464 4452 566 4506 καὶ
599 4450 743 4515 τοὺς
783 4450 901 4513 ἔξω
941 4452 1205 4517 κρίνειν;
1250 4451 1384 4517 οὐχὶ
1425 4450 1567 4511 τοὺς
1605 4451 1729 4505 ἔσω

1837 4458 1923 4509 tis.
1952 4455 2092 4520 Quid
2119 4457 2260 4509 enim
2285 4455 2355 4507 ad
2388 4470 2468 4507 me
2495 4455 2683 4507 attinet
2716 4455 2874 4506 etiam
2908 4469 2994 4506 eos
3016 4453 3106 4522 qui
3145 4452 3269 4519 foris
3299 4458 3419 4503 sunt

166 4542 320 4608 ὑμεῖς
368 4542 607 4609 κρίνετε
630 4557 643 4568 ·
678 4537 823 4605 Τοὺς
855 4538 921 4590 δὲ
965 4540 1082 4602 ἔξω
1126 4541 1159 4591 ὀ
1212 4538 1355 4602 Θεὸς
1383 4538 1592 4605 κρίνει,
1628 4537 1729 4591 καὶ

1836 4548 2117 4618 judicare?
2161 4562 2335 4600 nonne
2384 4562 2469 4599 eos
2515 4547 2604 4614 qui
2650 4546 2791 4597 intus
2840 4554 2961 4596 sunt
3012 4559 3098 4601 ur;
3124 4542 3422 4613 judicatis?

167 4632 411 4700 ἐξαρεῖτε
438 4633 546 4686 τὸν
584 4628 943 4699 κονηρὸνζέξ
968 4628 1136 4698 ὑμῶν
1161 4628 1379 4682 αὐτῶν.

232 4815 424 4887 [ΦΩΤ.]
453 4814 549 4877 Τὸ,
585 4809 1083 4879 Ὀνομαζόμενος,
1124 4810 1267 4873 τινὲς
1307 4810 1437 4879 μὲν,
1485 4812 1549 4880 τῇ
1592 4828 1726 4883 προ-

170 4912 431 4978 ηγουμένη
461 4908 609 4972 λέξει
637 4904 991 4964 συνάπτουσι,
1011 4902 1107 4957 καὶ
1136 4902 1427 4971 δηλοῦσθαι
1452 4903 1730 4973 βούλονται

172 5002 226 5050 δι’
260 5000 442 5059 αὑτοῦ,
476 5000 563 5051 ὃτι
601 4997 831 5064 ἁδελφὸς
880 4996 978 5063 μὲν
1016 4993 1415 5065 ὀνομαζόμενος
1435 4998 1531 5048 καὶ
1570 4998 1729 5066 μέχρι

175 5090 396 5152 κλήσεως
452 5089 597 5154 ἔχων
626 5086 724 5155 τὴν
776 5084 1083 5149 κοινωνίαν,
1122 5084 1198 5152 τῷ
1246 5084 1359 5137 ὄντι
1392 5085 1449 5137 δὲ
1494 5086 1580 5139 διὰ
1623 5085 1730 5139 τῶν

176 5178 329 5242 ἔργων
359 5177 557 5246 ἐχθρός
589 5177 849 5245 ὑπάρχων
877 5176 971 5227 καὶ
994 5175 1357 5243 διιστάμενος.
1403 5175 1556 5245 Ἐμοὶ
1585 5177 1641 5228 δὲ
1670 5172 1729 5230 εὖ

176 5266 301 5330 ἔχειν
331 5272 497 5325 δοκεῖ.
535 5268 631 5319 καὶ
662 5269 714 5319 εί
746 5283 827 5328 τις
860 5266 991 5319 αὐτὸ
1024 5269 1135 5328 τοῖς
1165 5268 1452 5337 ἑπομένοις
1486 5270 1731 5339 συνάψας

179 5357 390 5423 ἑγὶυῦοι,
426 5362 529 5412 οὐκ
562 5357 643 5411 ἔτι
672 5357 789 5421 τοῦ,
822 5356 1274 5426 ὀνομαζόμενος,
1312 5359 1410 5429 τὴν
1437 5360 1605 5431 αὐτὴν
1635 5378 1733 5432 ση-

182 5454 438 5516 μαίνοντος
470 5452 707 5512 ἔννοιαν,
751 5450 887 5503 ἀλλὰ
917 5451 1249 5513 τούναντίον,
1286 5451 1377 5504 τὸν
1412 5450 1503 5502 ἐπὶ
1538 5453 1737 5523 προδήο

179 5542 271 5603 ὶοις
296 5547 398 5595 τοῖς
433 5544 622 5609 εργοις
655 5543 778 5611 ήδη,
810 5544 906 5594 καὶ
945 5542 1094 5611 παρὰ
1123 5543 1257 5595 πᾶσι
1286 5541 1430 5595 κατὰ
1465 5542 1535 5594 τὰ
1562 5546 1736 5596 οἰκεῖα

179 5634 295 5701 ἔργα
351 5636 776 5704 ὀνομαζόμενον.
813 5636 921 5687 Kal.
978 5634 1149 5705 γὰρὴ
1205 5637 1305 5705 τῆς
1353 5634 1550 5698 λέξεως
1595 5635 1733 5702 αὕτη

183 5728 440 5793 σημαία,
504 5727 699 5793 ὥσπερ
754 5725 848 5779 καὶ
911 5727 1066 5779 ἄλλαι
1104 5726 1296 5779 πολλαὶ
1352 5725 1561 5792 λέξεις,
1606 5726 1728 5797 διχῆ

183 5818 417 5885 σχίζεται.
464 5820 670 5875 Ἐνξοτε
724 5821 843 5888 μὲν,
886 5820 960 5883 ὡς
1003 5819 1231 5890 ἔφημεν,
1297 5818 1386 5873 τὸν
1437 5820 1581 5890 μόνῳ
1618 5837 1726 5874 κοι-

1836 4637 1942 4691 Eos
1964 4652 2084 4691 vero
2109 4636 2199 4705 qui
2235 4636 2361 4703 foris
2389 4639 2509 4686 sunt
2558 4632 2694 4685 Deus
2714 4632 2943 4701 judicat.
2990 4630 3175 4685 Etiam
3211 4630 3423 4699 auferte

1756 4716 1801 4772 Ῑ)
1830 4744 1949 4781 eum
1970 4727 2061 4796 qui
2087 4725 2260 4779 matus
2294 4734 2371 4778 est
2403 4740 2467 4777 ea:
2493 4724 2632 4778 vobis
2674 4724 2824 4793 ipsis.

1906 4814 2065 4885 ἀει
2130 4812 2333 4867 Vocem
2392 4830 2412 4863 ι
2467 4812 2691 4875 Dictus,
2745 4830 2764 4863 ι
2816 4811 3039 4881 quidam
3087 4807 3421 4880 praecedenti

1836 4908 2180 4976 coniungunt
2207 4905 2458 4969 dictioni,
2502 4916 2559 4959 et
2591 4920 2691 4974 per
2726 4920 2847 4959 eam
2889 4904 3185 4975 signiﬁcari
3229 4902 3423 4957 volunt

1837 4996 1982 5064 quod
2005 4995 2176 5049 frater
2194 4994 2415 5064 quidem
2445 4994 2627 5047 dictus
2648 4994 2740 5057 sit,
2765 5002 2822 5047 et
2841 4994 3015 5048 solius
3035 4991 3423 5063 appellationis

1837 5088 2049 5143 habens
2071 5087 2432 5150 consortium,
2457 5099 2648 5139 revera
2671 5097 2853 5139 autem
2886 5086 3141 5139 inimicus
3167 5099 3230 5138 ac
3253 5085 3421 5138 dissi-

1838 5179 1974 5233 dens
2011 5195 2024 5232 :
2061 5176 2195 5231 mihi
2240 5192 2370 5231 vero
2419 5190 2531 5229 non
2578 5177 2717 5230 male
2754 5175 3025 5245 quadrare
3077 5176 3318 5237 videtur,
3370 5175 3418 5229 si

1838 5272 1963 5339 quis
1992 5273 2158 5326 etiam
2184 5268 2318 5323 illud
2364 5268 2726 5339 sequentibus
2750 5269 3000 5338 junctum
3034 5266 3330 5334 acceperit,
3358 5272 3421 5320 ut

1837 5361 2006 5417 dictio
2028 5360 2444 5429 ὀνομαζόμενος,
2460 5360 2643 5414 dictus
2669 5360 2785 5414 sive
2815 5359 3151 5421 nominatus,
3172 5359 3282 5428 jam
3306 5373 3419 5412 non

1836 5454 2009 5523 ipsam
2044 5453 2297 5523 designet
2334 5452 2795 5515 benevolentiam,
2844 5451 2939 5507 sed
2978 5451 3163 5521 potius
3194 5458 3417 5504 contra-

1838 5544 1981 5597 rium
2010 5558 2207 5612 nempe
2246 5556 2375 5597 eum
2419 5540 2513 5607 qui
2560 5549 2787 5610 propter
2820 5539 3265 5595 manifestissima
3304 5538 3416 5607 jam

1834 5649 2041 5704 opera,
2087 5634 2252 5691 etiam
2303 5634 2445 5704 apud
2491 5648 2684 5688 omnes
2731 5648 2762 5687 a
2814 5633 3052 5704 propriis
3098 5631 3419 5685 nominatur

1832 5725 2117 5795 operibus.
2149 5724 2431 5794 Siquidem
2469 5722 2639 5777 dictio
2668 5723 2785 5778 haec
2834 5721 3234 5792 signiﬁcatione
3273 5719 3417 5774 bifa-

1836 5820 1970 5876 riam
2039 5819 2364 5884 dissecatur,
2426 5816 2883 5888 quemadmodum
2931 5826 2984 5874 et
3050 5819 3168 5874 alite
3226 5814 3413 5871 multa
