4194 6468
718 416 826 479 703
1775 405 2174 470 (ECUMENII
2204 404 2498 466 TRICC/E
2537 403 2883 467 EPISCOPI
3885 401 4000 463 7M

715 532 990 587 dictiones
1034 547 1046 583 :
1085 527 1415 600 quandoque
1445 527 1705 582 videlicet
1740 536 1801 582 ut
1837 543 1962 583 erm
2012 524 2305 597 signiﬁcet,
2335 519 2371 579 Α

2346 519 2386 578 Α
2414 523 2687 579 νωνοῦντα
2725 526 2802 595 τῷ
2852 526 3078 595 ὀνόματι
3126 523 3536 595 παραδηλοῦσα,
3568 524 3737 577 ἐνίοτε
3774 525 3849 586 δέ,
3905 526 4002 577 τὸν

714 634 881 694 prout
906 624 1163 687 diximus,
1198 623 1290 691 qui
1329 622 1446 675 solo
1472 620 1692 674 nomine
1727 621 2067 675 consortium
2094 618 2261 672 habet
2290 633 2301 667 :

2411 616 2488 677 είς
2518 617 2685 683 ἄκρον
2722 616 2942 669 ἐλθόντα
2982 616 3078 686 τῆς
3110 617 3384 686 πράξεως,
3432 616 3569 668 ὥστε
3623 618 3715 668 καί
3749 617 3846 686 τὴν
3879 634 4003 668 κοι-

717 715 993 769 interdum
1028 727 1163 766 vero
1211 727 1339 765 eum
1370 712 1462 780 qui
1508 710 1576 763 ad
1625 718 1933 764 extremum
1984 722 2308 778 progressus

2410 705 2507 774 νὴν
2530 705 2903 775 προσηγορίαν
2936 706 3015 769 είς
3042 707 3238 758 ἑαυτὸν
3270 706 3674 766 ἐπισπάσαντα,
3701 708 3764 759 ἐκ
3792 707 4005 775 ταύτης

715 815 801 860 est
830 805 1034 873 operis,
1085 813 1145 857 ut
1171 804 1296 857 inde
1328 790 1681 857 communem
1720 816 1941 870 quoque
1972 800 2303 869 appellatiov

2413 797 2685 867 μᾶλλονῆ
2743 798 2806 849 ἐκ
2836 795 2930 847 τοῦ
2990 797 3218 866 Κυρίου,
3278 795 3744 864 ἐπιγινώσκεσθαί
3796 813 3857 847 τε
3904 799 4004 848 καὶ

718 910 842 949 nem
875 896 939 949 ad
966 896 1206 964 seipsum
1235 894 1594 957 derivaverit,
1632 902 1689 947 ut
1719 894 1788 947 ab
1812 893 1914 947 hac
1945 892 2116 961 magis
2141 905 2305 959 quam

2410 887 2797 955 ὀνομάζεσθαι.
2832 888 2937 941 Τὸν
2968 885 3061 941 οὖν
3108 886 3352 940 τοιοῦτον
3412 888 3637 958 πόρνον.
3662 888 3777 941 καὶ.
3803 888 4000 939 πλεον·

718 1004 746 1042 a
797 990 1025 1058 proprio
1076 988 1296 1041 nomine
1340 996 1397 1041 et
1458 997 1824 1059 cognoscatur
1877 996 1932 1039 et
1974 985 2302 1053 appelletur.

2410 980 2576 1049 έκτην
2609 982 2701 1033 καὶ
2731 980 2970 1051 λοίδορον
3002 982 3095 1033 καὶ
3134 980 3389 1048 μέθυσον,
3423 982 3690 1043 τουτέστι,
3727 980 3820 1033 τόν
3868 980 4006 1049 πρό-

719 1077 1049 1148 llujusmodi
1080 1077 1268 1146 itaque
1305 1086 1667 1131 scortatorem
1697 1085 1752 1129 et
1778 1090 2001 1127 avarum
2030 1083 2085 1127 et
2111 1074 2305 1127 convi-

2408 1072 2567 1141 δηλον
2602 1074 2697 1126 καὶ
2733 1076 2969 1145 φανερὸν
3016 1074 3211 1136 οὕτως,
3247 1074 3387 1125 ὥστε
3426 1075 3578 1144 παρὰ
3610 1078 3743 1128 πᾶσι
3784 1077 3882 1127 καὶ
3915 1094 4006 1143 γι-

718 1172 978 1223 ciatorem
1011 1178 1067 1222 et
1097 1169 1403 1228 ebriosum.
1444 1169 1548 1238 hoc
1579 1177 1682 1231 est,
1724 1167 1817 1235 qui
1862 1166 2001 1219 adeo
2052 1166 2307 1235 publicus

2409 1165 2712 1219 νώσκεσθαι
2775 1167 2871 1218 καὶ
2931 1165 3321 1235 ὀνομάζεσθαι,
3384 1164 3573 1218 τοῦτον
3632 1168 4004 1237 ἐκτρέπεσθαι

720 1274 783 1311 ac
838 1258 1163 1311 manifestus
1202 1266 1305 1321 est,
1355 1266 1417 1309 ut
1468 1256 1598 1311 hinc
1648 1254 1815 1309 etiam
1867 1255 1936 1307 ab
1989 1254 2307 1308 [nominibus

2410 1258 2874 1328 παρακελεύεται,
2935 1260 3031 1311 καὶ
3071 1258 3205 1327 μηδὲ
3258 1258 3565 1311 συνεσθίειν
3618 1259 3802 1328 αὐτῷ,
3859 1261 4004 1329 μήτε

719 1359 1082 1419 cognoscatur
1132 1364 1194 1403 ac
1242 1348 1582 1413 nominetur,
1614 1348 1763 1400 hunc
1813 1347 2019 1400 evitare
2050 1346 2205 1414 jubet
2251 1352 2307 1398 et

2410 1349 2862 1416 κοινολογεῖσθαι,
2906 1350 3045 1419 μήτε
3082 1348 3643 1417 συναναστρέφεσθαι,
3672 1350 3794 1418 οὐχι
3824 1350 3881 1402 δὲ
3910 1351 4006 1402 τὸν

722 1458 847 1496 cum
880 1458 947 1496 eo
970 1457 1072 1496 nec
1096 1442 1280 1495 cibum
1310 1457 1527 1511 capere,
1557 1456 1655 1493 nec
1686 1439 1925 1506 colloqui
1962 1448 2055 1491 aut
2079 1452 2307 1491 conver-

2410 1440 2501 1493 ὑπ’
2552 1440 2711 1493 ἐνίων
2761 1440 3290 1511 ὑποψιθυριζόμενον
3343 1441 3374 1512 ἢ
3429 1440 3860 1510 λοιδορούμενον.
3917 1445 4008 1495 Διὸ

721 1531 878 1585 sari:
924 1548 1031 1585 non
1066 1541 1249 1585 autem
1294 1546 1418 1585 eum
1463 1530 1556 1599 qui
1599 1531 1961 1598 quorumdam
2012 1529 2307 1597 exponitur

2413 1532 2590 1599 σοφῶς
2640 1532 2778 1599 ἄγαν
2818 1532 2912 1585 καὶ
2972 1531 3318 1602 δραστηρίως
3372 1533 3485 1594 τοῖς
3542 1530 3724 1593 ἄλλοις
3775 1534 4007 1596 ἀτόποις

722 1641 955 1679 susurro
1002 1633 1094 1677 aut
1141 1622 1509 1677 detractioni:
1548 1623 1673 1676 ideo
1705 1623 1981 1690 sapienter
2010 1621 2305 1675 admodum

2410 1626 2670 1694 ἐργάταις
2702 1625 2908 1694 συνῆψε
2937 1624 3033 1678 καὶ
3061 1626 3153 1676 τὸν
3184 1624 3446 1692 λοίδορον,
3471 1626 3557 1677 ἵνα
3588 1624 3648 1676 τὸ
3679 1624 3811 1677 αὐτὸ
3842 1625 4006 1687 εἰδὼς

720 1734 785 1771 ac
835 1732 943 1769 non
976 1718 1093 1769 sine
1141 1731 1333 1785 magna
1378 1714 1615 1768 efﬁcacia
1663 1714 1805 1765 inter
1857 1712 1993 1765 alios
2041 1712 2307 1764 absurdos

2409 1719 2555 1786 ἐχειν
2589 1720 2884 1788 ἐπιτίμιον,
2919 1722 3056 1793 ὅπερ
3097 1724 3124 1774 6
3154 1720 3353 1791 πόρνος
3391 1725 3487 1776 καὶ
3518 1726 3545 1776 6
3581 1724 4002 1795 εἰδωλολάτρης,

722 1816 1041 1875 operatores
1085 1806 1333 1866 adiunxit
1396 1820 1614 1873 quoque
1675 1804 2101 1857 conviciator-cm
2162 1819 2175 1853 :
2245 1810 2374 1887 ut“

2349 1863 2374 1887 η
2408 1808 2529 1861 ὅσον
2555 1810 2631 1872 είς
2648 1810 2708 1863 τὸ
2729 1812 2834 1865 ὑπὸ
2861 1813 3076 1866 πάντων
3104 1816 3472 1885 άποτρὸπαιος
3495 1813 3654 1879 εἶναι,
3678 1818 3887 1887 χαλινοῖ
3906 1816 3974 1887 τὴ
3990 1837 4005 1865 ι

724 1900 904 1953 sciens
925 1899 1175 1953 eamdem
1228 1914 1443 1968 ptenam
1471 1914 1527 1951 se
1565 1898 1880 1951 habiturum
1934 1912 2100 1965 quam
2153 1912 2303 1951 scor-
2334 1863 2378 1918 Β

2613 1863 2628 1872 ’
2816 1863 2826 1865 ⁷
2950 1863 2956 1865 ⁷
2983 1863 3067 1866 ’⁷⁷⁷
3108 1863 3205 1867 "u'
3226 1863 3471 1885 'r"'*"'
3496 1863 3654 1879 ““’“”“⁹
3680 1863 3885 1887 Ι.“”’““⁷⁷’
3917 1863 3998 1887 ’Ἰν

2351 1864 2378 1918 Β
2414 1902 2666 1969 γλῶσσαν
2694 1905 2787 1957 καὶ
2815 1908 3041 1977 κατέχῃ,
3063 1910 3154 1961 καὶ
3178 1911 3252 1980 μὴ
3282 1910 3581 1982 ἐπαφίησιν
3617 1912 3807 1980 αὐτὴν,
3831 1929 4007 1964 κατα-

725 2000 866 2044 tator
895 2001 986 2045 aut
1025 1992 1332 2053 idololatra,
1372 1998 1637 2058 quantum
1687 1990 1752 2041 ad
1789 1990 1895 2042 lioc
1923 1988 2119 2041 attinet
2144 1997 2202 2041 ut
2234 1986 2302 2040 ab

2415 1993 2707 2047 ϐόσκεσθαι
2730 2000 2854 2059 τοὺς
2885 1998 2991 2050 τῶν
3010 2000 3237 2070 πλησίον
3260 2001 3429 2069 βίους.
3466 2002 3572 2055 Kal
3606 2002 3685 2066 τὸ,
3716 2003 4004 2055 είδωλολά-

722 2083 982 2136 omnibus
1031 2083 1336 2145 devitctur,
1374 2082 1614 2150 linguam
1666 2082 1843 2134 frenet
1893 2096 1955 2133 ac
2002 2080 2301 2144 contineat,

2414 2103 2549 2156 τρης
2574 2087 2650 2153 δέ,
2684 2088 2771 2142 διὰ
2802 2088 2963 2142 τοῦτό
2995 2092 3257 2159 μοιδοκεί
3295 2093 3529 2146 ἐνταῦθα
3565 2094 4001 2163 συναριθμῆσαι,

722 2191 824 2229 nec
869 2191 989 2228 eam
1051 2175 1227 2229 solvat
1277 2175 1343 2227 ad
1403 2173 2102 2242 rodendumprnximorum
2138 2172 2298 2226 vitas.

2416 2176 2683 2230 διδάσκων
2706 2178 2800 2231 καὶ
2828 2178 3283 2249 ἀσφαλιζόμενος,
3309 2181 3383 2244 ὼς
3422 2182 3468 2233 εί
3499 2184 3593 2234 καὶ
3622 2182 3762 2252 μέγα
3791 2184 3876 2250 εἴη
3909 2184 4005 2235 καὶ

721 2266 1067 2319 ldololatram
1123 2280 1252 2319 vero
1327 2275 1615 2334 propterea
1672 2265 1804 2316 mihi
1874 2278 2302 2317 connumerasse

2417 2266 2525 2318 τῶν
2560 2267 2948 2331 ἀτοπωτάτων,
2991 2270 3047 2321 ἐν
3072 2261 3116 2335 ᾧ
3155 2286 3303 2332 τινες
3336 2270 3620 2323 αἰτιῶνται
3662 2271 3754 2321 τὸν
3789 2270 4006 2339 ἄνθρω-

722 2358 941 2411 videtur
976 2358 1030 2409 in
1060 2356 1165 2411 hoc
1190 2358 1332 2421 loco,
1371 2366 1432 2410 ut
1465 2356 1688 2409 doceret
1722 2366 2012 2422 certosque
2031 2354 2303 2419 redderet,

2418 2375 2538 2421 πον,
2577 2353 2711 2429 μὴῇ
2761 2358 2817 2410 δὲ
2853 2358 2968 2425 φῶς
3008 2359 3249 2428 ἠγμένον
3292 2361 3353 2412 τὸ
3387 2360 3665 2430 τόλμημα,
3694 2361 3804 2413 οὐδ’
3856 2361 4006 2414 οὕτω

719 2449 868 2518 quod
899 2449 1027 2503 licet
1057 2456 1312 2518 magnum
1340 2459 1485 2502 esset
1507 2448 1684 2502 scelus
1715 2464 1995 2516 unumque
2020 2463 2085 2501 ex
2111 2449 2307 2502 absur-

2418 2450 2524 2519 χρὴ
2555 2450 2646 2501 τὸν
2700 2450 2942 2503 τοιοῦτον
2973 2450 3032 2515 ἐξ
3092 2451 3327 2520 ὑποψίας
3382 2453 3551 2521 μόνης
3608 2452 4001 2521 ἐκτρέπεσθαι.

720 2546 962 2599 dissimis
995 2546 1061 2599 de
1104 2562 1214 2614 quo
1250 2545 1500 2599 nonnulli
1532 2554 1786 2598 accusant
1827 2544 2127 2607 hominem,
2171 2544 2217 2599 si
2251 2546 2307 2598 in

2431 2542 2583 2594 Ἐπεὶ
2634 2542 2777 2595 οὕτω
2805 2559 2868 2608 γε
2918 2542 2983 2595 ἂν
3013 2542 3134 2604 ταῖς
3188 2544 3267 2605 είς
3306 2542 3571 2612 ἀλλήλους
3606 2543 3860 2611 ὑποψίαις
3912 2546 4007 2595 καὶ

723 2638 905 2691 lucem
942 2654 1049 2692 non
1101 2637 1327 2706 prodiit,
1379 2652 1481 2691 nec
1526 2638 1598 2691 ita
1644 2646 1899 2705 oportere
1944 2652 2009 2690 ex
2036 2638 2147 2691 sola
2192 2652 2314 2691 sus-

2418 2632 2695 2695 διαϐολαῖς
2754 2631 3187 2702 ἐξερεθιζόμενοι
3245 2633 3523 2701 ἄνθρωποι
3566 2634 3647 2695 si;
3704 2634 4002 2702 πολεμίων,

724 2732 942 2798 ρῖείοιιε
974 2731 1227 2783 devitari.
1267 2730 1548 2800 Siquidem
1611 2731 1715 2784 hoc
1750 2730 1912 2784 modo
1936 2730 2142 2783 mutuis
2170 2731 2314 2783 inter

2424 2722 2627 2793 μᾶλλον
2688 2722 2743 2775 δέ
2800 2725 2877 2785 εἰς
2916 2722 3121 2792 θηρίων
3182 2723 3317 2791 βίον,
3361 2724 3460 2791 τὴν
3513 2724 3787 2777 πολιτείαν
3821 2726 4007 2786 αὐτοῖς

723 2830 784 2868 se
837 2815 1246 2883 suspicionibus
1298 2831 1362 2869 ac
1424 2815 1716 2869 calumniis
1762 2814 1959 2869 irritati
2036 2814 2306 2880 homines,

2423 2816 2871 2884 μεταστήσονται.
2924 2815 3065 2867 ’Δλλ⁹
3117 2817 3328 2869 ἐκεῖνον
3377 2817 3459 2867 δεῖ
3514 2817 3707 2869 ἑαυτὸν
3762 2817 4007 2886 ἐξαίρειν

725 2908 1203 2961 conversationem
1238 2922 1393 2961 suam
1425 2916 1860 2961 transmutarent
1888 2906 1955 2961 ad
1985 2908 2149 2960 vitam
2182 2908 2309 2962 hos-

2422 2909 2516 2960 καὶ
2541 2907 2925 2977 ἀποχωρίζειν,
2954 2908 3014 2970 ὃς
3044 2908 3297 2977 ἐπίδηλος
3329 2910 3424 2961 καὶ
3450 2912 3562 2973 τοῖς
3597 2909 3779 2979 ἔργοις
3810 2911 3905 2961 καὶ
3936 2914 4004 2979 τῇ

730 3002 891 3065 tium,
922 3001 1031 3052 imo
1070 2999 1252 3068 potius
1278 2998 1540 3053 ferarum.
1573 2999 1677 3053 Sed
1716 3000 1865 3053 illum
1897 3009 2113 3068 oportet
2146 3015 2175 3052 a
2224 3016 2313 3053 se-

2423 3001 2576 3068 παρὰ
2622 3001 2837 3053 πάντων
2884 3000 3150 3071 ὀνομασίᾳ
3198 3000 3556 3070 καθέστηκεν.
3625 3022 3642 3053 ι
3679 3003 3749 3054 ’Ἡ
3790 3002 4010 3054 εἰδωλο-

728 3091 866 3158 ipsis
906 3092 1126 3160 abigere
1177 3107 1239 3145 ac
1269 3106 1523 3159 separare
1574 3092 1668 3158 qui
1715 3091 2039 3151 manifestus
2084 3091 2316 3145 ell'ectus

2424 3092 2647 3161 λάτρης.
2687 3111 2704 3142 ι
2746 3093 2855 3145 Καὶ
2895 3093 3009 3155 πῶς
3047 3093 3124 3146 ἔνι
3171 3094 3400 3162 ἀδελφὸν
3443 3094 3597 3155 ὄντα,
3633 3096 3877 3147 τουτέστι
3915 3113 4009 3149 ττι-

729 3194 943 3236 esttam
980 3183 1242 3250 operibus
1277 3199 1438 3251 quam
1486 3182 1854 3251 appellatione
1886 3198 1990 3251 qua
2020 3184 2161 3251 apud
2197 3198 2284 3237 om
2344 3202 2385 3259 ο

2355 3202 2389 3259 Β
2428 3183 2570 3247 στὸν,
2605 3178 2743 3235 εἶναι
2772 3184 3202 3254 είδωλολάτρην;
3237 3186 3409 3238 Τοῦτο
3444 3186 3596 3254 δηλοί
3625 3188 3853 3254 ἀδελςὺν
3886 3189 4011 3241 ὀνο-

728 3292 828 3328 tn-s
848 3276 1181 3327 nominatur.
1213 3278 1348 3328 «Aut
1371 3275 1711 3327 idololatra.»
1748 3276 1809 3326 lit
1835 3274 2110 3342 quomodo
2134 3284 2315 3343 potest

2425 3271 2760 3341 μαζόμενον,
2795 3275 2875 3325 ὅτι
2919 3276 3062 3335 τινὲς
3104 3276 3199 3325 καὶ
3233 3275 3560 3327 ἐπίστευσαν
3594 3276 3688 3328 καὶ
3719 3277 3826 3329 τῶν
3853 3277 4010 3329 εἰδώ-

728 3368 821 3436 qui
858 3367 1026 3421 frater
1048 3378 1149 3427 est.
1184 3368 1288 3421 hoc
1314 3378 1395 3420 est
1426 3366 1619 3432 fidelis,
1646 3382 1764 3421 csse
1794 3368 1955 3421 simul
1989 3367 2318 3421 idololatra?

2422 3363 2529 3416 λων
2554 3365 2780 3433 εἴχοντο.
2815 3364 2905 3416 Διὸ
2944 3364 3039 3417 καί
3077 3382 3263 3434 φησιν,
3309 3383 3326 3415 ι
3361 3366 3616 3433 Ἀδελφδς
3662 3368 4010 3436 ὀνομαζόμε-

731 3458 843 3511 line
877 3474 1001 3512 eum
1025 3460 1295 3527 signiﬁcat
1317 3459 1600 3528 quifrater
1637 3461 1814 3515 solum
1848 3460 2315 3526 dicitur.Quidam

2421 3473 2530 3518 νος.
2566 3474 2584 3507 ι
2627 3457 2734 3508 Kal
2768 3457 2877 3527 γὰρ
2908 3456 3049 3509 κατὰ
3104 3457 3203 3527 τὴν
3254 3458 3512 3527 ἀλήθειαν
3542 3461 3569 3510 ὀ
3600 3459 3843 3520 τοιοῦτος
3883 3461 4010 3513 οὐδὲ

731 3553 877 3603 enim
901 3552 1247 3605 crediderant
1314 3562 1368 3605 ει
1422 3553 1730 3607 simulacris
1754 3553 2317 3624 adlimrebantzﬁsz

2422 3547 2612 3608 πιστός
2647 3549 2816 3601 ἐστιν.
2853 3567 2870 3597 ι
2913 3548 2975 3599 Τί
3008 3548 3115 3617 γάρ
3164 3566 3256 3617 μοι
3287 3550 3379 3601 καὶ
3412 3550 3536 3612 τοὺς
3567 3550 3671 3613 ἔξω
3706 3552 3954 3620 κρίνεινς
3990 3571 4005 3600 ι

734 3642 859 3699 ideo
888 3658 1106 3711 quoque
1140 3643 1273 3697 dicit
1304 3661 1316 3695 :
1358 3664 1375 3694 ι
1411 3644 1601 3697 Frater
1628 3644 1874 3707 dietusu
1902 3646 2020 3698 talis
2047 3645 2318 3713 siquidem

2420 3640 2621 3693 Λοιπὸν
2682 3640 2780 3707 τὴν
2856 3642 3035 3693 αἰτίαν
3102 3641 3247 3709 λέγει
3311 3642 3405 3695 τοῦ
3475 3642 3548 3712 μὴ
3612 3643 3842 3694 κωλύειν
3895 3646 4012 3705 τοῖς

736 3746 924 3786 revera
958 3748 1064 3785 non
1097 3742 1179 3786 est
1232 3741 1419 3786 frater.
1455 3753 1471 3784 ‹
1512 3733 1653 3798 Quid
1702 3734 1847 3787 enim
1886 3735 1953 3787 ad
1998 3750 2083 3789 me
2124 3737 2320 3789 attinet

2432 3731 2698 3801 Ἑλλήνων
2755 3732 2973 3801 πόρνοις
3028 3734 3059 3803 ἢ
3117 3734 3468 3796 πλεονέκταις
3535 3736 3567 3803 ἢ
3628 3735 3837 3798 λοιποῖς
3883 3754 4014 3787 συν-

735 3825 901 3878 etiam
930 3838 1025 3878 eos
1055 3826 1146 3893 qui
1176 3824 1312 3879 foris
1350 3834 1480 3878 sunt
1524 3827 1812 3895 judicare?
1842 3846 1859 3879 ι
1904 3828 2321 3897 Consequenter

2424 3823 2826 3892 αναμίγνυσθαι
2854 3836 2870 3853 ⁶
2900 3822 3046 3887 Ὀτι,
3075 3824 3228 3892 φησι,
3284 3823 3381 3893 τὴν
3408 3827 3535 3894 περὶ
3571 3825 3752 3877 αὐτῶν
3797 3826 4011 3895 κρίσιν,

736 3932 955 3969 causam
989 3917 1171 3970 reddit
1198 3932 1295 3971 cur
1346 3935 1456 3971 non
1502 3919 1791 3987 prohibeat
1833 3922 2151 3975 conversari
2197 3936 2320 3975 cum

2424 3915 2542 3985 Θεῷ
2580 3916 2786 3969 ἐατέον.
2828 3917 3018 3985 Ἡμεῖς
3056 3917 3111 3968 δὲ
3160 3918 3287 3979 τοὺς
3312 3918 3575 3985 ἀδελφοὺς
3614 3918 4010 3987 διορθούμεθα,

736 4007 941 4060 Graecis
982 4007 1382 4062 scortatoribus
1433 4016 1527 4061 aut
1573 4012 1752 4063 avaris
1797 4026 1860 4063 ac
1911 4012 2151 4066 caeteris:
2184 4012 2321 4078 Quia

2426 4007 2483 4058 ἐν
2522 4007 2600 4076 τῷ
2645 4008 2852 4076 κρίνειν
2911 4008 3003 4059 καὶ
3043 4008 3355 4077 ἀνακρίνειν
3392 4009 3573 4061 αὑτῶν
3612 4010 3702 4064 τὸν
3753 4009 3867 4079 βίον
3915 4012 4015 4063 ἐπὶ

736 4097 1025 4165 judicium,
1069 4099 1270 4168 inquit,
1314 4101 1380 4154 de
1423 4101 1531 4154 illis
1570 4100 1679 4155 Deo
1721 4103 2150 4171 permittendum
2196 4114 2319 4158 est:

2426 4098 2729 4167 διορθώσει.
2770 4098 2859 4164 Ἐξ
2900 4099 3125 4150 ἐκείνων
3154 4101 3261 4167 γὰρ
3295 4101 3694 4170 ἐχωρίσθημεν.
3740 4122 3757 4153 σ
3782 4102 3927 4164 Τοὺς
3955 4104 4013 4156 δὲ

744 4208 840 4243 nos
872 4201 1053 4244 autem
1104 4192 1309 4247 fratres
1351 4195 1698 4262 corrigimus,
1742 4196 1870 4247 dum
1922 4196 2089 4249 vitam
2130 4212 2323 4251 eorum

2427 4190 2532 4255 ἔξω
2579 4190 2607 4242 6
2652 4191 2787 4253 Θεὸς
2822 4192 3019 4261 κρίνει.
3054 4209 3070 4240 ι
3112 4188 3243 4244 Εἶτα
3274 4194 3360 4245 ἵνα
3420 4193 3493 4261 μὴ
3531 4196 3760 4265 νομίσῃς
3799 4195 4015 4263 ἀτιμωο

748 4280 802 4331 in
824 4282 1169 4335 correctione
1195 4283 1506 4351 iudicamus
1528 4293 1583 4336 et
1616 4284 2047 4338 condemnamus
2071 4303 2084 4337 :
2121 4287 2190 4340 ab
2217 4287 2326 4341 illis

2432 4284 2627 4352 ρήτους
2668 4282 2891 4335 ἔσεσθαι
2938 4283 3063 4344 τοὺς
3099 4283 3367 4352 ’Έλληνας
3416 4285 3727 4348 πταίοντας,
3758 4286 4012 4353 φοϐερά).

747 4373 894 4426 enim
943 4373 1321 4428 discessimus.
1357 4391 1375 4425 ι
1414 4374 1522 4428 Eos
1552 4389 1682 4427 vero
1711 4376 1802 4443 qui
1844 4375 1978 4430 foris
2007 4387 2134 4430 sunt
2180 4379 2327 4433 Deus

2428 4390 2585 4443 τερον
2641 4374 2825 4435 αὐτοῖς
2872 4375 3143 4443 ἐπέστησε
3198 4374 3571 4445 δεκαστήριον,
3618 4376 3799 4428 τὸτοῦ
3849 4377 4010 4429 Θεοῦ.

738 4465 971 4534 judicat.
1012 4482 1029 4514 ι
1059 4465 1267 4519 Deinde
1291 4481 1359 4519 ne
1389 4465 1775 4533 delinquentes
1801 4467 2020 4521 Graecos
2044 4470 2326 4525 existimes

2437 4485 2455 4515 ι
2491 4465 2600 4517 Καὶ
2643 4465 2889 4533 ἐξαρεῖτε
2923 4465 3014 4515 τὸν
3049 4466 3304 4533 πονηρόν.
3351 4485 3369 4516 ι
3416 4469 3628 4533 Ἤγαγε
3657 4468 3756 4537 τὴν
3796 4486 4009 4537 μαρτυ-

743 4554 1019 4607 immunes
1052 4553 1268 4608 futuros
1321 4569 1351 4607 a
1387 4555 1675 4623 supplicio.
1710 4556 2013 4611 terribilius
2046 4559 2325 4627 magisque
2357 4537 2399 4592 D

2361 4537 2403 4592 Ι)
2436 4558 2577 4625 ρίαν,
2609 4556 2823 4618 δεικνὺς
2856 4557 3063 4609 ἄνωθεν
3089 4556 3245 4609 τοῦτο
3277 4558 3751 4627 νενομοθετῆσθαι,
3786 4560 3881 4610 καὶ
3910 4563 4017 4611 οὐκ

743 4646 1099 4700 metuendum
1147 4646 1253 4699 illis
1308 4646 1606 4715 assignavit
1648 4648 1907 4711 tribunal,
1959 4665 2156 4719 nempe
2205 4651 2320 4705 Dei.

2432 4644 2572 4701 εἶναι
2599 4648 2965 4716 καινοτομίαν,
2997 4648 3028 4717 ἢ
3062 4648 3154 4700 νῦν
3188 4653 3502 4717 γεγένηται,
3537 4652 3598 4701 τὸ
3632 4652 3872 4720 ἐξαίρειν
3917 4652 4018 4703 τὸν

750 4758 767 4786 ι
817 4740 991 4791 Etiam
1016 4738 1227 4791 auferte
1251 4727 1496 4807 eumqui
1522 4740 1695 4793 maius
1717 4750 1821 4794 est.
1867 4761 1885 4792 ι
1922 4743 2321 4797 Testimonium

2433 4740 2666 4809 πονηρζν
2712 4741 2775 4791 ἐκ
2814 4740 3001 4808 μέσου.
3028 4740 3100 4791 Τὸ
3130 4740 3208 4801 δὲ,
3240 4758 3257 4790 ι
3289 4740 3380 4803 Ἐξ
3422 4741 3573 4809 ὑμῶν
3604 4742 3806 4804 αὐτῶν,
3846 4762 3863 4794 ι
3898 4745 4017 4795 δεί-

746 4828 976 4880 adduxit
1002 4828 1303 4882 ostendens
1334 4830 1478 4896 quod
1497 4844 1734 4898 superne
1765 4830 1897 4885 illud
1924 4833 2194 4888 sancitum
2220 4843 2325 4898 est,

2428 4851 2583 4886 κνυσι
2613 4835 2705 4886 καὶ
2735 4833 2935 4893 αὐτοὺς
2969 4833 3032 4884 ἐκ
3069 4834 3262 4885 τούτου
3312 4834 3725 4903 ὠφελουμένους
3758 4837 3805 4886 εἰ
3842 4854 4018 4904 χωρι-

746 4936 847 4973 nec
869 4930 953 4974 est
984 4936 1186 4974 novum
1217 4929 1549 4989 pmceptum
1571 4931 1665 4973 aut
1690 4936 1838 4975 nunc
1862 4939 2053 4977 recens
2081 4926 2330 4993 promul-

2431 4925 2632 4978 σθῶσιν
2659 4926 2705 4977 οἱ
2743 4924 2990 4993 πονηροί.
3041 4925 3103 4975 El
3135 4924 3317 4990 μέλλει
3378 4928 3405 4978 6
3446 4925 3579 4987 Θεὸς
3610 4927 3830 4987 τούτους
3895 4928 4021 4995 κρί-

745 5019 952 5079 gatum,
982 5019 1041 5064 ut
1078 5011 1391 5064 auferretur
1419 5011 1465 5064 is
1503 5010 1597 5078 qui
1643 5012 1819 5065 malus
1864 5023 1949 5067 est
1992 5016 2058 5069 de
2110 5018 2312 5073 medio.

1643 5012 1819 5065 malus
1864 5023 1949 5067 est
1992 5016 2058 5069 de
2110 5018 2312 5073 medio.
2430 5034 2564 5081 νειν,
2594 5016 2901 5086 χωρίσθητε
2939 5016 3033 5068 ἀπ’
3066 5016 3264 5069 αὐτῶν.

747 5106 900 5171 Quod
946 5114 1130 5158 autem
1180 5101 1351 5165 addit,
1413 5122 1430 5154 ι
1484 5103 1562 5155 Ex
1610 5103 1766 5158 vobis
1802 5107 1955 5173 ipsis,
2016 5126 2034 5159 ι
2080 5111 2323 5165 ostendit
2362 5112 2512 5180 ipsos
2576 5124 2795 5178 quoque
2836 5109 3015 5178 juvari
3087 5108 3130 5162 si
3181 5110 3308 5163 mali
3356 5119 3699 5179 separentur.
3752 5109 3809 5164 Si
3867 5110 4021 5169 Deus

748 5196 1217 5266 ltosjudicaturus
1242 5201 1349 5259 est,
1380 5196 1713 5261 separamini
1739 5198 1807 5251 ab
1837 5200 1939 5253 eis.

1362 5292 1586 5348 CAPUT
1636 5293 1725 5347 Ill.

3021 5291 3271 5343 ΚΕΦΛᾹ.
3336 5291 3407 5344 Γ.

908 5400 1056 5463 Quod
1089 5418 1190 5453 non
1220 5409 1458 5468 oporteat
1492 5402 1680 5454 habere
1709 5401 1822 5454 lites
1851 5418 1911 5455 ac
1931 5404 2157 5471 judicia.
2540 5399 2564 5450 Ι

2540 5395 2675 5462 Περὶ
2710 5395 2815 5447 τοῦ
2852 5394 2933 5462 μὴ
2965 5394 3196 5447 δεῖσθαι
3230 5396 3433 5462 δικῶν,
3461 5400 3555 5450 καί
3591 5399 3776 5452 ταῦτα
3809 5401 3907 5453 ἐπὶ

3083 5467 3373 5518 ἀπίστων.

3123 5482 3373 5520 πιστων.

824 5558 913 5621 Vl,
948 5557 1059 5612 1-5.
1106 5558 1275 5611 Audet
1305 5560 1495 5629 aliquis
1539 5567 1769 5612 vestrum
1810 5562 2075 5629 negotium
2132 5560 2326 5615 habent

2514 5557 2707 5624 Τολμᾷ
2740 5575 2825 5621 τις
2850 5556 3014 5622 ὑμῶν
3043 5557 3280 5625 πρᾶγμα
3313 5560 3467 5627 ἔχων
3499 5562 3650 5626 πρὶς
3680 5565 3733 5614 τί
3746 5582 3783 5614 r
3813 5565 4027 5631 ἕτερον

758 5665 876 5701 cant
914 5649 1084 5702 altera
1104 5650 1342 5719 judicari
1376 5653 1469 5705 sub
1515 5654 1745 5721 iniustis,
1788 5664 1833 5706 et
1888 5670 1989 5705 non
2029 5656 2195 5721 magis
2233 5654 2327 5707 sub

2438 5648 2743 5713 κρίνεσθαι
2796 5647 2891 5697 ἐπὶ
2946 5646 3062 5698 τῶν
3113 5648 3337 5701 ἀδίκων
3399 5650 3494 5702 καὶ
3549 5653 3683 5719 οὐχὶ
3740 5655 3838 5705 ἐπὶ
3903 5656 4028 5707 τῶν

759 5739 998 5791 sanctis?
1029 5740 1109 5792 An
1137 5742 1341 5794 nescitis
1375 5741 1512 5810 quod
1528 5743 1696 5793 sancti
1719 5744 1967 5794 mundum
1994 5742 2329 5805 iudicabunt?

2444 5741 2662 5805 (ig-itur;
2700 5741 2818 5791 Οὐχ
2848 5739 3046 5791 οἴδατε
3079 5739 3163 5791 ὅτι
3196 5743 3247 5791 εἰ
3295 5740 3445 5805 ἅγιοι
3491 5742 3594 5791 τὸν
3633 5746 3867 5809 κί’(νμω-
3900 5762 4026 5809 κρι-

768 5828 836 5883 L't
862 5829 906 5882 si
934 5845 1025 5897 per
1058 5849 1142 5885 vos
1168 5834 1432 5899 iudicatur
1473 5834 1714 5899 mundus,
1752 5834 1950 5903 indigni
1995 5836 2113 5888 estis
2164 5835 2329 5902 αἰψ’(-

2452 5831 2700 5892 νίῐ·(ηι·;
2735 5832 2835 5884 Καὶ
2882 5835 2929 5882 εἰ
2978 5832 3045 5882 ἐι·
3090 5831 3224 5899 ι’·μῖι·
3258 5834 3511 5896 κρίνεται
3540 5834 3567 5883 c'
3599 5835 3843 5901 καῖ-μσς,
3877 5836 4029 5887 dui-
