4194 6468
743 390 851 454 707

1802 388 2203 450 (ECUMENII
2231 388 2529 451 TRICCA‘I
2574 388 2921 451 EPISCOPI

3916 392 4031 454 708

742 520 905 562 suam
936 519 1050 561 non
1077 512 1370 560 servarunt
1409 504 1608 574 legem,
1660 518 1764 558 nos
1806 513 1991 559 autem
2028 507 2331 560 secundum

2450 523 2580 571 σαν,
2616 508 2780 577 ἡμεῖς
2830 507 2888 560 δὲ
2939 505 3081 559 κατά
3121 503 3249 569 τοὺς
3296 505 3546 567 δοθέντας
3599 504 3730 573 ἡμῖν
3772 502 3877 557 ὑπὸ
3931 506 4032 558 τοῦ

745 598 903 653 datas
958 599 1122 653 nobis
1146 614 1175 651 a
1211 597 1443 652 Domino
1477 597 1647 666 leges,
1673 596 1838 668 464
1872 599 2062 664 (etiam
2096 598 2201 652 illis
2235 614 2336 654 nos

747 692 1168 762 impotentibus)
1210 691 1525 744 conversati
1570 705 1763 743 sumus
1798 707 1811 741 :
1841 689 1884 742 si
1916 705 2047 758 ergo
2091 690 2214 745 illos
2244 706 2336 744 ar-

747 798 999 854 guemus,
1029 790 1084 835 et
1115 782 1485 836 inexcusabile
1518 783 1923 835 constituemus
1953 783 2171 837 illorum
2203 798 2331 852 pec-

751 889 957 941 catum,
985 886 1191 947 quanto
1248 875 1419 944 magis
1474 876 1659 929 idonei
1689 892 1882 931 sumus
1926 878 2019 945 qui
2066 878 2335 932 humanas

744 971 1131 1027 contentiones
1148 971 1515 1024 dissolvantus
1548 979 1873 1037 mutuasque
1907 970 2049 1023 inter
2071 984 2171 1023 nos
2207 984 2336 1022 cau-

744 1079 836 1119 sas
853 1080 914 1119 ac
938 1063 1269 1128 lites?Quod
1291 1064 1334 1117 si
1361 1063 1609 1116 nondum
1642 1063 1863 1129 liisquaa
1883 1064 2027 1116 dicta
2054 1070 2185 1115 sunt
2211 1077 2337 1131 per—

744 1156 1079 1216 suadetnini,
1119 1156 1215 1210 sed
1272 1156 1453 1209 adhuc
1496 1154 1825 1208 existimatis
1886 1153 2168 1219 inﬁrmum
2213 1169 2335 1208 esse

744 1243 1087 1296 credentium
1128 1243 1399 1313 judicium
1447 1258 1511 1295 ac
1566 1243 1873 1296 invalidum
1921 1243 1987 1296 ad
2035 1259 2229 1297 causas
2282 1250 2337 1296 et

744 1335 1156 1391 contentiones.
1214 1350 1335 1403 quae
1395 1334 1540 1387 inter
1599 1350 1697 1387 vos
1749 1344 1901 1397 sunt,
1935 1335 2314 1390 dissolvendas

742 1423 998 1478 Attamen
1036 1424 1250 1477 etiamsi
1300 1425 1443 1477 inter
1476 1440 1571 1479 vos
1614 1425 1821 1479 fuerint
1883 1426 2087 1479 inﬁrmi
2119 1434 2174 1479 et
2206 1440 2309 1479 con

745 1514 937 1581 templi
994 1514 1204 1576 ﬁdeles,
1241 1515 1445 1582 quique
1483 1529 1590 1565 non
1623 1520 1854 1582 possunt
1898 1515 2106 1583 justum
2138 1513 2333 1567 intelli-

742 1619 870 1674 gere
900 1605 1191 1672 judicium,
1214 1605 1413 1657 melius
1441 1613 1623 1657 tamen
1652 1615 1737 1658 est
1760 1606 1860 1659 hos
1887 1607 2078 1660 sedere
2097 1606 2334 1677 judices,

743 1700 968 1766 quando
988 1698 1145 1751 vobis
1175 1712 1402 1751 necesse
1441 1697 1609 1751 fuerit
1639 1699 1914 1751 mundana
1952 1699 2156 1753 habere
2185 1701 2336 1769 judi-

745 1792 1030 1858 cia.quam
1066 1805 1166 1843 vos
1196 1790 1345 1859 ipsos
1381 1788 1684 1842 incredulis
1707 1789 1925 1844 tradere
1959 1789 2012 1843 in
2040 1790 2331 1860 judicium.

2437 600 2646 671 Κυρίου
2706 600 2944 670 νόμους,
3005 600 3184 653 καίτοι
3238 600 3509 652 κάκείνων
3562 597 4031 666 ἐπηρεαζόντων,

2437 690 2928 761 ἐπολιτευσάμεθα.
2988 692 3050 743 EE
3106 689 3198 743 οὖν
3224 690 3468 751 ἐκείνους
3539 687 3872 757 ἐλέγξομεν,
3932 691 4027 742 καὶ

2438 782 2849 854 ἀναπολόγητον
2918 783 3103 845 αὐτοῖς
3180 780 3639 851 καταστησόμεθα
3702 780 3763 833 τό
3842 781 4030 851 ἀμάρ-

2438 891 2611 944 τημα,
2646 876 2799 944 πόσῳ
2834 873 3037 944 μᾶλλόν
3086 876 3257 943 ἐσμεν
3294 874 3471 928 ἱκανοὶ
3511 874 3580 924 τά
3636 873 3865 942 βιωτικά
3913 872 4025 923 διας

2439 965 2598 1019 λῦσαι
2635 965 3090 1033 φιλονεικήματα,
3123 965 3219 1017 καὶ
3261 965 3360 1026 τὰς
3392 963 3529 1034 πρὸς
3561 962 3825 1033 ἀλλήλους
3872 962 4028 1022 δίκας

2438 1054 2533 1106 καὶ
2595 1053 2837 1123 ἕριδας;¹
2869 1054 2932 1107 Ei
2966 1053 3009 1105 δ’
3056 1053 3211 1106 obrue
3241 1056 3353 1116 τοῖς
3389 1055 3698 1123 εἰρημένοις
3755 1054 4027 1105 δυσωπεῖ-

2440 1145 2556 1207 σθε,
2611 1145 2728 1198 ἀλλ’
2764 1145 2845 1197 ἔτι
2892 1144 3141 1215 νομίζετε
3196 1146 3279 1198 ὅτι
3329 1144 3438 1197 τῶν
3488 1145 3695 1197 πιστῶν
3743 1152 3807 1197 τὸ
3868 1145 4028 1197 δικα-

2440 1238 2664 1306 στήριον
2715 1237 2943 1299 ἀσθενές
2989 1240 3107 1290 ἐστι
3178 1237 3272 1289 καὶ
3324 1236 3584 1289 ἀδύνατον
3645 1238 3725 1296 εἰς
3783 1236 3846 1287 τὸ
3908 1237 4029 1288 6w.»-

2438 1329 2586 1382 λύειν
2615 1329 2713 1393 τὰς
2736 1330 2892 1391 δίκας
2930 1330 3059 1394 ὑμῖν
3095 1330 3189 1381 καὶ
3236 1329 3335 1390 τὰς
3368 1327 3700 1396 φιλονεικίας
3723 1343 3737 1357 ⁸
3782 1326 3899 1379 ἀλλ’
3932 1322 4027 1378 οὖν

2437 1422 2486 1473 εί
2522 1422 2618 1474 καὶ
2657 1421 2907 1483 ἀσθενεῖς
2960 1418 3083 1471 καθ’
3115 1421 3261 1489 ὑμᾶς
3306 1420 3401 1471 καὶ
3430 1418 3845 1487 ἐξουθενημένοι
3894 1412 4028 1470 ὦσιν

2437 1513 2488 1565 οἱ
2552 1512 2771 1576 πιστοὶ,
2827 1513 2921 1565 καὶ
2982 1512 3234 1564 ἀδύνατοι
3294 1511 3527 1563 συνιδεῖν
3586 1509 4023 1578 δικαιοκρισίαν,

2440 1605 2665 1674 ἄμεινόν
2701 1606 2816 1656 ἐστι
2852 1604 3076 1665 τούτους
3114 1602 3360 1666 καθίζειν
3390 1600 3669 1664 δικαστὰς,
3703 1600 3832 1653 ὃταν
3866 1599 4026 1667 ἔχητε

2438 1697 2628 1765 χρείαν
2658 1695 2930 1764 βιωτικῶν
2956 1694 3335 1763 κριτηρίων,ἢ
3369 1695 3482 1755 τοῖς
3512 1693 3764 1754 ἀπίστοις
3796 1692 4026 1753 ἑαυτούς

2439 1788 2519 1850 εἰς
2551 1788 2732 1858 κρίσιν
2766 1786 3055 1840 ἐκδιδόναι.
3098 1785 3590 1854 Ἐξουθενημένους
3621 1783 3678 1834 δὲ
3710 1778 3889 1839 εἷπον,
3921 1799 4026 1851 φη-

744 1887 999 1953 Abjeetos
1037 1894 1222 1937 autem
1272 1898 1368 1937 seu
1404 1892 1754 1953 contemptos
1795 1885 1931 1951 dixi,
1973 1886 2175 1956 inquit,
2199 1904 2331 1943 con--

2444 1880 2550 1941 σίν,
2588 1878 2868 1948 ἐντρέπων
2894 1876 3038 1945 ὑμᾶς
3065 1874 3159 1927 καὶ
3182 1872 3474 1943 αἰσχύνων,
3508 1872 3631 1924 ἐπεὶ
3671 1870 3855 1923 πολλοί
3890 1874 4029 1921 εἰσιν

744 1977 984 2030 fundens
1019 1992 1117 2031 vos
1154 1992 1219 2030 ac
1258 1976 1618 2045 pudefaciens
1663 1980 1962 2047 :quoniam
2013 1983 2170 2036 multi
2206 1994 2339 2039 sunt

742 2072 837 2140 qui
870 2079 1101 2138 possunt
1130 2084 1324 2123 causas
1353 2078 1407 2121 et
1438 2069 1845 2133 contentiones,
1882 2088 2005 2140 quae
2030 2083 2159 2127 sunt
2194 2075 2339 2130 inter

742 2180 864 2220 vos.
907 2188 917 2211 ι
944 2163 1226 2215 issolvere.
1268 2161 1325 2214 Id
1353 2162 1500 2214 enini
1524 2163 1775 2215 maximae
1800 2164 2149 2218 verecundia:
2179 2175 2233 2219 et
2257 2168 2339 2219 vi-

743 2256 1108 2326 tuperationis
1149 2264 1254 2317 est,
1286 2255 1331 2308 si
1366 2269 1435 2308 ne
1476 2269 1620 2307 unus
1658 2255 1884 2323 quidem
1940 2256 2086 2310 inter
2129 2272 2224 2310 eos
2254 2273 2340 2311 sa-

741 2351 897 2419 piens
932 2351 1002 2401 sit
1031 2350 1122 2416 qui
1150 2349 1297 2417 juste
1324 2346 1499 2416 possit
1530 2346 1673 2399 inter
1707 2348 2105 2401 dissentientes
2133 2348 2330 2411 fratres

738 2441 1009 2511 judicare.
1042 2440 1229 2493 Varias
1254 2448 1438 2493 autem
1464 2440 1622 2507 ponit
1660 2440 2019 2509 probationes
2044 2439 2193 2508 quod
2225 2454 2338 2493 non

744 2542 1002 2603 oporteat
1046 2533 1256 2587 relictis
1283 2533 1541 2587 ﬁdelibus
1568 2535 1633 2587 ad
1668 2534 1909 2587 tribunal
1945 2534 2212 2589 accedere
2250 2534 2336 2587 in-

745 2626 1126 2680 credulorutn.
1159 2625 1402 2678 Primum
1451 2625 1675 2694 quidem
1717 2626 1845 2694 quia
1873 2642 2021 2680 nunc
2047 2641 2172 2679 cum
2200 2625 2338 2681 ﬁde-

744 2716 825 2770 les
857 2731 1047 2768 sumus
1075 2730 1184 2767 non
1215 2715 1530 2783 judicamus
1571 2715 1716 2777 illos,
1741 2730 1867 2769 cum
1898 2715 2011 2769 sint
2040 2714 2333 2769 increduli.

751 2826 770 2859 ι
804 2806 945 2871 Quid
989 2806 1162 2867 enim,
1204 2805 1407 2874 inquit.
1436 2805 1503 2858 ad
1542 2820 1629 2859 me
1676 2806 1872 2859 attinet
1912 2806 2079 2859 etiam
2117 2820 2213 2860 eos
2241 2804 2335 2875 qui

743 2897 882 2951 foris
914 2904 1042 2949 sunt
1072 2895 1345 2965 judicare.
1385 2915 1401 2946 ι
1445 2895 1616 2960 Quam
1667 2911 1922 2965 magnum
1963 2911 2096 2964 ergo
2137 2910 2337 2963 oppro-

744 2989 928 3042 brium
961 2995 1048 3041 est
1074 2986 1144 3040 ab
1174 2986 1474 3041 incredulis
1501 2986 1738 3056 judicari
1774 2986 1998 3041 fideles!
2035 2986 2332 3042 Secundo:

747 3078 802 3134 Si
826 3079 901 3132 illi
924 3078 1147 3147 quidem
1167 3078 1355 3143 iniusti
1375 3086 1523 3139 sunt,
1546 3077 1634 3131 isti
1653 3092 1783 3130 vero
1803 3077 1975 3130 sancti
1993 3094 2006 3128 :
2021 3086 2227 3146 quanta
2246 3077 2337 3131 de-

2438 1967 2677 2020 διαλύειν
2730 1969 2788 2019 ἐν
2839 1968 2967 2034 ὑμῖν
3019 1964 3174 2026 δίκας
3227 1963 3501 2033 ἰσχύοντες
3540 1964 3633 2015 καὶ
3666 1962 4027 2029 φιλονεικίας.

2440 2058 2618 2125 Πόσης
2638 2056 2745 2125 γὰρ
2764 2056 2863 2107 οὐκ
2891 2055 3039 2107 ἔστιν
3062 2054 3290 2124 αίχύνης
3310 2054 3400 2105 καὶ
3426 2052 3821 2119 καταγνώσεως
3844 2053 4026 2113 τοῦτο,

2440 2149 2488 2199 εί
2519 2147 2619 2199 οὐκ
2654 2145 2733 2199 ἔνι
2774 2145 2937 2211 σοφὸς
2969 2146 3027 2197 ἐν
3072 2144 3223 2213 ὑμῖν,
3255 2143 3443 2212 φησὶν,
3479 2143 3597 2195 ούδὲ
3634 2138 3736 2203 εἷς,
3770 2142 3830 2203 ὃς
3862 2142 4026 2210 δυνή-

2442 2256 2591 2292 σεται
2620 2238 2907 2290 δικαιῶσαι
2953 2238 3056 2289 ἀνά
3091 2237 3254 2305 μέσον
3313 2235 3559 2304 ἀδελφῶν
3609 2233 4025 2303 δικαζομένωνς

2440 2332 2739 2400 Διαφόρους
2772 2330 2828 2383 δέ
2870 2330 3173 2394 ἀποδείξεις
3219 2329 3403 2399 τίθησι
3442 2328 3536 2381 τοῦ
3597 2328 3671 2398 μὴ
3704 2328 3815 2380 δεῖν
3850 2344 4028 2379 κατα-

2441 2422 2695 2484 λιπόντας
2721 2422 2847 2484 τοὺς
2876 2422 3123 2484 πιστοὺς,
3152 2420 3245 2471 ἐπὶ
3271 2420 3332 2471 τὸ
3371 2418 3479 2471 τῶν
3506 2419 3751 2469 ἀπίστων
3784 2418 4030 2487 βαδίζειν

2442 2514 2749 2583 κριτήριον.
2782 2512 3004 2582 Πρῶτον
3033 2512 3154 2580 μὲν,
3194 2512 3277 2564 ὅτι
3307 2512 3472 2580 ἡμεῖς
3500 2510 3593 2562 νῦν
3642 2510 3703 2562 ού
3762 2511 4030 2579 κρίνομεν

2441 2606 2685 2667 ἐκείνους
2714 2606 2763 2657 οἱ
2790 2606 2973 2657 πιστοὶ
2995 2604 3121 2666 τοὺς
3148 2603 3429 2665 ἀπίστους.
3466 2622 3484 2654 ι
3503 2603 3567 2655 Τί
3591 2603 3696 2671 γάρ
3727 2618 3839 2671 μοι.
3865 2601 4027 2668 {pro},

2441 2698 2533 2751 καὶ
2563 2699 2689 2758 τοὺς
2735 2696 2841 2760 ἐξω
2880 2695 3120 2764 κρίνειν;
3164 2714 3183 2748 ι
3219 2694 3343 2758 Πῶς
3371 2694 3431 2746 ού
3489 2694 3628 2762 μέγα
3672 2694 3874 2754 ὄνειδος
3920 2692 4030 2744 ὑπὸ

2439 2791 2548 2843 τῶν
2581 2790 2827 2841 ἀπίστων
2859 2787 3145 2859 κρίνεσθαι
3174 2787 3299 2849 τοὺς
3330 2784 3550 2847 πιστούς
3576 2800 3590 2848 ;
3622 2785 3887 2849 Δεύτερον
3914 2800 3929 2814 ·
3963 2784 4027 2834 ει

2438 2882 2489 2934 oi
2540 2880 2639 2948 μὲν
2674 2880 2869 2945 ἄῖικοι,
2904 2881 2954 2931 οί
3007 2878 3063 2931 δὲ
3094 2877 3261 2946 ἅγιοι,
3295 2877 3412 2940 πῶς
3456 2877 3556 2929 οὐκ
3611 2876 3758 2927 ἔστιν
3792 2873 4026 2943 ἠλίθιον,

2440 2970 2816 3023 καταλιπόντα
2848 2969 2974 3029 τοὺς
3001 2968 3214 3034 ἁγίους,
3244 2968 3337 3019 ἐπὶ
3366 2967 3493 3028 τοὺς
3525 2964 3746 3026 ἀδίκους
3781 2964 4025 3033 τρέχειν,

2439 3067 2534 3115 καὶ
2562 3060 2753 3124 ταῦτα,
2774 3062 2956 3128 τυχεῖν
2984 3060 3274 3121 ἐλπίζοντα
3307 3056 3402 3109 τοῦ
3434 3057 3680 3121 δικαίου;
3712 3056 3933 3124 Τρίτον
3960 3056 4025 3108 ΕΞ

746 3171 951 3224 mentia
981 3179 1065 3223 est
1087 3170 1293 3223 relictis
1319 3168 1526 3223 sanctis
1549 3184 1773 3222 currere
1805 3167 1873 3221 ad
1897 3168 2150 3237 injustos,
2171 3169 2331 3238 idque

2444 3152 2493 3203 οἱ
2516 3152 2662 3218 ἆγιοι
2688 3150 2779 3204 τὸν
2816 3151 3021 3219 κόσμον
3052 3148 3332 3216 ἐλέγξουσι
3364 3148 3459 3201 κα.)⁵
3483 3148 3899 3216 ἀναπόδραστον
3927 3149 4028 3198 αύ-

746 3274 871 3312 cum
916 3264 1132 3327 assequi
1167 3258 1394 3327 cupiant
1428 3257 1575 3326 quod
1604 3258 1816 3326 justum
1856 3258 1982 3311 est?
2016 3258 2242 3313 Tertio:
2275 3260 2332 3315 Si

747 3349 923 3404 sancti
946 3350 1213 3402 mundum
1236 3358 1471 3417 arguent
1508 3364 1571 3403 ac
1596 3348 1967 3404 inevitabilem
1990 3367 2181 3405 eorum
2201 3367 2333 3407 cau-

746 3454 861 3491 sam
898 3439 1158 3503 ellicient,
1187 3454 1254 3492 eo
1271 3438 1418 3507 quod
1445 3454 1569 3493 eum
1605 3440 1856 3508 ejusdem
1887 3453 2073 3495 essent
2102 3452 2331 3509 naturae,

744 3540 802 3584 et
817 3532 1049 3584 virtutes
1066 3540 1450 3600 operarentur,
1464 3546 1575 3584 non
1592 3531 1905 3587 habuerunt
1920 3549 2017 3588 eos
2032 3534 2335 3590 imitatores

748 3637 887 3690 quos
913 3623 1221 3689 arguebant
1262 3641 1273 3675 :
1307 3632 1514 3691 quanto
1561 3624 1735 3693 magis
1773 3634 2028 3693 potentes
2074 3635 2204 3679 sunt
2236 3626 2333 3696 qui

746 3712 891 3766 inter
936 3714 1075 3767 duos
1128 3714 1323 3767 arbitri
1369 3716 1480 3768 sint
1515 3730 1579 3769 ac
1630 3717 1919 3786 judicent?
1966 3716 2174 3783 Quarto
2221 3736 2236 3772 :
2274 3717 2331 3773 Si

745 3815 1002 3874 potentes
1033 3822 1224 3861 sumus
1273 3807 1367 3875 qui
1416 3817 1473 3861 et
1514 3808 1758 3876 angelos,
1792 3808 1846 3861 id
1906 3817 2012 3873 est,
2058 3809 2335 3865 daemones

746 3896 1105 3965 incorporeus
1140 3913 1457 3965 arguamus,
1490 3907 1700 3967 quanto
1734 3899 1904 3968 magis
1926 3900 2052 3954 illos
2074 3900 2167 3969 qui
2190 3903 2336 3971 ejus-

744 3988 867 4041 dem
915 3989 1206 4042 nobiseum
1253 3999 1467 4043 naturae
1509 3999 1672 4054 sunt,
1712 3990 2070 4059 ejusdemque
2102 3992 2333 4046 rationis

744 4081 966 4134 vivendi
994 4080 1016 4131 ?
1041 4081 1247 4145 Quinto
1284 4098 1295 4133 :
1333 4082 1509 4134 Etiam
1559 4082 1604 4135 si
1635 4097 1747 4134 non
1787 4092 2013 4151 possent
2042 4084 2332 4137 credentes

743 4171 898 4224 litem
923 4172 1249 4235 dissolvere,
1276 4172 1381 4225 hoc
1406 4182 1589 4226 tamen
1616 4172 1782 4225 modo
1824 4174 2024 4227 melius
2050 4182 2197 4227 esset
2229 4160 2349 4228 sub;

742 4262 825 4314 eis
856 4262 1093 4330 judicari
1132 4277 1296 4331 quam
1321 4263 1424 4316 sub
1450 4261 1790 4315 infidelibus.
1824 4264 1903 4315 Ad
1934 4263 2069 4327 haec,
2093 4263 2136 4317 si
2170 4279 2332 4318 mun-

742 4352 896 4415 dum,
929 4352 1483 4423 inquit,judicamus.
1534 4368 1718 4405 annon
1754 4352 2038 4421 indignum
2067 4364 2151 4407 est
2182 4362 2240 4408 ut
2261 4356 2331 4409 ab

742 4443 1047 4498 incredulis
1066 4445 1435 4515 judicemini?
1461 4445 1596 4499 Nam
1622 4445 1728 4499 hoc
1754 4444 2028 4512 signiﬁcat
2046 4461 2170 4499 cum
2201 4447 2278 4500 ait
2311 4465 2326 4502 :

2438 3247 2553 3307 τοῖς
2585 3244 2683 3313 τὴν
2723 3242 2881 3311 δίκην
2912 3240 3450 3310 παρασκευάσουσιν,
3481 3240 3564 3309 ἐφ’
3601 3235 3683 3303 οἷς
3720 3240 3820 3309 τῆς
3850 3240 4026 3309 αὐτῆς

2440 3335 2656 3405 φύσεως
2686 3334 2861 3398 ὄντες,
2886 3333 2978 3386 καὶ
2999 3334 3097 3395 τὰς
3126 3331 3327 3398 ἀρετὰς
3354 3334 3706 3403 πράττοντες,
3734 3331 3833 3382 οὐκ
3864 3330 4026 3399 ἔσχον

2440 3426 2811 3495 μιμουμένους
2862 3423 2987 3485 τοὺς
3017 3421 3430 3491 ἐλεγχομένους,
3470 3422 3620 3488 πόσῳ
3667 3420 3871 3489 μᾶλλόν
3916 3422 4025 3471 εἰσι

2436 3517 2799 3587 δυνατώτεροι
2844 3514 3159 3584 ἀναμεταξὺ
3189 3514 3283 3567 δύο
3338 3513 3584 3576 δικάζειν
3633 3515 3726 3564 καὶ
3776 3512 4024 3579 κρίνεινς

2440 3611 2748 3680 Τέταρτον·
2780 3609 2842 3661 El
2892 3607 3159 3675 ἀγγέλους
3209 3606 3337 3669 τοὺς
3388 3606 3713 3674 ἀσωμάτους
3757 3603 4025 3671 δαίμονας

2436 3704 2682 3772 ἐλέγχειν
2715 3701 2884 3771 ἐσμὲν
2916 3699 3151 3764 δυνατοὶ,
3183 3699 3334 3768 πόσῳ
3364 3698 3568 3767 μᾶλλον
3601 3699 3726 3757 τοὺς
3756 3697 4024 3763 ὁμοφυεῖς

2439 3796 2536 3849 καὶ
2561 3794 2947 3863 ὁμοδιαίτους;
2980 3792 3238 3859 Πέμπτον
3264 3806 3276 3819 ·
3315 3790 3376 3842 Εἰ
3407 3791 3499 3842 καὶ
3528 3788 3603 3857 μὴ
3632 3789 3816 3855 ἴσχυον
3843 3788 3893 3837 οἱ
3928 3804 4021 3838 πι-

2440 3886 2555 3939 στοὶ
2590 3885 2854 3950 δικάζειν,
2907 3884 3130 3953 ἄμεινον
3178 3877 3246 3951 ἦν
3277 3882 3371 3933 καὶ
3400 3880 3594 3945 οὕτως,
3638 3882 3729 3931 ἐπὶ
3771 3878 3955 3931 αὐτῶν
3987 3879 4020 3947 ἦ

2437 3973 2532 4030 ἐπὶ
2584 3976 2694 4028 τῶν
2733 3976 2981 4027 ἀπίστων
3023 3972 3328 4040 κρίνεσθαι.
3373 3972 3483 4024 Καὶ
3516 3972 3648 4041 πρὸς
3704 3970 3942 4033 τούτοις.
3973 3974 4021 4021 εἰ

2434 4068 2527 4120 τὸν
2574 4066 2777 4135 κόσμον
2805 4064 3084 4134 κρίνομεν,
3116 4064 3275 4132 φησὶ,
3309 4062 3423 4123 πῶς
3458 4062 3558 4113 οὐκ
3605 4063 3752 4113 ἔστιν
3796 4062 4021 4124 ἀνάξιον

2436 4157 2590 4227 ὑμῶν
2626 4156 2911 4224 κρίνεσθαι
2951 4156 3056 4207 ὑπὸ
3086 4154 3193 4207 τῶν
3226 4154 3509 4219 ἀπίστων;
3544 4152 3702 4205 τοῦτο
3728 4153 3837 4221 γὰρ
3868 4154 4023 4222 δηλοῖ

2433 4250 2521 4304 διὰ
2553 4250 2647 4302 τοῦ
2684 4249 2881 4300 εἰπεῖν’
2916 4265 2933 4298 ι
2959 4246 3068 4300 Καὶ
3103 4246 3153 4297 εί
3187 4246 3244 4297 ἐν
3273 4246 3403 4314 ὑμῖν
3448 4245 3744 4314 κρίνεταιό
3788 4244 4018 4314 κόσμος,

2434 4338 2642 4403 ἀνάξιοί
2666 4338 2790 4388 ἐστε
2814 4336 3114 4406 κριτηρίων
3143 4334 3462 4404 ἐλαχίστων.
3485 4353 3503 4385 ι
3526 4335 3805 4405 Παραθεῖς
3831 4336 3891 4388 δὲ
3921 4338 4018 4401 τὰς

2432 4428 2700 4490 τοσαύτας
2737 4428 3063 4492 ἀποδείξεις,
3089 4429 3170 4479 ὅτι
3218 4429 3281 4480 ού
3315 4428 3399 4481 δεῖ
3433 4427 3717 4498 κρίνεσθαι
3748 4429 3843 4481 ἐπὶ
3889 4431 4021 4483 ἀπῖ-

748 4552 767 4583 σ
799 4533 868 4587 Ει
905 4534 950 4587 si
989 4550 1087 4602 per
1114 4535 1508 4605 vosjudicatur
1533 4535 1793 4599 mundus,
1826 4535 2034 4607 indigni
2063 4538 2199 4592 estis
2223 4538 2321 4593 ab-

2436 4535 2595 4583 στων,
2622 4519 2715 4570 ἐπὶ
2738 4518 2797 4570 τὸ
2823 4518 3156 4588 τελειότερον
3186 4517 3377 4587 ἀνάγει
3401 4519 3489 4571 τὸν
3520 4519 3699 4587 λόγον,
3727 4522 3820 4572 καί
3856 4540 4016 4590 φησι,

736 4624 1063 4694 jectissimis
1093 4627 1341 4694 judiciis.
1383 4645 1399 4678 ι
1446 4626 1547 4682 Ubi
1576 4636 1761 4682 autem
1792 4635 1874 4682 tot
1903 4630 2146 4683 rationes
2171 4630 2325 4685 addi-

739 4714 823 4769 dit
862 4717 1161 4785 probantes
1196 4734 1308 4771 non
1342 4728 1599 4788 Oportere
1630 4720 1699 4774 ab
1729 4720 2029 4774 incredulis
2063 4722 2323 4791 judicari,

742 4807 810 4859 ad
839 4807 891 4859 id
918 4810 1063 4876 quod
1096 4808 1402 4878 perfectius
1440 4816 1525 4863 est
1552 4824 1863 4863 sermonem
1903 4810 2137 4874 reducit,
2159 4811 2323 4882 465

738 4909 799 4951 et
833 4899 909 4951 ait
954 4917 966 4950 :
997 4898 1141 4964 Quid
1184 4899 1310 4953 dico
1340 4914 1451 4952 non
1489 4907 1748 4969 oportere
1777 4914 1875 4954 vos
1918 4899 1986 4953 ab
2025 4900 2327 4956 incredulis

735 4984 1029 5054 judicari?
1078 4986 1274 5040 melius
1303 4995 1453 5041 esset
1492 5003 1561 5040 ne
1601 5003 1631 5040 a
1679 4987 2038 5043 credentibus
2076 4990 2321 5058 quidem,

740 5077 839 5131 sed
870 5078 1044 5131 multo
1074 5077 1270 5132 melius
1296 5080 1475 5133 nullas
1502 5080 1645 5132 inter
1664 5094 1763 5133 vos
1785 5080 1988 5134 habere
2015 5080 2159 5136 lites.
2188 5082 2321 5137 Nam

740 5169 980 5238 idipsum
1009 5180 1205 5225 mutuo
1228 5186 1488 5225 accusare
1513 5187 1577 5226 ac
1604 5172 1863 5241 querelas
1884 5172 2110 5239 habere,
2136 5174 2320 5244 dejec-

739 5258 818 5312 tio
844 5262 1014 5315 vestri
1057 5270 1161 5316 est.
1186 5262 1464 5330 Optimum
1493 5261 1676 5330 itaque
1702 5270 1846 5317 esset
1880 5270 1939 5317 ut
1971 5278 2135 5318 nemo
2174 5264 2320 5334 inju-

739 5350 877 5405 riam
913 5351 1202 5421 irrogaret,
1258 5359 1355 5406 aut
1400 5352 1565 5406 etiam
1614 5354 1815 5423 injuria
1857 5352 2167 5409 aﬁieerctur
2198 5372 2210 5408 :
2242 5356 2317 5409 ita

737 5443 888 5497 enim
929 5444 1240 5498 communis
1268 5452 1416 5499 esset
1449 5444 1692 5498 omnium
1729 5446 1907 5501 virtus
1945 5461 2010 5500 ac
2063 5448 2229 5502 salus.
2261 5448 2315 5502 Si

736 5551 872 5589 vero
911 5550 1138 5590 necesse
1170 5545 1254 5590 est
1284 5545 1344 5591 ut
1382 5537 1613 5591 alterum
1645 5538 1889 5602 accedat,
1908 5539 2206 5609 eligibilius
2234 5547 2320 5593 est

2432 4612 2497 4664 Τί
2525 4612 2667 4679 λέγω
2690 4613 2769 4665 ὅτι
2786 4612 2846 4663 ού
2874 4611 2955 4664 δεῖ
2974 4611 3253 4683 κρίνεσθαι
3275 4613 3422 4682 ὑμᾶς
3438 4613 3531 4666 ἐπὶ
3554 4613 3828 4679 ἀπίστωνς
3853 4618 4017 4685 ἄμει-

2431 4722 2521 4757 νον
2546 4702 2633 4777 ἦν,
2661 4706 2794 4775 μηδὲ
2828 4706 2919 4758 ἐπὶ
2950 4704 3181 4767 πιστῶν,
3217 4704 3357 4758 ἀλλά
3383 4705 3564 4776 πολλῷ
3596 4707 3842 4776 ἄμεινον,
3877 4713 4016 4779 μηδὲ

2433 4796 2587 4860 δίκας
2616 4797 2760 4868 ἔχειν
2802 4796 2941 4866 πρὸς
2972 4796 3255 4865 ἀλλήλους.
3306 4796 3450 4850 Αὐτὸ
3477 4798 3587 4867 γὰρ
3635 4799 3698 4850 τὸ
3731 4802 4016 4856 αἰτιᾶσθαι

2430 4890 2567 4952 ὅλως
2589 4890 3026 4959 ἀλλήλους,ἧττη
3037 4907 3111 4958 μα
3141 4887 3169 4939 ὓ
3178 4887 3296 4958 μῶν
3321 4889 3490 4943 ἐστιν.
3509 4891 3765 4958 Ἀριστον
3790 4892 3893 4961 μὲν
3923 4892 4018 4947 οὖν

2434 4981 2638 5052 μηδένα
2677 4982 2815 5051 μήτε
2849 4981 3057 5033 ἀδικεῖν
3112 4982 3251 5050 μήτε
3301 4980 3627 5035 ἀδικεῖσθαι.
3678 4983 3867 5047 Οὕτως
3905 4989 4018 5058 γὰρ

2432 5074 2589 5145 κοινὴ
2620 5074 2839 5127 πάντων
2866 5069 2930 5144 ἦν
2953 5076 2986 5144 η
3017 5074 3187 5143 ἀρετὴ
3209 5074 3303 5128 καὶ
3331 5076 3363 5143 ή
3396 5076 3660 5143 σωτηρία.
3686 5077 3748 5129 El
3778 5078 3834 5130 δὲ
3868 5079 4016 5133 δυεῖν

2430 5165 2648 5236 ἀνάγκη
2684 5167 2914 5236 θάτερον
2942 5165 3305 5237 αἱρετώτερον
3337 5166 3431 5218 τοῦ
3466 5167 3671 5220 ἀδικεῖν
3702 5169 3779 5237 τῷ
3810 5172 4016 5227 ἀδικεῖ-

2432 5256 2579 5308 σθαι.
2605 5255 2677 5309 Τὸ
2709 5256 2806 5325 μὲν
2840 5256 2951 5325 γὰρ
2973 5256 3226 5309 ἐκϐάλλει
3253 5257 3349 5327 τῆς
3373 5257 3669 5335 βασιλείας,
3698 5262 3757 5313 τὸ
3785 5263 3841 5315 δὲ
3876 5281 4014 5334 προ-

2429 5351 2573 5414 ξενεῖ
2600 5352 2797 5421 αὐτήν.
2824 5352 2885 5405 Εἰ
2909 5353 2964 5405 δὲ
2987 5353 3049 5407 οὐ
3085 5354 3244 5423 μόνον
3273 5355 3371 5422 οὐχ
3403 5354 3646 5425 αἱρεῖσθε
3682 5356 4013 5422 ἀδικεῖσθαι,

2426 5443 2564 5497 ἀλλά
2610 5446 2704 5497 καὶ
2751 5444 3012 5507 ἀδικεῖτε,
3060 5447 3154 5498 καὶ
3191 5446 3313 5499 τότε
3367 5447 3631 5515 ἀδελφοὺς
3676 5454 3771 5502 καὶ
3808 5454 4014 5521 dport-

2431 5552 2613 5599 στους,
2646 5537 2726 5599 εἰς
2764 5530 2878 5590 οἷον
2908 5538 3035 5606 ὑμῖν
3065 5536 3134 5592 τὰ
3165 5537 3265 5607 τῆς
3289 5540 3558 5611 τιμωρίας
3585 5544 3863 5611 χωρήσει;

739 5628 997 5697 iniuriam
1034 5628 1149 5698 pati
1189 5643 1352 5698 quam
1387 5629 1535 5685 illam
1577 5631 1846 5701 irrogare.
1891 5630 2173 5701 Siquidem
2242 5631 2354 5685 hoc
2382 5645 2414 5685 e
2445 5644 2613 5700 regno
2656 5630 2828 5698 ejicit,
2863 5629 2998 5684 illud
3034 5640 3220 5687 autem
3267 5631 3448 5703 ipsum
3487 5634 3765 5690 conciliat.
3800 5635 4013 5703 Quodsi

741 5736 852 5773 non
889 5721 1051 5775 modo
1096 5736 1205 5776 non
1240 5722 1446 5791 eligitis
1493 5724 1748 5793 iniuriam
1799 5728 2076 5796 accipere,
2118 5726 2215 5781 sed
2248 5735 2303 5780 et
2334 5726 2481 5779 illam
2516 5723 2791 5794 irrogatis,
2827 5721 2992 5794 idque
3022 5723 3287 5782 adversus
3320 5725 3519 5783 fratres
3546 5736 3601 5785 et
3636 5730 3730 5799 qui
3756 5730 4010 5801 ejusdem

739 5826 869 5871 sunt
902 5816 1049 5886 fidei,
1088 5831 1354 5889 quantum
1422 5820 1581 5877 vobis
1612 5821 1665 5876 id
1736 5822 1803 5877 ad
1838 5837 2028 5894 paruas
2104 5824 2261 5879 cedet
2298 5821 2552 5894 supplicii
2583 5825 2595 5877 ι
