4194 6468
752 390 857 451 7ιῦ
1806 387 2205 448 (ECUMENU
2248 388 2539 451 TRICC/E
2565 390 2904 451 EPISCOPI
3893 390 4001 455 716

753 502 932 559 Patris
968 509 1095 555 sunt
1120 498 1274 554 Filio.
1298 498 1432 553 Nam
1471 513 1592 569 qua:
1614 497 1774 552 Pater
1790 495 2317 564 iacit,ha:cetFiliut

2435 501 2592 571 δῆλον
2629 501 2705 565 ὡς
2733 501 3199 572 συναναστήσεται
3235 500 3294 555 τὸ
3327 500 3512 555 λοιπδν
3538 500 3717 572 σῶμα.
3744 521 3762 553 ι
3781 503 3882 556 Διὰ
3909 507 4011 573 τῆς

748 597 901 659 facit,
920 604 975 649 et
992 607 1090 647 nos
1115 590 1553 646 resuscitabit.Si
1571 603 1701 659 ergo
1722 605 1915 645 sumus
1926 590 2130 646 Christi
2149 607 2317 647 mem-

2432 592 2716 662 δυνάμεως
2743 592 2931 648 αὐτοῦ.
2968 612 2985 644 ι
3026 595 3099 647 Τὸ
3136 595 3228 647 τοῦ
3276 593 3434 661 λόγου
3471 593 3755 658 ἀπίθανον,
3790 594 3880 648 διὰ
3911 598 4013 665 τῆς

728 688 866 749 bra,
888 686 1211 741 sicuticerte
1229 699 1437 748 sumus,
1455 682 1803 737 manifestum
1819 692 1901 737 est
1919 682 2063 751 quod
2086 686 2317 739 excitato

2430 690 2715 761 δυνάμεως
2747 692 2841 745 τοῦ
2872 690 3006 745 Θεοῦ
3045 693 3463 757 πιστοποιείται,
3496 690 3633 761 ὅπερ
3668 691 3749 755 είς
3785 690 3885 761 τὴν
3913 690 4012 743 τοῦ

747 782 944 847 capite,
1031 776 1303 846 reliquum
1357 790 1462 828 una
1488 790 1689 845 corpus
1748 775 2100 830 excitabitur.
2160 795 2177 829 ι
2224 777 2317 831 Pet

2429 782 2670 850 Χριστοῦ
2725 782 3019 836 ἀνάστασιν
3076 782 3137 836 οὐ
3202 781 3447 835 τέθεικεν
3518 781 3782 849 (ἐγεγόνει
3835 781 4007 852 γὰρ),

745 870 1043 939 potentiam
1103 883 1279 922 suam.
1319 884 1335 917 ι
1374 866 1503 936 Ejus
1540 867 1685 935 quod
1716 866 1771 920 in
1815 881 2075 921 sermone
2105 867 2317 921 ereditu

2434 872 2550 925 ἀλλ’
2583 874 2676 926 ἐπὶ
2704 873 2803 942 τῆς
2835 872 2991 943 ἡμῶν
3025 873 3399 935 ἀναστάσεως,
3428 873 3515 925 ἵνα
3553 872 3628 943 μὴ
3657 872 4008 943 ἀπιστῶμεν,

760 961 979 1016 dillicile
1005 968 1141 1024 erat,
1175 973 1274 1028 per
1310 958 1406 1012 Dei
1438 956 1737 1028 potentiam
1768 955 1932 1011 [idem
1988 957 2137 1023 facit,
2182 958 2317 1027 quod

2432 962 2530 1016 καὶ
2566 963 2653 1017 ἵνα
2684 964 2811 1026 τοὺς
2840 963 3222 1031 ἀντιλέγοντας
3253 964 3603 1035 ἐπιστομίσῃ.

743 1054 809 1108 ad
841 1052 1046 1108 Christi
1096 1051 1555 1106 resurrectionem
1600 1064 1711 1103 non
1781 1050 1997 1118 posuit,
2065 1050 2176 1118 jam
2233 1053 2381 1107 enim
2420 1054 2564 1110 facta
2622 1065 2761 1122 erat,
2806 1056 2902 1112 sed
2949 1065 3174 1128 propter
3221 1066 3463 1112 nostram
3498 1055 3960 1110 resurrectionem
3986 1080 4006 1119 ε

742 1162 811 1202 ne
840 1142 1107 1199 increduli
1171 1143 1364 1205 simus,
1395 1150 1448 1194 et
1473 1148 1533 1194 nt
1558 1139 2063 1194 contradicentibus
2085 1140 2336 1197 obstruat
2373 1158 2489 1199 ora.

812 1238 902 1302 \‘l,
940 1235 1122 1289 15-18.
1151 1236 1233 1286 An
1268 1232 1475 1284 nescitis
1499 1231 1637 1301 quod
1683 1245 1908 1301 corpora
1942 1237 2115 1283 vestra
2146 1246 2312 1282 mem-

2497 1236 2619 1288 Οὺκ
2648 1234 2848 1289 οἴδατε
2879 1235 2967 1287 ὅτι
3000 1235 3071 1288 τὰ
3102 1233 3347 1303 σώματα
3364 1232 3532 1304 ὑμῶν
3556 1234 3712 1305 μέλη
3745 1236 4008 1304 Χριστοῦ

742 1332 837 1383 bra
865 1331 968 1382 sint
998 1325 1235 1380 Christi?
1264 1322 1403 1377 Num
1430 1324 1590 1391 igitur
1621 1321 1810 1374 tollens
1864 1321 2096 1374 membra
2131 1319 2317 1374 Christi

2421 1322 2632 1390 ἐστιν;
2682 1325 2827 1391 ἄρας
2867 1321 2981 1380 οὖν
3026 1323 3098 1377 τὰ
3140 1325 3300 1393 μέλη
3340 1327 3446 1380 τοῦ
3482 1326 3741 1394 Χριστοῦ
3770 1328 4010 1394 ποιήσω

743 1423 936 1491 faciam
993 1418 1152 1472 scorti
1177 1416 1407 1469 membra
1432 1415 1457 1467 .9
1490 1414 1659 1466 Absit.
1726 1413 1809 1466 An
1841 1414 2045 1465 nescitis
2076 1411 2214 1479 quod
2232 1413 2317 1481 qui

2429 1417 2656 1484 πόρνης
2682 1418 2871 1486 μέλω
2922 1416 3018 1484 Μὴ
3056 1416 3305 1485 γένοιτο.
3339 1420 3414 1471 ’Ἠ
3442 1419 3551 1471 οὐκ
3592 1420 3792 1472 οἴδατε
3832 1420 3923 1472 ὅτι
3976 1424 4008 1473 ὀ

743 1510 1108 1579 aggtutinatur
1150 1514 1321 1559 scorto
1345 1520 1508 1558 unum
1543 1518 1729 1571 corpus
1761 1502 1881 1555 est?
1944 1502 2119 1556 Erunt
2183 1502 2317 1554 enim

2428 1505 2808 1575 κολλώμενος
2834 1506 2907 1574 τῇ
2940 1510 3131 1575 πόρνῃ
3172 1506 3240 1560 ἓν
3269 1507 3441 1577 σῶμά
3479 1508 3686 1574 iactr;
3714 1510 4007 1564 Ἔσονται

742 1602 866 1663 (tuo,
890 1600 1079 1668 inquit,
1104 1599 1159 1651 in
1177 1613 1386 1650 carnem
1411 1594 1677 1650 unam.At
1702 1594 1791 1662 qui
1819 1594 2185 1663 agglutinatur
2226 1592 2317 1645 Do-

2427 1598 2559 1665 γὰρ,
2584 1595 2795 1664 φησιν,
2825 1598 2878 1649 οι
2904 1595 3013 1649 δύο
3039 1598 3126 1662 είς
3145 1597 3342 1664 σάρκα
3378 1599 3547 1665 μίαν.
3584 1597 3637 1649 '0
3676 1598 3745 1651 δὲ
3770 1598 4007 1651 κολλώ-

744 1694 886 1746 mino
926 1707 1059 1743 unus
1112 1689 1325 1756 spiritus
1373 1696 1465 1739 est.
1512 1684 1694 1753 Fugite
1728 1685 2119 1741 scortationem,
2159 1680 2317 1737 Omne

2422 1705 2608 1757 μενος
2638 1686 2718 1753 τῷ
2747 1688 2940 1757 Κυρίῳ
2987 1689 3056 1741 ἓν
3110 1688 3351 1758 πνεῦμὰ
3392 1690 3545 1743 ἐστι.
3595 1691 3849 1758 Φεύγετε
3890 1689 4008 1757 τὴν

743 1792 1008 1851 peccatum
1034 1752 1373 1849 quodcunque
1398 1752 1791 1846 feceritihomo,
1811 1786 1959 1829 extra
1994 1792 2181 1845 corpus
2211 1782 2317 1831 est:

2423 1752 2533 1848 ⁷ποδί
2548 1752 2739 1833 ualui.
2768 1752 3246 1849 Πάνήάμὰρτημα
3267 1752 3331 1835 Vb
3384 1782 3493 1834 ἐὰν
3520 1752 3744 1849 «ouidi-7
3777 1752 4008 1850 ἄνθρῶ-

740 1873 829 1926 sed
866 1872 1263 1943 quiscortatur,
1289 1871 1342 1922 in
1384 1869 1655 1939 proprium
1692 1884 1876 1938 corpus
1910 1877 2107 1939 peccat.

812 2054 891 2109 Ad
916 2051 1255 2123 praemissam
1279 2050 1423 2104 redit
1447 2048 1889 2104 adhortationem
1906 2064 2027 2118 qua:
2056 2047 2320 2103 adversus

741 2146 1293 2202 scortationemerat.
1328 2142 1463 2196 Vide
1496 2150 1677 2195 autem
1736 2140 1881 2210 quod
1942 2156 2049 2193 non
2078 2140 2317 2195 dixerit:

740 2236 984 2293 Membra
1008 2234 1212 2288 Christi
1240 2234 1464 2302 jungam
1494 2230 1791 2295 meretrici,
1828 2230 1921 2284 sed
1958 2230 2102 2299 quod
2136 2230 2320 2284 horri-

742 2327 904 2381 bilius
934 2334 1073 2385 erat,
1100 2338 1297 2391 nempe
1335 2321 1526 2374 tollere
1562 2335 1592 2372 a
1623 2318 1847 2373 Christo
1897 2319 2086 2372 eadem
2146 2319 2320 2388 ipsius

740 2417 1009 2477 membra,
1057 2422 1113 2468 et
1135 2411 1353 2465 eﬂicere
1377 2416 1437 2462 ut
1466 2409 1578 2462 sint
1618 2409 1788 2463 scorti
1825 2425 1837 2461 :
1877 2426 1895 2458 ι
1945 2408 2122 2462 Erunt
2171 2406 2318 2462 enim

741 2508 873 2570 duo,
908 2505 1117 2575 inquit,
1152 2505 1207 2556 in
1241 2516 1463 2555 carnem
1499 2516 1688 2552 unam.
1732 2518 1748 2549 ι
1812 2498 1891 2552 Ad
1939 2498 2317 2553 testimonium

740 2599 968 2653 adducit
995 2606 1151 2650 vetns
1179 2595 1611 2649 Testamentum.
1643 2592 1925 2658 Quomodo
1949 2600 2129 2645 autem
2157 2599 2319 2646 erunt

744 2693 862 2747 sive
898 2690 1218 2759 redigentur
1248 2686 1301 2739 in
1329 2700 1549 2739 carnem
1579 2684 1782 2737 unam?
1832 2682 2103 2748 Quoniam
2164 2696 2318 2736 com-

747 2785 933 2838 mistio
969 2799 1078 2836 non
1112 2778 1545 2849 permittitduos
1602 2791 1723 2830 esse
1784 2775 1942 2839 duos,
2000 2775 2094 2828 sed
2146 2788 2317 2827 unum

741 2876 906 2930 emcit
936 2892 950 2940 ;
975 2882 1029 2928 et
1062 2873 1322 2942 quoniam
1366 2868 1610 2922 membra
1643 2866 1845 2922 Christi
1878 2876 2007 2919 sunt
2031 2866 2194 2920 homo
2221 2865 2316 2935 qui

740 2977 924 3022 scorto
971 2964 1182 3027 unitur,
1225 2962 1301 3014 illi
1334 2960 1576 3028 scipsum
1605 2957 1748 3021 unit,
1797 2957 2114 3025 Christique
2141 2972 2316 3011 mem-

740 3063 838 3115 bra
895 3066 1248 3127 conspurcat.
1276 3057 1340 3109 Et
1367 3068 1678 3124 quanquam
1705 3054 1757 3105 in
1783 3067 1915 3105 vero
1948 3067 2163 3120 quoque
2185 3066 2317 3105 con-

734 3151 1175 3222 juginuniantur
1206 3148 1369 3218 470
1425 3147 1533 3197 duo
1593 3144 1649 3197 in
1702 3158 1921 3196 carnem
1963 3159 2147 3207 unam,
2198 3142 2315 3212 pari

743 3255 923 3298 tamen
951 3241 1114 3294 modo
1157 3241 1321 3294 etiam
1372 3237 1571 3291 accidit
1620 3235 1671 3288 in
1720 3234 1908 3288 infami
1958 3235 2314 3289 scortatione.

747 3357 764 3388 ι
800 3337 868 3390 At
912 3336 1005 3405 qui
1062 3333 1434 3402 agglutinatur
1482 3332 1737 3386 Domino.
1783 3350 1801 3382 ι
1850 3330 1985 3385 Vide
2038 3329 2315 3398 quomodo

739 3430 946 3499 apertis
974 3429 1291 3482 nominibus
1306 3425 1470 3479 scorti
1494 3436 1543 3477 et
1578 3424 1807 3487 Christi,
1853 3424 2119 3492 producat
2155 3438 2316 3476 accu-

744 3518 1034 3577 sationem,
1053 3514 1476 3584 rcddensipsam
1501 3513 1828 3583 graviorem.
1871 3533 1888 3563 ι
1914 3512 2067 3567 Unus
2088 3512 2317 3581 spiritus

738 3618 873 3662 est.»
898 3607 1064 3669 Talis,
1089 3606 1287 3675 inquit,
1305 3606 1405 3659 etsi
1438 3620 1670 3673 corpore
1684 3603 2076 3666 circumdetur,
2093 3604 2317 3672 spiritus

744 3710 923 3753 tamen
955 3698 1211 3761 efficitur,
1243 3714 1308 3751 ex
1338 3699 1440 3751 hoc
1475 3698 1650 3750 solum
1703 3698 1847 3766 quod
1906 3696 2040 3750 nihil
2099 3696 2315 3750 carnale

742 3797 1017 3857 operatur.
1055 3816 1122 3826 —-
1155 3786 1272 3839 Alio
1300 3786 1473 3839 modo.
1510 3786 1615 3840 Aut
1644 3784 1771 3853 quia
1800 3800 1897 3853 per
1917 3783 2156 3837 medium
2192 3783 2317 3853 Spi-

745 3887 911 3939 ritum
945 3895 1195 3938 sanctum
1216 3883 1328 3937 Deo
1359 3882 1734 3951 conjungitur,
1766 3882 1857 3950 qui
1882 3896 1980 3950 per
2009 3881 2313 3950 spiritualia

741 3991 908 4044 opera
938 3974 1042 4042 ipsi
1092 3972 1485 4042 agglutinatur.
1514 4001 1584 4013 —-
1638 3971 1757 4025 Alio
1792 3971 1965 4024 modo.
2012 3970 2187 4027 Unius
2231 3978 2317 4024 est

742 4065 971 4136 speciei,
1005 4064 1231 4119 omnino
1256 4064 1560 4133 spiritualis
1592 4063 1826 4116 edicitur
1849 4063 2053 4115 unione
2102 4061 2169 4115 ad
2205 4062 2314 4115 Do-

743 4158 975 4220 minum,
1002 4172 1111 4209 non
1137 4156 1435 4210 attrahitur
1456 4154 1770 4208 carnalibus
1796 4154 2106 4217 aﬂ‘eclibus,
2135 4168 2314 4221 neque

743 4249 1015 4303 scinditur
1037 4249 1090 4301 in
1115 4247 1340 4317 duplum
1364 4246 1645 4315 quiddam,
1670 4246 1780 4300 Deo
1806 4246 2052 4300 serviens
2072 4252 2127 4299 et
2146 4259 2316 4297 mam-

743 4355 943 4403 monae,
967 4339 1063 4393 sed
1080 4338 1265 4391 nnitns
1280 4338 1505 4389 omnino
1521 4345 1624 4399 est,
1648 4345 1900 4404 totusque
1915 4335 2235 4405 spiritualis,
2258 4333 2312 4386 in

2422 1887 2556 1938 πος,
2588 1872 2763 1938 ἐκτὸς
2783 1873 2889 1927 τοῦ
2922 1873 3193 1941 σώματός
3212 1873 3401 1939 ἐστιν,
3438 1876 3471 1927 ὁ
3492 1872 3562 1926 δὲ
3581 1875 3896 1942 πορνεύων
3916 1876 4005 1940 είς

2422 1966 2489 2015 τὸ
2516 1964 2670 2017 ἴδιον
2693 1963 2865 2034 σῶμα
2896 1965 3239 2034 ἁμαρτάνει.

2494 2054 2663 2107 Πάλιν
2693 2055 2786 2107 ἐπὶ
2813 2056 2913 2125 τὴν
2955 2056 3326 2126 προκειμένην
3354 2052 3488 2127 ἦλθε
3520 2056 3862 2126 παραίνεσιν,
3901 2056 4003 2125 τὴν

2423 2146 2561 2200 κατὰ
2592 2148 2869 2217 πορνείας.
2902 2148 3042 2219 Ὅρα
3073 2148 3151 2210 δὲ,
3181 2149 3279 2201 οὐκ
3307 2144 3431 2203 εἷπε
3460 2151 3542 2203 Τὰ
3570 2151 3706 2221 μέλη
3740 2150 3832 2204 τοῦ
3868 2151 4004 2219 Χρι-

2424 2237 2550 2290 στοῦ
2580 2238 2755 2302 ζεύξω
2778 2240 2975 2309 πόρνῃ,
3021 2238 3136 2292 ἀλλ’
3167 2242 3303 2312 ὅπερ
3333 2238 3399 2312 ἦν
3442 2242 3735 2312 φρικῶδες,
3776 2242 3837 2294 τὸ
3870 2238 4003 2311 ἆραι

2419 2329 2489 2381 τὰ
2519 2328 2713 2383 ἑαυτοῦ
2740 2330 2874 2401 μέλη
2906 2332 2984 2401 τῷ
3011 2328 3149 2385 εἶναι
3193 2333 3429 2404 Χριστοῦ
3472 2334 3562 2388 καὶ
3592 2337 3818 2403 ποιῆσαι
3856 2330 4000 2388 εἶναι

2422 2421 2629 2492 πόρνης
2658 2438 2672 2451 ο
2702 2439 2720 2472 ι
2771 2424 3028 2477 Ἔσονται
3054 2424 3183 2493 γὰρ,
3220 2427 3407 2495 φησιν,
3455 2427 3505 2478 ot
3542 2426 3635 2478 δύο
3684 2429 3764 2489 εις
3814 2428 4000 2495 σάρκα

2424 2510 2573 2581 μίαν.
2612 2530 2631 2564 ι
2682 2512 2778 2576 Εἰς
2811 2515 3120 2585 μαρτυρίαν
3158 2516 3316 2586 φέρει
3345 2517 3443 2586 τὴν
3478 2518 3739 2573 Παλαιὰν.
3788 2518 3915 2579 Πῶς
3944 2517 4002 2569 δὲ

2420 2602 2631 2657 ἔσονται
2662 2606 2740 2667 εις
2776 2605 2954 2675 σάρκα
2989 2606 3141 2673 μίαν;
3184 2608 3303 2662 Ὀτι
3345 2609 3377 2679 ἡ
3429 2610 3643 2671 σύνοδος
3666 2610 3766 2662 οὐκ
3799 2610 4000 2679 ἀψίησι

2418 2693 2544 2756 τοὺς
2569 2692 2661 2747 δύο
2694 2690 2834 2748 εἶναι
2861 2696 2977 2759 δύο,
3004 2696 3117 2749 ἀλλ’
3151 2698 3245 2750 ἕνα
3274 2701 3436 2753 ποιεῖ.
3482 2699 3697 2771 Ἐπειδὴ
3734 2700 3875 2771 μέλη
3903 2700 4000 2754 τοῦ

2418 2783 2658 2851 Χριστοῦ
2690 2786 2839 2839 ἐστιν
2866 2787 2895 2839 ὁ
2928 2786 3216 2857 ἄνθρωπος
3247 2789 3533 2860 ἐνούμενος
3561 2782 3639 2861 τῇ
3658 2791 3857 2861 πόρνῃ,
3887 2793 4003 2846 ἑνοῖ

2419 2873 2613 2928 ἑαυτὸν
2645 2876 2782 2946 αὐτῇ
2815 2878 2909 2929 καὶ
2962 2879 3162 2948 μιαίνει
3209 2880 3277 2933 τὰ
3313 2881 3447 2949 μέλη
3484 2880 3744 2950 Χριστοῦ.
3782 2882 3845 2935 Εἰ
3888 2882 3999 2951 γὰρ

2422 2963 2515 3017 καὶ
2542 2965 2620 3027 είς
2648 2965 2739 3018 τὸν
2769 2965 3021 3035 ἀληθινὸν
3049 2968 3225 3037 γάμον
3248 2969 3494 3023 ἑνοῦνται
3525 2974 3574 3022 οἱ
3596 2971 3687 3023 δύο
3715 2973 3795 3035 είς
3814 2974 3996 3041 σάρκα

2424 3055 2569 3123 μίαν,
2608 3055 2721 3106 ἀλλ’
2753 3056 2955 3125 ὁμοίως
3001 3059 3093 3110 καὶ
3141 3061 3219 3123 είς
3248 3060 3346 3131 τὴν
3392 3060 3825 3133 διαϐεϐλημένην
3856 3082 3998 3132 πορ-

2420 3143 2589 3198 νείαν.
2630 3163 2648 3194 ι
2695 3144 2754 3195 '0
2787 3146 2843 3197 δὲ
2895 3146 3230 3217 κολλώμενος
3276 3150 3351 3220 τῷ
3400 3151 3609 3221 Κυρίῳ.
3646 3171 3664 3203 ι
3699 3154 3840 3223 Ὅρα
3876 3154 3995 3215 πῶς

2419 3237 2505 3289 διὰ
2537 3238 2758 3306 γυμνῶν
2788 3239 2897 3290 τῶν
2926 3240 3204 3309 ὀνομάτων
3232 3242 3328 3311 τῆς
3359 3244 3561 3314 πόρνης
3604 3247 3694 3299 καὶ
3726 3246 3819 3297 τοῦ
3860 3247 3998 3316 Χρι-

2420 3327 2566 3391 στοῦ,
2617 3329 2847 3397 προάγει
2898 3331 2997 3397 τὴν
3049 3335 3405 3403 κατηγορίαν,
3441 3336 3757 3388 δεινοποιῶν
3792 3338 3989 3406 αὑτήν.

2424 3437 2442 3470 ι
2490 3420 2586 3472 Ἓν
2618 3419 2834 3489 πνεῦμά
2862 3423 3028 3475 ἐστιν.
3070 3440 3087 3473 ι
3138 3424 3197 3475 ’0
3228 3424 3490 3489 τοιοῦτος,
3513 3427 3668 3495 φησι,
3700 3428 3801 3479 κᾶν
3828 3428 3995 3497 σῶμα

2419 3509 2749 3577 περίκειται,
2780 3512 2996 3581 πνεῦμα
3024 3514 3256 3581 γίνεται,
3298 3517 3457 3585 μόνον
3494 3516 3569 3586 τῷ
3606 3517 3772 3586 μηδὲν
3815 3520 3997 3569 ποιεῖν

2419 3602 2701 3672 σαρκικόν.
2738 3631 2801 3641 ι-
2827 3605 3075 3670 Ἄλλως.
3110 3606 3449 3678 [01ΚΟΥΜ.]
3484 3609 3553 3660 Ἦ
3584 3610 3663 3661 ὅτι
3696 3608 3783 3662 διὰ
3820 3612 3993 3679 μέσον

2416 3694 2510 3746 τοῦ
2544 3694 2700 3760 ἁγίου
2728 3694 3044 3765 Πνεύματος
3075 3700 3409 3751 συνάπτεται
3442 3700 3519 3768 τῷ
3541 3701 3781 3770 Χριστῷ,
3818 3719 3997 3771 προσ-

2420 3780 2761 3848 κολλώμενος
2802 3782 2950 3852 αύτῷ
2981 3783 3069 3835 διὰ
3110 3785 3218 3837 τῶν
3266 3788 3650 3855 πνευματικῶν
3696 3789 3898 3859 ἔργων.
3928 3820 3999 3831 -

2423 3871 2669 3936 Ἄλλως.
2732 3870 2943 3944 [ΦΩΤ.]
3000 3876 3296 3944 Μονοειδής
3350 3880 3530 3943 ἐστιν,
3598 3880 3732 3943 ὅλως
3782 3880 3996 3947 γίνεται

2419 3962 2808 4029 πνευματικὸς,
2862 3966 2928 4033 τῇ
2994 3967 3132 4034 πρὸς
3194 3967 3284 4019 τὸν
3358 3968 3561 4038 Κύριον
3611 3969 3823 4024 ἐνώσει.
3878 3972 3996 4024 Οὐκ

2415 4054 2731 4122 ἐπισύρεται
2774 4055 2843 4108 τὰ
2879 4058 3119 4126 σαρκικὰ
3173 4059 3342 4128 πάθη,
3373 4061 3497 4113 οὐδὲ
3528 4062 3769 4133 σχίζεται
3803 4065 3885 4125 εἰς
3916 4064 3997 4116 διο

2416 4147 2584 4215 πλόην
2618 4146 2761 4211 τινὰ,
2810 4146 2930 4216 Θεῷ
2981 4148 3249 4201 δουλεύων
3281 4149 3376 4203 καὶ
3411 4155 3667 4223 μαμωνᾷ,
3700 4153 3818 4205 ἀλλ’
3847 4154 3990 4218 ὅλως

2418 4236 2617 4298 ὲνιαῖός
2650 4238 2764 4289 ὲστι
2805 4239 2898 4290 καὶ
2924 4239 3043 4302 ὅλος
3074 4242 3465 4310 πνευματικὸς,
3496 4244 3575 4306 είς
3606 4244 3831 4315 ἑνότητα
3864 4263 3995 4298 συν-

2417 4332 2687 4395 αγόμενος
2716 4329 3045 4398 πνεύματος.
3079 4350 3097 4382 ‹
3135 4333 3251 4385 Πᾶν
3284 4333 3587 4405 ἁμάρτημα
3611 4335 3640 4387 ὃ
3668 4336 3761 4388 ἐὰν
3786 4337 3995 4410 ποιήσῃ

745 4430 975 4499 spiritus
994 4429 1257 4482 unitatem
1277 4428 1562 4481 adductus.
1588 4445 1604 4475 ι
1639 4426 1810 4479 Omne
1838 4436 2119 4495 peccatum
2139 4425 2313 4493 quod-

2420 4415 2724 4485 ἄνθρωπος,
2748 4417 2904 4482 ἐκτὸς
2926 4420 3018 4472 τοῦ
3044 4420 3294 4489 σώματός
3317 4427 3485 4478 ἐστιν.
3528 4442 3545 4475 ι
3587 4426 3710 4478 Ἐπὶ
3734 4426 3834 4494 τῆς
3857 4445 3994 4497 πορ-

745 4536 961 4588 cnnquc
991 4519 1182 4573 fecerit
1221 4519 1404 4579 homo,
1439 4529 1592 4571 extra
1625 4533 1823 4587 corpus
1844 4526 1947 4571 est.
1979 4535 1996 4567 ι
2030 4516 2087 4571 ln
2110 4526 2316 4569 scorta-

748 4614 918 4674 tione,
975 4610 1172 4678 inquit,
1200 4619 1372 4663 totum
1399 4625 1600 4677 corpus
1623 4618 2019 4679 conSpurcatur
2044 4623 2059 4660 :
2092 4616 2314 4677 propter

746 4698 894 4769 quod
918 4699 1083 4752 etiam
1114 4697 1285 4751 moris
1299 4707 1384 4753 est
1414 4706 1472 4751 ut
1495 4697 1587 4765 qui
1622 4699 1843 4751 scortati
1878 4697 2087 4751 suntad
2119 4696 2313 4749 balnea

752 4795 999 4840 currant.
1030 4784 1310 4837 Homicida
1331 4799 1460 4837 vero
1515 4792 1569 4837 et
1591 4793 1777 4853 raptor
1805 4799 1999 4837 manus
2052 4786 2315 4836 duntaxat

746 4877 1168 4933 commaculant.
1229 4873 1384 4939 Quod
1411 4885 1590 4929 autem
1632 4875 1789 4939 dicit,
1824 4893 1842 4924 ‹
1880 4874 2070 4943 Fugite
2111 4881 2318 4928 scorta-

748 4969 975 5027 tionom.
1010 4985 1027 5017 ι
1071 4966 1368 5019 studiosam
1402 4966 1649 5035 designat
1698 4967 2075 5020 evitationem.
2112 4995 2179 5005 —
2209 4965 2316 5018 Aut

748 5059 877 5125 quia
910 5067 1105 5112 cmtera
1131 5056 1259 5109 vitia
1281 5072 1347 5108 ex
1369 5056 1535 5108 animi
1555 5056 1983 5125 uniuscujusque
2013 5056 2315 5123 procedunt

761 5147 1071 5211 affectibus,
1105 5154 1295 5214 utpote
1319 5146 1410 5199 ira:
1438 5145 1491 5197 in
1517 5145 1809 5208 homicida,
1838 5146 2016 5200 inanis
2041 5146 2225 5216 gloria:
2259 5148 2311 5200 in

753 5238 839 5291 his
869 5239 961 5305 qui
989 5236 1261 5289 ditescere
1295 5235 1521 5303 cupiunt
1550 5251 1564 5296 ;
1604 5237 1865 5291 scortatio
1899 5251 2034 5289 vero
2084 5251 2151 5289 ex
2194 5236 2313 5305 ipso

749 5342 979 5396 corpore
1004 5325 1180 5380 fontes
1200 5325 1285 5380 sui
1312 5325 1475 5378 habet
1502 5326 1734 5381 ardoris.
1756 5326 1887 5380 Rem
1910 5335 2089 5380 autem
2106 5343 2313 5397 augere

754 5418 953 5479 noluit,
986 5418 1243 5485 quoniam
1269 5416 1337 5469 de
1373 5415 1567 5470 eodem
1622 5417 1902 5486 praemissa
1946 5424 2031 5469 est
2084 5417 2150 5470 ab
2197 5418 2313 5485 ipso

753 5508 1081 5561 exhortatio.
1124 5506 1311 5575 Neque
1342 5507 1487 5561 enim
1516 5508 1697 5561 omnia
1723 5509 1949 5562 omnino
1996 5508 2210 5563 excedit
2259 5508 2312 5561 in

753 5596 1021 5665 pravitate
1050 5594 1331 5650 scortatio.
1360 5596 1551 5650 Plures
1580 5597 1682 5650 hac
1702 5597 1767 5651 de
1794 5613 1853 5651 re
1870 5595 2021 5651 dedit
2045 5598 2315 5666 interpre-

756 5685 991 5739 tationes
1014 5683 1208 5738 beatus
1247 5684 1574 5740 Severianus
1599 5685 2054 5755 quinquagesimo
2078 5689 2315 5757 septimo

755 5773 1063 5841 volumine,
1085 5790 1336 5833 sermone
1365 5777 1733 5848 tertio,capite
1761 5777 1974 5834 decimo
2002 5793 2146 5835 nono
2172 5780 2312 5836 hanc

2418 4506 2586 4569 νείας,
2618 4508 2801 4577 φησιν,
2826 4509 2944 4561 ὅλον
2978 4510 3264 4578 μολύνεται
3294 4512 3353 4564 τὸ
3377 4512 3555 4582 σῶμα.
3586 4512 3748 4566 Ὅθεν
3772 4516 3866 4567 καὶ
3890 4518 3993 4585 ἀπὶ

2419 4595 2671 4666 βαλανεῖα
2698 4598 2911 4669 τρέχειν
2943 4600 3060 4664 ἔθος
3086 4604 3197 4664 τοῖς
3222 4603 3601 4673 πορνεύσασιν.
3638 4602 3694 4657 ’0
3722 4605 3778 4658 δέ
3804 4624 3866 4673 γε
3892 4609 3994 4660 ἀν-

2416 4688 2669 4757 δροφόνος
2699 4691 2792 4743 καὶ
2837 4691 3042 4761 ἅρπαξ,
3077 4696 3233 4762 χεῖρα
3266 4693 3550 4764 μολύνουσι
3584 4695 3766 4762 μόνον.
3803 4696 3875 4748 Τὸ
3907 4698 3989 4759 δὲ,

2422 4797 2440 4828 ι
2476 4780 2708 4846 Φεύγετε
2743 4782 2840 4853 τὴν
2873 4786 3149 4853 πορνείαν,
3186 4785 3283 4855 τὴν
3330 4786 3467 4854 μετᾶ
3508 4786 3745 4853 σπουδῆς
3787 4788 3993 4840 ἀποδθο

2416 4873 2516 4939 χὶον
2544 4872 2709 4941 δηλοῖ.
2746 4904 2813 4913 —
2850 4873 3189 4947 [OIKOTllL]
3228 4877 3295 4930 Ἣ
3328 4879 3407 4931 ὅτι
3446 4879 3512 4931 τὰ
3544 4879 3704 4931 λοιπᾶ
3734 4880 3992 4949 ἁμαρτή-

2419 4978 2566 5028 ματα
2610 4965 2702 5015 καὶ
2747 4965 2811 5017 ὲκ
2846 4966 3079 5035 ψυχικοῦ
3135 4969 3340 5030 πάθους
3386 4970 3615 5036 γίνεται,
3659 4962 3768 5022 οἷον
3817 4972 3985 5039 ὀργῆς

2414 5053 2512 5105 ἐπὶ
2559 5055 2907 5125 ἀνδροφόνου,
2961 5060 3264 5125 κενοδοξίας
3314 5062 3405 5113 ἐπὶ
3447 5062 3555 5113 τῶν
3591 5062 3841 5115 πλουτεῖν
3871 5062 3987 5114 '20:-

2415 5146 2630 5202 λόντων.
2678 5148 2741 5201 ’11
2772 5150 2827 5202 δέ
2860 5168 2922 5218 γε
2952 5153 3174 5220 πορνεία
3206 5151 3265 5216 ἐξ
3296 5151 3459 5204 αὑτοῦ
3488 5152 3582 5205 τοῦ
3613 5153 3863 5221 σώματος
3886 5154 3986 5216 τὰς

2416 5241 2595 5307 πηγὰς
2628 5240 2739 5309 ἔχει
2774 5243 2874 5310 τῆς
2907 5242 3227 5312 ἐπιθυμίας,
3274 5242 3494 5313 Ἐξᾶραι
3524 5244 3579 5297 δὲ
3608 5244 3883 5315 ἠϐουλήθη
3924 5246 3984 5297 τὸ

2417 5333 2668 5400 πρᾶγμα,
2694 5333 2880 5402 ἐπειδὴ
2906 5335 3033 5403 περὶ
3068 5335 3231 5387 αὑτοῦ
3267 5335 3554 5405 πρόκειται
3587 5335 3735 5404 αὐτῷ
3772 5338 3803 5403 ἡ
3839 5353 3984 5404 παρ-

2415 5420 2637 5482 αίνεσις.
2676 5422 2750 5473 υύ
2800 5422 2909 5492 γὰρ
2939 5424 3151 5485 πάντως
3190 5424 3407 5477 πάντων
3441 5426 3621 5493 χεῖρον
3667 5426 3701 5493 ὴ
3734 5425 3982 5494 πορνεία.

2416 5507 2580 5562 Εἶπεν
2643 5513 2718 5574 είς
2778 5512 2937 5565 τοῦτο
2993 5513 3210 5576 πλείους
3259 5515 3575 5585 ἑρμηνείας,
3625 5516 3654 5567 ό
3700 5516 3758 5567 ὲν
3806 5515 3986 5581 ἁγίοις

2416 5601 2761 5671 Σευηριανὸς,
2793 5604 2974 5672 τεύχει
2997 5604 3095 5670 νζ,
3139 5605 3281 5675 λόγῳ
3314 5612 3385 5673 γ’,
3419 5606 3695 5675 κεφαλαίῳ
3725 5604 3811 5671 ιϐ’,
3852 5607 3985 5659 ταύ-

2413 5709 2511 5759 την
2559 5710 2616 5746 τε
2673 5694 2840 5767 αὐτὴν
2887 5695 3055 5748 εἰπὼν
3080 5698 3173 5749 τοῦ
3206 5697 3617 5766 Χρυσοστόμου,
3650 5700 3742 5752 καὶ
3774 5698 3944 5765 ἄλλην
3967 5711 3984 5725 ⁸

2416 5784 2557 5849 “Ott,
2588 5788 2775 5853 φησὶν,
2803 5791 2830 5842 ὁ
2861 5788 3158 5859 πορνεύων,
3184 5790 3261 5852 τίς
3286 5790 3385 5859 τὴν
3418 5790 3550 5842 ἰδίαν
3577 5789 3855 5855 σύστασιν,
3887 5792 3982 5842 καὶ
