4194 6468
204 416 301 477 ’ῖιῖ

1161 413 1553 475 COMMENT.
1594 413 1671 472 IN
1712 413 1947 474 EPIST.
1992 412 2014 471 Ι
2052 413 2146 473 AD
2187 414 2545 475 CORlNTﬂ.
3357 419 3462 484 ’ῖιὸ

205 538 280 597 εἰς
329 532 499 602 αὐτὴν
530 532 627 602 τὴν
662 530 753 585 τοῦ
806 530 1055 601 σώματος
1096 532 1189 585 τοῦ
1221 532 1561 603 ἀνθρωπείου
1610 550 1775 587 κατα-

1882 531 2051 601 ipsam
2085 529 2276 586 dicens
2322 546 2443 587 esse
2471 532 2848 604 Chrysostomi
2876 550 2889 596 ;
2916 542 2969 588 et
2997 534 3182 601 aliain,
3223 533 3361 600 Quia
3400 538 3464 599 is,

204 624 403 693 σκευὴν
456 624 788 693 πλημμελεῖ,
824 622 1127 693 ἐνυϐρίζων
1173 626 1251 685 είς
1294 623 1352 675 τὸ
1384 623 1476 676 τοῦ
1525 624 1772 694 σώματος

205 715 357 784 ἡμῶν
393 715 778 783 ἐργαστήριον.
812 715 922 766 Καὶ
948 713 1135 782 ἄλλην·
1173 713 1295 765 Ὅτι
1327 713 1484 780 σῶμα
1514 714 1770 783 Χριστοῦ,

207 810 295 858 καὶ
350 805 488 874 μέλη
521 804 758 874 Χριστοῦ
795 805 944 855 ἔστιν
971 804 997 854 6
1029 803 1335 873 ἄνθρωπος.
1378 803 1435 855 Ὀ
1478 799 1570 856 οῦν
1608 806 1687 865 εἰς
1717 805 1773 856 τὸ

206 899 331 950 ἴδιον
358 898 518 966 σῶμα
552 895 909 967 πλημμελῶν,
937 899 1016 960 είς
1050 896 1283 966 Χριστὸν
1314 896 1644 967 πλημμελεῖ,
1677 898 1774 966 τὴν

203 992 441 1059 κεφαλὴν
473 990 652 1060 ἡμῶν,
705 984 765 1043 οὗ
815 990 909 1042 καὶ
939 992 1065 1052 ναός
1112 991 1227 1042 ἐστι
1279 990 1337 1044 τὸ
1394 989 1573 1061 σῶμα.
1621 988 1775 1043 Μετᾶ

205 1084 419 1133 πάντων
471 1082 563 1133 καὶ
596 1081 766 1133 ταῦτα
792 1081 939 1145 δέξαι
981 1083 1027 1133 εί
1060 1080 1238 1150 βούλει
1277 1098 1288 1111 ·
1341 1081 1563 1151 Ἐξᾶραι
1593 1081 1776 1151 βουλό-

205 1189 361 1240 μενος
392 1173 449 1225 τὸ
471 1172 572 1242 τῆς
614 1173 871 1243 πορνείας
908 1172 1231 1243 ἁμάρτημα,
1264 1171 1505 1225 τοιοῦτον
1537 1190 1655 1225 τινα
1686 1174 1771 1226 λέ-

203 1282 283 1331 γει
313 1266 538 1327 σκοπὸν,
594 1266 675 1318 ὅτι
726 1265 936 1335 μυρίων
988 1264 1139 1329 άξιος
1172 1265 1455 1336 τιμωριῶν
1500 1267 1528 1322 6
1560 1266 1772 1337 πόρνος.

210 1361 267 1412 'O
294 1363 401 1428 γάρ
432 1360 525 1413 τοῦ
558 1361 831 1432 μολυσμοῦ
856 1361 947 1415 τοῦ
979 1362 1178 1415 οἰκείου
1210 1361 1461 1432 σώματος
1496 1362 1570 1431 μὴ
1599 1363 1774 1430 φειὸὁο

205 1468 386 1519 μενος,
437 1453 552 1514 πῶς
603 1453 762 1505 ἄλλου
796 1453 1080 1523 φείσαιτος
1123 1454 1180 1507 '0
1212 1454 1319 1525 γὰρ
1360 1453 1542 1524 ἐαυτῷ
1585 1453 1773 1515 κακὸς,

201 1543 301 1595 τίνι
336 1543 542 1611 ἁγαθός
570 1561 583 1609 ;

273 1730 385 1785 Καὶ
448 1729 668 1795 ἄλλως.
742 1729 1056 1800 Γέγραπται
1115 1728 1244 1799 ’περὶ¹
1299 1727 1393 1781 τοῦ
1446 1727 1638 1798 ἀνδρὸς
1688 1729 1778 1781 καὶ

201 1821 290 1889 τῆς
330 1822 612 1888 γυναικὸς,
646 1839 665 1871 ι
703 1821 1021 1874 Ἔσονταιοί
1070 1820 1163 1874 δύο
1212 1821 1292 1883 είς
1348 1819 1528 1889 σάρκα
1570 1818 1715 1889 μίαν.
1756 1838 1771 1869 ν

213 1914 266 1964 ’0
318 1912 413 1965 οῦν
456 1912 531 1983 μὴ
563 1914 710 1982 νόμῳ
759 1912 1228 1983 ἐπιτετραμμένος
1280 1913 1374 1965 καὶ
1410 1911 1540 1981 θείῳ
1588 1910 1775 1981 γάμῳ,

1888 1907 1989 1972 Qui
2045 1924 2175 1978 ergo
2228 1924 2340 1961 non
2378 1909 2496 1978 lege
2549 1910 2818 1965 divinisve
2857 1916 3183 1984 conjunctus
3239 1924 3323 1969 est
3375 1930 3469 1968 nu-

204 2005 333 2059 ἁλλα
368 2007 671 2077 πορνεύων,
703 2007 818 2060 δέον
855 2007 999 2076 ἔχειν
1042 2006 1223 2077 τίμιον
1258 2007 1435 2075 γάμον
1468 2007 1564 2060 καὶ
1595 2006 1780 2074 κοίτην

204 2103 484 2171 ἀμίαντον,
533 2102 597 2153 ὲκ
645 2099 744 2169 τῆς
794 2099 1052 2161 πορνείας
1082 2098 1297 2168 καὶτῆς
1345 2098 1496 2151 ἔνθεν
1536 2098 1782 2165 άκαοαρο

206 2194 343 2256 σίας,
390 2191 666 2261 ἐνυϐρίζει
695 2192 785 2242 τὸν
834 2190 1011 2259 γάμον
1046 2190 1141 2242 καὶ
1183 2189 1281 2257 τὴν
1313 2190 1569 2256 γυναῖκα.
1624 2189 1682 2241 'O
1724 2188 1779 2241 δὲ

203 2289 357 2342 τοῦτο
388 2288 579 2350 ποιῶν,
616 2290 695 2350 είς
725 2287 853 2341 ἴδιον
890 2287 1046 2356 σῶμα
1080 2285 1403 2356 ἁμαρτάνει,
1444 2287 1524 2350 είς
1554 2287 1651 2356 τὴν
1683 2303 1779 2353 γυ-

204 2384 360 2435 ναῖκα
395 2380 747 2451 ἁμαρτάνων,
784 2380 905 2447 ἥτις
936 2378 993 2432 ἓν
1044 2378 1207 2447 σῶμά
1247 2380 1360 2431 ἐστι
1400 2378 1536 2446 μετά
1563 2377 1658 2431 τοῦ
1692 2378 1781 2431 άν-

204 2477 343 2546 δρὸς.
374 2474 487 2529 Καὶ
517 2474 677 2543 σῶμά
702 2475 814 2524 ἐστι
850 2471 942 2524 τοῦ
974 2472 1186 2541 ἀνδρὸς,
1223 2472 1360 2525 καθὸ
1388 2472 1598 2541 πλευρὰ
1619 2470 1779 2525 αὑτοῦ

208 2570 353 2620 ἐστιν
388 2568 483 2618 καὶ
507 2565 567 2627 ἐξ
594 2562 760 2616 αὐτοῦ
801 2561 1033 2632 ἐλήφθη.
1077 2563 1188 2632 Τὴν
1220 2562 1538 2615 τελευταίαν
1580 2564 1783 2632 νομίζω

208 2659 499 2725 καλλίστην
531 2652 692 2709 εἶναι’
727 2654 987 2724 ἀνελλιπῆ
1034 2652 1143 2725 γὰρ
1196 2653 1295 2724 τὴν
1341 2654 1434 2707 τοῦ
1466 2655 1630 2723 ῥητοῦ
1668 2655 1781 2709 διά-

208 2769 351 2808 νοιαν
382 2751 567 2813 σώζει.
596 2749 924 2818 Εὗρίσκεται
955 2748 1064 2818 γάρ
1092 2747 1265 2810 οὕτως
1292 2765 1309 2780 ·
1343 2748 1456 2801 Πᾶν
1480 2749 1781 2819 ἁμάρτημα

210 2845 237 2896 ὃ
261 2846 321 2896 iv
354 2843 538 2914 πράξῃ
595 2842 912 2911 ἅνθρωπος,
947 2842 1102 2903 ὲκτές
1128 2842 1241 2893 ἐστι
1274 2842 1367 2909 τῆς
1403 2844 1537 2910 πρὸς
1564 2842 1660 2912 τὴν
1688 2859 1780 2909 γυ-

209 2937 364 2987 ναῖκα
420 2933 666 3002 ἐπιμίξει
722 2932 1029 3002 παροινίας,
1062 2931 1157 2985 καὶ
1208 2931 1568 3003 ἀκαθαρσίας.
1624 2933 1682 2984 Ὀ
1726 2933 1781 2985 δὲ

211 3026 511 3096 πορνεύων,
555 3028 635 3087 είς
663 3025 764 3095 τὴν
793 3026 1027 3090 γυναῖκα
1068 3024 1395 3095 ἁμαρτάνει,
1441 3024 1781 3093 ἀκαθαρσίας

211 3116 374 3184 αὐτὴν
410 3115 767 3183 ἁναπιμπλὰς
806 3114 899 3167 καὶ
928 3115 1303 3186 αἰσχρότητος.
1350 3116 1459 3169 Καὶ
1491 3115 1586 3168 τοῦ
1624 3117 1781 3183 ἁγίου

223 3207 536 3261 Ἀθανασίου
578 3206 705 3259 ἐστὶ
749 3206 885 3274 πρὶς
921 3206 1131 3270 τούτοις
1170 3208 1371 3261 ἅπασιν
1400 3208 1683 3278 ἑρμηνεία,
1725 3210 1782 3261 ἐν

212 3296 283 3364 τῷ
314 3296 450 3362 Περὶ
505 3294 734 3362 σεμνοῦ
771 3293 959 3362 γάμου
986 3335 999 3355 ,
1061 3296 1153 3348 καὶ
1199 3296 1332 3365 πρὸς
1380 3296 1589 3359 τούτοις
1640 3298 1781 3360 ὅλοις

214 3387 553 3455 ἡρμήνευσεν
585 3384 777 3447 οὔτως-
817 3386 957 3455 Πρὸς
991 3385 1361 3456 ἁϐροδιαίτους
1399 3386 1492 3440 καὶ
1522 3389 1782 3458 φιλοτάρ-

214 3494 337 3541 κους
372 3476 603 3546 γραξων
638 3477 665 3527 6
700 3477 929 3539 Παῦλος,
964 3480 1026 3545 τῇ
1070 3478 1248 3529 αὐτῶν
1290 3478 1618 3547 φιλοσαρκία
1665 3495 1785 3531 συν-

215 3568 355 3638 εργῷ
396 3570 671 3637 ἐχρήσατο
698 3568 830 3637 πρὸς
860 3568 959 3637 τὴν
993 3567 1092 3635 τῆς
1137 3568 1393 3637 πορνείας
1431 3569 1781 3638 παραίτησιν,

214 3661 365 3712 τοῦτο
392 3660 592 3727 λέγων,
624 3658 706 3711 ὅτι
748 3658 814 3710 τὰ
851 3658 1013 3711 λοιπὰ
1055 3658 1429 3727 ἁμαρτήματα
1464 3657 1637 3727 ςιυχὴν
1669 3658 1783 3710 ἁδι-

214 3752 316 3812 κεῐ,
356 3753 452 3803 καὶ
490 3751 569 3811 εἰς
606 3749 773 3815 αὐτὴν
802 3746 967 3816 μόνην
1000 3747 1097 3814 τὴν
1133 3745 1336 3815 βλάϐην
1374 3747 1734 3814 παραπέμπει
1765 3764 1776 3774 ·

216 3840 316 3892 ὁδέ
364 3857 427 3907 γε
495 3838 791 3910 πορνεύων,
844 3840 937 3890 σὺν
968 3840 1029 3907 τῇ
1061 3837 1205 3907 ψυχῇ
1262 3837 1355 3889 καὶ
1381 3836 1441 3888 τὸ
1492 3837 1647 3906 σῶμα
1672 3838 1782 3889 ἀδι-

216 3935 314 3994 κεῖ,
352 3931 595 4000 φθείρευν
634 3930 765 3982 αὐτὸ
802 3930 893 3981 καὶ
925 3928 1262 3998 ὲκδυναμῶν,
1304 3946 1399 3979 και
1433 3927 1521 3980 τὸν
1551 3928 1779 3996 ψυχικὶν

215 4028 303 4073 καὶ
342 4020 578 4085 ζωτικὸν
606 4019 884 4089 καθαιρῶν
911 4020 1085 4079 τόνον,
1106 4019 1178 4082 ὡς
1213 4022 1259 4071 εἰ
1293 4014 1445 4071 εἶπεν
1473 4037 1484 4048 ·
1524 4019 1782 4071 Φείσασθε

217 4110 311 4164 κᾶν
339 4112 435 4163 τοῦ
489 4110 738 4179 σώματος
780 4109 933 4173 ὑμῶν
987 4109 1014 4162 ὃ
1060 4110 1351 4181 περιέπετε
1401 4110 1492 4162 καὶ
1526 4109 1781 4173 θάλπετε,

217 4202 304 4253 καὶ
335 4195 395 4254 οῦ
435 4200 695 4271 πρὸνοιαν
741 4199 997 4268 πλείστην
1044 4200 1304 4253 ποιεῖσθε.
1340 4230 1402 4240 -
1450 4201 1611 4272 [ΤΟΥ
1662 4201 1785 4253 ΑΥ-

218 4293 392 4366 ΤΟΥ.]
422 4294 489 4345 Τί
530 4293 660 4358 οῦνς
690 4295 717 4344 ὁ
748 4293 959 4360 φθόνος,
1001 4292 1186 4363 φησὶν,
1219 4292 1279 4345 οὐ
1314 4295 1473 4363 τήκει
1496 4293 1556 4345 τὸ
1591 4292 1782 4362 σῶμας

218 4385 265 4435 τί
291 4382 380 4437 οὖν
414 4386 589 4455 μόνην
627 4384 725 4454 τὴν
760 4383 1017 4452 πορνείαν
1056 4383 1213 4437 τοῦτο
1250 4384 1355 4454 φὴς
1387 4385 1598 4448 ποιεῑνς
1653 4384 1785 4435 Δίαν

217 4476 469 4542 ἀτςαλῶς
543 4472 697 4528 εἶπεν
750 4477 777 4527 ὁ
831 4474 1176 4537 Ἀπόστολος.
1222 4476 1359 4544 Φησὶ
1410 4476 1537 4542 γὰρ,
1592 4492 1608 4525 ι
1674 4475 1786 4527 Πᾶν

220 4566 519 4636 ἁμάρτημα
547 4567 574 4618 ὃ
594 4568 688 4619 ἐὰν
713 4568 929 4635 ποιήσει
960 4564 1265 4636 ἄνθρωπος,
1295 4565 1450 4627 ἐκτὸς
1482 4564 1574 4617 τοῦ
1606 4563 1785 4633 σῶμα·

222 4659 302 4718 τός
355 4660 538 4709 ἐστιν·
599 4675 619 4709 ι
681 4657 709 4708 6
742 4656 798 4708 δὲ
850 4656 1041 4725 φθόνος
1082 4656 1143 4709 οὐ
1172 4655 1378 4723 γίνεται
1430 4656 1561 4725 παρ’
1604 4656 1781 4724 ἡμῶν,

221 4745 326 4797 ἀλλ’
346 4747 657 4816 ἐνεργεῖται
712 4746 789 4808 εἰς
815 4747 963 4815 ἡμεῖς
998 4762 1009 4775 ·
1055 4745 1338 4817 πάσχομεν
1367 4745 1475 4813 γὰρ
1504 4783 1520 4809 ,
1554 4746 1670 4798 ἀλλ’
1722 4746 1782 4798 οὐ

225 4837 478 4907 ποιοῦμεν
506 4837 599 4890 τὸν
623 4838 833 4905 φθόνον,
860 4836 950 4890 καὶ⁵
980 4837 1147 4899 πάθος
1173 4840 1339 4904 ἐστὶν,
1367 4838 1480 4891 ἀλλ’
1503 4837 1603 4889 οὐκ
1635 4838 1784 4906 ἐνέρ-

225 4948 361 4997 γεια,
393 4931 521 5001 περὶ
558 4931 838 4999 ἐνεργείας
868 4929 922 4981 δὲ
953 4930 1047 4982 νῦν
1082 4930 1107 4981 6
1127 4929 1281 4996 λόγος
1308 4930 1383 4999 τῷ
1426 4928 1731 4997 Ἀποστόλῳ
1768 4945 1780 4957 ·

226 5021 347 5087 φησὶ
377 5021 537 5089 γὰρ,ι
566 5020 679 5072 Πᾶν
710 5019 1009 5088 ἁμάρτημα
1036 5019 1064 5072 ὃ
1093 5020 1188 5071 ἐὰν
1217 5020 1413 5089 ποιήσῃ
1446 5019 1780 5088 ἅνθρωπος)
1826 5064 1833 5068 .

224 5113 277 5162 οὗ
312 5113 414 5181 μὴν
465 5113 597 5180 περὶ
634 5109 858 5174 πάθους.
907 5140 976 5151 —
1006 5112 1243 5175 ’Ἄλλως
1280 5109 1474 5181 [ΦΩΤ.1
1505 5109 1645 5165 Αὐτὸ
1691 5125 1779 5177 μει

229 5200 355 5266 ρίζει
384 5200 444 5253 τὸ
482 5201 614 5252 ἴδιον
633 5200 809 5267 σῶμα,
839 5201 931 5253 καὶ
955 5202 1031 5261 εἰς
1061 5202 1275 5265 ἑαυτὸν,
1312 5199 1425 5252 ἀλλ’
1453 5201 1553 5252 οὐκ
1586 5202 1662 5263 εἰς
1693 5196 1783 5253 ἆλ-

226 5288 308 5341 λον
352 5291 450 5358 τὴν
484 5290 705 5342 ἀδικίαν
737 5290 1128 5354 ἐπιδείκνυται,
1166 5292 1302 5361 ὅπερ
1344 5290 1431 5342 ἐπ’
1468 5289 1643 5343 οὐδενὶ
1682 5290 1787 5343 τῶν

228 5383 390 5435 ἄλλων
422 5383 574 5435 ἔστιν
605 5381 785 5452 εὑρεῖν
826 5383 1256 5451 ἁμαρτημάτων.
1292 5382 1497 5444 Πάντες
1540 5381 1647 5451 γάρ
1694 5381 1781 5435 ἄλ-

228 5472 341 5536 λους
375 5475 708 5544 βλάπτοντες
741 5474 1168 5545 ἁμαρτάνουσιν,
1206 5475 1233 5525 ὁ
1262 5475 1316 5528 δὲ
1345 5474 1643 5546 πορνεύων,
1668 5477 1789 5527 ἑαυ-

228 5566 310 5618 τδν
339 5566 593 5635 βλάπτων
614 5568 709 5618 καὶ
737 5564 1396 5632 κακοποιῶν.-⁹Α.ζ.1ως.
1435 5566 1496 5619 Ἦ
1527 5568 1790 5634 ὲπαγωγὴ

232 5659 455 5712 δείκνυσι
482 5659 585 5730 τὴν
606 5658 815 5713 ἔννοιαν
838 5657 930 5713 τοῦ
953 5659 1391 5728 προτεταγμένον
1416 5656 1580 5729 αὐτῆς
1607 5656 1790 5728 ῥητοῦ·

324 5815 364 5845 ’⁸
398 5814 564 5872 llchr.
598 5832 715 5880 xm,
752 5818 799 5869 ι.

1877 625 2076 691 inquit,
2106 624 2197 693 qui
2230 632 2526 689 scortntur,
2577 626 2630 680 in
2665 626 2945 695 propriam
2978 636 3168 695 peccat
3195 628 3426 682 substan
3449 658 3464 671 -

1878 714 2007 768 tiam
2034 723 2089 767 et
2125 715 2176 767 in
2203 716 2375 784 ipsam
2432 715 2658 769 humani
2716 716 2965 785 corporis
3022 716 3463 773 formationem.

1877 821 2131 875 injuriam
2166 821 2430 861 exercens
2459 808 2512 861 in
2540 809 2793 877 corporis
2827 809 3001 863 nostri
3051 808 3344 865 oﬂicinam.
3391 812 3461 866 Et

1877 898 2095 969 tertiam
2141 916 2152 951 :
2182 897 2319 964 Quia
2349 914 2551 969 corpus
2577 899 2779 956 Christi
2816 910 2873 957 et
2895 902 3134 956 membra
3168 902 3331 957 homo
3363 915 3467 964 est,

1876 993 1969 1059 qui
2001 992 2055 1046 in
2102 993 2384 1062 proprium
2412 1003 2599 1062 peccat
2622 1009 2847 1065 corpus,
2876 994 2931 1048 in
2962 994 3249 1050 Christum
3296 1008 3461 1066 caput

1879 1094 2123 1140 nostrum
2156 1095 2363 1155 peccat,
2392 1087 2551 1156 cujus
2577 1087 2741 1141 etiam
2788 1089 3053 1158 templum
3101 1099 3185 1145 est
3236 1105 3467 1160 corpus.

1879 1177 2031 1231 Inter
2084 1179 2270 1231 omnia
2307 1193 2438 1233 vero
2469 1187 2524 1233 et
2556 1178 2673 1233 haec
2705 1180 2894 1249 accipe
2943 1181 2986 1234 si
3024 1182 3239 1249 placet:
3274 1183 3471 1237 Valens

1878 1267 2243 1324 scortationis
2273 1284 2473 1339 augere
2498 1280 2807 1338 peccatum,
2839 1261 3473 1342 talemquempiamsco-

1881 1374 2012 1429 pum
2076 1360 2263 1424 habet,
2319 1374 2519 1428 nempe
2571 1362 2716 1429 quod
2778 1364 3087 1417 innumeris
3130 1363 3329 1433 dignus
3382 1371 3472 1418 est

1881 1459 2151 1504 scortator
2185 1450 2511 1520 suppliciis:
2542 1452 2808 1521 quicnim
2854 1469 2964 1507 non
3001 1450 3248 1509 abstinet
3290 1471 3320 1510 a
3366 1457 3470 1511 fce-

1882 1540 2067 1595 dando
2102 1544 2326 1611 proprio
2352 1558 2605 1611 corpore,
2633 1544 2913 1614 quomodo
2959 1545 3028 1599 ab
3073 1547 3182 1601 alio
3222 1547 3470 1603 abstine-

1884 1633 1997 1687 bit?
2029 1633 2163 1687 Nam
2219 1634 2314 1702 qui
2351 1633 2457 1688 sibi
2492 1650 2726 1704 nequam
2776 1647 2882 1700 est,
2946 1635 3037 1691 cui
3088 1638 3267 1693 bonus
3313 1639 3473 1694 erit!

1954 1724 2072 1779 Alio
2133 1742 2338 1795 quoque
2386 1727 2557 1781 modo.
2623 1725 2897 1797 Scriptum
2949 1737 3035 1783 est
3114 1731 3181 1785 tle
3233 1730 3352 1785 viro
3413 1739 3470 1786 et.

1888 1817 2121 1870 muliere
2156 1816 2359 1887 :57],
2402 1835 2420 1868 ι
2461 1818 2638 1872 Erunt
2680 1820 2789 1874 duo
2837 1822 2893 1873 in
2957 1836 3176 1877 carnem
3215 1830 3463 1877 unam.)

1885 1999 2034 2067 ptiis,
2067 2000 2160 2053 sed
2189 2008 2487 2065 scortntur,
2510 2001 2603 2055 uhi
2628 2005 2766 2071 opus
2790 2014 2935 2058 esset
2961 2005 3339 2059 honorandum
3373 2006 3470 2060 ha-

1884 2089 2014 2144 bere
2084 2092 2424 2145 connuhium
2496 2100 2788 2163 torumque
2845 2094 3344 2159 immaculatum“,
3399 2112 3467 2150 cx

1881 2184 2214 2238 scortatione
2252 2184 2683 2238 etiinmunditia
2725 2202 2848 2254 qua:
2914 2186 3041 2241 inde
3083 2188 3340 2257 provenit
3379 2188 3466 2242 in-

1877 2273 2022 2345 juria
2053 2273 2217 2328 allicit
2272 2275 2497 2344 nuptias
2542 2285 2599 2330 et
2652 2292 2901 2333 uxorem.
2973 2277 3079 2345 Qui
3124 2288 3310 2334 autem
3364 2280 3467 2333 huc

1882 2365 2032 2428 facit,
2052 2365 2105 2419 in
2138 2366 2422 2436 proprium
2450 2382 2654 2436 corpus
2677 2368 2967 2439 delinquit,
2996 2371 3131 2425 dum
3161 2371 3215 2425 in
3242 2387 3465 2427 uxorem

1881 2456 2173 2526 delinquit,
2224 2474 2344 2527 qua:
2376 2474 2551 2512 unum
2581 2476 2781 2528 corpus
2809 2470 2893 2515 est
2939 2477 3067 2516 cum
3118 2464 3241 2517 viro
3278 2480 3293 2529 ;
3353 2464 3467 2517 imo

1883 2563 2082 2618 corpus
2108 2549 2211 2602 viri
2238 2559 2323 2604 est
2355 2565 2419 2604 ea
2433 2549 2642 2605 ratione
2667 2567 2772 2621 qua
2804 2553 2981 2621 ipsius
3010 2553 3155 2608 latus
3185 2564 3271 2609 est
3309 2565 3366 2610 et
3396 2556 3465 2608 ab

1883 2652 1949 2692 eo
1998 2649 2237 2708 sumpta.
2288 2639 2492 2695 llarum
2550 2641 3075 2712 interpretationum
3124 2656 3459 2714 postremam

1883 2730 2119 2784 arbitror
2171 2746 2294 2785 esse
2348 2732 2799 2801 pulcherrimam.
2859 2736 3054 2790 Servat
3103 2737 3250 2791 enim
3308 2739 3464 2793 verbi

1884 2824 2240 2888 sententiam,
2287 2825 2367 2878 sic
2415 2834 2475 2878 ut
2516 2826 2654 2879 nihil
2692 2827 2768 2879 illi
2801 2828 2967 2892 desit,
3005 2829 3257 2899 nihilque
3283 2830 3464 2885 abun-

1882 2915 1992 2970 det.
2046 2916 2179 2971 Nam
2220 2916 2324 2971 hoc
2371 2918 2532 2971 modo
2574 2916 2902 2974 deducitur:
2954 2920 3127 2975 Omne
3175 2934 3463 2991 peccatum

1882 3008 2249 3078 quodcunque
2277 3008 2467 3064 fecerit
2500 3010 2685 3075 homo,
2710 3012 2843 3066 illud
2879 3014 3200 3083 operabitur
3256 3015 3466 3087 absque

1883 3099 2217 3154 contumelia
2249 3116 2313 3154 ac
2340 3102 2686 3158 immunditia
2715 3119 2835 3172 qua:
2859 3103 2919 3157 lit
2956 3105 3008 3157 in
3043 3120 3310 3160 uxorem:
3367 3108 3460 3176 qui

1885 3202 2067 3248 autem
2091 3203 2391 3259 scortatur,
2418 3196 2473 3249 in
2510 3212 2734 3250 uxorem
2767 3206 2977 3267 peccat,
3018 3199 3367 3254 immnnditia
3395 3217 3464 3255 ac

1888 3285 2226 3355 turpitudine
2255 3288 2427 3357 ipsam
2486 3288 2723 3357 replens.
2772 3289 2977 3343 Practer
3005 3290 3119 3343 haec
3138 3291 3318 3344 omnia
3351 3292 3461 3346 divi
3500 3326 3509 3333 -

1887 3392 2105 3446 quoque
2133 3378 2417 3433 Athanasii
2446 3379 2607 3433 datur
2630 3380 3037 3448 interpretatio,
3067 3382 3160 3449 qui
3210 3382 3264 3435 in
3317 3383 3463 3436 libro

1888 3469 1964 3521 De
1987 3471 2296 3524 venerandis
2318 3471 2539 3540 nuptiis,
2580 3471 2721 3524 ultra
2752 3471 2852 3524 ista
2876 3473 3059 3526 omnia
3091 3472 3163 3525 ita
3187 3472 3459 3542 interpre-

1890 3570 2039 3616 tatus
2059 3571 2164 3617 est:
2188 3562 2266 3616 Ad
2290 3562 2554 3617 delicatos
2578 3578 2641 3616 ac
2664 3564 3042 3632 voluptuarios
3065 3564 3310 3619 scribens
3328 3568 3461 3620 Pau-

1890 3653 1976 3707 lns
2038 3656 2243 3708 auxilio
2267 3657 2627 3724 voluptuarim
2680 3672 2869 3710 eorum
2921 3658 3043 3711 vita:
3101 3674 3229 3711 usus
3269 3648 3456 3713 estad

1888 3744 2237 3798 scortationis
2263 3744 2664 3813 depulsionem,
2703 3747 2807 3799 hoc
2846 3748 3054 3811 dicens,
3087 3750 3230 3817 quod
3263 3759 3459 3803 cretera

1890 3842 2108 3902 peccata
2140 3837 2375 3889 animam
2405 3836 2602 3906 injuria
2626 3836 2887 3900 alliciunt,
2920 3849 2974 3892 et
3018 3839 3069 3893 in
3096 3839 3263 3892 solam
3289 3840 3457 3910 ipsam

1890 3935 2282 3979 nocumentum
2304 3926 2683 3981 transmittunt
2707 3944 2721 3992 ;
2750 3929 2842 3996 qui
2870 3943 3001 3981 vero
3027 3939 3461 3991 scortatur,cor-

1891 4031 1992 4083 pus
2027 4031 2131 4068 una
2156 4031 2281 4069 cum
2301 4016 2481 4069 anima
2510 4016 2673 4070 allicit
2706 4018 2925 4087 injuria,
2945 4020 3458 4088 corrumpensillud

1890 4123 1956 4161 ac
1995 4107 2326 4171 debilitans,
2377 4116 2434 4161 et
2490 4109 2780 4161 animalem
2824 4126 2886 4164 ac
2927 4110 3147 4165 vitalem
3205 4112 3462 4166 auferens

1891 4198 2132 4267 vigorem
2180 4197 2257 4250 Ae
2286 4198 2331 4252 si
2357 4199 2587 4253 dixisset
2617 4216 2630 4252 :
2680 4199 2892 4255 Parcite
2923 4202 3008 4256 vel
3034 4203 3249 4270 corpori
3276 4213 3460 4258 vestro

1890 4290 2034 4358 quod
2053 4290 2305 4343 ercoutis
2330 4303 2395 4343 ac
2422 4289 2636 4350 fovetis,
2667 4298 2720 4343 et
2753 4292 2910 4361 cujus
2939 4308 3209 4346 summam
3244 4294 3461 4349 habetis

1893 4380 2185 4433 rationem.
2210 4411 2260 4423 ε-
2306 4378 2446 4446 Quid
2482 4396 2611 4450 ergo
2640 4382 2661 4434 ?
2698 4398 2883 4436 annon
2918 4392 2975 4437 et
3011 4384 3212 4438 invidia
3260 4402 3462 4455 corpus

1894 4466 2297 4523 niaceraticur
2324 4483 2456 4538 ergo
2495 4470 2664 4523 solam
2728 4470 3114 4524 scortationem
3168 4470 3308 4527 dicis
3358 4474 3462 4526 hoc

1826 4567 1866 4621 ι)
1893 4559 2115 4613 facere?
2143 4558 2316 4613 Caute
2350 4560 2646 4613 admodum
2679 4561 2895 4614 locutus
2916 4571 2999 4615 est
3054 4561 3362 4630 Apostolus.
3394 4564 3461 4615 At

1890 4651 2038 4706 enim
2075 4670 2090 4701 ι
2124 4649 2295 4703 Omne
2342 4661 2625 4718 peccatum
2678 4653 3044 4722 quodcunque
3071 4652 3264 4707 fecerit
3297 4653 3461 4707 homo

1891 4751 2038 4797 extra
2069 4756 2269 4808 corpus
2293 4750 2415 4807 est;
2453 4760 2471 4792 ι
2515 4742 2717 4796 invidia
2784 4758 2914 4797 vero
2975 4760 3083 4799 non
3133 4746 3189 4799 lit
3214 4760 3244 4799 a
3276 4746 3456 4808 nobis,

1892 4833 1988 4887 sed
2020 4833 2073 4886 in
2100 4848 2201 4885 nos
2240 4832 2496 4888 eﬂicitur.
2552 4835 2795 4887 Patimur
2828 4835 2973 4889 cnim
3011 4844 3066 4889 et
3091 4851 3200 4889 non
3250 4837 3462 4905 agimus

1891 4921 2174 4986 invidiam,
2207 4922 2495 4991 passioqne
2529 4932 2614 4976 est
2640 4932 2695 4975 et
2738 4939 2846 4978 non
2873 4924 3016 4978 actio
3053 4942 3065 4978 :
3104 4941 3254 4980 nunc
3277 4936 3458 4981 autem

1886 5012 1953 5065 de
1973 5012 2192 5068 actione
2214 5027 2523 5067 sermonem
2549 5012 2681 5067 facit
2702 5015 3010 5083 Apostolus,
3044 5025 3095 5071 et
3116 5034 3457 5088 nequaquam

1886 5104 1952 5158 de
1976 5105 2248 5174 passione.
2285 5104 2371 5158 Ait
2392 5104 2576 5160 enim:
2622 5124 2639 5156 ι
2670 5104 2842 5160 Omne
2871 5110 3460 5176 peecatnmqnodcun-

1886 5211 1992 5265 que
2019 5196 2209 5250 fecerit
2243 5196 2425 5251 homo.
2469 5214 2487 5247 ι
2516 5196 2733 5268 -ὶΑΙὶο
2752 5199 2925 5254 modo.
2950 5200 3129 5267 ipsum
3155 5215 3314 5253 suum
3334 5216 3458 5254 cor-

1889 5302 1993 5356 pus
2018 5287 2238 5353 dividit,
2280 5288 2413 5341 etin
2445 5289 2685 5359 seipsum
2742 5305 2848 5343 non
2918 5290 2969 5342 in
3018 5290 3184 5343 alium
3241 5302 3461 5345 exercet

1892 5378 2243 5449 injUstiliam,
2272 5381 2421 5449 quod
2459 5380 2526 5434 de
2565 5383 2715 5435 nullo
2754 5382 2987 5435 aliorum
3017 5382 3312 5437 invenitur
3331 5399 3458 5453 pec-

1894 5481 2162 5526 calorum.
2194 5470 2398 5526 Omnes
2428 5472 2573 5526 enim
2605 5473 2727 5528 aliis
2750 5484 3138 5529 nocumentum
3173 5474 3461 5529 inferendo
3528 5542 3531 5555 Ι

1901 5572 2131 5633 peccant
2166 5581 2178 5616 :
2213 5564 2308 5633 qui
2339 5579 2469 5619 vero
2487 5575 2760 5620 scortntur
2794 5567 2899 5622 sibi
2937 5567 3039 5638 ipsi
3068 5575 3250 5632 nocet,
3292 5568 3460 5622 malo-

1899 5662 2014 5724 ‘que
2074 5653 2257 5709 aliicit.
2278 5682 2349 5694 --
2382 5656 2501 5710 Atio
2529 5659 2697 5712 modo.
2725 5661 2989 5715 Deductio
3014 5658 3279 5726 prmmissi
3306 5660 3456 5717 vcrhi
