4194 6468
737 384 841 448 719

1790 391 2200 453 (ECUMENII
2242 390 2538 459 ΤΒΙΟΟᾸΞ
2579 399 2923 463 EPISCOPI

3899 407 4014 470 720

731 508 899 565 talem
939 505 1185 561 ostendit
1225 519 1344 560 esse
1368 504 1708 559 intellectum
1744 524 1755 559 ι
1790 505 1847 560 In
1873 507 2159 576 proprium
2191 524 2300 563 corr

2421 513 2674 585 τοιαύτην
2703 509 2845 572 εἶναι
2873 536 2887 551 ο
2912 519 3006 582 Et;
3036 518 3097 572 τὸ
3142 518 3274 573 ίδιον
3322 518 3483 589 σῶμα
3514 518 3842 591 ἁμαρτάνει,
3891 517 4009 576 οἷον

726 617 828 671 pus
848 608 1058 670 peccat,
1092 598 1254 670 472
1299 598 1405 652 hoc
1436 608 1541 658 est,
1576 598 1631 651 in
1666 597 1843 668 ipsum
1885 599 2173 668 preprium
2203 600 2299 656 Dor

726 694 858 747 mini
890 706 1110 761 corpus.
1138 690 1355 745 Etenim
1381 690 1662 761 subjungit
1696 708 1749 744 ιι
1783 692 1863 743 An
1900 690 2127 745 nescitis
2168 692 2315 762 quod

725 801 955 855 corpora
984 793 1164 838 vestra
1208 785 1473 854 templum
1503 794 1632 838 sunt
1668 783 1913 852 Spiritus
1954 783 2131 837 sancti
2161 800 2174 849 ;
2214 802 2230 834 ι
2258 791 2315 837 et

736 894 958 931 rursum
998 893 1013 930 :
1056 896 1073 929 ι
1104 876 1173 931 Et
1205 893 1314 931 non
1338 876 1473 931 estis
1494 875 1845 946 vestrijuris;
1873 884 1927 929 et
1959 877 2121 946 paulo
2145 884 2309 931 ante:

730 992 748 1022 ι
797 973 878 1024 Αη
905 971 1135 1025 nescitis
1156 970 1303 1039 quod
1364 983 1599 1040 corpora
1652 977 1835 1024 vestra
1885 969 2131 1023 membra
2182 977 2314 1023 sunt

723 1069 969 1123 Christi?
1000 1088 1017 1120 ι
1048 1082 1381 1137 rursumque
1438 1084 1453 1122 :
1506 1086 1523 1119 ι
1558 1068 1698 1122 Νυιιι
1726 1065 1892 1136 igitur
1926 1066 2123 1121 tollens
2141 1082 2314 1120 mem-

726 1164 819 1215 bra
846 1162 1155 1217 Christi...?
1184 1182 1203 1213 ι
1248 1162 1439 1229 Itaque
1466 1160 1511 1215 is
1532 1160 1625 1228 qui
1674 1168 1972 1221 seortatur,
1999 1159 2052 1212 in
2087 1158 2310 1229 propria

719 1254 928 1307 (Jhrisli
956 1253 1204 1306 membra
1258 1261 1313 1305 et
1393 1251 1447 1303 in
1515 1249 1690 1319 ipsius
1735 1264 1937 1320 corpus
2013 1248 2306 1317 delinquit.

720 1347 862 1411 Quid
890 1345 1060 1416 ergo?
1089 1345 1267 1413 inquit
1294 1343 1419 1413 :qui
1450 1344 1505 1397 in
1541 1342 1757 1397 exteris
1778 1342 2106 1409 delinquunt
2136 1340 2306 1403 vitiis,

721 1452 907 1490 annon
962 1435 1143 1504 etipsi
1163 1436 1319 1505 juxta
1349 1435 1605 1489 eumdem
1638 1448 1948 1487 sermonem
1986 1432 2041 1485 in
2102 1431 2308 1486 Christi

720 1546 925 1599 corpus
948 1530 1283 1597 delinquunt
1306 1528 1329 1581 ?
1354 1528 1424 1581 Et
1448 1526 1687 1580 dicimus
1709 1526 1856 1594 quod
1888 1540 1998 1579 non
2027 1540 2094 1579 eo
2124 1524 2309 1578 modo.

716 1628 1041 1693 Quanquam
1069 1622 1216 1675 enim
1264 1620 1308 1673 is
1325 1620 1420 1689 qui
1446 1619 1681 1682 furatur,
1706 1629 1799 1672 aut
1828 1618 1920 1686 qui
1947 1616 2306 1670 homicidium

718 1716 1033 1775 committit,
1058 1728 1155 1782 per
1174 1711 1397 1779 aliquod
1432 1709 1745 1763 membrum
1798 1716 2083 1776 peccatum
2120 1706 2303 1770 faciat,

718 1817 773 1861 at
800 1823 909 1860 non
949 1806 1125 1874 ipsum
1146 1803 1480 1865 membrum,
1510 1801 1606 1855 sed
1646 1810 1800 1855 extra
1826 1810 1881 1854 et
1907 1800 1959 1853 in
1988 1797 2303 1869 quempiam

2419 608 2500 671 είς
2553 608 2707 673 αὐτὸ,
2760 612 2913 680 φησὶ,
2944 611 3005 664 τὸ
3041 610 3171 666 ἴδιον
3219 611 3314 666 τοῦ
3361 614 3638 667 Δεσπύτου
3675 614 3854 684 σῶμα.
3892 616 4009 669 Καὶ

2417 700 2527 771 γάρ
2576 702 2794 772 ἐπάγει,
2841 723 2859 756 ι
2901 705 2971 756 Ἦ
3011 705 3113 758 ούκ
3142 706 3321 759 οἴδατε
3352 706 3433 759 ὅτι
3468 707 3534 760 τά
3565 706 3793 777 σώματα
3850 708 4010 778 ὑμῶν

2416 794 2541 858 ναὸς
2569 796 2665 850 τοῦ
2689 796 2845 864 ἁγίου
2879 796 3200 868 Πνεύματός
3228 799 3380 863 ἐστις
3422 817 3439 849 ι
3484 800 3575 853 καὶ
3606 800 3789 852 πάλιν·
3838 819 3855 850 ι
3898 802 4010 854 Καὶ

2416 889 2517 942 οὐκ
2541 890 2665 942 ἐστέ
2697 889 2911 942 ἑαυτῶν
2944 906 2956 921 ’
3005 909 3023 942 ι
3062 891 3155 944 καὶ
3180 894 3286 956 πρὸ
3326 892 3576 962 βραχέος*
3616 910 3634 943 ι
3670 894 3788 951 ρύκ
3817 894 4001 945 οἴδατε

2416 982 2497 1035 ὅτι
2548 982 2617 1035 τὰ
2666 985 2893 1052 σώματα
2948 983 3101 1054 ὑμῶν
3132 984 3291 1054 ίμέλη
3346 984 3583 1055 Χριστοῦ
3633 986 3783 1051 ἐστι;
3845 1004 3864 1037 ι
3908 986 4009 1039 καὶ

2415 1076 2599 1129 πάλιν·
2642 1096 2660 1128 ι
2700 1078 2878 1147 ΙἌρας
2912 1074 3003 1132 οῦν
3037 1077 3104 1131 τά
3125 1079 3262 1147 μέλη
3294 1077 3389 1131 τοῦ
3412 1078 3745 1146 Χριστοῦ...;
3780 1098 3799 1131 ο
3836 1080 4004 1131 Ὥστε

2412 1173 2439 1222 6
2468 1171 2773 1243 πορνεύων,
2806 1174 2886 1237 είς
2915 1173 2983 1226 τὰ
3020 1173 3125 1227 ἴδια
3160 1172 3297 1243 μέλη
3322 1172 3414 1226 τοῦ
3438 1174 3677 1245 Χριστοῦ
3707 1176 3801 1226 καὶ
3831 1176 3913 1237 εἰς
3942 1175 4005 1225 τὸ

2414 1265 2574 1334 σῶμα
2627 1266 2791 1319 αὐτοῦ
2844 1266 3180 1335 πλημμελεῖ.
3215 1266 3281 1317 Τί
3323 1262 3447 1332 οῦν;
3491 1268 3677 1335 φησίν.
3710 1268 3773 1319 Oi
3807 1267 4004 1328 λοιπὰς

2414 1356 2862 1427 πλημμελοῦντες
2896 1359 3196 1427 ἁμαρτίας,
3233 1359 3354 1427 οὐχὶ
3384 1361 3526 1412 κατά
3558 1359 3749 1412 τοῦτον
3787 1360 3880 1412 τὸν
3911 1359 4004 1411 λά-

2410 1468 2505 1517 γον
2534 1451 2628 1503 καὶ
2668 1450 2822 1503 αὐτοὶ
2864 1452 2941 1514 είς
2991 1451 3052 1504 τὸ
3085 1450 3179 1504 τοῦ
3229 1450 3468 1521 Χριστοῦ
3529 1451 3687 1519 σῶμα
3742 1451 4005 1519 πλημμε-

2410 1542 2599 1609 λοῦσι;
2635 1544 2745 1598 Καί
2773 1562 2975 1614 φαμεν,
3012 1545 3093 1597 ὅτι
3136 1544 3233 1616 οὐχ
3272 1544 3463 1608 οὕτως.
3514 1545 3576 1597 Et
3626 1544 3733 1614 γὰρ
3780 1546 3875 1597 καὶ
3912 1544 4005 1596 διά

2408 1652 2553 1697 τινος
2595 1635 2790 1705 μέλους
2832 1637 2860 1687 6
2910 1635 3157 1689 κλέπτων
3196 1636 3227 1705 ἢ
3277 1636 3519 1704 φονεύων
3572 1636 3671 1706 τὴν
3718 1635 4001 1706 ἁμαρτίαν

2408 1728 2572 1789 ποιεί,
2612 1725 2729 1779 ἀλλ’
2758 1726 2879 1796 οὐχὶ
2909 1726 2991 1789 είς
3019 1726 3080 1779 τὸ
3106 1726 3271 1780 αὑτοῦ
3314 1728 3495 1797 μέλος,
3537 1727 3654 1779 ἀλλ’
3680 1727 3857 1791 ἐκτὸς,
3904 1728 4003 1779 καὶ

2413 1821 2491 1879 είς
2524 1817 2684 1871 ἄλλον
2720 1818 2843 1871 τι·ιά
2869 1821 3194 1888 κακουργεῖ.
3246 1818 3305 1871 '0
3334 1819 3391 1871 δέ
3439 1818 3741 1889 πορνεύων,
3779 1820 3876 1872 καὶ
3912 1819 4003 1872 διὰ

718 1902 885 1955 alium
907 1908 1168 1969 operatur
1197 1899 1400 1951 malum
1422 1914 1437 1949 :
1456 1896 1550 1965 qui
1582 1911 1712 1949 vero
1742 1902 2036 1957 scortatnr,
2064 1908 2161 1962 per
2194 1892 2300 1960 ipsa

2413 1875 2522 1963 των
2544 1910 2745 1980 μελῶν,
2773 1911 2959 1981 ὥσπερ
2978 1875 3200 1973 ἐκεῖνοι,
3228 1911 3323 1966 καὶ
3346 1913 3425 1975 είς
3450 1875 3615 1965 αύιτοῦ
3642 1913 3709 1965 τὰ
3729 1875 3874 1982 ’μέλη
3904 1912 4003 1964 καὶ

716 2008 935 2063 quoque
957 1990 1203 2045 membra
1229 1990 1372 2043 sicut
1410 1998 1465 2042 et
1496 1986 1596 2052 illi,
1649 1994 1705 2040 et
1732 1985 1787 2038 in
1815 2000 1912 2038 sua
1944 1984 2189 2037 membra
2222 1990 2306 2035 to-

719 2098 946 2152 tumque
974 2096 1174 2151 corpus
1201 2087 1592 2133 nocumentum
1616 2086 1673 2131 et
1692 2074 1952 2145 injuriam
1983 2072 2301 2127 committit.

716 2180 899 2234 -ΑΙὶο
920 2178 1091 2231 modo.
1111 2176 1231 2231 Non
1249 2172 1518 2237 dixit,Per
1530 2186 1732 2241 corpus
1748 2178 1960 2240 peccat,
1983 2167 2128 2237 quod
2150 2165 2304 2219 multi

714 2272 1113 2335 existimantes,
1181 2266 1461 2337 negotium
1530 2263 1807 2317 facessunt
1862 2259 2304 2330 interpretibus,

716 2365 810 2419 sed
842 2383 859 2415 ι
889 2364 943 2416 1η
967 2361 1249 2431 proprium
1274 2371 1475 2426 corpus
1510 2364 1754 2424 peccat,»
1784 2352 1838 2406 in
1872 2352 2050 2422 ipsum
2078 2351 2301 2415 labitur,

719 2460 899 2528 ipsum
922 2454 1195 2523 inquinat,
1233 2452 1412 2521 ipsum
1436 2447 1624 2502 reddit
1686 2445 2091 2499 detestandum.
2123 2442 2302 2498 Veluti

720 2552 766 2607 si
794 2551 921 2620 quis
951 2548 1135 2601 dicat:
1169 2544 1403 2611 Quidam
1430 2543 1672 2611 seipsum
1733 2539 1932 2609 injuria
1960 2536 2123 2591 aﬂicit
2170 2535 2300 2590 dum

713 2646 949 2699 alterum
978 2647 1135 2711 putat
1185 2636 1387 2708 injuria
1408 2634 1643 2689 allicere.
1674 2632 1831 2688 Nunc
1870 2631 2016 2685 enim
2075 2628 2302 2698 respicit

714 2735 960 2806 Apostoli
990 2747 1171 2787 sermo
1194 2746 1302 2783 non
1340 2726 1673 2797 supplicium
1724 2724 1871 2794 quod
1902 2732 2090 2792 postea
2112 2720 2299 2790 sequi-

718 2839 806 2884 tur
840 2834 1147 2896 peccatum,
1184 2820 1280 2877 sed
1307 2818 1565 2890 injuriam
1598 2833 1718 2887 quae
1741 2817 1797 2869 in
1851 2816 1970 2885 ipso
2022 2830 2187 2883 opere
2228 2812 2301 2866 Ἧι

721 2922 1030 2989 eorporiex
1060 2915 1208 2969 coitu
1262 2926 1552 2967 venereo:
1614 2910 1718 2964 hoc
1768 2918 1871 2970 est,
1918 2907 2295 2961 fmdationem.

718 3011 1005 3082 Siquidem
1034 3008 1127 3078 qni
1154 3004 1514 3061 homicidium
1546 3010 1851 3073 perpetrat,
1892 3001 2057 3055 alium
2108 2999 2299 3053 interi-

719 3105 818 3159 mit
846 3120 860 3157 :
886 3102 979 3172 qui
1012 3114 1145 3154 vero
1174 3105 1451 3153 scortatur
1476 3095 1721 3164 seipsum
1753 3094 1952 3164 injuria
1993 3092 2174 3145 aflicit.
2231 3092 2298 3145 Et

2412 2005 2535 2058 ὅλον
2588 2003 2650 2057 τὸ
2684 2003 2847 2074 σῶμα
2890 2004 2988 2073 τὴν
3038 2003 3244 2074 βλάϐην
3290 2004 3383 2057 καὶ
3415 2004 3515 2075 τὴν
3546 2004 3760 2059 ἀδικίαν
3792 2006 3999 2059 ἐπιδεί-

2412 2116 2591 2153 κνυσι.

2484 2194 2732 2256 Ἄλλως.
2779 2189 2893 2243 Ούκ
2934 2184 3078 2256 εἷπε,
3110 2190 3210 2244 Διά
3241 2188 3336 2243 τοῦ
3380 2189 3632 2261 σώματος
3664 2191 3998 2262 ἁμαρτάνει,

2409 2286 2545 2355 ὅπερ
2602 2286 2651 2337 οἱ
2706 2282 2889 2336 πολλοὶ
2938 2281 3274 2354 νομίζοντες,
3328 2284 3630 2354 πράγματα
3691 2286 3997 2357 παρέχουσι

2408 2377 2523 2438 τοῖς
2570 2375 2989 2444 ἑρμηνεύουσιν,
3044 2374 3183 2437 ἀλλ’,
3220 2373 3315 2438 Εἰς
3366 2376 3497 2427 αὐτὸ
3532 2377 3861 2445 ἁμαρτάνει,
3911 2379 3998 2440 είς

2410 2467 2543 2520 αὐτὸ
2572 2467 2816 2536 σφάλλει,
2851 2466 2981 2520 αὐτὸ
3011 2466 3249 2536 μολύνει,
3282 2468 3411 2521 αὐτὸ
3447 2469 3639 2536 ἐναγὲς
3670 2470 3993 2539 ἀποφαίνειο

2408 2560 2484 2623 ὡς
2516 2559 2581 2613 ἄν
2601 2576 2686 2623 τις
2716 2560 2879 2623 εῐποι,
2901 2558 2959 2611 '0
2985 2559 3129 2611 δεῖνα
3160 2559 3352 2613 ἐαυτὸν
3379 2560 3784 2629 ύϐρίζει,ἁλλον
3809 2562 3995 2615 δοκῶν

2410 2652 2669 2723 ὑϐρίζειν.
2702 2652 2814 2705 Νῦν
2845 2651 2953 2722 γάρ
2986 2650 3171 2721 βλέπει
3196 2650 3275 2722 τῷ
3315 2652 3622 2724 Ἀποστόλῳ
3659 2657 3686 2707 6
3719 2654 3899 2722 λόγος,
3936 2657 3993 2708 ού

2409 2744 2543 2815 πρὸς
2570 2744 2667 2815 τὴν
2688 2746 2825 2813 μετά
2843 2744 3015 2797 ταῦτα
3036 2744 3308 2814 ἐξικομένην
3338 2744 3413 2814 τῷ
3436 2746 3800 2816 ἁμαρτήματι
3821 2766 3997 2818 τιμω.

2410 2838 2552 2909 ρίαν,
2569 2838 2705 2891 ἀλλά
2720 2838 2856 2907 πρὸς
2869 2838 2968 2906 τὴν
2988 2839 3046 2890 ἐν
3070 2841 3135 2907 τῇ
3152 2836 3349 2909 πράξει
3367 2839 3658 2908 γινομένην
3676 2839 3751 2909 τῷ
3775 2839 3995 2908 σώματι

2408 2931 2473 2983 ἐκ
2490 2930 2589 2998 τῆς
2634 2927 2957 2999 συμπλοκῆς
2989 2929 3164 2999 ῦὸριν,
3197 2930 3441 2983 τουτέστι
3478 2931 3567 2982 τὸν
3600 2931 3900 3000 μολυσμὸν.
3934 2933 3995 2983 Ὀ

2408 3024 2508 3092 μὲν
2521 3023 2627 3092 γάρ
2642 3023 2903 3089 φονεύων,
2920 3023 3080 3077 ἄλλον
3094 3023 3328 3092 φονεύει,
3350 3025 3377 3074 ὁ
3398 3023 3452 3075 δὲ
3476 3024 3775 3092 πορνεύων,
3796 3026 3995 3078 ἑαυτὸν

2405 3114 2745 3184 καθυϐρίζει.
2790 3116 2899 3167 Καὶ
2956 3116 2983 3166 6
3034 3114 3102 3167 τὰ
3134 3114 3266 3167 ἄλλα
3318 3114 3636 3184 πταίσματα
3694 3116 3858 3185 δρῶν,
3908 3118 3995 3179 εἰς

711 3197 805 3267 qui
832 3203 1027 3248 caetera
1059 3201 1322 3261 operatur
1339 3197 1581 3259 peccata,
1617 3186 1668 3240 in
1702 3187 1807 3240 alia
1841 3196 2121 3252 operatur,
2146 3197 2290 3236 scor-

2407 3207 2534 3261 ἁλλα
2566 3208 2689 3277 δρᾷ,
2719 3209 2746 3259 6
2765 3206 2821 3260 δέ
2849 3207 3147 3271 λαγνεύων,
3171 3207 3361 3260 ἑαυτὸν
3394 3208 3767 3277 καταισχύνει,
3794 3210 3995 3261 ἐαυτὸν

715 3298 861 3341 tator
890 3293 1076 3338 autem
1111 3282 1356 3349 seipsum
1398 3277 1700 3348 pudcfacit,
1736 3277 1978 3343 seipsum
2020 3273 2294 3342 inquinat.

716 3377 873 3435 Unde
904 3376 1070 3431 etiam
1098 3372 1425 3432 abluuntur,
1466 3386 1531 3422 eo
1555 3368 1700 3437 quod
1754 3366 2058 3421 fceditatem
2096 3364 2299 3418 intelli-

715 3477 866 3540 gant,
910 3477 965 3521 et
995 3466 1393 3520 absurditatem
1423 3462 1834 3515 abominentur.
1862 3458 2077 3513 Etenim
2100 3466 2299 3512 caztera

714 3562 915 3618 delicta
940 3560 1138 3614 ineum
1167 3557 1337 3611 etiam
1369 3553 1673 3624 respiciunt
1696 3552 1789 3620 qui
1811 3550 2009 3621 injuria
2028 3549 2294 3615 aflieitur;

718 3656 827 3709 hoc
857 3663 1038 3708 autem
1061 3652 1113 3704 in
1148 3664 1274 3704 eum
1310 3647 1402 3717 qui
1436 3645 1600 3699 allicit
1633 3644 1853 3713 injuria.
1901 3641 2110 3695 Caatera
2145 3650 2297 3695 extra

714 3764 917 3817 corpus
940 3752 1069 3799 sunt
1089 3741 1360 3800 facientis,
1387 3740 1494 3793 hoc
1514 3737 1767 3805 inquinat
1789 3736 1965 3802 ipsum
1983 3733 2296 3786 facientem.

712 3838 770 3891 In
802 3836 1017 3891 caeteris
1044 3828 1401 3900 aliosinjuria
1438 3826 1623 3891 aﬁicit,
1662 3826 1713 3878 in
1776 3822 2110 3877 scortationc
2164 3836 2298 3878 vero

712 3943 976 3999 seipsum.

784 4020 941 4089 Quod
964 4020 1006 4073 si
1036 4018 1338 4073 secundum
1360 4016 1561 4086 aperiri
1598 4014 1697 4067 tibi
1728 4014 1865 4066 \‘elis
1886 4013 2111 4075 ostium,
2162 4026 2297 4065 con-

711 4114 895 4169 sidera
917 4112 1083 4181 quod,
1109 4128 1233 4163 eum
1264 4110 1580 4177 frequenter
1604 4105 1813 4159 homini
1838 4104 2110 4157 laboranti
2146 4101 2299 4156 defe-

712 4219 803 4263 ctu
836 4216 928 4260 aut
963 4206 1167 4258 delicto
1193 4204 1341 4272 quod
1366 4201 1525 4255 venia
1559 4201 1783 4267 dignum
1811 4207 1913 4261 est,
1939 4197 2298 4250 adhortantes

714 4301 959 4354 dicamus
994 4297 1299 4355 z—Frater,
1328 4292 1549 4346 discede
1581 4291 1648 4343 ab
1677 4290 1780 4342 hoc
1809 4288 2001 4341 morbo
2016 4286 2109 4357 qui
2138 4294 2300 4340 caete-

713 4394 791 4447 ris
808 4391 1067 4445 omnibus
1089 4390 1243 4457 pejor
1270 4394 1375 4448 est,
1409 4414 1475 4423 —
1504 4400 1614 4436 non
1650 4382 1794 4451 quod
1828 4397 2019 4433 omnes
2042 4380 2294 4444 excedat,

712 4486 805 4539 sed
830 4484 975 4553 quod
1039 4481 1107 4534 ab
1132 4480 1225 4533 illo
1259 4494 1477 4547 quoque
1504 4477 1739 4530 velimus
1784 4476 1962 4543 ipsum
2001 4472 2242 4540 separari
2278 4487 2291 4523 :

2408 3300 2636 3370 μιαίνει.
2675 3300 2836 3353 Ὅθεν
2885 3302 2978 3354 καὶ
3020 3299 3398 3361 ἀπολούονται,
3445 3301 3537 3351 τὸν
3584 3302 3862 3370 μολυσμδν
3899 3303 3993 3353 ἐν-

2403 3393 2674 3458 νοοῦντες,
2720 3393 2814 3445 καὶ
2844 3394 2945 3461 τὴν
2993 3392 3225 3446 ἀτοπίαν
3270 3392 3699 3461 βδελυττόμενοι.
3751 3394 3835 3444 Τά
3890 3394 3991 3463 μὲν

2401 3484 2510 3555 γάρ
2550 3484 2685 3538 ἄλλα
2719 3484 3190 3555 πλημμελήματα,
3235 3485 3329 3537 καὶ
3375 3485 3454 3546 είς
3493 3484 3582 3535 τὸν
3630 3485 3994 3553 ἀδικούμενον

2404 3575 2613 3646 βλέπει,
2655 3576 2811 3629 τοῦτο
2840 3575 2919 3640 δὲ,
2958 3578 3037 3638 εἰς
3065 3576 3156 3627 τὸν
3194 3576 3505 3629 ἀδικοῦντα.
3544 3577 3623 3628 Τά
3655 3576 3790 3630 ἀλλα
3825 3578 3990 3642 ἐκτὸς

2400 3670 2496 3723 τοῦ
2529 3669 2783 3741 σώματός
2809 3671 2925 3723 ἐστι
2958 3669 3052 3722 τοῦ
3098 3671 3351 3739 δρῶντος,
3381 3669 3539 3723 τοῦτο
3565 3671 3623 3723 δέ
3654 3671 3745 3723 τὸν
3770 3672 3990 3741 δρῶντα

2407 3762 2644 3833 μολύνει.
2680 3762 2792 3814 Καὶ
2828 3764 2884 3814 ἐν
2922 3762 3021 3831 μὲν
3059 3764 3167 3824 τοῖς
3216 3763 3417 3826 ἄλλοις,
3462 3763 3654 3825 ἄλλους
3692 3764 3893 3829 ἀδικεῖ,
3931 3766 3991 3817 ἐν

2402 3853 2460 3906 δέ
2489 3856 2554 3925 τῇ
2589 3854 2837 3924 πορνείᾳ,
2870 3854 3084 3908 ἐαυτὸν.

2473 4039 2612 4093 Είδέ
2651 4039 2908 4110 δευτέραν
2937 4038 3115 4108 βούλει
3159 4056 3238 4091 σοι
3272 4041 3553 4109 ἀνοιγῆναι
3600 4042 3990 4112 θύραν,ὲννόει

2399 4130 2482 4183 ὅτι
2522 4131 2708 4200 ἐπειδὴ
2738 4130 2997 4193 πολλάκις
3032 4129 3303 4202 ἀνθρώπῳ
3338 4134 3397 4185 ού
3434 4134 3762 4203 συγγνώμης
3798 4138 3992 4204 μεῖζον

2401 4221 2575 4292 ἔχοντι
2622 4222 2930 4291 ἐλάττωμα,
2987 4224 3376 4292 παραινοῦντες
3415 4226 3685 4295 λέγομεν
3739 4228 3990 4295 Ἀδελ;ἐ,

2400 4314 2669 4384 ἁπόστηθι
2699 4315 2890 4368 τούτου
2916 4314 3010 4367 τοῦ
3046 4317 3374 4386 νοσήματος,
3410 4317 3566 4369 τοῦτο
3613 4320 3836 4371 πάντων
3872 4324 3991 4375 ἐστι

2400 4411 2593 4461 κάκιον
2634 4409 2758 4478 (ούκ
2806 4408 2993 4476 ἐπειδὴ
3037 4408 3216 4460 πάντα
3240 4409 3575 4478 ὑπερϐαίνει,
3620 4411 3735 4463 ἀλλ’
3769 4415 3852 4464 ὅτι
3891 4417 3992 4466 κά-

2400 4498 2583 4550 κείνου
2621 4499 2781 4550 αὐτὸν
2812 4497 3116 4561 ἀπαλλάξαι
3153 4498 3482 4568 βουλόμεθα)
3508 4516 3520 4529 ·
3556 4503 3629 4568 μή
3667 4518 3796 4552 ποτε
3836 4505 3935 4555 καὶ
3963 4508 3990 4556 6

713 4579 853 4631 forte
924 4574 1089 4628 etiam
1170 4570 1467 4640 Apostolus
1516 4568 1583 4621 de
1639 4576 1831 4634 stupro
1897 4565 2002 4618 hoc
2045 4563 2293 4626 dixerit,

2416 4589 2739 4651 »Απόστολος
2786 4590 2879 4642 ἐπὶ
2918 4590 3017 4658 τῆς
3074 4591 3331 4659 πορνείας
3366 4589 3521 4641 τοῦτο
3570 4591 3696 4659 ἔφη,
3735 4593 3841 4643 Τὸν
3878 4598 3987 4662 γάρ

713 4678 771 4721 et
795 4667 1024 4736 cupiens
1051 4680 1180 4718 eum
1205 4663 1300 4731 qui
1324 4662 1464 4728 apud
1490 4660 1808 4713 Corinthios
1826 4666 2100 4711 scortatus
2117 4655 2293 4709 fuerat

715 4769 923 4813 castum
953 4773 1093 4816 esse.
1125 4757 1179 4809 in
1214 4756 1353 4807 hanc
1369 4754 1555 4822 erupit
1589 4768 1801 4807 vocem.

788 4867 844 4921 Si
873 4879 1003 4920 vero
1044 4874 1098 4918 et
1149 4864 1393 4925 tertium,
1438 4860 1600 4932 [.73
1649 4860 1889 4928 intelligo
1945 4857 2091 4929 quod
2150 4855 2293 4911 sicut

716 4960 761 5013 is
780 4958 871 5028 qui
902 4957 1142 5010 triticum
1176 4963 1271 5008 aut
1295 4953 1443 5006 aliud
1469 4968 1653 5005 semen
1684 4952 1738 5004 in
1760 4966 1907 5004 mare
1944 4949 2182 5020 projicit,
2238 4949 2293 5003 in

715 5066 903 5105 semen
935 5057 1147 5119 peccat,
1174 5047 1475 5117 prohibens
1520 5046 1698 5115 ipsum
1731 5060 1796 5098 ne
1854 5044 1920 5097 ad
1986 5043 2295 5113 generatio-

715 5158 839 5196 nem
875 5141 1135 5211 procedat
1165 5157 1177 5192 :
1210 5141 1280 5192 ita
1307 5148 1363 5191 et
1394 5138 1487 5207 qui
1533 5153 1693 5192 suum
1747 5152 1933 5190 semen
1966 5136 2018 5188 in
2050 5146 2291 5189 scortum

718 5235 1031 5304 projicit.,tn
1056 5232 1341 5303 proprium
1364 5239 1802 5299 eorpuspeccat:
1852 5237 2094 5282 scortum
2143 5228 2291 5281 enim

719 5342 827 5379 non
858 5326 1036 5379 solum
1066 5325 1334 5378 interimit
1358 5322 1501 5392 quod
1522 5321 1756 5391 peperit,
1802 5321 1897 5375 sed
1927 5321 2291 5389 impedimen-

708 5432 832 5474 .tum
869 5420 1032 5474 etiam
1057 5419 1209 5487 ponit
1240 5433 1308 5470 ne
1330 5416 1529 5485 pariat.

788 5512 944 5578 Quod
1006 5511 1052 5565 si
1100 5511 1265 5563 etiam
1339 5518 1623 5578 quartum,
1679 5507 1989 5576 intelligere
2074 5514 2293 5575 oportet

720 5602 1291 5670 (medea-partequa
1323 5601 1452 5668 agit,
1502 5598 1665 5652 etiam
1713 5598 1939 5667 patitur.
2007 5597 2291 5667 Siquidem

719 5693 826 5750 nisi
866 5708 1058 5762 passus
1086 5701 1253 5751 esset.
1277 5707 1385 5745 non
1417 5691 1735 5747 deduxisset
1768 5691 1947 5761 ;quod
1970 5692 2011 5746 si
2040 5690 2290 5758 deﬂuxit,

719 5793 1015 5854 corruptus
1043 5795 1170 5846 est;
1221 5784 1265 5839 si
1290 5794 1474 5838 autern
1529 5797 1818 5853 corruptus
1859 5794 1964 5848 est,
2032 5785 2290 5853 injuriam

713 5878 955 5950 accepit.
1005 5878 1248 5949 Denique
1275 5879 1328 5934 in
1366 5878 1515 5934 nulla
1567 5879 1668 5935 alia
1693 5879 2011 5949 operatione
2046 5893 2209 5948 quam
2236 5878 2291 5935 in

2400 4681 2777 4751 πορνεύσαντα
2807 4678 2960 4749 παρὰ
2998 4680 3305 4749 Κορινθίοις
3338 4680 3670 4749 σωφρονίσαι
3714 4680 3989 4752 βουλόμεο

2403 4788 2516 4837 νος,
2558 4771 2763 4841 ταύτην
2786 4771 2983 4841 ἔρρηξε
3020 4770 3119 4840 τὴν
3150 4773 3352 4841 φωνήν.

2471 4862 2531 4915 Ei
2559 4863 2614 4915 δὲ
2645 4864 2737 4915 καὶ
2764 4862 2977 4932 τρίτην,
3012 4863 3179 4914 ἐννόει
3207 4864 3288 4914 ὅτι
3320 4863 3507 4934 ὥσπερ
3538 4865 3564 4915 6
3596 4864 3673 4926 εἰς
3703 4864 3985 4918 θάλασσαν

2403 4955 2547 5007 σῖτον
2569 4954 2600 5025 ἢ
2626 4954 2813 5023 ἕτερον
2838 4955 3046 5025 ῥίπτων
3072 4955 3313 5026 σπέρμα,
3348 4956 3427 5018 είς
3449 4957 3539 5008 τὸν
3573 4957 3771 5027 σπόρον
3794 4961 3982 5029 ἁμαρ-

2401 5046 2575 5111 τάνει,
2610 5047 2836 5099 κωλύων
2876 5048 3038 5100 αὑτὸν
3067 5050 3145 5110 είς
3171 5048 3428 5116 γέννησιν
3454 5049 3650 5113 ἐλθεῖν,
3682 5051 3855 5114 οὕτως
3885 5057 3982 5104 καὶ

2400 5140 2565 5202 ὀ,είς
2618 5139 2841 5207 ἑταίραν
2903 5140 3110 5209 ῥίπτων
3160 5140 3220 5193 τὸ
3264 5139 3458 5193 ἑαυτοῦ
3511 5143 3754 5211 σπέρμα,
3794 5146 3874 5205 εἰς
3922 5148 3982 5195 τὶ

2400 5234 2599 5284 οἰκεῖον
2633 5232 2790 5300 σῶμα
2816 5232 3145 5301 ἁμαρτάνει,
3172 5234 3385 5303 ἐκείνης
3423 5234 3482 5285 ού
3510 5234 3695 5303 τεχθὲν
3723 5236 3983 5306 ἀναιρού-

2402 5339 2499 5393 σης
2527 5324 2710 5391 μόνον,
2754 5323 2891 5375 ἁλλά
2917 5325 3008 5376 καὶ
3040 5324 3298 5393 τεχθῆναι
3335 5323 3674 5390 κωλυούσης.

2472 5511 2533 5563 Εί
2563 5512 2617 5564 δέ
2658 5512 2753 5565 καὶ
2785 5512 3079 5582 τετάρτην,
3127 5514 3329 5565 ἐννοεῖν
3362 5513 3488 5582 χρὴ,
3538 5512 3620 5564 ὅτι
3712 5513 3837 5582 δρᾷ,
3884 5516 3979 5567 καὶ

2400 5604 2619 5672 πάσχει.
2659 5604 2718 5656 Ei
2753 5604 2850 5673 μὲν
2880 5604 2988 5673 γάρ
3046 5604 3119 5673 μὴ
3164 5604 3387 5665 ἔπαθεν,
3441 5604 3540 5655 οὐκ
3590 5602 3655 5655 ἂν
3692 5604 3977 5672 ἔρῤευσεν.

2402 5696 2464 5750 Εἰ
2522 5695 2577 5748 δέ
2630 5696 2909 5766 ερρευσεν,
2960 5694 3194 5767 ἐφθάρη.
3239 5696 3301 5748 Εἰ
3352 5694 3406 5747 δί
3437 5694 3670 5765 ἐφθάρη,
3719 5694 3975 5765 ὑϐρίσθη.

2411 5788 2628 5859 Ἀμέλει
2701 5788 2789 5839 ἐπ’
2850 5788 3079 5859 οὐδεμιᾷ
3137 5788 3273 5858 ἄλλῃ
3348 5786 3542 5856 πράξει
3589 5786 3621 5856 ἦ
3672 5787 3765 5839 ἐπὶ
3837 5790 3976 5856 μόνη

2396 5883 2462 5949 τῇ
2494 5877 2685 5954 ἀνδρὸς
2721 5879 2853 5948 προς
2895 5882 3127 5944 γυναῖκα
3172 5878 3375 5945 συνόδῳ
3414 5877 3649 5946 λέγεται,
3703 5878 3974 5951 ἐφθάρθαι
