4194 6468
179 382 288 444 721

1109 381 1497 441 CUMME'NT.
1533 380 1607 439 IN
1654 375 1894 436 EPl‘ST.
1931 374 1957 432 1
1999 373 2099 432 AD
2143 369 2506 432 CORlN'l'lI.

3348 368 3456 431 722

177 497 283 570 τὴν
363 497 632 569 παρθένον
695 497 788 551 κοιλ⁵
860 499 952 552 τὸν
1034 499 1317 552 νεανίσκον
1385 494 1747 568 πειραθέντας

1881 488 1983 542 viri
2035 501 2162 542 cum
2228 487 2458 540 muliere
2501 481 2905 549 commistione,
2948 482 3152 539 dicitur
3195 498 3291 538 eos
3339 499 3458 539 esse
3493 516 3498 528 ί

248 784 316 837 ΕΞ
339 784 397 838 δὲ
431 782 526 836 καὶ
555 781 837 853 πέμπτην,
875 781 1046 836 ἐννόει
1091 779 1278 852 ὅτιτῷ
1305 781 1482 854 πόρνῃ
1516 798 1769 853 συνερχο-

174 873 355 942 μένῳ,
385 873 432 924 εἰ
463 870 682 941 τεχθείη
715 870 948 935 παιδίον,
973 872 1053 935 είς
1076 872 1334 941 πορνείαν
1379 873 1765 942 ἀνατρέφεται,

169 967 272 1018 καὶ
303 967 331 1018 6
363 966 508 1034 ὀρῶν
533 966 673 1034 μετά
700 965 871 1018 ταῦτα
899 964 1062 1029 λέξει·
1098 963 1307 1030 Ὄντως
1343 967 1536 1019 ἑαυτὸν
1563 968 1770 1030 ἐκεῖνος

170 1058 462 1128 ἠδίκησεν.
501 1059 630 1111 Ἰδοὺ
665 1060 772 1130 γάρ
802 1061 864 1113 τὸ
905 1059 1146 1131 σπέρμα,
1193 1061 1393 1131 μᾶλλον
1420 1059 1477 1112 δὲ
1502 1059 1562 1112 τὸ
1609 1058 1768 1130 σῶμα

170 1152 347 1204 αὖτοῦ
379 1151 657 1222 πορνεύει.

247 1263 315 1315 Εἰ
344 1261 403 1316 δὲ
435 1265 528 1316 καὶ
556 1265 743 1336 ἕκτην,
795 1263 1091 1328 ἐπίστησον
1133 1265 1214 1318 ὅτι
1258 1265 1305 1316 εί
1347 1264 1509 1336 δούλῃ
1545 1282 1628 1327 τις
1655 1283 1765 1318 κοι-

169 1356 320 1425 νωνή
333 1373 502 1418 σειεν,
540 1357 725 1409 δοῦλον
750 1357 902 1410 ἔσται
930 1357 992 1410 τὸ
1017 1357 1362 1426 τικτόμενον.
1395 1358 1519 1421 Πῶς
1549 1357 1642 1410 οὖν
1665 1358 1766 1409 οὐκ

168 1446 252 1508 είς
285 1446 481 1500 ἑαυτὸν
523 1448 852 1517 ἁμαρτάνει,
887 1449 914 1501 ὁ
940 1446 1130 1501 δοῦλον
1164 1445 1480 1509 σπουδάζων
1510 1447 1726 1507 τεκεῖν;

245 1728 310 1780 Εἰ
339 1727 397 1781 δὲ
428 1728 522 1782 καὶ
550 1727 806 1798 ἑϐδόμην,
835 1729 937 1799 ὅρα
968 1729 1050 1781 ὅτι
1091 1728 1185 1780 καὶ
1209 1728 1270 1781 τὸ
1305 1727 1624 1797 τικτόμενον
1647 1728 1763 1781 ἀδι-

1875 587 2165 651 corruptos
2188 578 2283 650 qui
2303 579 2572 649 virginem
2594 585 2689 633 aut
2713 575 3188 632 adolescentulum
3219 577 3459 647 aggressi
3529 583 3537 592 ‘

1874 680 2027 727 δυιιι.

1943 760 2001 817 Si
2078 775 2212 815 vero
2261 769 2318 815 et
2397 759 2652 831 quintum
2685 801 2699 826 ,
2754 759 2996 831 intellige
3071 759 3218 830 quod
3273 760 3317 815 is
3363 760 3458 829 qui

1873 863 2061 910 scorto
2093 853 2474 922 congreditur,
2496 853 2540 907 si
2576 853 2835 908 infantem
2873 862 3116 924 generet,
3143 851 3210 906 ad
3251 863 3460 907 scorta-

1873 947 2079 1001 tionem
2111 945 2337 1010 crescit,
2361 955 2417 999 et
2435 945 2530 1014 qui
2581 953 2770 1014 postea
2820 945 3043 1011 viderit,
3079 944 3228 1000 dicet
3263 961 3279 997 ι
3316 943 3458 997 Vere

1873 1037 1963 1092 ille
1993 1039 2236 1108 seipsum
2277 1036 2478 1108 injuria
2509 1038 2712 1092 aliccit.
2740 1039 2879 1092 Ecce
2942 1053 3074 1108 ergo
3097 1051 3310 1102 semen,
3349 1036 3458 1090 imo

1869 1129 2054 1200 potius
2083 1146 2246 1186 suum
2281 1132 2457 1202 ipsius
2484 1147 2689 1201 corpus
2723 1137 3065 1199 constuprat.

1940 1244 2095 1309 Quod
2142 1245 2188 1299 si
2253 1254 2461 1300 sextam
2511 1260 2732 1314 quoque
2795 1243 3310 1312 interpretationem
3363 1241 3461 1296 dc-

1869 1335 2111 1398 sideras,
2151 1333 2532 1388 animadverte
2557 1335 2700 1402 quod
2739 1333 2930 1403 siquis
2957 1333 3170 1388 ancilla:
3229 1334 3459 1388 commi-

1869 1433 2122 1487 secatur,
2166 1423 2212 1478 is
2263 1438 2439 1492 quem
2478 1423 2568 1476 illa
2604 1423 2784 1492 pariet
2834 1437 3028 1476 servus
3074 1421 3218 1475 erit:
3275 1437 3457 1475 annon

1869 1528 2000 1581 ergo
2061 1513 2115 1566 in
2159 1512 2402 1581 seipsum
2459 1521 2652 1582 peccat
2695 1511 2790 1582 qui
2847 1511 3456 1582 scrvumstudetgcne-

1872 1621 1929 1658 t'a
1939 1621 1993 1658 re
2031 1604 2053 1656 ?

1940 1717 1994 1769 Si
2045 1731 2173 1771 vero
2225 1725 2380 1786 optas
2425 1725 2479 1770 et
2529 1715 2840 1784 septimam,
2894 1714 3018 1769 vide
3046 1713 3192 1780 quod
3217 1714 3264 1768 is
3284 1714 3455 1768 etiam

169 1821 376 1881 κεῖται,
419 1819 574 1871 νόθον
604 1819 964 1886 καλούμενον,
1007 1819 1102 1871 καὶ
1133 1819 1328 1888 ἄτιμον
1361 1819 1636 1889 πανταχοῦ
1672 1836 1756 1886 γι-

1869 1809 1960 1877 qui
1993 1819 2292 1879 generatur
2335 1808 2537 1877 injuria
2565 1807 2820 1871 allicitur,
2854 1822 2978 1861 cum
3035 1807 3237 1861 nothus
3265 1809 3455 1877 appel-

169 1911 426 1982 νόμενον.
461 1911 581 1966 Κᾶν
635 1913 693 1964 ὲν
751 1911 1140 1982 βουλευτηρίῳ,
1182 1912 1288 1965 κᾶν
1333 1913 1390 1965 ὲν
1424 1911 1760 1982 δικαστηρίῳ

171 2006 286 2058 δέοι
321 2004 611 2068 εἰσελθεῖν,
657 2004 1002 2059 ἐκϐάλλεται.
1035 2005 1114 2056 Δι’
1150 1997 1210 2056 οὗ
1238 2003 1332 2057 καὶ
1358 2005 1385 2057 6
1417 2004 1762 2073 φυτευσάμε-

170 2117 260 2162 νος
316 2097 679 2151 συναπολαύει
706 2100 804 2168 τῆς
843 2096 1124 2168 αἰσχύνης.
1167 2095 1500 2167 ’Υπόμνημα
1527 2093 1636 2166 γὰρ
1663 2095 1760 2165 τῆς

170 2192 384 2252 οἰκείας
411 2189 670 2258 λαγνείας
701 2190 1015 2242 κατέλιπεν.

243 2377 310 2430 El
370 2376 428 2431 δὲ
485 2380 577 2431 καὶ
627 2377 841 2446 ὀγδόην,
898 2377 1194 2448 δοκίμασον
1244 2378 1307 2431 τὸ
1361 2379 1754 2450 ῥηθησόμενον

185 2470 410 2542 Ἐπειδὴ
436 2473 462 2523 ό
494 2471 773 2540 πορνεύων
816 2470 874 2521 ἓν
904 2471 1042 2540 πρὸς
1076 2471 1174 2541 τὴν
1214 2471 1584 2542 πορνεύουσαν
1614 2473 1759 2541 γίνε-

171 2581 288 2626 ται,
315 2567 344 2616 ό
375 2563 443 2616 τά
466 2563 645 2614 οἰκεῖα
680 2561 819 2631 μέλη
849 2561 1016 2615 ποιῶν
1047 2561 1184 2631 μέλη
1211 2561 1437 2634 πόρνης,
1461 2565 1542 2628 είς
1567 2565 1758 2619 ἑαυτὸν

172 2655 250 2724 τῷ
308 2654 426 2706 δντι
473 2653 801 2724 ἁμαρτάνει.
851 2655 1001 2724 Φόνῳ
1037 2655 1134 2724 μὲν
1164 2657 1272 2722 γάρ
1297 2653 1356 2707 εὖ
1395 2654 1542 2720 τινὲς
1591 2659 1758 2728 ἐχρή-

174 2761 362 2811 σαντο,
387 2744 462 2808 ὡς
485 2745 692 2814 Μωσῆς
712 2747 802 2798 καὶ
822 2746 1026 2810 Φινεὲς,
1043 2747 1136 2800 καὶ
1161 2747 1323 2818 ὀργῇ,
1341 2748 1639 2820 ὡςᾘέτρος
1663 2751 1757 2804 καὶ

177 2837 413 2904 Παῦλος,
445 2839 674 2910 πορνείᾳ
707 2839 763 2892 δὲ
797 2839 972 2902 οὐδεὶς
1009 2838 1094 2891 πώ
1107 2855 1230 2892 ποτε
1264 2842 1535 2912 ἐχρήσατο
1567 2842 1649 2897 εὖ.

246 3010 309 3062 Ei
337 3010 394 3063 δὲ
427 3010 522 3064 καὶ
555 3011 806 3080 ὲννάτην,
835 3008 1005 3064 ἐννόει
1031 3025 1044 3039 '
1079 3009 1300 3082 Ἐπειδὴ
1331 3011 1488 3083 σῶμα
1519 3013 1577 3066 ἓν
1609 3015 1756 3068 ἐστιν

175 3103 209 3170 ἡ
243 3103 565 3173 Ἐκκλησία,
616 3105 644 3156 ό
685 3102 741 3154 δὲ
779 3102 901 3156 καθ’
941 3097 1021 3166 εἷς
1054 3103 1302 3173 ἀλλήλων
1337 3105 1473 3176 μέλη
1508 3121 1524 3138 ³
1549 3106 1577 3159 ὁ
1623 3123 1756 3176 πορ-

1866 1901 2009 1955 letur
2040 1908 2096 1955 et
2133 1901 2340 1970 ubique
2394 1901 2644 1952 locorum
2688 1898 2761 1952 sit
2807 1899 3101 1967 ahjectus:
3140 1907 3197 1952 et
3250 1898 3365 1952 sive
3396 1899 3450 1952 in

1863 1995 2155 2050 consilium
2180 1995 2298 2048 sive
2339 1992 2684 2063 injudicium
2723 1991 2936 2061 ingredi
2994 2001 3268 2060 oporteat,
3313 1991 3453 2061 abji-

1862 2087 2050 2140 citur:
2090 2085 2239 2155 quod
2271 2087 2318 2139 is
2351 2085 2518 2138 etiam
2551 2084 2647 2152 qui
2690 2083 2974 2152 generavit
3039 2083 3316 2152 particeps
3367 2093 3455 2136 est

1861 2178 2088 2247 pudoris
2123 2195 2139 2233 :
2173 2191 2298 2232 nam
2332 2174 2773 2230 recordationem
2804 2175 3038 2244 propria:
3071 2173 3271 2242 accipit
3323 2174 3456 2229 libi-

1861 2269 2028 2324 (linis.
2153 2331 2158 2338 _

1929 2380 2085 2449 Quod
2121 2379 2168 2436 si
2201 2387 2450 2434 octavam
2481 2394 2702 2448 quoque
2727 2377 2907 2447 cupis,
2952 2379 3242 2434 considera
3295 2380 3445 2450 quod

1859 2471 2061 2526 dicturi
2085 2486 2296 2535 sumus,
2346 2485 2547 2540 nempe
2577 2469 2724 2540 quod
2754 2470 2800 2524 is
2820 2468 2916 2540 qui
2973 2479 3251 2525 scortatur
3275 2487 3451 2525 unum

1860 2576 1988 2616 sum
2029 2569 2214 2616 scorto
2239 2560 2498 2627 cllicitur,
2518 2561 2742 2631 propria
2775 2561 3025 2616 membra
3049 2560 3259 2617 faciens
3279 2563 3450 2617 scorti

1860 2654 2110 2709 membra
2139 2671 2153 2721 ;
2179 2661 2235 2709 et
2260 2652 2334 2708 ita
2359 2668 2490 2708 vere
2535 2654 2590 2706 in
2621 2653 2864 2721 scipsum
2919 2662 3133 2722 peccat.
3160 2653 3447 2723 Siquidem

1859 2745 2108 2799 nonnulli
2134 2745 2283 2801 caede
2310 2752 2441 2800 sunt
2485 2743 2627 2799 bene
2686 2743 2792 2807 usi,
2851 2750 2914 2796 ut
2968 2743 3145 2798 Moses
3204 2760 3268 2800 ac
3316 2746 3448 2800 Phi-

1857 2851 1991 2891 necs
2018 2836 2097 2903 ⁸⁹ς
2133 2848 2189 2891 et
2211 2839 2316 2903 ira,
2352 2845 2411 2890 ut
2439 2836 2634 2890 Petrus
2657 2845 2713 2890 et
2742 2835 2949 2889 Paulus
2987 2837 3034 2870 ὀ
3055 2849 3069 2888 :
3093 2847 3286 2908 stupro
3316 2854 3475 2895 vero.

1859 2928 2042 2982 nullus
2070 2943 2311 2998 unquam
2332 2928 2475 2983 bene
2512 2943 2646 2982 usus
2678 2939 2784 2983 est.

1899 3015 1957 3071 Si
1981 3031 2112 3070 vero
2147 3029 2203 3071 et
2234 3031 2456 3080 nonam,
2487 3017 2776 3071 considera
2803 3019 2949 3087 quod
2973 3021 3101 3090 quia
3123 3036 3292 3074 unum
3319 3035 3445 3075 eor-

1858 3123 1961 3178 pus
1993 3120 2076 3164 est
2110 3107 2374 3174 Ecclesia,
2405 3107 2605 3180 singuli
2636 3117 2820 3164 autem
2854 3111 2946 3165 alii
2990 3111 3224 3166 aliorum
3275 3127 3448 3166 mem-

175 3196 371 3256 νεύων.
403 3197 482 3258 εἰς
506 3195 711 3258 πάντας
738 3196 1061 3265 ἁμαρτάνει.
1110 3197 1416 3265 Ἀνατρέχει
1447 3197 1558 3264 γὰρ
1587 3197 1753 3250 αὑτοῦ

1862 3199 1962 3253 bra
1985 3202 2028 3233 ⁹¹
2069 3219 2082 3253 :
2125 3201 2220 3270 qui
2245 3208 2546 3262 scortatur,
2582 3201 2635 3254 in
2664 3216 2858 3257 omnes
2894 3211 3126 3272 peccat:
3167 3205 3445 3274 percurrit

174 3288 234 3341 τὸ
262 3288 490 3356 σφάλμα
519 3289 611 3340 ἐπὶ
636 3287 697 3341 τὸ
724 3288 822 3356 τῆς
875 3285 1206 3358 Ἐκκλησίας
1241 3287 1535 3359 πλήρωμα,
1564 3281 1624 3341 οὗ
1663 3289 1760 3344 καὶ

177 3379 485 3447 ἐκκοπῆναι
514 3379 677 3433 αὐτὸν
711 3377 1062 3448 προσέταξεν,
1101 3379 1204 3440 ἕως
1234 3379 1300 3433 ἂν
1329 3380 1666 3450 μετανοήσῃ.

243 3487 384 3540 Είδὲ
419 3487 515 3540 καὶ
551 3486 786 3556 δεκάτην
818 3485 1020 3555 βούλει,
1059 3485 1276 3556 λεχθείη
1328 3485 1416 3549 ἂν,
1449 3486 1534 3540 ὅτι
1570 3486 1758 3558 ἐπειδὴ

175 3577 222 3628 ol
271 3575 429 3643 νόμῳ
463 3573 558 3627 τοῦ
590 3574 773 3643 τιμίου
807 3575 988 3643 γάμου
1038 3575 1330 3641 συνιόντες,
1365 3575 1424 3628 ἓν
1469 3575 1631 3646 σῶμα
1674 3577 1757 3645 γί-

176 3683 358 3720 νονται
379 3666 698 3735 (ιἘσονται
727 3668 858 3736 γάρ,
888 3665 1045 3736 φησὶ,
1073 3665 1230 3720 οίδύο
1256 3667 1333 3730 είς,
1358 3667 1536 3740 σάρκα
1568 3670 1751 3739 μίαν.ι

177 3760 265 3813 Aab
293 3759 411 3823 καὶ,
439 3778 457 3810 ι
481 3759 545 3812 Ἦ
578 3759 718 3830 γυνὴ
746 3759 840 3813 τοῦ
870 3760 1002 3813 ἰδίου
1038 3759 1286 3830 σώματος
1308 3761 1406 3814 οὐκ
1429 3762 1755 3828 ἐξουσιάζει,

177 3849 290 3902 ἀλλ’
328 3851 357 3901 ό
379 3847 540 3920 ἀνὴρ,
565 3849 828 3912 ὡσαύτως
844 3849 937 3902 καὶ
967 3850 995 3902 ό
1027 3849 1166 3922 ἀνὴρ
1196 3850 1267 3921 ›)’
1307 3851 1531 3914 εἰκότως
1556 3854 1583 3906 ὁ
1620 3869 1756 3923 πορ-

177 3941 349 3996 νεύων
392 3943 492 4009 μὲν
522 3942 681 4013 ἀνὴρ,
725 3945 800 4007 είς
846 3944 942 4016 τὴν
972 3943 1240 4015 γαμετὴν,
1288 3946 1565 4000 τουτέστιν
1592 3949 1671 4010 είς
1699 3948 1759 4001 τὸ

180 4030 306 4084 ἴδιον
361 4030 522 4100 σῶμα
570 4031 900 4100 ἁμαρτάνει.
948 4031 1224 4093 Ἦσαύτως
1263 4034 1356 4087 καὶ
1387 4035 1419 4104 ἡ
1456 4035 1758 4106 γυνή.Ἐπ“ι

183 4120 316 4190 μόνῃ
351 4119 460 4188 γὰρ
489 4120 660 4191 ταύτῃ
689 4122 754 4188 τῇ
791 4121 1036 4190 ἁμαρτίᾳ
1067 4121 1230 4190 νόμον
1259 4121 1410 4174 ἔθετο
1435 4124 1462 4175 ό
1497 4123 1754 4194 Χριστὸς,

180 4206 508 4277 χωρίζεσθαι
538 4207 732 4270 αὐτοὺς
765 4207 860 4260 ἀπ’
890 4207 1160 4278 ἀλλήλων.
1192 4225 1208 4258 ι
1239 4208 1332 4270 Εἰς
1356 4208 1416 4261 τδ
1439 4208 1567 4262 ἴδιον
1595 4211 1756 4280 σῶμα

179 4297 507 4366 ἁμαρτάνει.
546 4315 565 4349 ι
619 4297 900 4362 Τουτὲστι,
947 4297 1007 4350 τὸ
1056 4297 1187 4352 ἴδιον
1233 4297 1394 4370 σῶμα
1442 4301 1754 4372 ἀκάθαρτον

177 4402 340 4437 ποιει.

247 4480 324 4531 ’Ἡ
361 4479 474 4532 οὐκ
521 4477 720 4532 οἴδατε
753 4478 854 4547 ζὸτι
890 4479 956 4533 τὸ
987 4479 1157 4549 σῶμα
1203 4482 1391 4550 ὑμῶν,
1445 4485 1592 4552 ναὸς
1643 4485 1747 4540 τοῦ

172 4569 242 4619 ἐν
276 4568 420 4637 ὑμῖν
447 4570 620 4637 ἁγίου
672 4571 1018 4637 Πνεύμιιτός
1063 4570 1251 4635 ἐστιν,
1301 4569 1372 4628 οὗ
1421 4574 1591 4643 ἔχετε
1630 4578 1748 4631 ἀπὸ

175 4659 345 4723 Θεοῦ,
379 4660 474 4710 καὶ
498 4662 607 4712 οὐκ
635 4661 775 4712 ἐστὲ
807 4661 1057 4715 ἐαυτὼνο
1089 4663 1463 4733 ἠγοράσθητε
1508 4667 1618 4735 γὰρ
1661 4687 1746 4723 τι-

169 4751 320 4820 μῆς;
365 4750 670 4813 Δοξὰσατε
699 4751 774 4819 δὴ
809 4752 914 4806 τὸν
937 4756 1086 4806 Θεὸν
1113 4756 1182 4807 ἐν
1210 4754 1288 4820 τῷ
1309 4758 1532 4826 σώματι
1559 4760 1746 4828 ὑμῶν,

171 4845 267 4896 καί
289 4844 360 4896 ἐν
400 4843 478 4907 τῷ
511 4846 801 4914 πνεύματι
833 4845 1020 4915 ὑμῶν,
1055 4847 1224 4902 ἅτινά
1276 4851 1404 4903 ἐστι
1436 4852 1542 4904 τοῦ
1575 4855 1743 4909 Θεοῦ.

240 4936 352 4989 Καὶ
383 4936 462 5005 τῷ
499 4937 716 5007 μεγέθει
743 4938 841 5008 τῆς
868 4939 1099 5009 δωρεᾶς,
1141 4942 1235 4994 καὶ
1271 4947 1338 5014 τῇ
1376 4944 1504 5018 ἀξία
1536 4947 1629 5000 τοῦ
1660 4947 1745 5000 δε-

171 5026 423 5089 δωκότος,
478 5029 792 5082 καταπτοεί.
845 5029 1069 5100 Πνεῦμα
1106 5031 1214 5103 γὰρ
1258 5034 1290 5103 ἡ
1327 5035 1524 5106 δωρεά.
1558 5039 1749 5109 Ἔχετε

170 5121 222 5172 δὲ
254 5119 415 5174 τοῦτο
450 5121 559 5173 άπὸ
583 5122 740 5176 Θεοῦ.
774 5123 832 5175 '0
863 5123 972 5195 γάρ
1013 5126 1262 5191 δεδωκὼς
1292 5128 1424 5180 αὐτὸ
1476 5130 1628 5194 Θεὸς,
1656 5132 1748 5186 καὶ

170 5212 328 5265 οἰκῶν
358 5213 416 5264 ἐν
444 5212 519 5281 τῷ
551 5212 663 5283 ναῷ
692 5213 784 5266 τοῦ
809 5215 969 5281 Θεοῦ,
1009 5219 1287 5273 τουτέστιν
1326 5221 1382 5273 ἐν
1411 5223 1490 5294 τῷ
1533 5224 1746 5295 σώματι

173 5307 342 5367 ὑμῶν.
371 5325 390 5356 ε
424 5307 534 5360 Καὶ
556 5307 656 5360 οὐκ
684 5309 806 5362 ἐστὲ
828 5309 1088 5366 ἑαυτῶν.»
1113 5313 1187 5366 Οὐ
1207 5313 1267 5367 τὸ
1284 5315 1629 5381 αὐτεξούσιον
1655 5320 1747 5373 ἁν-

173 5400 331 5467 αιρεί,
347 5398 485 5453 ἀλλὰ
503 5399 611 5451 τῶν
627 5401 813 5453 κακῶν
831 5403 1079 5472 πράξεων
1096 5407 1371 5478 ἀπείργει.
1395 5409 1515 5464 Ὅτι
1539 5414 1746 5467 Δεσπό-

171 5509 282 5562 την,
305 5493 498 5562 φησὶν,
524 5495 694 5564 ἔχετε,
727 5497 822 5550 καὶ
848 5499 999 5551 οὐδὲν
1029 5499 1181 5570 ἔχετε
1210 5503 1359 5568 ἴδιον,
1382 5505 1501 5558 οὐδὲ
1525 5507 1657 5560 αὐτὸ
1683 5509 1743 5561 τὸ

176 5585 380 5655 σῶμαΑ
403 5587 780 5659 Ἦγοράσθητε
810 5591 920 5664 γάρ
939 5593 1242 5667 τιμῆς,›τῷ
1267 5597 1464 5668 αἵματι
1487 5601 1581 5654 τοῦ
1608 5601 1739 5656 Υἱοῦ

175 5678 353 5744 αὑτοῦ,
387 5679 542 5744 ὄντες
577 5682 681 5736 ὗπδ
706 5683 805 5752 τὴν
837 5685 1086 5751 ἐξουσίαν
1112 5689 1205 5741 τοῦ
1246 5690 1478 5746 Σατανᾶ.
1516 5713 1534 5745 ι
1577 5697 1742 5762 Aegi-

237 5790 467 5878 "linum.
508 5811 635 5859 xxv,
669 5796 687 5849 1
722 5812 878 5870 seqq.
957 5801 1002 5832 ὀ
1038 5802 1156 5858 Act.
1191 5821 1242 5872 ι’,
1275 5806 1305 5856 .‘i
1330 5822 1504 5878 seqq;
1543 5825 1657 5874 xm,
1697 5810 1776 5864 ll.

178 5859 255 5924 ετ,
285 5863 353 5918 :23

1775 4533 1826 4593 D

1863 3293 2010 3346 enim
2049 3293 2170 3362 ejus
2191 3292 2378 3362 lapsus
2407 3292 2475 3346 ad
2517 3293 2776 3348 Ecclesiae
2805 3292 3230 3363 plenitudinem,
3262 3313 3293 3350 a
3331 3312 3442 3366 qua

1860 3385 2026 3438 etiam
2101 3400 2354 3454 separare
2399 3401 2457 3439 se
2511 3383 2811 3442 destinavit
2842 3388 3022 3443 donec
3066 3389 3440 3462 resipisceret.

1931 3493 2088 3559 Quod
2120 3494 2164 3548 si
2183 3503 2240 3550 et
2269 3495 2540 3550 decimam
2575 3495 2881 3563 desideres,
2910 3497 3017 3554 dici
3043 3499 3246 3569 poterit
3269 3502 3443 3570 quod,

1860 3600 1985 3639 cum
2024 3585 2080 3639 hi
2110 3587 2205 3655 qui
2241 3586 2360 3657 lege
2405 3586 2716 3643 honorandi
2766 3589 3031 3644 connubii
3083 3591 3440 3657 conveniunt,

1859 3689 2032 3728 unum
2065 3674 2197 3729 ﬁant
2225 3691 2430 3746 corpus
2451 3679 2602 3748 (nam
2638 3677 3197 3750 Erunt,inquit,,duo
3230 3681 3288 3736 in
3314 3697 3442 3736 ear-
3518 3687 3525 3694 '

1858 3781 1984 3819 nem
2014 3782 2197 3822 unam.
2231 3767 2358 3823 ldco
2399 3770 2565 3824 etiam
2598 3785 2736 3824 uxor
2796 3773 3006 3842 proprii
3057 3775 3307 3843 corporis
3345 3790 3445 3845 po-

1861 3866 2113 3912 testatem
2142 3875 2252 3914 non
2292 3860 2481 3924 habet,
2509 3861 2605 3918 scd
2634 3862 2716 3916 vir
2741 3879 2756 3917 :
2789 3864 3044 3919 similiter
3066 3865 3230 3920 etiam
3248 3866 3435 3936 vir"),

1859 3950 2062 4004 merito
2094 3949 2180 4003 vir
2209 3951 2303 4020 qui
2337 3961 2642 4019 scortatur,
2669 3953 2722 4007 in
2757 3970 3008 4021 uxorem,
3062 3956 3165 4010 hoc
3218 3965 3321 4022 est,
3381 3957 3438 4013 in

1859 4041 2143 4110 proprium
2167 4057 2369 4112 corpus
2399 4054 2591 4113 peccat
2620 4061 2636 4109 ;
2695 4046 2953 4118 similiter
2973 4055 3028 4102 et
3056 4064 3193 4103 uxor
3227 4062 3240 4102 :
3271 4048 3441 4122 474

1860 4145 1984 4183 nam
2029 4131 2082 4184 in
2110 4131 2228 4186 solo
2251 4131 2355 4187 hoc
2383 4143 2608 4203 peccato
2653 4135 2828 4206 legem
2867 4137 3053 4206 posuit
3077 4138 3395 4195 Christus“
3419 4182 3434 4205 ,

1856 4221 1900 4275 si
1925 4236 1953 4274 a
1978 4237 2035 4276 se
2063 4222 2296 4276 invicem
2319 4234 2728 4293 separarentur.
2775 4246 2793 4277 ι
2833 4227 2892 4280 In
2916 4230 3200 4298 proprium
3235 4246 3436 4301 corpus

1855 4318 2065 4379 peccat.
2105 4329 2123 4362 ›
2155 4311 2272 4366 Hoc
2325 4323 2430 4382 est,
2463 4316 2747 4385 proprium
2795 4331 2999 4387 corpus
3031 4320 3211 4374 reddit
3253 4321 3435 4391 impu.

1855 4416 1975 4453 I‘Im
1988 4441 2002 4454 .

1925 4491 2011 4556 Vl,
2082 4492 2168 4555 19,
2225 4494 2312 4547 20.
2376 4495 2456 4548 An
2504 4497 2708 4550 nescitis
2765 4499 2905 4567 quod
2960 4517 3147 4572 corpus
3201 4509 3432 4557 vestrum

1856 4581 2106 4653 templum
2137 4595 2211 4637 est
2239 4585 2530 4640 habitantis
2553 4588 2606 4641 in
2644 4589 2782 4643 vobis
2809 4589 3038 4660 Spiritus
3058 4595 3250 4658 sancti,
3275 4610 3430 4663 quem

1855 4675 2050 4728 habetis
2083 4693 2113 4728 α
2153 4676 2282 4741 Deo,
2336 4686 2384 4730 et
2410 4697 2513 4732 non
2540 4681 2662 4734 estis
2681 4685 2840 4737 vestri
2871 4685 3060 4750 juris?
3094 4686 3272 4754 Empti
3293 4689 3430 4740 enim

1855 4770 1975 4822 estis
2007 4769 2196 4838 pretio.
2234 4769 2547 4838 Glori/icate
2567 4775 2686 4843 jam
2720 4776 2885 4830 Deum
2914 4779 2968 4831 in
2999 4794 3217 4848 corpore
3264 4789 3431 4833 vestro

1854 4872 1900 4914 et
1930 4862 1982 4914 in
2015 4863 2206 4931 spiritu
2233 4873 2424 4929 vestro,
2447 4881 2561 4935 qua:
2594 4877 2717 4920 sunt
2749 4867 2864 4922 Dei.
2908 4882 2910 4884 '

1908 4954 1984 5008 Ex
2016 4954 2146 5009 doni
2171 4957 2546 5027 magnitudine
2568 4967 2621 5012 et
2641 4960 2762 5030 ejus
2788 4961 2880 5030 qui
2915 4960 3068 5016 dedit
3098 4963 3430 5033 dignitatem

1861 5048 2133 5103 deterret.
2181 5049 2315 5104 Nam
2342 5050 2571 5119 spiritus
2593 5051 2898 5108 donumcst
2939 5071 2951 5105 :
3005 5054 3218 5109 habetis
3247 5066 3431 5111 autem

1855 5140 2003 5196 hunc
2029 5157 2058 5195 a
2098 5142 2229 5198 Deo.
2266 5143 2411 5197 Deus
2435 5145 2582 5198 enim
2614 5155 2698 5200 est
2729 5145 2822 5216 qui
2853 5147 3024 5213 dedit,
3058 5157 3114 5203 et
3153 5150 3248 5219 qui
3274 5149 3433 5204 habi-

1855 5243 1933 5288 tat
1961 5236 2012 5289 in
2064 5236 2267 5305 templo
2307 5236 2426 5299 Dei,
2451 5237 2558 5292 hoc
2588 5247 2692 5303 est,
2737 5241 2790 5292 in
2828 5255 3060 5309 corpore
3095 5250 3299 5296 vestro.
3337 5241 3433 5296 «Et

1854 5343 1961 5381 non
1985 5329 2120 5382 estis
2149 5327 2320 5382 vestri
2339 5329 2503 5399 juris.
2533 5350 2551 5382 ι
2595 5330 2712 5385 Non
2739 5332 2877 5386 tollit
2905 5333 3074 5402 ipsam
3094 5333 3432 5401 libertatem,

1854 5421 1948 5474 sed
1975 5421 2180 5476 amalis
2209 5424 2665 5493 arcetoperihus.
2718 5425 3038 5493 Dominum,
3077 5426 3278 5497 inquit,
3331 5427 3433 5481 ha'-

1852 5512 1997 5568 betis
2028 5521 2285 5583 tanquam
2317 5516 2712 5577 scrvi,etnihil
2746 5517 2959 5573 habetis
3009 5521 3294 5590 proprium
3315 5562 3329 5584 ,
3361 5537 3433 5576 ne

1852 5605 2031 5675 ipsum
2053 5605 2278 5676 quidem
2316 5623 2536 5678 corpus.
2572 5627 2589 5659 ι
2625 5610 2969 5679 Emptienim
3009 5613 3142 5666 estis
3168 5613 3370 5682 pretio,
3406 5632 3426 5665 ι

1852 5713 2048 5767 nempe
2105 5713 2371 5769 sanguine
2401 5699 2518 5753 Filii
2563 5700 2755 5770 ipsius,
2813 5716 2936 5755 cum
2992 5702 3201 5758 redacti
3233 5705 3429 5759 essetis

1855 5812 1896 5845 θ’
1935 5808 2212 5882 Rom.xn,
2247 5812 2297 5866 5.
2380 5814 2469 5868 "l
2510 5813 2636 5868 Cor.
2702 5829 2795 5880 vn,
2854 5815 2904 5869 i.
3011 5815 3055 5848 ”
3119 5815 3309 5873 Matth.
3369 5811 3427 5866 εἰ.
